4136 6450
422 314 554 393 1021

1260 308 1361 368 AD
1417 301 2014 367 AMPHILOCHIUM
2069 297 2415 373 QUIESTIO
2475 295 2777 358 CCXXVI.

3545 288 3685 355 1022

422 431 543 488 καθ’
573 429 729 502 ἡμῶν
755 425 898 498 ἔχειν
930 423 1114 494 χώραν
1154 417 1599 489 ἑναπορρίπτεις,
1636 413 1760 469 οὔτε
1792 415 1999 482 ὁλόγος

2117 413 2318 481 pictatis
2368 410 2789 482 polytheismum
2833 407 2995 463 nobis
3040 403 3306 476 objicias;
3356 418 3535 468 neque
3568 405 3686 474 jam

424 522 769 584 ἐκϐάλλεται,
800 517 914 572 ἀλλ’
945 516 1066 568 οὐδὲ
1095 514 1159 567 τὸ
1197 510 1416 574 πνεῦμα
1436 509 1537 579 τῆς
1566 507 1841 577 θεότητοςο
1870 507 2001 576 ὁρᾷς

423 619 572 678 ὅπως
614 613 682 665 τᾶι
741 609 882 664 αὐτὰ
941 608 1019 679 μὴ
1067 603 1330 666 ὡσαύτως
1390 601 1786 673 προτεινόμενα
1832 599 2003 652 πολὺν

427 707 584 760 σάλον
616 705 708 760 καὶ
754 703 993 774 τάραχον
1041 701 1153 760 τοῖς
1199 697 1442 766 ἀπείρως
1483 695 1664 764 ἔχουσι
1696 695 1796 762 τῆς
1833 693 2004 762 σοφῆς

428 801 520 852 καὶ
585 794 907 864 ὰδιαὸλήτου
968 789 1194 861 μεθόδου
1253 785 1726 854 κατεπανίστησι;
1795 783 1862 835 Τί
1939 782 2004 852 δὴ

430 889 628 959 σιγᾷς;
667 886 730 938 El
764 885 863 954 μὲν
893 881 1002 951 γὰρ
1034 879 1292 950 συνῆκας,
1321 877 1380 929 οὗ
1413 876 1495 929 δεῖ
1522 876 1620 946 τὴν
1653 875 1868 928 σύνεσιν
1903 889 2006 943 μα-

428 976 785 1042 λακίζεσθαιθ
845 973 894 1025 εί
941 972 998 1038 δὲ
1050 970 1151 1042 μὴ,
1182 969 1346 1022 πάλιν
1392 967 1574 1036 λέγειν
1627 965 1697 1020 τά
1745 962 2008 1018 δοκοῦντα

428 1067 679 1141 ἐμποδῶν
709 1067 856 1118 ἐστιν
886 1065 964 1128 ὼς
993 1065 1125 1134 ὁρᾷς
1163 1062 1335 1115 οὐδέν.

510 1163 637 1214 Ἑλ.
671 1155 948 1227 Θαυμάζω
969 1155 1084 1218 πῶς
1120 1153 1324 1216 ὁαὺτὸς
1357 1152 1515 1221 λόγος
1547 1150 1722 1214 ἄλλως
1753 1149 1853 1220 μὲν
1880 1165 2011 1219 σχη-

435 1250 795 1322 ματιζόμενος
825 1247 1027 1310 πολλὰς
1059 1246 1222 1315 γονάς
1253 1245 1426 1299 ἐδίδου
1458 1242 1650 1310 λαϐῆς·
1691 1241 1796 1294 ὑπὸ
1821 1241 1879 1294 δέ
1913 1257 2007 1291 σου

435 1346 550 1396 νυνὶ
609 1341 944 1414 προαχθεὶς,
1014 1338 1439 1411 ἀπηλλαγμένος
1501 1337 1718 1390 πάντων
1786 1332 2012 1386 ἐκείνων

434 1435 647 1505 ἐδείχθη
686 1432 1022 1504 περιφανῶς·
1066 1431 1162 1485 καὶ
1203 1431 1264 1484 ού
1316 1428 1476 1484 τοῦτο
1526 1428 1707 1499 μόνον,
1756 1424 1891 1478 ἀλλὰ
1919 1424 2014 1476 καὶ⁵

433 1529 579 1582 δοκεῖ
606 1525 668 1578 τὸ
702 1525 854 1596 παρὰ
885 1525 977 1577 σοῦ
1007 1522 1409 1594 κηρυττόμενον
1437 1521 1596 1589 ἄγειν
1633 1521 1712 1582 εἰς
1741 1516 1936 1570 πειθώ.

502 1621 607 1687 Χρ.
644 1619 758 1670 Οὐκ
786 1618 880 1669 ἐπὶ
912 1616 1012 1686 τῆς
1033 1616 1330 1687 εἰρημένης
1359 1613 1562 1677 θέσεως
1587 1611 1734 1665 ἔστιν
1756 1651 1771 1676 ,
1813 1603 1858 1662 ὦ
1888 1608 2006 1678 βέλ-

434 1729 608 1776 τιστε,
658 1711 828 1782 μόνης
861 1711 1020 1764 τοῦτο
1059 1710 1335 1773 κατιδεῖν,
1387 1708 1524 1764 ἀλλὰ
1567 1707 1661 1761 καὶ
1707 1707 1794 1763 ἐπ’
1840 1709 2015 1764 ἄλλων

2103 506 2328 558 verbum
2378 518 2551 571 neque
2590 504 2717 555 item
2763 500 2992 568 spiritus
3025 498 3314 554 divinitate
3351 497 3686 552 excluditur.

2108 595 2296 649 Viden’
2350 602 2408 646 ut
2459 592 2729 646 sententia
2781 591 2968 645 eadem
3023 589 3148 643 aliis
3191 587 3376 643 verbis
3426 588 3681 655 recitata,

2104 687 2532 760 perturbationis
2564 685 2792 739 nebulas
2822 694 2878 738 et
2901 681 3248 738 confusionis
3284 721 3298 744 ,
3327 681 3412 736 his
3455 682 3547 751 qui
3595 697 3688 735 so-

2106 780 2259 834 lertis
2291 788 2527 846 tutaeque
2569 774 2810 829 methodi
2854 771 3028 842 ignari
3068 779 3217 835 sunt,
3268 768 3544 824 otl‘undat?
3574 766 3688 823 Cur

2107 872 2275 926 siles?
2303 871 2439 924 Nam
2465 869 2511 923 si
2543 883 2656 922 rem
2688 863 3029 928 intellexisti,
3069 877 3180 916 non
3212 869 3295 916 est
3327 859 3690 930 intelligentia

2108 961 2506 1018 dissimulanda
2552 958 2644 1013 :si
2696 957 2901 1020 minus,
2961 956 3096 1010 nihil
3151 964 3320 1021 vetat,
3375 963 3436 1007 ut
3481 952 3689 1017 cernis,

2109 1056 2242 1126 quin
2269 1055 2412 1109 idem
2446 1067 2474 1105 a
2507 1065 2593 1106 me
2622 1051 2807 1105 denuo
2840 1048 3078 1102 dicatur.

2183 1147 2308 1201 Eth.
2351 1145 2519 1200 Miror
2554 1142 2832 1214 quomodo
2857 1141 2998 1194 idem
3029 1154 3210 1196 sermo
3235 1138 3392 1193 aliter
3424 1137 3692 1208 ﬁguratus

2113 1237 2304 1292 multis
2349 1233 2646 1304 generibus
2685 1229 3186 1286 contradictionum
3218 1226 3495 1296 patuerit;
3542 1238 3694 1279 nunc

2114 1337 2297 1383 autem
2330 1343 2358 1380 a
2391 1336 2440 1381 te
2477 1325 2744 1394 prolatus,
2772 1321 2858 1376 his
2888 1321 3144 1374 omnibus
3172 1317 3460 1372 manifeste
3487 1324 3692 1371 careat.

2114 1418 2302 1489 Neque
2335 1419 2385 1471 id
2416 1425 2681 1481 eatenus;
2719 1426 2845 1466 nam
2880 1426 3003 1481 quae
3047 1419 3102 1464 tu
3138 1408 3301 1475 dicis,
3331 1404 3700 1477 persuadendi

2115 1521 2334 1577 quoque
2364 1507 2471 1559 vim
2499 1504 2723 1559 habent.

2187 1601 2286 1657 Clt.
2324 1597 2444 1652 Non
2497 1599 2550 1651 in
2599 1595 2858 1667 praedicta
2909 1594 3114 1658 solum,
3163 1607 3197 1646 ο
3245 1591 3410 1654 bone,
3460 1589 3698 1644 dictione

2116 1704 2456 1763 cognoscere
2495 1687 2646 1752 licet,
2683 1686 2777 1742 sed
2817 1684 2982 1739 etiam
3022 1685 3074 1737 in
3107 1683 3229 1737 aliis
3259 1681 3526 1751 pluribus,
3553 1680 3698 1734 hanc

436 1770 672 1854 πολλιῖονΙ
697 1799 759 1852 τὸ
783 1770 995 1868 ’σχῆμα
1041 1797 1135 1852 τοῦ
1181 1770 1364 1867 λόγουο
1406 1798 1500 1851 καὶ⁹
1546 1799 1579 1870 ἡ
1649 1799 2009 1870 προσαγωγὴ,

2125 1781 2387 1852 loquendi
2460 1779 2722 1850 speciem.
2786 1774 3100 1845 Pr0positio
3169 1781 3349 1828 autem
3421 1770 3696 1826 malitiose

438 1892 888 1965 κακουργουμένη
920 1889 1041 1961 μὲν,
1076 1891 1159 1954 είς
1187 1889 1425 1961 ἀπορίαν
1454 1892 1871 1962 περιτρέπεται·
1894 1892 2013 1945 κατ’

440 1985 570 2038 εὐθὺ
606 1985 662 2038 δὲ
692 1981 1108 2054 προτεινομένη,
1152 1981 1213 2035 τὸ
1236 1983 1435 2036 οίκεϊον
1472 1982 1728 2048 διασώζει
1770 1983 1865 2036 καὶ⁸
1895 1983 2013 2036 δια-

441 2077 698 2147 φυλάττει
722 2073 961 2144 ἀξίωμα.

524 2172 648 2225 Ἑλ.
697 2166 822 2223 Οῗον
852 2168 906 2221 τί
933 2184 949 2235 ;

506 2266 610 2332 Χρ.
629 2265 859 2334 Ἐῶμεν,
875 2265 923 2317 εί
943 2263 1142 2335 βούλει,
1163 2263 1230 2317 τὰ
1258 2263 1464 2334 πόρρω·
1488 2261 1607 2318 ἀλλ’
1626 2263 1802 2316 έκεῖνο
1824 2260 2017 2333 ῥητέον

436 2357 465 2409 ὃ
508 2358 602 2410 καὶ
632 2357 766 2410 αὐτὸ
809 2357 949 2429 μετὰ
979 2358 1079 2428 τῆς
1112 2355 1518 2428 προειρημένης
1547 2353 1882 2420 ἀποδείξεως
1920 2353 2018 2424 τῆς

437 2447 639 2518 χλεύης
670 2448 862 2518 γέγονε
892 2451 1173 2506 κοινωνόν.

522 2539 648 2594 Ἑλ.
679 2539 755 2593 Τὸ
791 2541 946 2596 ποῖον
984 2540 1208 2610 λέγεις;

509 2635 611 2699 Kp.
639 2633 752 2686 Οὐκ
781 2632 891 2704 ἐρῶ
914 2633 1096 2702 πάλιν,
1147 2630 1258 2706 ἆρά
1301 2651 1364 2703 γε
1393 2633 1615 2703 γόνιμος
1640 2633 1668 2685 ὁ
1696 2630 1830 2694 Θεὸς
1869 2629 1902 2701 ἦ
1933 2627 2016 2682 οὗ·

441 2719 528 2771 ἵνα
567 2719 642 2789 μὴ
668 2721 761 2773 τὸν
795 2721 1019 2792 γόνιμον
1041 2722 1256 2792 ἀφελὼν
1294 2722 1388 2776 τοῦ
1417 2720 1549 2775 Υίοῦ
1586 2717 1893 2788 συναφέλῃς
1925 2717 2022 2770 καὶ

439 2813 538 2882 τὴν
568 2813 821 2883 θεότητα·
857 2813 890 2885 ἢ
937 2815 1146 2883 διδοὺς,
1206 2814 1498 2877 πολυθεῒας
1542 2813 1675 2882 ἡμῖν
1715 2809 2024 2873 διαπλέξεις

443 2903 652 2975 σειράν·
685 2904 802 2958 ἀλλ’
832 2904 976 2960 οὕτω
1007 2924 1122 2970 πως
1147 2906 1378 2978 ἐροίμην
1408 2905 1496 2959 ἄν·
1527 2905 1759 2974 πότερον
1791 2901 1853 2953 τὸ
1879 2900 2022 2954 θεῖον

441 2997 537 3066 (ἐῶ
565 2997 622 3050 δὲ
653 2997 748 3050 νῦν
772 2998 898 3062 τοὺς
938 2996 1144 3068 ὕμνους
1167 2997 1261 3062 οὓς
1303 2999 1337 3068 ἡ
1365 2995 1615 3068 μακαρία
1643 2994 1805 3064 φύσις
1837 2991 2020 3062 ἐκείνη

445 3087 686 3151 Βιάζεται
707 3087 932 3159 λέγειν),
966 3089 1078 3142 ἀλλ’
1109 3089 1202 3142 οὖν
1225 3088 1284 3141 τὸ
1313 3088 1455 3141 θεῖον
1481 3086 1714 3157 πότερόν
1745 3086 1865 3137 ἐστι
1893 3099 2021 3152 γεν-

441 3179 680 3249 νητικὸν,
726 3181 761 3250 ἦ
806 3180 905 3251 τῆς
953 3180 1236 3253 δυνάμεως
1277 3180 1558 3251 ἀφῄρηται
1608 3177 1850 3248 ταύτης;
1919 3173 2019 3242 τῆς

441 3271 498 3323 δὲ
527 3270 763 3334 διανοίας
783 3271 876 3324 τοῦ
904 3271 1099 3337 ἁπλοῦ,
1130 3273 1252 3327 ἀντὶ
1274 3271 1368 3326 τοῦ
1396 3272 1586 3344 ῥέπειν
1612 3269 1749 3340 πρὸς
1769 3267 1868 3337 τὴν
1898 3269 2024 3336 ἐρη-

446 3363 574 3432 μίαν
591 3363 688 3432 τῆς
701 3365 1031 3431 γεννήσεως,
1045 3366 1126 3429 είς
1143 3364 1241 3436 τὴν
1261 3364 1513 3436 γέννησιν
1529 3359 2022 3430 ἐπιστρεφομένης,

443 3453 639 3521 ἔχομεν
670 3454 760 3506 τὸν
804 3454 952 3519 Υίὸν,
985 3453 1110 3507 οὔτε
1160 3457 1260 3525 τῆς
1297 3453 1552 3523 θεότητος
1591 3447 2023 3520 άλλοτριοῦντες,

443 3544 570 3597 οὔτε
595 3545 901 3615 γεννήσεως
931 3545 1062 3598 ἴδιον
1118 3543 1598 3615 άνομολογοῦντες·
1654 3541 1712 3594 ἐν
1763 3539 1859 3610 ὅλη
1914 3537 2024 3608 γάρ

442 3637 619 3688 ταῦτα
647 3637 714 3706 τῇ
759 3636 1000 3707 θεότητι,
1047 3637 1165 3690 ἀλλ’
1192 3637 1292 3690 οὐκ
1323 3636 1406 3706 ἐφ’
1431 3637 1640 3707 ἑκάστῃ
1669 3631 1780 3687 τῶν
1801 3632 1858 3684 ὲν
1881 3630 2018 3702 αὐτῇ

446 3725 880 3798 θεολογουμένων
913 3727 1241 3799 προσώπων.

934 3904 1270 3956 ΕΡΩΤΗΣΙΣ
1304 3904 1392 3955 ΣΚ
1401 3906 1493 3970 (τ’.

597 3996 658 4049 Τί
689 3995 823 4051 ἐστι
847 3995 934 4062 τὸ,
967 4016 987 4049 ι
1025 3997 1220 4051 Πόθεν
1246 3994 1661 4064 παραγέγονας
1695 3991 1808 4062 (86)
1828 4006 1877 4056 ς)

2116 1872 2317 1932 oblata.
2352 1869 2760 1941 perplexitatem
2793 1875 2975 1933 creat;
3025 1873 3172 1920 recte
3214 1861 3488 1933 exposita,
3531 1877 3694 1918 suam

2117 1961 2446 2018 incolumem
2481 1959 2797 2029 dignitatem
2827 1957 3048 2012 retinet.

2190 2138 2318 2194 Eth.
2359 2135 2582 2209 Ecquod
2615 2138 2786 2193 babes
2812 2137 2891 2192 rei
2921 2134 3270 2204 exemplum?

2190 2228 2288 2284 Ch.
2332 2226 2688 2292 Otnittamns,
2729 2225 2775 2282 si
2807 2225 2913 2289 vis,
2957 2233 3166 2278 remota
3203 2221 3379 2277 :illud
3423 2222 3695 2290 dicamus,

2117 2320 2264 2392 quod
2301 2320 2355 2374 in
2386 2318 2700 2389 supradicto
2733 2331 2987 2373 sermone
3012 2313 3151 2370 risui
3185 2313 3434 2368 habitum
3463 2313 3588 2372 fuit.

2192 2495 2319 2552 Eth.
2359 2495 2530 2562 Quale
2563 2495 2618 2550 id
2651 2494 2774 2550 est?

2195 2589 2294 2644 Ch.
2353 2589 2465 2656 Ego
2521 2589 2779 2658 deinceps
2827 2572 3336 2658 non'interrogaho
3377 2601 3507 2640 num
3553 2585 3700 2640 Deus

2123 2680 2388 2736 fecundus
2441 2680 2534 2743 sit,
2571 2694 2671 2734 nec
2717 2694 2823 2745 ne;
2872 2692 2943 2732 ne
2983 2677 3122 2732 forte
3161 2687 3240 2741 tu,
3273 2693 3398 2733 cum
3441 2674 3700 2746 gignendi

2121 2771 2195 2839 vi,
2238 2771 2436 2825 Filium
2482 2784 2705 2840 quoque
2745 2767 2951 2839 eripias
2989 2781 3053 2822 ac
3096 2767 3438 2822 divinitatem
3483 2784 3498 2820 :
3533 2763 3621 2821 vel
3653 2764 3703 2820 si

2123 2864 2417 2926 concedas,
2448 2861 2813 2932 polytheismo
2873 2875 2974 2914 nos
3019 2859 3254 2913 irretias.
3307 2857 3414 2912 Sed
3446 2855 3704 2927 proposi-

2127 2957 2328 3010 tionem
2362 2955 2443 3009 sic
2483 2952 2842 3009 conformabo
2898 2969 2914 3008 :
2980 2962 3238 3006 utrumne
3281 2966 3481 3006 numen
3521 2949 3704 3014 (mitto

2125 3062 2274 3101 nunc
2303 3055 2533 3101 caeteros
2573 3045 2784 3109 titulos,
2825 3043 2918 3114 qui
2953 3043 3127 3098 beattn
3158 3041 3234 3095 illi
3266 3051 3475 3095 natura:
3502 3039 3706 3094 deben-

2046 3145 2090 3205 c
2123 3138 2252 3208 tur),
2285 3146 2565 3203 utrumne,
2611 3136 2860 3206 inquam,
2918 3150 3120 3188 numen
3167 3140 3253 3187 est
3303 3145 3591 3200 generans,
3631 3145 3704 3184 an

2120 3229 2226 3285 hac
2257 3227 2520 3284 facultate
2548 3229 2735 3282 caret?
2763 3225 2920 3281 Tunc
2960 3228 3110 3282 enim
3154 3223 3524 3295 simplicitatis
3552 3223 3705 3294 cogi-

2120 3321 2328 3375 tatione
2355 3335 2464 3374 non
2497 3319 2564 3374 ad
2589 3316 2964 3388 generationis
2993 3315 3235 3386 inopiam
3267 3315 3362 3371 sed
3393 3315 3458 3370 ad
3479 3327 3706 3383 genera-

2121 3413 2327 3466 tionem
2384 3411 2607 3473 rellexa,
2658 3409 2858 3464 Filium
2903 3407 3216 3463 habemus:
3249 3421 3410 3478 quem
3451 3420 3628 3476 neque
3671 3420 3707 3462 a

2121 3503 2414 3558 divinitate
2458 3502 2876 3567 submovemus,
2919 3514 3099 3570 neque
3147 3499 3215 3554 ad
3248 3497 3542 3569 generandi
3572 3511 3706 3567 pro-

2128 3594 2415 3664 prietatem
2465 3593 2826 3648 admittimus.
2861 3590 3074 3661 Quippe
3118 3590 3208 3645 illa
3237 3589 3542 3660 propositio
3580 3589 3708 3644 uni-

2131 3701 2348 3742 versam
2395 3685 2566 3740 allicit
2593 3685 2961 3750 divinitatem,
2993 3700 3103 3740 non
3150 3697 3597 3754 unamquamque
3623 3681 3710 3739 di-

2131 3777 2382 3832 vinitatis
2410 3775 2653 3846 ejusdem
2687 3789 3002 3844 personam.

2133 3885 2465 3956 QUIESTIO
2480 3885 2735 3942 CCXXVI
2754 3885 2942 3958 [CoisL
2956 3883 3190 3951 CLXIX,
3213 3884 3378 3940 Taur.
3405 3881 3712 3955 CLXVIII].

2278 3979 2420 4045 Quid
2451 3979 2554 4033 sibi
2581 3979 2694 4033 vult
2723 3979 2858 4032 illud
2883 3994 2904 4033 :
2957 3997 2977 4030 ι
3017 3976 3166 4033 Unde
3197 3979 3464 4033 occessisti
3483 3981 3512 4036 Ρ
3542 3995 3564 4031 ι

1165 4111 1308 4162 Nunc
1327 4113 1538 4174 primum
1564 4110 1695 4160 edita
1716 4123 1744 4158 a
1764 4109 1826 4159 D.
1849 4099 2282 4166 Hergenroether.
2310 4122 2375 4133 —
2392 4095 2666 4158 Exegetica
2687 4094 2739 4144 in
2761 4094 2876 4146 Job.
2898 4109 2934 4154 ι,
2953 4095 3002 4145 7.

518 4219 630 4290 Οὐχ
655 4218 863 4282 ἁπλῶς,
890 4216 966 4282 ὡς
995 4217 1060 4272 ἄν
1089 4234 1172 4280 τις
1197 4216 1430 4286 οἰηθείη,
1455 4216 1491 4285 ἡ
1521 4211 1672 4284 φωνὴ
1697 4208 2021 4281 ἐρωτήσεως

452 4312 614 4382 μόνον
645 4309 1008 4382 προϐάλλεται
1037 4308 1233 4371 τύπον,
1269 4306 1406 4362 ἀλλὰ
1435 4306 1529 4359 καὶ
1577 4301 1881 4374 βαθυτέρας
1927 4299 2024 4369 ζη-

448 4406 659 4473 τήσεως
699 4400 1071 4457 ἁνακαλύπτει
1120 4398 1376 4470 θεωρίαν.
1437 4397 1534 4461 Σὺ,
1575 4394 1766 4465 φησὶν,
1801 4393 1860 4447 ὲν
1908 4394 2023 4455 τοῖς

449 4491 814 4564 χαμαιπετέσι
889 4491 984 4543 καὶ
1032 4489 1334 4561 περιγείοις
1383 4489 1471 4542 διὰ
1546 4486 1646 4557 τὴν
1704 4482 2024 4548 ἀλαζονείαν

450 4583 873 4647 καταδικασθεὶς
913 4583 1013 4654 τὴν
1056 4581 1269 4635 διαίταν
1319 4579 1485 4650 ἔχειν,
1523 4577 1688 4631 πόθεν
1719 4576 1750 4647 ἢ
1783 4574 1902 4638 πῶς
1933 4577 2023 4628 ὲν-

2193 4197 2521 4268 Neutiquam
2551 4212 2652 4250 vox
2687 4197 2787 4250 ista
2808 4234 2824 4258 ,
2857 4205 2917 4249 ut
2942 4198 3087 4250 torte
3111 4195 3386 4265 quispiam
3413 4195 3711 4254 arbitratus

2120 4291 2318 4357 fuerit,
2366 4288 2815 4360 interrogationis
2854 4287 3202 4343 solummodo
3245 4288 3478 4342 formam
3511 4305 3622 4360 pra
3650 4305 3713 4347 se

2121 4380 2226 4436 [ει-ι
2251 4421 2266 4446 ,
2303 4379 2394 4436 sed
2438 4387 2490 4434 et
2531 4375 2904 4447 profundioris
2938 4375 3319 4444 inquisitionis
3349 4377 3552 4448 detegit
3579 4392 3714 4434 con-

2121 4471 2552 4542 templationem.
2590 4466 2672 4521 Tu
2708 4507 2724 4534 ,
2770 4467 2848 4521 ait
2878 4466 3097 4538 (Deus)
3125 4504 3142 4529 ,
3174 4475 3395 4536 pmpter
3423 4467 3621 4522 fastum
3646 4482 3712 4523 ac

2118 4563 2438 4634 iactantiam
2467 4601 2482 4625 ,
2519 4560 2586 4616 ad
2611 4558 2897 4614 incolenda
2922 4557 3107 4613 infima
3137 4557 3284 4613 circa
3308 4567 3508 4613 terram
3537 4559 3712 4628 spatia

449 4676 626 4730 ταῦθα
653 4649 1060 4746 παραγέγονας,
1090 4649 1356 4742 οὐδεμίαν
1377 4671 1518 4741 ἔχων
1565 4668 1814 4735 ἐξουσίαν
1859 4665 2018 4738 ἱερῶν

2127 4656 2560 4719 condemnatus,
2610 4652 2758 4708 unde
2790 4660 2885 4706 aut
2911 4665 3151 4722 quonam
3197 4659 3358 4720 pacto
3382 4649 3488 4704 huc
3527 4664 3712 4706 acces-

450 4765 663 4838 ἀνδρῶν
689 4763 1148 4836 περιεργάζεσθαι
1199 4762 1368 4832 βίους,
1397 4762 1453 4815 ὲν
1485 4759 1715 4822 ἐκείνοις
1742 4757 1800 4812 δὲ
1847 4757 2028 4828 μόνοις

450 4857 812 4930 ἀπορριφεὶς,
844 4856 899 4910 οἵ
926 4873 984 4909 σε
1014 4855 1114 4926 τῆς
1144 4855 1352 4918 οἰκείας
1393 4851 1670 4915 πολιτείας
1701 4853 1816 4914 τοῖς
1848 4850 2030 4922 πλημ-

457 4948 765 5019 μελήμασιν
807 4946 1105 5017 εἰσηγητὴν
1144 4943 1237 4996 καὶ
1271 4942 1506 5012 χορηγὸν
1558 4939 1778 4994 ἀτόπων
1814 4939 2030 4993 ποιοῦν-

453 5058 578 5106 ται;
614 5038 784 5092 Πόθεν
811 5036 906 5091 οὖν
934 5039 1013 5098 είς
1048 5035 1214 5107 μηδέν
1243 5051 1323 5087 σοι
1358 5033 1708 5104 προσήκοντα
1734 5030 1848 5101 βίον
1877 5031 2029 5099 λογο-

457 5129 618 5199 θέτην
648 5127 838 5182 ἑαυτὸν
867 5125 979 5196 (87)
1004 5125 1216 5196 ἐπῆρας
1248 5122 1538 5190 γενέσθαι;

2128 4750 2285 4817 sisti,
2333 4748 2540 4803 nullam
2582 4745 2794 4802 habens
2836 4753 3162 4815 potestatem
3205 4751 3527 4799 sanctorum
3565 4744 3715 4799 viro-

2129 4857 2248 4897 rum
2286 4841 2454 4896 vitam
2500 4838 2790 4910 indagandi
2830 4846 2885 4892 et
2920 4837 3287 4908 inspiciendi;
3331 4837 3427 4893 sed
3473 4837 3541 4892 ad
3588 4837 3713 4893 illos

2127 4931 2276 4986 solos
2307 4929 2588 4998 deiectus,
2641 4927 2736 4998 qui
2790 4936 2842 4982 te
2871 4927 3089 4981 delictis
3123 4927 3450 4996 perpetratis
3490 4925 3543 4980 in
3582 4941 3716 4996 pro-

2125 5021 2247 5091 pria
2277 5020 2387 5075 vita
2420 5021 2742 5090 magistrum
2783 5033 2848 5074 ac
2875 5019 3068 5073 ducem
3099 5017 3458 5072 ahsnrditatis
3486 5017 3590 5073 sibi
3627 5016 3714 5072 I'a-

2123 5113 2315 5180 ciunt?
2353 5113 2507 5168 Unde
2544 5112 2712 5183 igitur
2749 5125 2919 5166 ausus
2975 5126 3035 5166 es
3100 5125 3384 5166 censorem
3418 5117 3471 5165 te
3502 5109 3715 5164 consti-

2121 5213 2276 5258 tuere
2321 5204 2470 5269 vitae,
2513 5218 2637 5274 quae
2688 5202 2842 5258 nullo
2898 5217 3123 5273 prorsus
3162 5201 3327 5256 modo
3382 5199 3452 5255 ad
3491 5210 3546 5257 te
3585 5213 3713 5270 per-

2135 5294 2272 5350 tinet
2291 5293 2316 5347 ?

1957 5406 2168 5467 NOTAE

533 5527 649 5599 (86),
677 5525 802 5582 llaec
827 5528 1060 5599 quaestio
1079 5526 1165 5582 bis
1190 5526 1421 5599 ponitur
1444 5540 1501 5580 tn
1537 5524 1657 5599 cod.

486 5596 552 5668 (ιζ
593 5598 662 5654 90
698 5607 754 5652 et
792 5596 860 5668 q.’
910 5596 1156 5668 169)7et7
1187 5598 1271 5668 bis
1311 5610 1543 5668 quoque
1595 5597 1648 5668 in

487 5665 540 5739 (ᾖ.
609 5668 716 5739 9Q,
755 5665 915 5739 θείη.
978 5665 1120 5739 I68)_
1141 5665 1339 5739 iisdem
1399 5667 1579 5721 verbis
1616 5665 1904 5733 incipiens.
1957 5666 2033 5721 De

461 5736 546 5795 bis
570 5737 750 5795 verbis
772 5736 967 5808 Job”,
998 5737 1054 5808 9,
1090 5736 1189 5806 ⁷17,
1218 5737 1402 5808 plures
1443 5744 1687 5794 veterum
1733 5742 1919 5805 agunt,
1969 5742 2030 5790 ut

1753 5595 2032 5649 aurinensi

1743 5522 2036 5578 oisliniano
2143 5524 2416 5582 Cmsarius
2439 5521 2651 5594 Dialog.
2667 5519 2712 5589 1,
2734 5520 2906 5594 ψιρς
2929 5518 3527 5594 Pseudo-_Athana_sins,
3547 5532 3604 5592 (ι.
3627 5517 3714 5589 ιε,

2146 5612 2199 5668 p.
2225 5595 2455 5668 270-2“
2487 5610 2506 5668 ;_
2539 5590 2797 5647 Atiastas.
2833 5592 3066 5668 _Sinaita,
3093 5609 3148 5664 q.
3171 5591 3260 5660 3i,
3289 5606 3344 5663 p.
3377 5590 3500 5646 500.

2217 5667 2326 5738 (87)
2359 5665 2552 5720 ἑαυτὸν
2575 5676 2672 5734 pro
2693 5662 2908 5716 σαυτόν.
