4136 6430
419 305 558 369 1023

416 515 607 569 Utrum
627 515 679 566 in
710 511 878 565 verbis
905 526 922 562 :
950 530 967 560 ι
1009 509 1151 561 Misit
1189 507 1326 560 Deus
1373 507 1565 559 Filium
1597 522 1775 567 suum,
1800 522 1819 557 ι
1844 503 2016 573 γενὼσ

490 602 652 655 μενον
695 580 923 650 (natum)
962 579 1143 655 dicere
1183 595 1253 632 an
1286 577 1583 648 γενόμενον
1622 576 1874 646 (factum)
1920 590 2013 644 per

484 650 648 709 unum
678 672 705 707 ν
738 650 983 722 oportet?

1582 295 1850 357 ΡΗΟΤΙΙ
1887 294 2404 355 ΡΛΤΒΙΛΒΟΠᾹΞ
2444 295 2555 357 CP.

413 415 747 488 QUIESTIO
797 413 1103 483 ccsxvm
1168 412 1405 485 [Coist..
1451 410 1617 466 Taur.
1674 408 2013 481 LXXXIX].
2050 424 2095 479 Α

3580 290 3732 357 1024

2644 412 2985 465 ΕΡΩΤΠΣῙΣ
3022 412 3108 465 ΣΚ
3117 414 3189 467 Z'.

2130 524 2150 559 ι
2187 506 2659 570 Ἐξιιπέστειλεν
2692 509 2724 559 ὀ
2765 506 2913 571 Θεὸς
2953 506 3061 559 τὸν
3098 504 3238 558 Υιὸν
3271 506 3462 560 αὐτοῦ
3494 505 3729 571 γεννώ-

2153 594 2344 647 μενον
2392 577 2483 630 δεῖ
2511 576 2735 647 λέγειν,
2762 576 2800 646 ἡ
2833 577 3163 647 γενόμενον
3183 576 3260 630 δι’
3283 576 3423 644 ἑνός
3455 578 3611 649 (88);
3660 595 3682 629 ι

445 770 702 820 Editarum
726 782 753 817 a
779 766 959 816 Wolﬁo
985 763 1235 815 tricesima
1256 776 1411 827 prima
1446 764 1585 825 (Cur.
1613 761 1863 829 Philolog.
1890 768 1922 813 t.
1944 762 2005 825 V,
2027 778 2075 826 p.
2099 762 2328 812 688-689.
2360 761 2585 813 Galiand.
2622 760 2850 812 Biblioth.
2876 762 3085 813 Patrum
3108 767 3146 811 t.
3170 760 3299 821 XIV,
3322 776 3372 824 p.
3393 762 3509 822 80L,
3536 776 3586 811 η.
3611 762 3689 826 8.)

481 880 781 950 Γενόμενον
812 879 1060 949 (factum)
1086 894 1149 931 ea:
1168 876 1385 931 muliere
1409 876 1592 931 dicere
1621 876 2020 946 oportet,sicut

412 982 463 1027 et
494 972 787 1040 γενόμενον
818 971 913 1023 sub
958 971 1066 1041 lege
1091 970 1293 1025 dicitur
1336 985 1433 1040 per
1463 985 1632 1023 unum
1670 987 1699 1021 ν
1735 986 2015 1039 nunquam

414 1063 759 1117 mutandum.
806 1061 1055 1117 Primum
1102 1061 1323 1131 quidem
1361 1101 1376 1126 ,
1426 1062 1573 1131 quod
1620 1063 1907 1116 sententia:
1965 1070 2021 1117 et

414 1172 576 1211 voces
602 1156 707 1211 sibi
743 1157 975 1210 invicem
999 1171 1215 1226 semper
1242 1156 1573 1224 respondere
1598 1155 1798 1210 debent
1828 1173 1840 1209 :
1868 1155 2019 1209 dein-

414 1249 483 1304 de
511 1265 663 1314 vero,
703 1250 849 1318 quod
886 1248 1139 1303 Christus
1169 1248 1390 1317 quidem
1439 1250 1657 1318 genitus
1685 1257 1771 1302 est
1806 1250 2023 1316 (γεγέν-

413 1342 593 1412 νηται)
626 1357 692 1394 ex
740 1341 1003 1409 Virgine,
1074 1340 1164 1395 ubi
1208 1340 1433 1393 verbum
1487 1340 1619 1393 illud
1670 1340 1723 1393 in
1774 1340 2019 1395 secunda

415 1432 621 1503 syllaba
655 1447 749 1500 per
777 1432 887 1484 duo
938 1448 967 1483 ν
991 1431 1365 1493 [scribendum
1395 1440 1511 1496 est;
1551 1446 1659 1485 non
1685 1440 1867 1485 autem
1901 1446 2021 1483 am-

416 1524 560 1593 plius
604 1524 844 1595 gignitur
882 1543 895 1579 :
935 1524 1104 1578 semel
1137 1526 1282 1577 enim
1320 1532 1532 1577 tantum
1572 1539 1637 1577 ex
1676 1522 1897 1594 Virgine
1925 1538 2020 1591 ge-

2196 878 2544 945 Γενόμενον
2602 875 2680 929 δεῖ
2722 875 2904 943 λέγειν
2952 877 3016 929 ἐκ
3062 875 3344 943 γυναικὸς,
3385 874 3577 946 ὥσπερ
3624 874 3733 932 καὶ

2122 969 2460 1038 γενόμενον
2500 969 2619 1023 ὐπὸ
2667 969 2857 1037 νόμον
2899 968 2988 1023 διὰ
3035 968 3128 1023 τοῦ
3175 968 3295 1031 ἑνὸς
3351 969 3729 1039 άμεταϐόλου.

2124 1062 2351 1133 Πρῶτον
2387 1062 2485 1132 μὲν
2517 1064 2580 1115 ὲκ
2609 1061 2710 1131 τῆς
2755 1062 3020 1132 συνεχοῦς
3057 1062 3417 1133 παραθέσεως
3448 1063 3559 1115 τῶν
3588 1079 3730 1133 νοη-

2126 1155 2313 1224 μάτων
2333 1171 2393 1207 τε
2418 1154 2513 1207 καὶ
2545 1155 2830 1225 ῥημάτων.
2877 1155 3145 1225 Δεύτερον
3172 1154 3251 1214 δὲ.
3277 1156 3359 1209 ὅτι
3390 1155 3731 1225 γεγέννηται

2128 1247 2228 1317 μὲν
2272 1249 2299 1300 ὁ
2345 1247 2583 1316 Χριστὸς
2630 1248 2693 1300 ἐκ
2739 1246 3020 1316 Παρθένου
3071 1246 3182 1299 τῶν
3210 1247 3304 1300 δίο
3351 1248 3731 1317 γραφομένων

2122 1338 2268 1391 κατὰ
2297 1340 2395 1407 τὴν
2434 1338 2699 1409 δεὺτεραν
2752 1339 3026 1409 συλλαϐὴν
3074 1338 3451 1408 ἀμεταϐόλων.
3497 1340 3573 1391 Οὑ
3610 1340 3731 1409 μὴν

2119 1431 2175 1484 δὲ
2215 1432 2494 1498 γεννᾶται.
2538 1430 2721 1497 ’Λπαξ
2778 1430 2887 1499 γὰρ
2928 1431 2992 1482 ὲκ
3036 1429 3316 1500 Παρθένου
3365 1429 3725 1497 γεγέννηται.

2120 1522 2330 1591 Μηδενὶ
2380 1522 2437 1575 δὲ
2468 1524 2501 1592 ὴ
2552 1521 2646 1574 τοῦ
2685 1523 2955 1589 Θεολόγου
2998 1524 3047 1575 Γ
3044 1523 3336 1591 ρηγορίου
3378 1523 3513 1593 (88⁸)
3563 1525 3725 1595 φωνὴ

416 1617 567 1671 nitus
594 1627 694 1671 est.
722 1616 936 1671 Nemini
962 1633 1089 1671 vero
1110 1617 1198 1671 hic
1222 1615 1472 1685 Gregorii
1510 1615 1772 1684 Theologi
1809 1614 2019 1668 dictum

2127 1614 2331 1685 πλάνης
2361 1616 2536 1667 αἴτιον
2568 1615 2831 1682 γενέσθω.
2871 1615 3112 1677 Ἐκεῖνος
3161 1615 3271 1685 γὰρ
3316 1615 3541 1686 ἔφησεν.
3578 1619 3725 1684 Χρι-

415 1708 635 1761 errandi
669 1708 1018 1762 occasionem
1050 1712 1302 1777 prteheat.
1339 1706 1438 1761 Ille
1463 1707 1611 1761 enim
1644 1706 1783 1760 dixit
1810 1722 1823 1759 :
1865 1705 2020 1759 Chri-

2127 1709 2276 1773 στός
2302 1708 2584 1778 γεννᾶται
2614 1709 2775 1779 (88“)
2800 1751 2817 1775 ,
2871 1709 2968 1780 οὑχ
3001 1711 3083 1763 ὅτι
3113 1710 3201 1762 διὰ
3233 1710 3435 1772 παντὸς
3472 1712 3536 1763 ἐκ
3565 1711 3728 1781 Παρ-

415 1810 531 1856 stus
557 1802 833 1870 gignitur;
859 1817 965 1855 nou
992 1802 1137 1871 quod
1164 1816 1382 1870 semper
1405 1815 1469 1854 ex
1502 1798 1725 1869 Virgine
1751 1799 2015 1869 gignitur,

2127 1799 2273 1855 Βένου
2306 1804 2594 1870 γεννᾶται,
2625 1801 2740 1855 ἀλλ’
2768 1803 2850 1855 ὅτι
2872 1820 2935 1871 γε
2969 1804 3001 1873 ἡ
3031 1803 3285 1875 παροῦσα
3318 1804 3442 1857 τότε
3468 1806 3726 1873 πανήγυ-

417 1893 676 1962 sedquod
712 1894 847 1947 festa
882 1894 973 1947 illa
1001 1894 1196 1948 concio
1234 1893 1323 1947 die
1353 1891 1572 1947 Domini
1610 1892 1784 1947 nostri
1851 1892 2020 1947 natali

2127 1912 2208 1965 ρις
2247 1895 2348 1964 τῆς
2388 1895 2485 1949 τοῦ
2523 1898 2801 1952 Δεσπὸτου
2832 1902 3143 1971 γεννήσεως
3174 1898 3476 1969 ἐτύγχανεν
3508 1900 3720 1971 ἡμέρα.

415 1987 746 2041 habebatur.
791 1988 979 2056 Itaque
1023 1987 1175 2042 omni
1225 1987 1390 2041 modo
1432 1984 1740 2040 cavendum
1781 1994 1903 2049 est,
1955 2000 2023 2039 ne

2127 1986 2213 2038 Διὸ
2239 1988 2406 2039 παντὶ
2444 1986 2633 2056 τρόπῳ
2669 1989 2975 2056 φυλακτέον
3018 1989 3114 2043 τοῦ
3158 1992 3491 2059 γενόμενον
3517 1990 3585 2043 ἐκ
3615 2008 3726 2059 τυ-

414 2079 658 2149 phrasim
692 2080 986 2149 γενόμενον
1030 2081 1095 2132 ὲκ
1133 2079 1396 2148 γυναικὸς
1449 2079 1536 2134 vel
1590 2078 1889 2149 scriptione
1941 2077 2025 2133 vel

2127 2078 2331 2144 ναικὸς
2357 2079 2447 2132 διὰ
2489 2080 2597 2133 τῶν
2635 2080 2729 2133 δύο
2771 2099 2820 2147 ν,
2896 2083 3037 2155 μήτε
3069 2082 3170 2154 τὴν
3201 2082 3421 2155 γραφὴν
3451 2083 3593 2155 μήτε
3618 2081 3727 2155 τὴν

415 2170 864 2241 pronuntiatione
891 2186 989 2241 per
1018 2170 1130 2227 duo
1162 2187 1191 2224 ν
1216 2169 1535 2226 etleramus.

2127 2168 2443 2241 ὲκφώνησιν
2473 2173 2776 2229 ποιεῖσθαι.

1139 2288 1471 2357 ρυΑΞδΤΙΟ
1519 2286 1822 2345 CCXXVII]
1883 2286 2083 2361 [CoisL
2121 2287 2286 2343 Taur.
2338 2289 2962 2365 LXX\'I].—Inedita.

886 2386 964 2440 De
994 2396 1193 2440 natura
1227 2396 1275 2441 ct
1309 2404 1556 2456 persona.

2436 2390 2577 2456 Περὶ
2615 2390 2860 2458 φύσεως
2892 2390 2990 2444 καὶ
3020 2391 3441 2459 ὑποστάσεως.

484 2476 543 2534 Id
561 2477 706 2549 quod
733 2479 1031 2548 apparebat
1058 2479 1110 2532 in
1143 2478 1368 2533 Christo
1396 2477 1528 2548 quid
1555 2484 1695 2541 erat,
1720 2492 1788 2532 an
1817 2486 2017 2533 natura

2201 2479 2279 2533 Τὸ
2308 2481 2636 2551 φαινόμενον
2680 2482 2774 2537 τοῦ
2805 2483 3045 2556 Χριστοῦ
3076 2484 3129 2539 τί
3169 2481 3237 2558 ἧν
3258 2525 3273 2551 ,
3307 2485 3469 2556 φύσις
3501 2486 3535 2558 ἢ
3584 2485 3725 2541 ὑπό-

416 2586 486 2625 an
518 2571 795 2641 persona?
1162 2570 1173 2581 ’

2130 2592 2351 2643 στασις;

503 2684 698 2738 Allatis
726 2685 1066 2752 argumentis
1088 2724 1104 2750 ,
1148 2699 1271 2753 quae
1311 2694 1502 2738 contra
1534 2692 1826 2752 utramque
1860 2690 2071 2752 partem
2114 2688 2354 2744 militant
2376 2730 2391 2753 ,
2439 2702 2735 2762 respondet
2761 2693 2991 2751 Photius
3016 2736 3030 2759 ,
3072 2697 3124 2751 id
3160 2700 3307 2768 quod
3340 2698 3639 2768 apparebat
3669 2711 3728 2756 et

416 2773 707 2831 videbatur
740 2772 792 2826 in
830 2774 1050 2830 Christo
1078 2814 1093 2838 ,
1146 2789 1253 2826 non
1300 2772 1471 2827 fuisse
1511 2787 1614 2826 nec
1648 2783 1899 2825 naturam
1933 2770 2293 2841 simpliciter,
2342 2790 2443 2829 nec
2484 2792 2774 2846 personam
2808 2780 3153 2849 simpliciter,
3202 2783 3297 2837 sed
3332 2795 3539 2851 partem
3569 2801 3722 2838 cont-

418 2863 611 2933 posita:
645 2864 990 2931 hypostaseos
1016 2896 1030 2918 ,
1062 2857 1210 2927 quod
1252 2866 1337 2913 εει
1367 2871 1490 2911 esse
1520 2856 1829 2911 subsistens
1867 2854 2027 2925 (ά).λὲ

2127 2861 2271 2932 ιέρος
2320 2864 2422 2935 τῆς
2462 2866 2556 2920 τοῦ
2624 2868 2809 2939 Λόγου
2873 2870 3135 2925 συνθέτου
3187 2872 3538 2939 ὑποστάσεως
3581 2873 3726 2946 ὅπερ

419 2951 571 3005 ἐστὶν
602 2949 970 3005 ἐνυπόστατον
994 2947 1035 3015 ).

1138 3097 1470 3166 QU/ESTIO
1518 3098 1780 3154 CCXXIX
1823 3095 2034 3172 [Coisl.
2092 3095 2258 3157 Taur.
2324 3104 2563 3162 LXXVII
2662 3112 2982 3168 —Inedita.

1040 3217 1117 3271 De
1149 3234 1399 3287 persona.

494 3312 577 3366 An
609 3311 917 3382 composita
954 3310 1117 3365 Verbi
1155 3325 1394 3381 persona
1419 3308 1912 3364 consubstantialis
1941 3315 2025 3362 est

422 3404 665 3475 simplici
704 3402 865 3459 Verbi
900 3420 1169 3474 personae,
1191 3419 1261 3457 an
1293 3418 1422 3457 vero
1454 3402 1682 3457 diversa!
1708 3410 2023 3465 naturae,an

2615 3228 2755 3297 Περὶ
2794 3230 3221 3298 ὑποστάσεως.

2202 3319 2495 3391 Πότερονὴ
2528 3320 2623 3374 τοῦ
2646 3323 2823 3391 Λόγου
2856 3321 3110 3384 σύνθετος
3140 3322 3443 3389 ὑπόστασις
3470 3325 3722 3397 ὀμοφυής

2131 3409 2277 3462 ἐστιν
2308 3413 2376 3482 τῇ
2403 3412 2497 3465 τοῦ
2535 3412 2709 3480 Λόγου
2756 3412 2900 3483 ἁπλῇ
2934 3413 3236 3467 ὑποστάσει
3267 3414 3300 3486 ἦ
3333 3415 3657 3486 ἑτεροφυὴς.
3688 3416 3720 3486 ἢ

421 3498 526 3553 sub
560 3513 672 3553 uno
701 3507 947 3567 respectu
983 3496 1227 3567 ejusdem
1259 3537 1274 3561 ,
1312 3496 1416 3549 sub
1450 3496 1560 3548 alio
1606 3509 1738 3547 vero
1763 3493 2027 3547 diversae?

2134 3511 2210 3579 πῆ
2269 3506 2369 3577 μὲν
2415 3504 2702 3576 ὁμοφυὴς,
2758 3504 2837 3574 πῆ
2884 3504 2941 3557 δὲ
2991 3506 3330 3575 ὲτεροφυής;
3382 3505 3447 3558 Et
3480 3505 3581 3574 μὲν
3610 3506 3724 3573 γὰρ

421 3589 564 3644 Nam
610 3590 656 3645 si
703 3588 954 3659 ejusdem
1005 3596 1087 3642 est
1134 3596 1387 3651 natum,
1435 3587 1667 3656 simplex
1701 3602 1828 3638 vero
1862 3585 2022 3639 Verbi

429 3681 744 3750 hypostasis
775 3679 1026 3733 eamdem
1060 3694 1185 3733 cum
1229 3677 1413 3732 Patris
1446 3676 1725 3747 hypostasi
1768 3684 2023 3730 naturam

424 3772 631 3837 habet,
676 3787 807 3841 ergo
863 3781 919 3825 et
965 3770 1278 3840 composita
1319 3770 1484 3824 Verbi
1534 3768 1848 3841 hypostasis
1898 3783 2023 3822 cum

423 3865 674 3934 simplice
708 3863 888 3919 Patris
919 3864 1202 3935 hypostasi
1233 3864 1480 3917 eamdem
1534 3863 1699 3918 habet
1745 3872 2022 3918 naturam.

424 3953 717 4021 Quomodo
743 3970 873 4009 vero
898 3955 1203 4026 composita
1249 3954 1489 4025 simplici
1533 3956 2024 4013 consubstantialis

424 4051 576 4108 erit?
605 4050 895 4117 Quomodo
923 4066 1031 4105 non
1059 4054 1369 4120 composita
1401 4066 1626 4121 quoque
1649 4050 1882 4107 dicenda
1918 4053 2025 4107 erit

425 4159 661 4215 persona
692 4143 903 4199 Patris?
948 4143 1013 4198 Et
1064 4144 1226 4200 tertio
1261 4159 1446 4199 nonne
1486 4149 1837 4214 quaternitas
1878 4146 2023 4212 erit,

424 4246 539 4293 tres
582 4238 858 4309 simplices
899 4237 1158 4292 nimirum
1196 4252 1449 4308 persona-
1478 4237 1681 4303 Patris,
1714 4246 1767 4291 et
1800 4237 1946 4303 Filii,
1971 4248 2027 4295 et

425 4330 664 4400 Spiritus
687 4330 863 4385 sancti
896 4338 949 4384 et
970 4330 1275 4399 composita
1304 4328 1465 4384 Verbi
1501 4330 1778 4398 persona?
1808 4330 1862 4384 Si
1894 4345 2025 4386 vero

422 4422 652 4476 diversae.
701 4432 947 4486 naturze,
998 4430 1053 4476 et
1100 4422 1178 4476 sic
1228 4432 1414 4476 manet
1452 4423 1819 4490 quaternitas.
1871 4422 2024 4491 Quo-

424 4513 589 4567 modo
619 4529 751 4568 vero
798 4529 828 4567 a
883 4513 1065 4583 seipso
1112 4526 1305 4567 natura
1355 4513 1610 4579 diil‘eret,
1654 4516 1699 4569 si
1778 4530 1886 4569 non
1918 4516 2027 4569 duo

423 4615 673 4674 separata
705 4605 850 4660 dicet
882 4604 1246 4675 compositum
1284 4613 1449 4675 atque
1480 4606 1759 4676 simplex?
1801 4606 1857 4660 Si
1894 4623 2026 4662 vero

424 4697 726 4752 secundum
755 4697 902 4752 aliud
932 4698 1162 4752 diversa:
1193 4736 1209 4761 ,
1264 4699 1567 4752 secundum
1599 4699 1747 4753 aliud
1778 4699 2022 4771 ejusdem

424 4789 749 4845 substantia:
794 4800 915 4854 est,
955 4800 1009 4845 et
1058 4791 1138 4845 sic
1183 4798 1447 4859 sequetur
1484 4792 1912 4861 quaternitatem
1940 4792 2024 4848 di-

2127 3600 2400 3672 όμοψυὴς,
2454 3598 2570 3652 ἐστι
2618 3598 2674 3651 δὲ
2714 3598 2747 3668 ή
2798 3596 2892 3651 τοῦ
2923 3596 3097 3665 Λόγου
3130 3598 3275 3667 ἁπλῆ
3322 3597 3619 3661 ὑπόστασις
3652 3600 3719 3668 τῇ

2127 3690 2222 3745 τοῦ
2259 3690 2477 3760 Πατρδς
2524 3688 2809 3759 ὁμοφυὴς,
2864 3690 2958 3741 καὶ
3007 3689 3039 3756 ἡ
3091 3689 3345 3752 σύνθετος
3376 3690 3485 3761 ἄρα
3522 3692 3590 3761 τῇ
3626 3690 3719 3742 τοῦ

2128 3782 2343 3853 Πατρὸς
2388 3782 2536 3852 ἁπλῇ
2579 3780 2878 3834 ὑποστάσει
2912 3780 3183 3851 ὁμοφυής.
3248 3780 3373 3846 Πῶς
3406 3778 3501 3835 οὖν
3531 3783 3565 3853 ὴ
3598 3782 3724 3835 σὺν-

2131 3875 2284 3937 θετος
2312 3876 2378 3945 τῇ
2416 3873 2560 3943 ἁπλῇ
2590 3872 2874 3942 όμοφυής;
2925 3870 3041 3936 πῶς
3083 3872 3130 3925 δ’
3158 3873 3282 3943 οὐχὶ
3329 3872 3589 3935 σύνθετος
3619 3876 3721 3946 ρη-

2131 3967 2249 4037 θείη
2279 3966 2344 4022 ἂν
2380 3966 2523 4037 καὶὴ
2558 3964 2654 4018 τοῦ
2706 3964 2955 4035 Πατρόςς
2999 3965 3095 4018 καὶ
3146 3965 3355 4037 τρίτον,
3407 3965 3606 4035 τετρὰς
3665 3968 3721 4020 αἱ

2127 4057 2278 4125 τρεῖς
2313 4053 2486 4109 ἁπλαῖ
2519 4054 2850 4116 ὑποστάσεις
2896 4054 3114 4124 Πατρὸς
3142 4054 3237 4108 καὶ
3272 4054 3403 4108 Υἱοῦ
3434 4054 3531 4109 καὶ
3561 4056 3724 4124 ἁγίου

2130 4148 2450 4219 Πνεὺματος
2478 4148 2575 4201 καὶ
2614 4147 2649 4217 ἡ
2702 4145 2956 4210 σύνθετος
2983 4144 3077 4199 τοῦ
3112 4146 3315 4216 Λόγου.
3359 4148 3421 4201 Εἰ
3457 4147 3504 4201 δ’
3537 4149 3723 4219 ἑτερο-

2129 4241 2291 4311 φυὴς,
2314 4240 2410 4293 καὶ
2434 4238 2615 4300 οὕτως
2644 4237 2796 4306 μένει
2824 4237 3020 4307 τετράς
3044 4254 3057 4268 ο
3081 4237 3199 4300 πῶς
3224 4238 3281 4291 δὲ
3304 4238 3397 4292 καὶ
3421 4238 3725 4310 έτεροφυὴς

2127 4331 2294 4395 αὑτὸς
2324 4329 2545 4392 ἑαυτοῦ,
2597 4331 2649 4382 εἴ
2681 4345 2746 4397 γε
2788 4328 2864 4399 μὴ
2907 4327 3002 4381 δύο
3033 4328 3101 4382 τὰ
3136 4329 3525 4401 κεχωρισμένα
3563 4329 3624 4382 τό
3661 4347 3724 4383 τε

2130 4422 2385 4475 σύνθετον
2407 4421 2561 4489 λέγει
2590 4421 2686 4475 καὶ
2717 4421 2778 4475 τὸ
2812 4422 3054 4487 ἁπλοῦν;
3090 4420 3151 4475 Εἰ
3190 4421 3247 4474 δὲ
3291 4422 3367 4492 πῆ
3406 4423 3507 4492 μὲν
3534 4423 3724 4493 ἑτερο-

2129 4516 2291 4587 φυὴς,
2325 4516 2481 4587 πῆδὲ
2516 4514 2799 4587 ὁμοφυὴς,
2852 4515 2915 4567 τὸ
2957 4514 3056 4586 μὲν
3106 4515 3341 4587 τετράδα
3389 4515 3571 4583 λέγειν
3625 4516 3725 4586 τὴν

2128 4612 2339 4683 Τριάδα
2385 4610 2480 4664 καὶ
2524 4608 2697 4671 οὕτως
2743 4609 2961 4679 ἕψεται·
3001 4609 3193 4680 ἕψεται
3225 4611 3282 4664 δὲ
3323 4611 3419 4664 καὶ
3450 4610 3509 4663 τὸ
3534 4610 3725 4663 διαπο-

2131 4707 2269 4779 ρεῖν,
2303 4705 2420 4767 πῶς
2448 4705 2600 4758 ἐστιν
2629 4704 2793 4768 αὑτὸς
2841 4704 3023 4775 ἐαυτῷ
3050 4704 3129 4775 πῆ
3159 4704 3261 4773 μὲν
3290 4704 3615 4777 έτεροφυὴς,
3642 4703 3724 4773 πῆ

2128 4796 2185 4849 δὲ
2212 4795 2484 4866 ὁμοφυὴς.

424 4886 653 4941 condam
678 4900 801 4942 esse
836 4882 1210 4953 Trinitatem;
1247 4896 1511 4957 sequetur
1555 4900 1777 4957 quoque
1841 4901 1904 4942 ea
1972 4888 2302 4957 difﬁcultas,
2368 4903 2477 4960 qua
2544 4888 2758 4944 ratione
2808 4888 2925 4959 ipse
2984 4901 3178 4943 secum
3228 4889 3530 4944 secundum
3573 4887 3722 4943 aliud

423 4979 699 5049 ejusdem,
752 4980 1053 5034 secundum
1103 4980 1251 5035 aliud
1286 4982 1517 5037 divers:e
1576 4997 1608 5036 a
1670 4995 1730 5035 se
1782 4990 1995 5038 natura;
2032 4985 2283 5040 exsistat.
3198 4984 3203 4989 ’

502 5074 627 5129 Haec
653 5088 783 5128 vero
812 5073 1057 5128 absurda
1107 5074 1231 5128 inde
1267 5085 1394 5128 nata
1432 5082 1605 5139 sunt,
1640 5074 1786 5143 quod
1819 5075 1887 5128 ab
1923 5074 2029 5128 ini-
2061 5095 2104 5150 ι)

428 5169 505 5223 tio
566 5182 737 5222 unum
809 5176 1072 5237 tanquam
1132 5168 1242 5221 duo
1288 5168 1701 5237 accipiebatur;
1779 5183 1843 5222 ex
1918 5166 2023 5221 hoc

424 5264 568 5318 enim
597 5273 651 5318 et
676 5263 1013 5333 sequebatur
1050 5262 1135 5318 his
1179 5263 1233 5317 in
1277 5262 1757 5334 suppositionibus
1801 5260 2029 5317 conclu-

2220 5076 2532 5130 Ἠκολούθει
2566 5077 2634 5130 τὰ
2655 5075 2832 5129 ἄτοπα
2861 5076 2927 5128 ἐκ
2959 5074 3053 5126 τοῦ
3077 5073 3265 5128 λαϐεῖν
3286 5072 3346 5140 ἐξ
3369 5073 3544 5145 ἀρχῆς
3579 5075 3638 5129 τὸ
3662 5076 3722 5129 ἓν

2133 5172 2208 5235 ὡς
2238 5170 2360 5225 δύο·
2398 5172 2463 5223 ἐκ
2484 5168 2678 5222 τούτου
2713 5166 2823 5237 γὰρ
2874 5169 2971 5221 καὶ
3002 5169 3123 5229 ταῖς
3166 5166 3491 5221 ὑποθέσεσιν
3533 5170 3724 5225 εἵπετο

2137 5260 2470 5331 συνάγεσθαι
2496 5258 2705 5332 Τριάδα
2736 5258 2837 5330 τὴν
2864 5257 3104 5330 τετράδα
3124 5272 3138 5286 ⁸
3170 5259 3233 5311 οὑ
3259 5257 3371 5329 γάρ
3402 5258 3551 5313 ἔστιν
3580 5259 3723 5335 άλλη

1949 5436 2183 5495 NOTAE.

500 5560 613 5633 (ss)
650 5561 807 5633 Colb.
833 5562 1005 5617 addit.
1031 5563 1065 5633 ἢ
1098 5562 1187 5616 διὰ
1217 5562 1330 5618 δύο.

395 5622 447 5705 ⁸-
502 5622 618 5699 (88)
650 5631 973 5705 Gregorium
1010 5622 1271 5705 Nazianz.
1318 5635 1596 5703 intelligit,
1649 5650 1812 5705 quem
1854 5633 2024 5689 Theo-

396 5742 402 5755 .
426 5699 605 5776 l_o_gum
618 5699 912 5776 antiquitas
932 5704 1051 5776 κατ’
1070 5703 1263 5775 ἐξοχὴν
1284 5699 1734 5776 ιψιιυΙΙίινὶΜνῖιΙ.
1755 5705 2017 5776 Cotelerii

430 5767 672 5823 Monum.
711 5767 915 5828 Ecclcs.
957 5771 1076 5844 (ita,
1108 5767 1242 5832 toni.
1277 5767 1369 5844 III,
1408 5792 1464 5847 p.
1492 5767 1617 5846 57],
1666 5788 1716 5834 et
1748 5786 1880 5833 tom.
1920 5775 2013 5842 IV:

2118 5575 2174 5626 p.
2206 5560 2334 5614 411.

2194 5632 2349 5706 (88'_‘)
2368 5632 2579 5706 _Exst_at
2619 5632 2735 5687 lucc
2755 5632 2974 5706 phrasis
2997 5634 3051 5689 in
3078 5632 3268 5706 limine
3299 5632 3570 5693 orationis
3592 5634 3720 5706 ejus

2127 5701 2211 5767 εἰς
2258 5701 2327 5755 τὰ
2357 5702 2662 5772 Θεοφάνια,
2705 5701 2841 5760 tom.
2870 5703 2888 5759 I
2920 5704 3085 5776 Opp.,
3118 5720 3173 5774 p.
3207 5703 3333 5763 6I3.
