4136 6426
572 329 722 396 d027

1722 327 1988 387 ΙἮΟΤΙΙ
2018 327 2525 387 PATRIARCHIE
2566 326 2675 387 (ΖΡ.

3721 328 3874 394 1οἓ8

571 445 918 515 amplificatae
955 450 1339 513 argumentum
1369 441 1661 507 allaturos,
1693 443 2015 514 suhjungit:
2044 464 2063 494 ι
2099 442 2163 497 Ut

2272 445 2513 499 λαϐοῦσα
2557 444 2620 497 τὸ
2664 443 2885 515 ὕψωμα,
2946 464 2963 496 ι
3000 446 3118 499 Ἵνα
3161 447 3321 517 ἡμεῖς
3351 447 3511 514 Θεοῦ,
3549 449 3747 520 φησὶν,
3792 450 3877 503 διο

576 553 675 593 nos
705 537 924 606 justitia
967 535 1059 590 Dei
1097 538 1295 591 ﬁamus
1330 552 1425 604 per
1466 537 1667 606 ipsum.
1720 556 1739 589 ι
1788 536 1942 591 llanc
1994 537 2161 607 igitur

572 642 794 696 operam
829 634 1171 696 praestantes,
1207 626 1405 696 inquit.
1444 630 1608 681 etiam
1643 644 1743 683 nos
1775 629 2157 695 adhortantur,

572 735 641 773 ne
678 734 775 773 vos
809 718 1013 773 frustra
1054 718 1283 787 gratiam
1327 718 1421 773 Dei
1470 720 1776 791 accipiatis.
1828 720 1905 775 lta
1959 720 2163 777 Paulus

573 810 814 879 seipsum
841 820 1221 880 repraesentat,
1275 822 1531 881 tanquam
1558 829 1656 882 pro
1685 814 1907 869 Christo
1938 815 2159 885 legatio~

572 918 698 955 nem
741 904 1057 958 obeuntem.
1089 902 1233 970 Quo,
1269 919 1477 973 quaeso,
1512 906 1659 959 ﬁne?
1698 915 1755 961 ut
1780 922 1875 961 vos
1892 923 1957 962 ex
1983 918 2161 962 vestra

574 1006 729 1063 parte
763 1004 975 1049 tantum
1043 996 1164 1065 ejus
1216 997 1541 1053 beneficium
1590 1014 1699 1053 non
1755 1000 1970 1055 irritum
2014 1002 2159 1071 apttd

573 1098 672 1136 vos
701 1080 870 1137 fuisse
905 1086 1228 1139 ostendatis.
1263 1085 1381 1139 Non
1418 1103 1545 1141 vero
1577 1088 1755 1143 solum
1784 1106 1909 1153 nos,
1956 1092 2158 1161 inquit,

574 1174 783 1243 legatos
819 1174 889 1229 ad
925 1191 1020 1231 vos
1048 1177 1281 1248 agimus,
1316 1178 1408 1233 sed
1434 1178 1506 1232 ita
1537 1188 1596 1233 ut
1629 1179 1744 1249 ipse
1769 1196 1990 1252 quoque
2018 1172 2199 1240 Deus.-

566 1280 630 1317 0t.
681 1267 841 1320 Pater
889 1283 995 1321 una
1035 1268 1320 1323 nobiscum
1376 1285 1477 1339 pro
1504 1268 1643 1326 Filio
1677 1288 1779 1328 suo
1815 1276 2159 1331 adhortetur.

578 1357 959 1411 Revereamini
990 1359 1174 1429 itaque
1211 1361 1444 1431 legatos,
1490 1364 1674 1432 magni
1707 1364 1923 1420 faciatis
1961 1366 2165 1421 adhor-

577 1458 777 1512 tantes,
807 1450 859 1502 in
901 1451 1076 1519 pretio
1117 1452 1562 1518 habeatisillum,
1593 1472 1692 1527 pro
1716 1474 1826 1526 quo
1858 1458 2165 1512 instituitur

581 1540 919 1594 adhortatio.
958 1540 1116 1606 Quod
1150 1543 1195 1597 si
1231 1544 1440 1598 dictum
1486 1546 1617 1600 illud
1646 1548 1747 1603 hac
1778 1548 1990 1603 ratione
2018 1550 2165 1604 acci—

578 1635 817 1700 piamus,
875 1634 955 1695 τὸ,
1023 1635 1162 1705 ὑπὲρ
1214 1637 1454 1707 Χριστοῦ
1510 1654 1619 1694 non
1672 1640 1815 1695 idem
1860 1643 1984 1707 erit,
2018 1643 2163 1712 quod

574 1725 700 1777 ἀντὶ
739 1727 976 1796 Χριστοῦ
1016 1727 1149 1796 (loco
1174 1727 1417 1801 Christi),
1447 1732 1539 1786 sed
1568 1733 1769 1788 rectius
1794 1734 1889 1800 ita,
1920 1744 1979 1789 ut
2004 1735 2166 1789 modo

577 1818 781 1872 dictmn
815 1828 918 1881 est,
955 1822 1278 1890 accipietur.

650 1910 979 1976 QUIESTIO
1030 1914 1339 1971 CCXXXIII
1378 1915 1572 1989 [CoisL
1625 1918 1790 1973 Taur.
1835 1918 2097 1992 LXXXI].

572 2007 723 2075 ’Quid
782 2016 856 2061 est
914 2007 1052 2060 illud
1107 2023 1126 2061 :
1165 2027 1181 2057 ι
1234 2007 1323 2061 νει
1353 2020 1404 2082 ιιι
1443 2015 1749 2066 accuratius
1775 2012 2077 2082 loquamur,
2111 2029 2175 2067 ea

1130 2094 1247 2147 qua:
1282 2081 1583 2137 divinitas?
1616 2102 1634 2135 ι

2272 539 2533 607 καιοσύνη
2588 538 2879 606 γενώμεθα
2928 540 2985 591 ὲν
3050 540 3221 609 αύτῷ.
3272 558 3291 590 ι
3323 540 3727 612 Συνεργοῦντες
3785 542 3872 607 δὲ,

2271 632 2428 698 φησι,
2463 633 2559 684 καὶ
2594 631 3045 703 παρακαλοῦμεν,
3079 632 3153 704 μὴ
3184 636 3264 697 εἰς
3298 634 3456 687 κενὸν
3482 633 3577 686 τοῦ
3596 634 3740 687 Θεοῦ
3770 634 3875 705 τὴν

2271 731 2434 793 χάριν
2479 723 2738 787 δέξασθαι
2766 726 2932 797 ὑμᾶς.
2966 725 3154 791 Οὕτως
3188 728 3385 781 ἑαυτὸν
3430 727 3459 780 ὀ
3489 726 3704 790 Παῦλος
3747 727 3874 780 δια-

2273 816 2433 882 σαφεῖ
2478 810 2591 868 οἷον
2641 816 2784 886 ὑπὲρ
2830 818 3070 887 Χριστοῦ
3122 818 3586 889 πρεσϐευόμενος.
3634 818 3763 871 Ἵνα
3815 818 3871 871 τί

2270 908 2530 976 γένηται;
2571 908 2656 960 ἵνα
2701 908 2801 979 τὴν
2832 908 3043 962 ἐκείνου
3076 911 3236 981 χάριν
3266 910 3539 981 τοσαύτην
3573 905 3748 964 οὖσαν
3794 910 3870 979 μὴ

2271 1002 2437 1074 κενὴν
2465 1003 2594 1073 τόγε
2628 1005 2898 1077 ὑμέτερον
2933 1006 3100 1077 μέρος
3134 1006 3434 1078 ἀπελέγξῃ.
3467 1006 3580 1076 Οὐχ
3618 1006 3791 1076 ἡμεῖς
3812 1005 3871 1059 δὲ

2274 1098 2435 1169 μόνον
2457 1097 2554 1167 τὴν
2582 1098 2885 1169 πρεσϐείαν
2914 1100 3045 1169 ὑμῖν
3086 1098 3459 1170 προσάγομεν,
3505 1098 3618 1151 ἀλλ’
3651 1099 3734 1161 ὡς
3772 1098 3871 1150 καὶ

2271 1189 2439 1244 αὑτοῦ
2477 1190 2574 1244 τοῦ
2612 1191 2749 1245 Θεοῦ
2801 1191 2897 1246 καὶ
2946 1192 3164 1263 Πατρδς
3220 1192 3341 1261 μεθ’
3373 1192 3531 1262 ἡμῶν
3579 1191 3728 1259 ὑπὲρ
3769 1191 3865 1245 τοῦ

2271 1284 2403 1337 Υἱοῦ
2439 1284 2911 1355 παρακαλοῦντος.
2944 1285 3285 1356 Ἐντράπητε
3326 1285 3455 1349 τοὺς
3491 1284 3867 1355 πρεσϐευτὰς,

2270 1376 2636 1449 δυσωπήθητε
2710 1377 2841 1440 τοὺς
2919 1376 3419 1448 παρακαλοῦντας.
3507 1376 3864 1447 εύλαϐήθητε

2271 1469 2362 1523 τὸν
2399 1468 2514 1539 (95)
2552 1468 2693 1539 ὑπὲρ
2729 1463 2788 1523 οὗ
2822 1470 2854 1538 ἠ
2884 1468 3253 1541 παράκλησις.
3286 1467 3491 1521 Τούτου
3537 1466 3595 1519 δὲ
3629 1467 3728 1519 τοῦ
3767 1468 3868 1537 ρη-

2272 1562 2368 1615 τοῦ
2416 1562 2903 1632 ὲκλαμϐανομένου
2933 1602 2948 1626 ,
3006 1562 3102 1615 καὶ
3166 1559 3227 1613 τὸ
3267 1559 3410 1630 ὑπὲρ
3462 1558 3707 1629 Χριστοῦ
3765 1558 3866 1612 ούκ

2274 1653 2395 1706 ἀντὶ
2422 1653 2687 1724 Χριστοῦ,
2720 1651 2860 1721 ἀλλ’,
2897 1651 2973 1716 ὡς
3007 1652 3248 1723 εἴρηται,
3278 1651 3401 1706 κατ’
3436 1650 3659 1705 εὐθεῖαν
3683 1667 3865 1723 παρα-

2272 1744 2636 1816 ληφθήσεται.

2800 1921 3140 1974 ΕΡΩΤΙΙΣΙΣ
3179 1920 3344 1975 ΣΛΡ.

2279 2012 2341 2065 Τί
2366 2010 2557 2074 ἐστιν,
2597 2030 2615 2063 ι
2650 2013 2718 2067 Ἢ
2739 2014 2808 2066 τό
2832 2013 3346 2153 τετάιζρίξέρτῗρον
3363 2013 3578 2080 εἰπεῖν,
3598 2012 3637 2067 ἅ
3666 2014 3705 2083 ἡ
3729 2015 3836 2068 Θεό
3856 2046 3861 2049 ι

2916 2128 2919 2129 ν
3170 2122 3186 2148 ν

2916 2122 2995 2148 "l5
3029 2122 3145 2148 \Vvl
3170 2122 3186 2148 Ὶ

823 2187 967 2238 Nunc
988 2188 1198 2251 primum
1220 2191 1351 2239 edita
1372 2205 1397 2239 a
1431 2192 1491 2241 1).
1526 2192 1957 2255 Hergenroether.
1982 2221 2041 2232 —--
2064 2192 2347 2257 Explicatio
2388 2191 2655 2242 verborum
2681 2194 3006 2256 quorumdam
3041 2192 3270 2257 Gregorii
3304 2193 3615 2246 Nazianzeni.

618 2272 950 2338 .Quoniam,
991 2272 1193 2341 inquit,
1246 2287 1353 2327 vox
1412 2275 1465 2328 in
1521 2291 1623 2345 quo
1680 2293 1792 2332 non
1840 2294 2009 2331 unum
2042 2278 2176 2347 quid

579 2366 832 2435 designat
869 2373 950 2429 ut,
975 2365 1127 2419 verbi
1154 2366 1358 2436 gratia,
1390 2368 1536 2435 quod
1568 2369 1623 2422 in
1664 2369 1806 2424 caelo
1833 2377 1939 2434 est,
1973 2380 2026 2425 et
2055 2385 2178 2440 quae

582 2458 637 2512 in
674 2473 741 2511 eo
786 2469 916 2513 sunt
939 2458 1108 2525 (aliud
1160 2458 1307 2512 enim
1332 2467 1416 2513 est
1445 2460 1645 2514 emtum
1679 2471 1733 2516 et
1760 2462 1909 2516 aliud
1944 2463 2086 2532 quod
2120 2464 2172 2517 in

572 2551 771 2617 coelo),
825 2565 893 2605 ne
945 2551 1076 2620 quid
1108 2551 1255 2605 aliud
1280 2551 1459 2607 simile
1486 2553 1574 2613 hic
1605 2569 1827 2624 quoque
1850 2557 2172 2625 suspiceris,

578 2642 872 2697 confestim
916 2642 1067 2695 addit
1103 2661 1117 2697 :
1155 2661 1173 2693 ί
1212 2642 1385 2698 velut
1423 2647 1736 2701 accuratius
1768 2647 2081 2717 loquamur,
2109 2665 2174 2703 ea

588 2745 710 2799 qua:
744 2739 873 2785 sunt
904 2731 1022 2799 ipsa
1050 2729 1333 2785 divinitas.
1371 2748 1390 2783 ι
1428 2729 1582 2786 Licet
1615 2747 1747 2787 vero
1780 2742 1833 2787 et
1865 2734 2029 2804 hujus
2059 2750 2176 2789 ser-

584 2823 769 2876 monis
830 2820 1122 2891 imaginem
1191 2836 1432 2877 sumere.
1490 2824 1963 2889 Quemadmodnm
2028 2826 2174 2880 enim

586 2912 714 2982 quis
743 2912 934 2967 dicens
982 2912 1037 2967 in
1078 2912 1298 2983 regibus
1332 2928 1454 2987 esse
1504 2929 1731 2985 regnum
1769 2924 1824 2970 et
1865 2916 2178 2972 accuratius

586 3004 929 3059 indicaturus
977 3004 1113 3075 ipsis
1179 3022 1409 3076 regnum
1453 3007 1638 3063 inesse
1676 3007 1914 3078 adjicere
1951 3022 2174 3081 potest:

588 3114 610 3149 ι
656 3098 770 3150 lmo
828 3099 975 3165 ipsos
1028 3113 1183 3167 reges
1230 3114 1458 3170 regnum
1515 3114 1637 3155 esse
1678 3100 1911 3168 aﬂirmo,
1947 3123 1965 3155 ι
2013 3083 2245 3172 atquec

584 3189 783 3243 exinde
815 3189 1035 3257 quidem
1061 3200 1386 3259 potestatem
1407 3191 1560 3261 regni
1589 3191 1698 3247 illis
1722 3192 2029 3248 luculenter
2058 3195 2177 3247 vin-

583 3280 751 3342 dicat,
787 3295 895 3335 non
929 3296 1060 3335 vero
1108 3281 1159 3335 in
1194 3282 1519 3351 qualitatem
1570 3283 1734 3339 vertit
1778 3300 1967 3355 regum
2012 3293 2177 3339 natu-

583 3385 703 3424 ram
752 3386 766 3422 :
811 3370 886 3424 ita
939 3370 1072 3423 nihil
1110 3371 1368 3440 prohibet
1413 3374 1713 3443 quominus
1756 3375 1881 3444 quis
1937 3375 2174 3429 dicens:

589 3479 609 3513 ι
651 3460 839 3516 Ponus
869 3461 1005 3531 ipsis
1034 3478 1156 3532 quae
1198 3472 1326 3519 sunt
1361 3464 1625 3520 divinitas
1665 3485 1683 3519 ι
1736 3466 2177 3536 inseparabilita-

581 3560 692 3607 tem
749 3553 970 3622 quidem
1023 3562 1077 3607 et
1125 3554 1623 3610 indirisihilitatem
1654 3555 1959 3611 divinitatis
1990 3571 2019 3609 a
2048 3571 2174 3625 per-

583 3640 738 3695 sanis
794 3640 1019 3705 iudicet,
1055 3654 1165 3694 non
1234 3653 1415 3695 tamen
1461 3643 1719 3712 quamvis
1777 3658 2069 3713 personam
2120 3642 2173 3697 in

583 3731 922 3785 divinitatem
974 3731 1057 3785 vel
1096 3732 1151 3783 in
1203 3732 1452 3785 eamdem
1503 3745 1754 3786 naturam
1786 3732 2045 3799 resolvat,
2079 3733 2172 3788 sed

585 3823 769 3892 potiUs
803 3823 1193 3891 proprietatem
1248 3839 1612 3893 personarum
1662 3825 2002 3892 custodiens,
2025 3826 2175 3895 quod

589 3914 752 3967 unius
799 3922 854 3966 et
895 3913 1010 3967 haac
1040 3922 1169 3968 sunt
1192 3924 1246 3968 et
1276 3927 1486 3967 natura:
1513 3924 1568 3968 et
1590 3914 1888 3970 divinitatis
1910 3924 1963 3969 et
1986 3931 2170 3971 essen-

587 4006 691 4071 tia),
723 4020 814 4073 per
838 4022 901 4061 ea
925 4006 1088 4060 verba
1119 4005 1375 4060 declaret.

657 4100 983 4168 QUASSTIO
1022 4098 1329 4154 ccxxxw
1365 4100 1552 4174 [eam
1593 4102 1757 4158 Taur.
1812 4100 2099 4175 LXXXII].

585 4194 761 4261 Quam
792 4198 851 4247 ob
884 4211 1101 4247 causam
1150 4194 1241 4247 ille
1283 4195 1373 4264 qui
1406 4205 1513 4248 toto
1545 4214 1761 4263 corpore
1795 4207 1908 4250 erat
1937 4198 2175 4263 leprosus

658 4269 713 4317 in
772 4264 939 4318 Veteri
965 4264 1296 4339 Testamento
1327 4281 1489 4329 purus
1539 4268 1835 4329 dicebatur,
1867 4271 1956 4339 qui
1998 4278 2174 4318 autem

652 4352 719 4389 ex
743 4346 892 4404 parte
932 4345 1160 4393 tantum,
1200 4337 1479 4403 impurus?

2202 3965 2246 4020 Ι)

2361 2274 2604 2346 Ἐπειδὴ,
2634 2276 2793 2345 φησὶ,
2825 2277 2886 2328 τὸ
2906 2276 2977 2329 ἐν
3009 2270 3058 2344 ᾧ
3087 2277 3185 2347 οὐχ
3206 2276 3265 2330 ’ἐν
3286 2293 3342 2330 τι
3374 2278 3738 2350 παρίστησιν,
3757 2275 3859 2333 οἷον

2273 2366 2333 2419 τὸ
2360 2368 2417 2419 ἐν
2445 2367 2663 2438 οὐρανῷ
2706 2368 2802 2420 καὶ
2830 2369 2900 2420 τὰ
2929 2368 2987 2420 έν
3021 2367 3171 2439 αὐτῷ
3200 2368 3412 2441 (ἕτερον
3438 2370 3550 2441 γὰρ
3576 2371 3606 2423 ό
3636 2372 3858 2443 οὐρανὸς

2274 2461 2370 2514 καὶ
2404 2462 2592 2531 ἕτερον
2638 2459 2699 2514 τὸ
2743 2462 2802 2514 ὲν
2838 2460 3011 2530 αὐτῷ)
3035 2501 3051 2526 ,
3087 2460 3176 2515 ἵνα
3202 2460 3367 2531 μηδὲν
3401 2462 3649 2516 τοιοῦτον
3683 2463 3859 2535 ἕτερον

2273 2552 2623 2624 ὑποπτεύσῃς
2637 2552 2733 2607 κοιλ¹
2759 2552 3017 2617 ἐνταῦθα,
3044 2554 3325 2625 συντόμως
3346 2554 3544 2622 ἐπάγει
3562 2571 3577 2585 ·
3610 2556 3717 2609 «ἺΙ
3730 2557 3787 2608 τό
3801 2574 3858 2625 γε

2274 2644 2669 2717 ἀκριϐέστερον
2702 2647 2900 2711 εἰπεῖν,
2931 2644 2968 2699 ἃ
2996 2646 3028 2716 ή
3070 2645 3297 2717 Θεότης.
3338 2665 3361 2699 ›
3394 2646 3561 2701 Ἔστι
3595 2648 3654 2702 δὲ
3686 2648 3860 2703 λαϐεῖν

2274 2737 2370 2790 τοῦ
2399 2737 2559 2807 λόγου
2587 2739 2687 2792 καὶ
2711 2739 2897 2793 εἰκόνα
2918 2756 2934 2772 ο
2972 2738 3166 2813 ὥσπερ
3210 2743 3322 2812 γὰρ
3347 2741 3406 2795 ὲν
3434 2744 3548 2805 τοῖς
3586 2742 3860 2813 βασιλεῦσι

2274 2827 2451 2897 λέγων
2481 2845 2566 2892 τις
2615 2824 2755 2883 εἶναι
2788 2829 3065 2900 βασιλείαν
3111 2829 3208 2885 καὶ
3246 2831 3647 2905 ἀκριϐέστερον
3698 2834 3862 2901 αὐτὴν

2276 2919 2629 2990 παραστῆσαι
2680 2919 3013 2991 βουλόμενος
3050 2920 3251 2974 ἐνεῖναι
3285 2920 3521 2985 τούτοις,
3554 2921 3758 2990 μᾶλλον
3786 2921 3860 2990 δὲ,

2278 3011 2553 3080 ἐπαγάγοι
2572 3049 2589 3073 ,
2621 3030 2642 3064 ί
2662 3012 2873 3076 Αὐτοὺς
2889 3008 3028 3065 εἶναί
3043 3030 3186 3085 φημι
3207 3015 3305 3084 τὴν
3326 3013 3635 3084 βασιλείαν,
3656 3033 3677 3068 ι
3704 3017 3794 3069 καὶ
3806 3015 3861 3067 τὸ

2283 3104 2381 3174 μὲν
2409 3105 2611 3175 κράτος
2629 3104 2731 3175 τῆς
2761 3105 3039 3174 βασιλείας
3063 3107 3249 3169 αὐτοῖς
3270 3108 3519 3178 ἐναργῶς
3546 3110 3857 3179 περιάπτει,

2275 3196 2377 3248 οὐκ
2409 3198 2491 3259 εἰς
2522 3196 2790 3264 ποιότητα
2832 3196 2890 3251 δὲ
2921 3198 3022 3269 τὴν
3063 3184 3174 3252 τῶν
3210 3198 3476 3269 βασιλέων
3511 3200 3736 3270 ἀμείϐει
3763 3200 3858 3269 φύ-

2279 3305 2363 3341 σιν
2382 3304 2395 3317 ·
2429 3287 2604 3352 οὕτως
2643 3290 2797 3344 οὐδὲν
2836 3290 3035 3344 κωλύει
3067 3291 3297 3360 λέγοντα
3328 3309 3343 3323 ·
3385 3312 3403 3345 ι
3434 3293 3656 3347 Μᾶλλον
3680 3294 3737 3347 δὲ
3767 3294 3857 3365 at

2275 3380 2507 3452 Θεότης,
2546 3400 2565 3432 ι
2603 3382 2665 3435 τὸ
2701 3382 3011 3453 ἀχώριστον
3039 3384 3139 3455 μὲν
3174 3387 3345 3458 αὐτῆς
3399 3387 3537 3458 πρὸς
3583 3388 3684 3450 τὰς
3734 3388 3859 3439 ὑπο·

2279 3473 2503 3537 στάσεις
2528 3475 2625 3527 καὶ
2647 3474 2710 3528 τὸ
2732 3476 3043 3547 ἀδιαίρετον
3066 3476 3285 3548 δηλοῦν,
3316 3479 3377 3531 οὐ
3409 3479 3521 3550 μὴν
3546 3478 3606 3532 δὲ
3633 3480 3858 3547 ἑκάστην

2276 3568 2356 3627 εἰς
2382 3565 2619 3635 Θεότητα
2671 3568 2705 3637 ἢ
2738 3569 2820 3632 εἰς
2848 3571 2951 3641 τὴν
3004 3571 3174 3636 αὐτὴν
3210 3570 3468 3630 ἀναλύειν
3511 3571 3701 3641 φύσιν,
3734 3572 3860 3625 ἀλλὰ

2276 3655 2565 3722 φυλάττων
2591 3656 2651 3711 τὸ
2679 3657 2876 3729 ἰδίωμα
2902 3660 3011 3717 τῶν
3050 3661 3428 3727 ὑποστάσεων,
3461 3664 3545 3717 ὅτι
3584 3667 3718 3735 μιᾶς
3749 3668 3857 3718 ἐστι

2277 3748 2373 3799 καὶ
2402 3748 2579 3802 ταῦτα
2607 3750 2703 3804 καὶ
2734 3751 2950 3820 φύσεως
2980 3756 3076 3809 καὶ
3105 3756 3371 3827 Θεότητος
3409 3758 3506 3813 καὶ
3535 3760 3746 3825 οὐσίας,
3774 3759 3856 3813 διὰ

2278 3842 2385 3893 τῶν
2413 3843 2678 3913 ῥημάτων
2705 3845 3031 3918 παρίστησι.

2795 4114 3131 4172 ΕΡΩΤΗΣΙΣ
3178 4117 3341 4174 BAN.

2285 4202 2660 4283 Tt'rog‘é'rexa
2683 4209 2736 4283 _d_
2754 4206 2878 4283 μὲλς
2910 4212 3248 4281 ὀλόλεπρος
3279 4214 3439 4281 παρὰ
3489 4215 3567 4273 τῖ
3610 4217 3844 4283 III/.7147,

2346 4275 2606 4398 gallgpoc
2668 4276 2985 4347 ἐλογίζετο*
3055 4283 3088 4335 ὁ
3139 4275 3236 4337 ’δὲ’
3284 4275 3375 4337 ἐθί
3404 4286 3650 4355 μέρους,
3718 4275 3851 4344 ἀκέίλ

2382 4362 2452 4398 (ιζ)
2494 4361 2591 4398 CC:

2382 4361 2591 4411 (come;

890 4427 1033 4476 Edita
1053 4442 1081 4474 a
1107 4426 1231 4475 Maio
1258 4430 1406 4490 (Nov.
1439 4426 1565 4480 Coll.
1594 4436 1629 4479 t.
1656 4429 1740 4491 IX,
1769 4447 1815 4495 p.
1855 4432 1985 4496 112).
2010 4462 2069 4473 -—
2100 4438 2176 4487 De
2200 4437 2511 4500 lcprosorum
2547 4438 2835 4492 diversitate
2859 4447 3129 4496 secundum
3154 4448 3313 4501 Levit.
3343 4464 3450 4513 xm,
3480 4454 3554 4503 15.

656 4513 793 4579 Quia
818 4513 907 4581 qui
933 4520 1046 4564 toto
1068 4526 1300 4580 corpore
1336 4522 1452 4566 erat
1473 4513 1725 4583 leprosus
1750 4519 1955 4573 nullam
2007 4537 2171 4577 sana-

584 4606 751 4660 tionis
794 4618 944 4671 spem
981 4602 1246 4669 habebat,
1281 4612 1334 4657 et
1377 4603 1501 4659 ideo
1554 4608 1869 4664 misericors
1902 4611 2045 4668 Deus
2069 4613 2173 4669 du-

580 4701 780 4769 plicem
808 4697 885 4751 illi
911 4696 1153 4751 dolorem
1185 4711 1292 4751 nou
1320 4697 1584 4767 judicavit
1611 4700 1970 4767 offerendum,
1994 4706 2044 4759 id
2065 4717 2168 4770 est,

582 4790 791 4855 lcpram
824 4792 879 4839 et
914 4784 1248 4854 impuritatis
1278 4802 1497 4850 nomen,
1530 4797 1585 4842 et
1619 4804 1649 4842 a
1680 4791 1854 4845 sacris
1890 4794 2167 4865 relegatio.

583 4877 676 4932 Ille
708 4887 892 4931 autem
917 4877 1011 4945 qui
1040 4892 1106 4931 ex
1135 4884 1289 4946 parte
1316 4886 1527 4932 tantum
1564 4890 1685 4934 erat
1743 4882 2022 4953 leprosos,
2042 4902 2169 4942 cum

582 4982 708 5036 spes
736 4964 1041 5021 sanationis
1062 4966 1138 5019 illi
1168 4965 1461 5019 maximam
1502 4967 1628 5022 mali
1653 4978 1864 5035 partem
1901 4974 2163 5041 auferret,

580 5056 779 5109 merito
826 5068 938 5108 non
986 5053 1176 5109 eadem
1208 5053 1613 5125 philanthropia
1642 5057 1879 5127 gaudere
1909 5063 2167 5132 dignatus

579 5157 684 5203 est.

2353 4524 2476 4575 Ὂτι
2518 4527 2544 4577 ό
2585 4525 2686 4595 μὲν
2729 4526 2906 4580 διόλου
2962 4528 3163 4603 λεπρὸς
3207 4534 3269 4588 τὸ
3316 4537 3641 4593 ἀνέλπιστον
3697 4542 3846 4611 ἔφερε

2271 4612 2407 4682 πρὸς
2445 4613 2542 4684 τὴν
2580 4614 2744 4670 ἴασιν.
2787 4618 2992 4690 Διόπερ
3032 4624 3060 4675 ὁ
3095 4624 3477 4698 φιλάνθρωπος
3503 4631 3634 4696 Θεὸς
3663 4632 3845 4702 διπλῆν

2270 4704 2421 4776 αὐτῷ
2466 4706 2565 4775 τὴν
2613 4707 2804 4780 ποινὴν
2855 4712 3085 4780 ἐπάγειν
3135 4717 3236 4771 οὐκ
3280 4721 3605 4791 ἐδοκίμαζε,
3655 4728 3753 4797 τήν
3792 4743 3843 4778 τε

2272 4796 2479 4889 λέπραν
2509 4800 2653 4869 φημὶ
2689 4802 2785 4853 καὶ
2813 4803 2873 4855 τὸ
2913 4804 3021 4858 ἀπὸ
3050 4808 3149 4877 τῆς
3180 4810 3528 4884 ἀκαθαρσίας
3563 4796 3735 4889 ὄνομα
3762 4821 3846 4872 καὶ

2271 4888 2364 4941 τοῦ
2414 4890 2560 4959 ἱεροῦ
2608 4892 2670 4945 τὸ
2717 4894 3041 4967 ὑπερόριον·
3097 4901 3175 4972 τῷ
3218 4903 3274 4958 δὲ
3324 4907 3391 4959 ἐκ
3426 4910 3629 4980 μέρους
3672 4911 3843 4984 λεττρῷ

2274 4982 2564 5054 ἐπείπερὴ
2600 4985 2759 5050 ἐλπὶς
2801 4989 2900 5058 τῆς
2935 4991 3131 5058 ἰάσεως
3163 4996 3224 5049 τὸ
3259 4999 3396 5054 πολὺ
3432 5003 3526 5056 τοῦ
3564 4982 3842 5070 λυποῦντος

2274 5070 2656 5168 έπεκούφιζεν,
2713 5076 2941 5142 εἰκότως
3002 5085 3062 5135 οὐ
3124 5084 3225 5156 τῆς
3273 5089 3394 5160 ἴσης
3451 5093 3842 5168 φιλανθρωπίας

2273 5162 2568 5220 ἀπολαύειν
2598 5166 2984 5228 ἐπιδείκνυται.

2118 5247 2347 5306 NOTAE.

651 5334 762 5404 (Q5)
790 5333 1028 5387 Colbcrt.
1059 5350 1158 5404 pro
1180 5335 1326 5399 τούς.

652 5397 934 5482 (ίῳ-εφη
964 5397 1328 5482 istaiGregorii
1351 5406 1683 5482 _N_azianzeni
1712 5410 1864 5468 Orat.
1902 5413 1969 5468 '59
1996 5414 2159 5482 p.650

574 5475 665 5553 ed.
690 5474 817 5553 Brill.
840 5474 908 5553 ἓν
921 5474 1031 5553 γάρ
1059 5474 1317 5553 ὲν-τρισὶν
1339 5479 1372 5549 ὴ
1395 5478 1589 5553 ϐεότης
1612 5481 1707 5534 καὶ
1732 5482 1799 5536 τὰ
1824 5485 1951 5553 τρία
1974 5474 2054 5538 ἓν*
2091 5488 2161 5540 τὰ

579 5547 636 5594 ἐν
674 5538 757 5605 οἷς
794 5544 826 5611 ή
884 5538 1075 5615 Θεό;ἠς
1109 5538 1241 5668 Ἦτό
1274 5564 1337 5616 γε
1360 5538 1781 5622 ’ἀκριϐέστερον
1835 5538 2030 5621 ε’ὶπεῖν,

579 5613 790 5668 θεότης.
810 5613 1106 5668 Gregorius
1181 5618 1509 5668 azianzenus
1532 5623 1706 5668 trihus
1724 5623 1973 5668 formulis
1994 5630 2155 5668 lninm

579 5613 790 5679 θεότης.
810 5613 1106 5682 Gregorius
1132 5613 1509 5673 Nazianzenus
1532 5613 1706 5677 tribus
1724 5623 1974 5681 formulis
1994 5613 2156 5681 tr-iuui

580 5696 937 5751 personarum
970 5687 1164 5738 realetn
1205 5702 1328 5741 cum
1365 5690 1565 5744 deitate
1609 5694 1946 5749 identitatem
1976 5698 2160 5751 decla-

579 5759 682 5805 rat.
714 5749 853 5805 Sunt
892 5768 1136 5822 personae
1168 5770 1231 5811 ea
1265 5773 1498 5826 quorum
1541 5762 1715 5818 dcitas
1758 5766 1848 5835 (τὰ
1876 5760 2001 5837 fovi}
2031 5749 2161 5821 δεό-

2264 5350 2815 5445 τηςὶηειιᾉξηᾉᾳιιίὶιιιε
2844 5360 3018 5445 deitas
3049 5364 3170 5445 (ιτᾲ
3208 5367 3268 5445 ὲν
3287 5362 3375 5445 οἷς
3413 5372 3446 5441 ή
3478 5372 3689 5445 θεότης)
3714 5385 3834 5428 etea

2265 5429 2687 5509 quiesttlntipsa
2709 5429 3013 5509 divinitasf
3043 5429 3112 5487 τὰ
3141 5436 3176 5490 ἃ
3221 5439 3254 5508 ή
3289 5429 3523 5509 θεότὴς).
3564 5429 3834 5498 Βὸἶιὶδιο-

2265 5495 2579 5580 cutioqbtts
2599 5513 2718 5579 sese
2735 5495 3348 5580 mtuuqillttstrantibus
3366 5495 3577 5580 egimus
3594 5495 3645 5567 in
3664 5495 3835 5570 homin

2264 5560 2403 5615 libro
2433 5564 2687 5650 rotrina
2710 5570 2786 5650 de_
2804 5571 3195 5650 “Trinitqtq
3210 5560 3577 5650 ίέάῖἁιῖεᾛόιῖὲὶῑ
3594 5560 3825 5638 iiii"th

2266 5648 2416 5697 seno,
2439 5634 2750 5714 Ratishona:
2772 5642 2929 5714 l850,
2957 5661 3009 5714 p.
3042 5647 3132 5711 41,
3158 5634 3481 5705 Germanice
3511 5634 3830 5709 edito—.‘Iiuas

2599 5708 2863 5790 formulas
2888 5708 3021 5798 loco
3048 5708 3216 5798 citato
3241 5708 3532 5793 conjungit
3552 5708 3829 5798 GregOrius

2263 5784 2312 5825 ct
2352 5784 2637 5842 postrema:
2668 5784 2771 5836 vim
2803 5786 3027 5855 exponit
3048 5786 3297 5846 Photius.
