4136 6448
368 372 507 440 1029

881 494 1224 551 ΕΡΩΤΙΙΣΙΣ
1258 497 1342 549 ΣΛ
1351 495 1423 551 E'.

366 612 538 676 Τίνος
566 609 747 664 ἕνεκα
773 610 1011 680 λέγεται
1038 611 1106 664 τὸ
1141 610 1386 678 Πνεῦμα
1413 608 1595 664 εἰκὼν
1622 608 1735 664 τοῦ
1779 609 1951 678 Ἠοῦς

435 681 534 734 καὶ
568 683 660 749 τις
690 685 728 752 ἠ
763 680 884 736 τῶν
907 683 1324 752 Πυθαγορείων
1360 682 1683 751 τετρακτύς
1720 681 1874 752 (97);

1051 380 1154 442 AD
1181 377 1779 441 AMPHILOCHIUM
1818 377 2168 451 QUESTIO
2187 378 2535 442 CCXXXIII
2570 385 2959 448 CCXXXVII.

3496 388 3633 455 1030

1979 505 2028 563 Α
2123 496 2452 564 ΩΗᾸΞΒἸΊΟ
2502 499 2783 558 CCXXXV
2820 500 3010 574 [CoisL
3057 501 3222 557 Taur.
3253 503 3564 578 LXXXIII].

2057 613 2170 671 Cur
2199 615 2414 670 dicatur
2444 614 2679 686 Spiritus
2709 619 2884 689 imago
2922 618 3076 684 Filii,
3109 632 3157 675 et
3181 622 3310 692 quid
3343 623 3411 677 sit
3437 621 3644 694 Pytha-

2546 704 2787 758 gorworu
2796 707 2845 742 ηι
2876 701 2943 744 εει
2953 703 3132 746 ταειιιε
3141 730 3158 744 .

1627 843 1771 896 Edita
1795 859 1825 896 a
1848 843 1974 897 Maio
1999 847 2058 912 (1.
2083 861 2124 899 c.
2156 862 2190 912 p
2245 846 2376 914 115).

437 975 614 1028 Είκὼν
653 973 872 1042 λέγεται
920 971 1016 1026 τοῦ
1056 974 1267 1043 Πατρδς
1312 976 1341 1029 6
1384 975 1513 1040 Υἱὸς
1559 977 1656 1029 καὶ
1696 976 1774 1040 ὡς
1823 977 1962 1047 πρὸς

361 1066 524 1120 αὑτὸν
559 1066 679 1119 κατ’
714 1064 893 1117 αἰτίαν
930 1065 1372 1138 ἀναφερόμενος,
1409 1069 1504 1120 καὶ
1529 1067 1604 1132 ὡς
1651 1069 1831 1141 ἐαυτῷ
1868 1071 1962 1124 τὸν

365 1156 588 1227 Πατέρα
621 1157 948 1227 προδεικνὺς
981 1159 1075 1212 καὶ
1113 1159 1418 1225 είκονίζων,
1456 1161 1516 1222 ὃς
1544 1178 1647 1214 που
1693 1165 1786 1216 καὶ
1822 1163 1961 1235 πρὸς

361 1252 455 1305 τὸν
466 1251 732 1305 Φίλιππον
754 1267 799 1303 ο(
822 1252 882 1305 '0
896 1251 1162 1325 ἑωρακὼς
1185 1255 1310 1325 ἐμὲ,
1325 1253 1540 1324 ἑώρακε
1559 1256 1650 1309 τὸν
1676 1256 1917 1328 Πατέρα·
1933 1276 1953 1311 ι

360 1343 528 1397 εἰκὼν
560 1345 615 1397 δὲ
647 1344 778 1398 Υἱοῦ
823 1344 885 1397 τὸ
915 1346 1144 1416 Πνεῦμα
1175 1347 1275 1418 οὐχ
1305 1347 1382 1410 ὡς
1407 1348 1488 1411 είς
1519 1348 1954 1419 ἀναφερόμενον·

361 1436 576 1504 ἄπαγε’
621 1435 737 1490 ἀλλ’
767 1437 851 1490 ὅτι
899 1437 974 1508 μὴ
1006 1433 1118 1491 οἷόν
1150 1455 1212 1491 τε
1254 1439 1509 1509 (νωρίσαι
1551 1440 1644 1494 τὸν
1681 1440 1810 1494 Υἱὸν
1839 1441 1957 1494 ὲτὲ-

362 1528 565 1597 ρωθεν,
617 1530 666 1580 εί
717 1527 793 1600 μὴ
839 1529 900 1582 τὸ
947 1530 1217 1599 πανάγιον
1266 1530 1400 1602 πρὸς
1447 1532 1548 1603 τὴν
1589 1535 1964 1606 χειραγωγίαν

365 1621 628 1690 συνεργὸν
651 1621 869 1675 λάϐοιτο
899 1622 1148 1692 Πνεῦμα.
1178 1624 1291 1695 Τὴν
1319 1626 1626 1697 τετρακτὺν
1648 1628 1705 1682 δὲ
1727 1629 1963 1699 τιμῶσιν

360 1713 414 1765 οἱ
447 1711 902 1784 Πυθαγόρειοιὼς
942 1714 1129 1770 είκόντα
1156 1715 1270 1769 τῶν
1301 1717 1587 1788 τεσσάρων
1615 1714 1783 1773 οὖσαν
1816 1737 1962 1773 στοι-

362 1807 550 1876 κείων.

882 1922 1223 1976 Εροτηειε
1261 1923 1442 1990 man

601 2014 764 2068 Διατί
795 2015 1169 2096 auisset/adv
1195 2017 1371 2070 λίθον
1397 2019 1431 2072 ὁ
1483 2015 1694 2074 Ἰακώϐ
1709 2034 1728 2084 ;

2127 984 2314 1058 Imago
2370 986 2544 1057 patris
2587 987 2794 1043 dicitur
2827 983 3001 1044 Filius
3039 1000 3094 1044 et
3130 989 3258 1060 quia
3288 989 3356 1044 ad
3388 990 3544 1046 illum
3588 1001 3652 1047 ut

2056 1094 2281 1134 causam
2309 1079 2544 1136 refertur
2565 1090 2618 1137 et
2642 1083 2772 1152 quia
2805 1081 2859 1134 in
2887 1080 3068 1150 seipso
3091 1081 3306 1136 Patrem
3337 1083 3576 1137 ostendit
3597 1093 3655 1138 et
3727 1079 3732 1083 ”

2016 1207 2023 1213 -
2057 1173 2280 1243 ﬁgurat.
2311 1173 2419 1239 Qui
2463 1174 2596 1228 olim
2644 1173 2896 1244 Philippo
2929 1173 3150 1228 dicebat
3184 1193 3198 1230 :
3237 1173 3343 1240 Qui
3372 1175 3518 1230 videt
3565 1191 3652 1230 me

2054 1266 2204 1321 videt
2244 1275 2298 1321 et
2330 1276 2538 1337 patrem
2586 1283 2788 1332 meum,
2819 1266 3061 1337 Spiritus
3111 1277 3296 1321 autem
3349 1276 3434 1320 est
3472 1267 3653 1337 imago

2053 1358 2324 1425 Filii,non
2357 1360 2502 1430 quod
2535 1361 2604 1416 ad
2631 1361 2783 1414 illum
2819 1360 3124 1428 referatur;
3157 1361 3313 1416 nullo
3343 1361 3526 1422 modo,
3551 1361 3645 1415 sed

2052 1457 2200 1525 quod
2251 1454 2510 1524 possibile
2539 1470 2649 1509 nou
2691 1465 2778 1511 est
2808 1453 3003 1510 Filium
3030 1455 3188 1509 aliter
3207 1470 3505 1525 agnoscere
3542 1454 3647 1508 nisi

2062 1545 2300 1616 Spiritus
2339 1553 2564 1601 sanctus
2597 1553 2656 1599 ut
2692 1547 3000 1600 conductor
3032 1558 3086 1601 et
3113 1554 3438 1616 cooperator
3465 1560 3654 1600 suma-

2061 1648 2172 1694 tur.
2213 1638 2648 1705 Quateruitatem
2682 1649 2865 1694 autem
2906 1640 3096 1694 cnlunt
3141 1639 3482 1711 Pythagormi
3523 1639 3655 1709 quia

2059 1742 2146 1786 est
2178 1732 2358 1803 imago
2387 1742 2628 1803 quatuor
2660 1733 3085 1787 elementorum.

2131 1909 2466 1978 ρυΑῑδΤιο
2490 1910 2798 1966 CCXXXV’I
2825 1910 3012 1983 {CoisL
3059 1911 3224 1965 Tuur.
3270 1907 3584 1982 LXXXIV].

2439 2003 2618 2070 Quare
2647 2002 2816 2057 Jacob
2846 2013 3048 2073 petram
3078 2014 3239 2072 ungat
3264 2003 3290 2057 ?

919 2165 1065 2218 Edita
1097 2181 1126 2217 a
1158 2167 1286 2218 Maio
1322 2169 1378 2227 (l.
1415 2182 1460 2218 c.
1494 2183 1548 2232 p.
1589 2168 1720 2233 115).
1758 2195 1820 2206 -
1857 2170 1930 2220 De

2055 2167 2112 2218 ob
2147 2172 2371 2231 ungente
2403 2164 2636 2228 lapidem,
2663 2164 2788 2215 Gen.
2824 2176 2995 2223 xxvm,
3023 2160 3097 2210 18.

436 2307 552 2383 Τὴν
577 2309 894 2381 ἀτεράμονα
916 2311 1012 2366 καὶ
1039 2312 1181 2367 κατὰ
1205 2313 1392 2376 λίθους
1417 2314 1644 2385 καρδίαν
1672 2314 1968 2386 προτυπῶν

364 2403 474 2455 ’τῶν
504 2402 674 2456 ἐθνῶν
696 2405 777 2457 ὃτι
808 2406 1166 2476 χρισθήσεται
1193 2406 1294 2477 μὲν
1321 2407 1459 2478 αὓτη
1486 2409 1768 2478 Πνεύματι
1801 2410 1962 2480 ἁγίῳ,

365 2495 796 2566 ἀφορισθήσεται
822 2497 880 2550 δὲ
914 2496 1107 2570 ὥσπερ
1140 2499 1348 2562 ἐκεῖνος
1397 2499 1476 2571 τῷ
1522 2500 1663 2571 Θεῷ.
1695 2501 1888 2554 Νοοῖτο
1921 2501 1965 2554 δ’

365 2585 435 2638 ἂν
492 2587 586 2638 καὶ
617 2586 742 2640 καθ’
782 2588 972 2659 ἕτερον
1012 2590 1214 2658 τρόπον
1262 2591 1457 2663 ὅτιπερ
1489 2591 1583 2645 τὸν
1625 2591 1773 2646 λίθον
1816 2592 1966 2646 ἀλεί-

365 2693 481 2747 φειο
515 2679 651 2733 διότι
691 2675 884 2750 ἔμελλε
929 2680 1008 2734 δι’·
1034 2681 1243 2750 ἄφατον
1287 2681 1434 2747 ἕλεος
1475 2685 1508 2753 ὴ
1553 2682 1966 2754 προσληφθεῖσα

2141 2315 2491 2370 lntractabile
2517 2325 2571 2369 et
2597 2315 2794 2370 durum
2831 2326 2890 2370 ut
2925 2327 3078 2386 petra
3106 2329 3203 2369 cor
3231 2314 3476 2384 gentium
3513 2315 3655 2386 ligu-

2065 2407 2243 2469 rabat,
2285 2404 2433 2474 quod
2463 2403 2669 2473 Spiritu
2701 2415 2894 2458 sancto
2925 2405 3238 2474 ungendum
3271 2415 3411 2468 erat,
3443 2413 3500 2458 et
3546 2405 3657 2458 Deo

2065 2506 2152 2551 est
2211 2497 2300 2552 illa
2341 2497 2809 2552 consecrandum.
2849 2496 2975 2550 Alio
3025 2496 3167 2550 forte
3212 2495 3377 2550 modo
3427 2495 3656 2567 intelligi

2067 2600 2247 2659 potest
2280 2591 2395 2643 lucc
2435 2589 2632 2657 lapidis
2664 2591 2872 2651 unctio,
2907 2587 3115 2644 scilicet
3153 2603 3168 2642 :
3198 2602 3296 2656 per
3325 2586 3656 2641 ineﬁ‘abilem

2070 2679 2512 2736 misericordiam
2557 2695 2687 2736 caro
2734 2689 3012 2748 assumpta
3069 2679 3359 2734 divinitate
3407 2680 3656 2750 ungenda

365 2771 505 2841 σὰρξ
539 2774 604 2843 τῇ
633 2772 848 2844 θεότητι
894 2773 1169 2844 χρίεσθαι.
1207 2774 1372 2839 Λίθος
1411 2775 1469 2829 δὲ
1497 2777 1525 2828 6
1559 2775 1764 2847 Κύριος
1793 2777 1959 2847 dupo-

2065 2783 2206 2826 erat.
2234 2771 2393 2826 Petra
2417 2781 2602 2826 autem
2630 2770 2913 2841 angularis
2933 2769 3190 2825 Christus
3217 2770 3494 2841 gloriosus
3523 2772 3575 2824 in
3601 2786 3661 2824 se

362 2867 621 2932 γωνιαῖος
672 2867 890 2935 ἔντιμος
961 2867 1255 2921 συνάπτων
1303 2866 1374 2920 δι’
1430 2867 1630 2922 ἑαυτοῦ
1685 2870 1816 2933 τοὺς
1871 2867 1967 2922 δύο

361 2953 550 3019 λαούς.

888 3071 1226 3142 ararum:
1271 3074 1441 3130 mz'.

501 3227 612 3281 Διὰ
636 3227 694 3282 τί
725 3229 1068 3298 προσκυνεῖ
1097 3231 1166 3284 τὸ
1191 3229 1382 3300 ἄκρον
1409 3229 1519 3302 τῆς
1548 3229 1774 3300 ῥείὄὸου
1796 3245 1820 3296 ;

2055 2864 2205 2942 duos
2241 2865 2472 2934 populos
2506 2864 2874 2933 conjungens.

2133 3045 2466 3114 QUIESTIO
2493 3044 2832 3102 CCXXXV'II
2887 3044 3081 3118 |Coisl.
3122 3043 3290 3101 Taur.
3323 3043 3586 3100 LXXXV.

2599 3133 2768 3202 Wolf.
2804 3133 3118 3207 Lxxxvn.

2339 3223 2518 3289 Quare
2549 3224 2911 3278 summitatem
2940 3223 3120 3278 baculi
3138 3223 3333 3280 adoras
3353 3226 3380 3280 .9

1073 3393 1330 3444 Editarum
1354 3408 1382 3444 ι
1409 3393 1588 3444 Wolﬁo
1611 3390 1860 3444 tricesima
1881 3392 2030 3442 tertia
2061 3389 2202 3454 (Cur.
2235 3379 2441 3445 Philol.,
2464 3390 2502 3436 t.
2532 3383 2591 3446 V,
2617 3397 2668 3447 p.
2703 3383 2968 3448 673-676).

436 3547 747 3623 Προσκυνεῖ
781 3550 967 3621 μέντοι
1004 3549 1105 3621 τὴν
1143 3549 1340 3622 ῥάϐδον
1389 3549 1482 3604 τοῦ
1518 3550 1745 3618 παιδὸς,
1776 3553 1806 3606 6
1835 3549 1959 3614 νοῦς

2138 3544 2348 3599 Adorat
2403 3542 2626 3614 quidem
2674 3542 2936 3610 ,baculum
2996 3544 3125 3609 ﬁlii,
3187 3547 3431 3613 animus,
3485 3547 3657 3606 Deum

363 3643 395 3700 ὁ
417 3645 559 3717 ὁρῶν
579 3645 668 3698 τὸν
697 3645 852 3700 Θεόν.
885 3643 1056 3698 Τοῦτο
1086 3643 1200 3714 (98)
1228 3644 1338 3715 γὰρ
1365 3645 1395 3698 6
1437 3643 1709 3713 Ἰσραήλ.
1747 3645 1871 3698 Ὅτι
1897 3645 1964 3698 ὲκ

365 3739 469 3809 τῆς
499 3739 697 3811 ῥάϐδου
729 3739 891 3802 ἄνθος
931 3740 1247 3808 προεμήνυε
1277 3739 1829 3810 προσκυνηθήσεσθαι
1849 3780 1864 3798 .
1897 3739 1960 3792 οὐ

367 3831 532 3901 μόνον
561 3830 667 3882 ὑπὸ
698 3830 790 3883 τοῦ
821 3829 961 3895 νέου,
994 3829 1132 3882 ἀλλὰ
1173 3831 1268 3884 καὶ
1302 3830 1408 3883 ὑπὸ
1449 3830 1545 3884 τοῦ
1583 3831 1963 3902 γεγηρακότος

381 3923 620 3994 Ἰσραήλ.
678 3921 838 3975 Ἀλλά
883 3923 980 3974 καὶ
1019 3921 1119 3984 τὰς
1149 3921 1420 3991 εὐλογίας
1463 3923 1578 3986 τοῖς
1629 3925 1816 3976 παισὶν
1846 3921 1957 3992 (99)

365 4014 468 4068 οὐκ
495 4013 695 4083 ἐπίσης
731 4011 967 4084 μερίζει.
1018 4012 1180 4066 Ἀλλὰ
1207 4013 1333 4078 τοὺς
1363 4013 1464 4084 μὲν
1499 4015 1777 4083 εὐλογίαις
1822 4013 1959 4069 ὕπο-

365 4106 593 4173 6άλλει,
651 4108 778 4165 τοὺς
824 4106 880 4159 δὲ
923 4106 1074 4170 υἱοὺς
1119 4107 1261 4176 ἀρᾶς
1311 4107 1610 4178 ἀπελέγχει
1662 4109 1764 4180 (l).
1813 4111 1958 4162 Διὸτι

365 4200 556 4270 ὥσπερ
582 4193 737 4263 οὗτος
760 4199 850 4252 τὸν
878 4200 1105 4253 παλαιὸν
1137 4199 1408 4253 ἀπέτεκεν
1447 4200 1597 4261 λαὸν,
1629 4201 1772 4254 οὕτω
1807 4202 1898 4254 καὶ
1930 4202 1959 4254 6

367 4293 574 4364 Κύριος
603 4296 724 4356 ταῖς
758 4293 1160 4362 πνευματικαῖς
1199 4291 1356 4345 ὠδῖσι
1388 4293 1480 4346 τὸν
1527 4293 1648 4347 νέον
1682 4295 1959 4366 ἀπογεννᾷ

367 4385 497 4439 λαὸν
548 4386 640 4439 καὶ
681 4386 780 4454 τῆς
824 4385 1077 4453 εὐλογίας
1112 4383 1494 4452 μεταδίδωσιν,
1538 4386 1600 4440 οὐ
1649 4387 1818 4440 πᾶσιν
1846 4386 1956 4456 (ει),

367 4479 506 4532 ἀλλά
534 4479 647 4541 τοῖς
680 4477 1158 4548 παρεσκευακόσιν
1188 4475 1374 4542 ἀξίους
1409 4478 1660 4541 ἑαυτούς.
1701 4480 1774 4532 Οὐ
1807 4479 1956 4548 φιλο·

365 4575 527 4642 τιμία
561 4572 741 4626 τοίνυν
782 4570 1027 4640 διανέμει
1061 4571 1161 4642 τὴν
1207 4571 1461 4640 εὐλογίαν
1503 4573 1621 4636 τοῖς
1669 4572 1881 4634 τέκνοις
1931 4575 1960 4628 6

378 4664 597 4728 Ἰακὼΰ,
637 4665 776 4719 ἀλλὰ
823 4663 925 4728 τὰς
968 4662 1198 4734 πράξεις
1230 4664 1440 4718 τούτων
1485 4664 1678 4738 κριτὴν
1721 4670 1959 4721 ποιεῖται

365 4759 465 4830 τῆς
503 4759 786 4830 διανομῆς.

2067 3635 2394 3706 respiciens.
2449 3635 2506 3689 Id
2555 3635 2704 3690 enim
2759 3636 3031 3707 signiﬁcat
3085 3636 3278 3694 Israel.
3334 3638 3464 3698 Flos
3507 3646 3656 3700 enim

2064 3744 2133 3784 ex
2177 3728 2330 3800 virga
2391 3727 2743 3784 eﬂlorescens
2820 3729 3168 3799 signiﬁcabat
3249 3734 3366 3789 fore
3423 3747 3480 3790 ut
3548 3754 3658 3792 non

2065 3819 2243 3874 solum
2279 3819 2348 3874 ah
2375 3817 2574 3874 lsraele
2614 3817 2836 3887 juvene,
2863 3821 2958 3876 sed
3002 3838 3134 3878 sene
3160 3839 3379 3895 quoque
3405 3828 3663 3886 adorare-

2015 3921 2024 3925 '
2065 3918 2175 3963 tur.
2198 3907 2342 3962 Idem
2367 3922 2532 3977 porro
2563 3906 2980 3965 benedictioues
3009 3925 3141 3966 suas
3184 3913 3310 3969 liliis
3339 3931 3446 3969 non
3474 3933 3661 3989 acqua-

2061 3999 2186 4052 liter
2221 3999 2552 4068 impertitur,
2593 3999 2690 4054 sed
2740 4000 2880 4056 alios
2925 4003 3149 4072 quidem
3182 4005 3660 4067 benedictionibus

2061 4087 2343 4153 cumulat,
2383 4089 2506 4143 aliis
2558 4104 2689 4143 vero
2747 4091 2872 4146 ﬁliis
2925 4092 3077 4146 diras
3121 4094 3485 4164 imprecatur;
3535 4099 3661 4154 ideo

2063 4183 2296 4247 Scilicet,
2349 4183 2518 4252 quod,
2557 4186 3027 4254 quemadmodum
3069 4186 3158 4240 hic
3191 4186 3470 4261 (Iacobus)
3507 4203 3659 4249 vete-

2062 4289 2176 4328 rem
2209 4275 2361 4329 illum
2411 4276 2673 4346 populum
2727 4278 2936 4347 genuit,
2963 4278 3038 4334 ita
3075 4278 3366 4346 Dominus,
3395 4287 3653 4356 spiritua-

2064 4368 2190 4422 liter
2236 4371 2572 4439 parturiens,
2624 4383 2826 4425 novum
2865 4373 3126 4443 populum
3171 4376 3384 4446 gignit,
3417 4395 3658 4451 eumque

2061 4461 2466 4518 benedictionis
2514 4480 2628 4517 suae
2685 4464 2861 4518 reddit
2909 4468 3254 4538 participem,
3289 4487 3398 4526 non
3433 4475 3654 4542 quidem

2062 4565 2276 4614 omnes,
2297 4552 2391 4605 sed
2417 4566 2533 4618 eos,
2576 4551 2667 4618 qui
2695 4552 2908 4621 scipsus
2934 4554 3025 4609 illa
3058 4557 3258 4627 dignos
3291 4561 3651 4620 reddiderint.

2062 4639 2510 4697 Benedictionem
2564 4641 2749 4712 itaque
2808 4645 2935 4700 ﬁliis
2990 4662 3097 4700 non
3143 4651 3368 4719 proprio
3411 4655 3653 4723 quodam

2064 4734 2251 4790 studio
2277 4733 2808 4806 dispertitJacobus,
2846 4738 2940 4792 sed
2979 4740 3225 4808 ipsorum
3270 4743 3516 4802 actiones
3539 4747 3654 4803 dis-

2067 4828 2377 4899 pertitionis
2408 4828 2573 4898 hujus
2610 4829 2847 4884 arbitras
2873 4831 3185 4888 constituit.

1890 5005 2123 5065 NOTA‘I.

325 5211 332 5219 ·
443 5198 555 5270 (97)
595 5193 1722 5273 Apud_Montel‘a_lconium‘(Bibl.goisliu.
1754 5213 1806 5273 p.
1829 5197 1955 5273 3'63)
1993 5204 2036 5259 D
2066 5198 2307 5273 quidem,
2342 5194 2544 5273 Eadem
2578 5206 2773 5273 tamen
2799 5198 3134 5273 etymologia
3175 5215 3234 5254 se
3278 5211 3331 5256 et
3365 5200 3488 5273 aliis
3521 5217 3653 5273 pro.

368 5282 425 5326 et
454 5268 544 5324 in
575 5268 698 5325 cod.
755 5271 961 5325 Taurin
1003 5269 1064 5325 5|
1121 5269 1306 5339 (catal.
1337 5269 1538 5337 p.119)
1583 5269 1742 5322 titulo
1791 5268 1956 5337 hujus

2065 5270 2235 5332 havit,
2262 5269 2329 5323 de
2356 5269 2558 5340 quibus
2578 5269 2694 5336 leae
2718 5269 2974 5324 Dullaium
2998 5269 3208 5340 p.188.
3230 5287 3315 5340 sq.
3341 5273 3407 5325 de
3441 5269 3646 5327 Pseud-

369 5341 690 5409 quaestionis
721 5342 836 5396 lucc
890 5355 1107 5410 quoque
1148 5340 1312 5394 verba
1349 5340 1723 5410 adjiciuntur:
1761 5341 1856 5392 καὶ
1900 5339 1953 5392 τί
2059 5339 2387 5410 epigraphis
2434 5342 2764 5410 apostolicis.
2841 5339 3046 5395 Cotrl‘cr
3131 5339 3502 5398 Leusilenium
3569 5345 3642 5398 ad

368 5406 501 5466 πεοὶ
515 5410 612 5463 τοῦ
639 5411 684 5474 ζ’
701 5411 730 5464 6
753 5406 1194 5481 Θεολόγοςφησίο
1217 5412 1272 5464 iu
1296 5406 1485 5465 codice
1507 5426 1636 5463 vero
1656 5406 1949 5463 Vaticano:

369 5464 468 5532 καὶ
502 5481 554 5532 τί
603 5482 734 5532 περὶ
779 5483 880 5532 τῆς
920 5481 1068 5532 ζωῆς
1113 5481 1369 5532 Ἰωάννης
1419 5481 1447 5532 6
1491 5479 1756 5532 Θεολόγος
1790 5480 1944 5532 φησί.

369 5481 468 5536 καὶ
502 5481 554 5534 τί
603 5482 734 5548 περὶ
779 5483 880 5551 τῆς
920 5481 1068 5552 ζωῆς
1113 5481 1369 5545 Ἰωάννης
1419 5481 1447 5533 6
1491 5481 1756 5547 Θεολόγος
1790 5481 1944 5550 φησί.

370 5555 477 5607 Sed
513 5554 564 5606 in
603 5561 754 5606 textu
778 5553 903 5606 cod.
932 5551 1055 5606 Vat.
1093 5553 1232 5606 nihil
1264 5552 1332 5606 de
1361 5552 1463 5606 hac
1493 5561 1766 5620 postrema
1799 5562 1950 5618 parte

369 5625 684 5687 invenitur;
714 5624 1002 5692 responsio
1039 5623 1234 5678 iisdem
1274 5622 1460 5678 verbis
1496 5621 1864 5687 concluditur,
1901 5633 1960 5677 ut

367 5694 541 5750 editio
569 5694 692 5748 Maii
725 5691 834 5762 pra:
871 5710 931 5749 se
960 5691 1088 5748 fert.

442 5787 555 5858 (98)
587 5769 776 5846 ’ἸΒἻΨἺ
809 5785 965 5856 quasi
1009 5767 1081 5845 ὃν
1109 5795 1250 5845 msh
1282 5792 1417 5848 ωηο·
1437 5785 1534 5847 vir,
1561 5784 1738 5858 videns
1769 5783 1959 5858 Deum,

379 5854 643 5928 lta‘il’hilo
681 5859 810 5910 olim
828 5854 1078 5917 censuit.
1113 5859 1417 5928 castigatus
1450 5858 1571 5911 ideo
1600 5873 1628 5910 a
1675 5854 1738 5909 lt.
1766 5857 1958 5912 Asaria

369 5931 440 5983 de
476 5927 682 5984 Rubcis
720 5929 772 5982 in
811 5936 942 5985 tum
977 5937 1131 5986 max
1167 5946 1287 5997 cap.
1335 5928 1397 5981 ν.
1437 5943 1488 5996 p.
1524 5928 1611 5981 ‘58.
1650 5928 1701 5982 h.
1735 5936 1784 5981 et
1818 5942 1962 5980 rccu:

2055 5406 2254 5465 Jouam
2295 5406 2630 5466 illustratum

2054 5481 2124 5547 ll,
2153 5479 2244 5545 9.7,
2279 5490 2333 5551 et
2371 5479 2764 5537 Fesselium’iu
2799 5482 3136 5538 Adversariis
3175 5482 3357 5539 Sacris
3409 5483 3504 5539 lib.
3546 5480 3638 5551 IV,

2682 5427 2734 5480 p.
2777 5411 2922 5476 2H;
2958 5413 3212 5466 Drusium
3262 5413 3634 5466 Animadvers.

2059 5569 2110 5607 c.
2148 5552 2202 5617 3,
2238 5568 2285 5620 p.
2318 5550 2446 5606 5l9.

2127 5643 2240 5712 (99)
2278 5639 2461 5696 Malim
2509 5641 2690 5710 legere
2733 5643 2925 5708 πᾶσιν,
2969 5643 3256 5698 omnibus:
3293 5645 3368 5698 ita
3415 5661 3539 5701 mox
3588 5645 3643 5699 in

2060 5713 2292 5799 cuislin.
2343 5713 2546 5785 legitur
2583 5712 2792 5778 παισίν,
2843 5715 2937 5769 ubi
2991 5712 3237 5770 Cnlbert.
3289 5724 3436 5772 recte
3478 5716 3644 5772 habet

2063 5802 2248 5839 πᾶσιν.

2130 5855 2208 5925 (t)
2246 5851 2472 5914 Vereor,
2505 5870 2572 5908 ne
2611 5853 2727 5909 hmo
2749 5871 2940 5925 parum
2980 5871 3113 5911 sana
3143 5855 3275 5910 sint.

2139 5927 2215 5999 (:2)
2251 5927 2416 5979 πᾶσιν
2447 5941 2644 5995 SCl‘lpSI
2669 5943 2793 5981 cum
2822 5927 2978 5983 (ἱυίι).
3015 5945 3112 5998 pro
3144 5929 3353 5982 παισίν.
