4136 6438
577 341 704 408 1ὓ31
1738 352 2003 413 ΙἮΟΤΙΙ
2047 354 2154 412 ΡΑἿ

2255 353 2556 414 [ARCH/E
2585 355 2698 416 ΟΡ.

2195 475 2238 528 Α
2773 465 3108 518 Εροτιιειε
3154 465 3325 521 mur.

670 455 1004 520 QU/ESTIO
1028 457 1380 516 CCXXXVIII
1421 460 1608 532 [(Ioisl.
1644 461 1811 518 Taur.
1849 461 2063 534 XCVI].

573 565 593 598 ι
629 546 744 599 Tibi
783 545 881 599 ευίὶ
907 549 1115 616 peccavi
1141 556 1190 600 et
1221 549 1421 600 malum
1451 567 1630 603 corum
1666 564 1717 605 te
1745 554 1867 618 feri,
1894 563 1946 604 ut
1974 553 2151 605 vincas

1065 634 1182 671 cum
1197 618 1464 686 judicaris
1498 621 1596 690 (*2).
1640 641 1658 672 ι

3691 355 3829 423 1032

2263 560 2360 612 Σοί
2389 577 2555 627 [comp
2601 561 2868 627 ἥμαρτον
2896 560 2992 611 καὶ
3029 559 3094 612 τὸ
3141 559 3410 628 πονηρὸν
3439 560 3704 614 ἐνώπιόν
3735 578 3841 616 σου

2369 632 2630 697 ἐποίησα
2656 632 2766 697 ἕως
2796 629 3055 696 νικήσῃς
3089 631 3156 682 ἐν
3194 629 3272 695 τῷ
3303 631 3620 698 κρίνεσθαί
3653 648 3744 686 σε.

1151 771 1294 824 Edita
1317 788 1343 823 a
1372 775 1500 824 Maio
1527 777 1677 836 (Nov.
1707 776 1830 828 Coll.
1869 784 1904 826 tv.
1943 779 2024 841 IX,
2054 793 2104 843 p.
2133 782 2263 840 115).
2296 813 2356 824 -
2383 787 2435 836 1η
2469 785 2708 848 psalmum
2739 800 2766 833 ι.
2799 785 2991 848 (Graece
3035 788 3100 846 ιι)
3136 799 3180 833 v.
3213 785 3264 837 6.

639 880 807 933 David
839 879 1055 950 quidem
1085 881 1308 951 nuptias
1335 881 1544 936 alienas
1585 882 1845 946 destruit,
1883 885 2155 942 adulterio

563 977 746 1022 autem
777 967 1136 1022 homicidium
1159 967 1360 1036 adjecit
1393 976 1448 1022 et.
1495 968 1701 1024 crimen
1737 973 1918 1027 celare
1948 982 2160 1043 satage-

561 1059 675 1114 bat.
706 1058 843 1114 Cum
877 1069 1060 1115 autem
1094 1058 1240 1115 Deus
1261 1059 1418 1115 illum
1449 1061 1516 1117 de
1541 1063 1863 1120 discrimine
1893 1065 2158 1138 objurgat

562 1165 658 1219 per
700 1149 1047 1221 Prophetam,
1102 1152 1157 1206 in
1214 1167 1273 1208 se
1315 1168 1610 1216 reversus.
1646 1155 1782 1211 dicit
1838 1175 1852 1212 :
1888 1155 2008 1212 Tibi
2057 1160 2158 1215 soli

561 1239 802 1307 peccavi.
843 1238 1065 1294 Etiamsi
1094 1239 1239 1294 enim
1301 1239 1463 1297 Urias
1510 1243 1772 1314 injuriam
1823 1261 2021 1317 passus
2062 1248 2155 1316 sit,

562 1338 664 1392 ego
683 1335 965 1390 peccatum
1004 1329 1293 1382 adversum
1328 1337 1380 1383 te
1409 1330 1769 1386 commissum
1799 1347 1868 1388 ex
1906 1335 2016 1390 tuis
2050 1336 2157 1391 ob-

559 1415 966 1484 jurgationibus
993 1419 1195 1483 sciens,
1220 1419 1286 1474 ad
1314 1421 1601 1490 petendam
1648 1423 1867 1479 veniam
1900 1441 2155 1482 accurro.

566 1505 780 1561 Etenim
820 1523 930 1563 non
976 1509 1272 1579 permisisti
1311 1526 1416 1575 me,
1451 1514 1506 1566 in
1555 1527 1736 1568 meum
1777 1530 1996 1571 servum
2029 1533 2158 1588 pec-

564 1610 775 1652 cantem
799 1640 815 1665 ,
845 1601 942 1655 tibi
977 1601 1143 1657 simul
1192 1603 1427 1660 Domino
1483 1605 1841 1662 insultantem
1876 1609 2152 1680 ignorare.

564 1691 776 1757 Quare?
811 1691 880 1747 Ut
920 1694 1243 1763 juStiIiceris
1276 1697 1331 1751 in
1381 1699 1736 1756 sermonibus
1797 1701 1942 1767 tuis,
1975 1702 2028 1758 id
2069 1717 2155 1758 est

565 1795 624 1838 ut
663 1794 751 1840 tua
800 1787 1015 1857 justitia
1070 1789 1353 1844 hominum
1390 1792 1834 1851 machinationes
1875 1797 2060 1852 vincat
2099 1808 2154 1853 et

559 1862 827 1946 judicium
879 1888 1034 1934 tuttm
1094 1881 1278 1938 nullus
1334 1883 1574 1954 elfugere
1631 1887 1858 1958 cogitet.
1906 1887 2023 1944 Hoc
2071 1900 2154 1943 est

563 1971 733 2036 enim,
781 1973 991 2039 vinces,
1044 1989 1170 2028 cum
1223 1974 1510 2045 jttdicaris,
1581 1978 1755 2034 vincis
1798 1980 1852 2034 in
1892 1996 1960 2035 eo
2005 1983 2152 2052 qttod

564 2063 748 2118 nullus
771 2072 898 2118 ante
928 2073 980 2119 te
1003 2065 1186 2134 justus
1226 2066 1398 2120 videri
1439 2076 1640 2137 potest,
1673 2078 1728 2124 et
1761 2070 1889 2139 quia
1925 2087 2035 2140 pra:
2058 2082 2149 2126 tua

2335 872 2614 942 Διορύττει
2657 872 2754 942 μὲν
2804 871 2832 923 ὁ
2875 870 3041 923 Δαὸὶδ
3079 870 3207 933 τοὺς
3253 868 3572 940 ἀλλοτρίους
3617 872 3836 940 γάμους·

2262 963 2539 1032 ἐπιτίθησι
2565 962 2620 1016 δὲ
2648 965 2716 1034 τῇ
2749 962 2965 1034 μοιχείᾳ
2992 962 3172 1024 φόνονο
3201 962 3296 1015 καὶ
3319 963 3505 1033 λήσειν
3535 964 3842 1035 ἐτεχνάζετο

2258 1055 2356 1126 τὴν
2389 1055 2609 1126 πρᾶξιν.
2652 1055 2807 1108 Ἐπεὶ
2851 1055 2909 1107 δὲ
2939 1054 3000 1107 τὸ
3023 1053 3180 1106 Θεῖον
3209 1055 3291 1117 είς
3339 1053 3568 1126 ἔλεγχον
3602 1057 3724 1123 ἄγει
3755 1057 3845 1110 τοῦ

2257 1147 2611 1217 τολμήματος
2638 1146 2726 1200 διὰ
2751 1143 2846 1198 τοῦ
2881 1145 3172 1215 Προφήτου
3195 1182 3210 1207 ,
3239 1143 3450 1212 γίνεται
3479 1146 3510 1196 ὁ
3557 1143 3698 1214 ἀνὴρ
3727 1146 3840 1196 ἐαυι

2257 1240 2352 1294 τοῦ
2385 1240 2480 1293 καί
2512 1255 2665 1311 φησι·
2699 1239 2790 1293 Σοὶ
2823 1239 2968 1308 μόνῳ
3002 1238 3272 1309 ἥμαρτον·
3309 1237 3357 1289 εί
3382 1237 3493 1307 γὰρ
3524 1237 3623 1290 καὶ
3649 1239 3839 1308 Οὐρίας

2256 1331 2536 1402 ἠδίκηται,
2567 1331 2683 1386 ἀλλ’
2715 1327 2827 1398 ἐγὼ
2854 1329 2914 1382 τὸ
2943 1329 3255 1398 ἁμάρτημα
3289 1327 3369 1390 είς
3397 1326 3456 1380 σέ
3481 1327 3841 1398 τετολμῆσθαι

2257 1423 2346 1475 διὰ
2371 1423 2480 1476 τῶν
2507 1423 2748 1494 ἐλέγχων
2774 1420 2984 1494 μαθὼν,
3019 1421 3114 1473 ἐπὶ
3144 1421 3244 1490 τὴν
3278 1418 3617 1490 συγγνώμην
3648 1421 3834 1491 τρέχω·

2257 1517 2352 1570 καὶ
2375 1516 2484 1588 γὰρ
2509 1516 2620 1569 οὐδ’
2653 1516 2872 1585 ἀφῆκας
2907 1515 3091 1568 λαθεῖν
3117 1515 3198 1578 εἰς
3217 1513 3405 1568 δοῦλον
3435 1513 3573 1584 ἐμὸν
3599 1516 3838 1584 ἡμαρτηο

2259 1607 2394 1661 κότα
2417 1647 2433 1672 ,
2469 1607 2583 1660 ἀλλ’
2614 1607 2690 1668 ὡς
2722 1609 2802 1670 είς
2850 1607 2910 1660 σὲ
2944 1605 3387 1677 πεπαρῳνηκότα
3413 1606 3508 1660 τὸν
3549 1607 3832 1677 Δεσπότην*

2257 1698 2430 1764 διατί;
2457 1700 2606 1762 ὅπως
2642 1698 2708 1752 ἂν
2747 1698 3046 1768 δικαιωθῇς
3071 1699 3130 1751 ἐν
3162 1700 3276 1761 τοῖς
3313 1697 3494 1766 λόγοις
3528 1714 3648 1751 σου·
3693 1715 3834 1777 τουτο

2257 1791 2404 1844 ἐστιν
2435 1791 2524 1844 ἵνα
2555 1792 2587 1860 ή
2620 1791 2686 1860 σὴ
2713 1789 3026 1860 δικαιοσύνη
3062 1789 3164 1859 τῆς
3208 1787 3566 1860 ἀνθρωπίνης
3592 1791 3834 1860 κρατήσῃ

2259 1880 2542 1952 μηχανῆς⁹
2578 1883 2673 1934 καὶ
2719 1881 2819 1952 τὴν
2855 1882 2958 1954 σὴν
3003 1882 3188 1952 κρίσιν
3224 1881 3414 1952 μηδεὶς
3457 1883 3834 1953 ἐξαμαρτάνων

2257 1966 2571 2042 σοφίζεσθαι
2598 1975 2796 2046 οἴηται·
2829 1975 2988 2028 τοῦτο
3015 1975 3123 2046 γάρ
3143 1976 3260 2028 ἐστι
3283 1974 3672 2046 τὸ,‹Νικήσεις
3693 1977 3746 2027 ἐν
3767 1975 3835 2045 τῷ

2255 2066 2534 2137 κρίνεσθαί
2581 2083 2662 2118 σε·
2702 2068 2859 2137 νικᾷς
2891 2068 2950 2120 ἐν
2998 2067 3078 2138 τῷ
3122 2067 3330 2137 μηδένα
3379 2066 3527 2137 ἔχειν
3574 2068 3722 2138 παρὰ
3761 2069 3829 2120 σοὶ

564 2155 804 2209 maxima
860 2156 1121 2224 bonitate,
1155 2159 1404 2212 omnium
1447 2160 1701 2215 esuriens
1745 2161 1998 2230 salutem,
2056 2179 2152 2233 per

2255 2156 2461 2211 δίκαιον
2490 2157 2748 2227 ὀφθῆναν
2788 2159 2882 2211 καὶ
2923 2159 3007 2211 ὅτι
3040 2161 3106 2228 τῇ
3145 2160 3212 2229 σῇ
3247 2159 3550 2229 ἀγαθότητι
3584 2162 3681 2231 τὴν
3710 2161 3827 2214 πάν-

566 2255 714 2300 tuam
748 2247 1184 2303 misericordiam
1219 2261 1408 2306 nostra
1455 2252 1633 2308 vincis
1664 2265 1883 2324 peccata
1923 2271 2158 2310 conver-

563 2340 771 2394 sionem
811 2351 863 2396 et
897 2344 1275 2410 licettitentiatn
1309 2345 1679 2402 maximorum
1729 2349 2000 2404 donorum
2035 2349 2158 2404 loco

563 2433 855 2502 recipiens.
901 2433 1121 2490 Iudicat
1151 2436 1298 2490 enim
1338 2435 1480 2493 Deus
1517 2453 1741 2493 causam
1776 2455 1933 2495 suam
1965 2449 2156 2495 contra

564 2538 855 2588 nos,suam
896 2527 1327 2582 misericordiam
1365 2544 1488 2584 cum
1516 2531 1751 2600 peccatis
1774 2531 1976 2587 nostris
2007 2549 2158 2586 eom-

2253 2268 2363 2305 των
2397 2251 2566 2322 διψῶν
2609 2252 2883 2322 σωτηρίαν
2930 2251 3010 2323 τῷ
3056 2253 3210 2322 παρὰ
3251 2251 3346 2306 σοῦ
3392 2251 3531 2324 ἐλέῳ
3561 2254 3662 2317 τὰς
3693 2255 3828 2324 ἡμῶν

2253 2346 2409 2416 νικᾷς
2438 2345 2747 2416 ἁμαρτίας,
2774 2345 3112 2416 ἐπιστροφὴν
3147 2347 3242 2399 καὶ
3271 2347 3568 2416 μετάνοιαν
3598 2349 3716 2400 ἀντὶ
3743 2365 3827 2416 με·

2254 2438 2458 2506 γίστων
2497 2439 2788 2508 δεχόμενος
2818 2438 3032 2510 δώρωνο
3069 2441 3164 2491 καὶ
3201 2441 3314 2511 γὰρ
3355 2440 3610 2511 κρίνεται
3647 2442 3674 2494 ὁ
3715 2439 3828 2503 Θεὸς

2259 2529 2396 2601 πρὸς
2423 2531 2574 2600 ἡμᾶς
2600 2531 2692 2583 τὸν
2720 2533 2921 2583 οἰκεῖον
2951 2531 3101 2584 ἔλεον
3144 2533 3263 2595 ταῖς
3297 2532 3602 2604 ἡμετέραις
3632 2534 3825 2588 ἀντιτα-

565 2616 866 2682 pensando,
897 2629 952 2670 et
995 2620 1176 2673 vincet
1209 2619 1504 2673 clementia
1557 2630 1908 2689 peccatorum
1967 2635 2154 2690 poenas

2257 2625 2534 2678 λαντεύων
2559 2626 2882 2696 ἁμαρτίαιςο
2914 2625 3011 2678 καὶ
3043 2629 3172 2698 νικᾷ
3203 2628 3270 2696 τῇ
3297 2627 3678 2700 εύσπλαγχνίᾳ
3707 2627 3826 2680 λύων

565 2707 1001 2764 ωιιάιιιιιιιιιιιᾶο.

668 2822 999 2890 ρυΑϋδΤΙΟ
1025 2823 1335 2879 CCXXXIX
1368 2823 1554 2896 lCoisl.
1590 2822 1755 2879 Taur.
1792 2822 2058 2892 LXXXII,

1054 2916 1221 2986 Wolf.
1255 2915 1519 2988 Lxxxu]
1557 2917 1661 2987 (5).

2265 2715 2361 2787 τὴν
2396 2715 2539 2768 κατὰ
2567 2715 2675 2769 τῶν
2697 2715 3038 2787 ἁμαρτωλῶν
3058 2717 3351 2788 τιμωρίαν.

2781 2832 3117 2887 ΕΡΩἸῊΣΙΣ
3157 2833 3322 2888 ΣΛΘ’.

569 3011 710 3076 Quid
741 3021 816 3063 est
851 3010 985 3064 illud
1017 3026 1035 3064 :
1065 3028 1082 3061 ι
1123 3009 1278 3074 Quod
1312 3026 1412 3086 non
1443 3009 1658 3086 [rabitth
1673 3010 1728 3062 in
1757 3025 1861 3076 me,
1883 3011 1980 3066 hoc
1997 3019 2075 3064 est
2107 3011 2154 3064 iu

2268 3011 2328 3062 Τι’
2361 3010 2548 3063 ἐστιν
2587 3033 2606 3064 ι
2645 3009 2806 3086 Οἶδα,
2833 3014 2922 3068 ὅτι
2944 3017 3054 3069 οὐκ
3093 3017 3248 3070 οἰκεῖ
3269 3016 3337 3069 ἐν
3358 3018 3512 3086 ἐμοὶ,
3536 3019 3833 3073 τουτέστιν

1053 3097 1210 3133 carne
1231 3096 1364 3144 mea,
1395 3081 1585 3134 bonum
1607 3079 1660 3132 '?
1688 3098 1706 3130 ι

2571 3089 2642 3143 ἐν
2673 3085 2747 3158 τῇ
2777 3087 2958 3160 σαρκί
2977 3105 3098 3161 μου
3121 3091 3186 3145 τὸ
3214 3089 3469 3161 ἁγαθόν;
3514 3110 3532 3140 ι

996 3194 1245 3244 Editarum
1271 3208 1297 3244 a
1334 3194 1512 3244 Wolﬁo
1535 3194 1786 3244 tricesima
1807 3205 1982 3260 quarta
2021 3201 2160 3262 (Cur.
2190 3198 2372 3250 Philol.
2397 3207 2437 3250 t.
2464 3202 2522 3261 V,
2547 3217 2596 3265 ῃ.
2621 3201 2849 3251 671-675.
2877 3201 3103 3264 Galland,
3127 3203 3257 3263 XIII,
3278 3203 3392 3266 705)

638 3299 696 3354 Id
747 3299 964 3370 quidem
1019 3316 1127 3354 non
1171 3299 1239 3355 de
1272 3300 1455 3372 seipso
1520 3303 1654 3358 dicit
1695 3302 1920 3370 Paulus,
1963 3306 2057 3360 sed
2103 3307 2153 3358 in
2185 3310 2228 3370 υ

566 3402 829 3463 quantum
885 3407 1174 3462 personam
1214 3403 1424 3448 naturae
1471 3395 1724 3453 humanze
1763 3393 2154 3453 sustinetJam

568 3501 700 3538 vero
749 3494 862 3538 tum
924 3486 1128 3539 bonum
1172 3486 1228 3539 in
1291 3501 1460 3541 carne
1513 3501 1702 3545 neStra
1752 3505 1862 3544 non
1912 3491 2152 3554 habitat,

567 3582 809 3650 quando.
837 3581 1234 3636 consuetudine
1277 3589 1332 3636 et
1363 3561 1631 3653 tempore,
1662 3595 1887 3656 peceato
1931 3586 2152 3641 obnoxii

569 3672 695 3726 facti
750 3673 952 3726 malum
1011 3674 1259 3744 pertinax
1320 3686 1376 3731 et
1441 3676 1728 3733 dimculter
1782 3677 2153 3732 amoliendum

567 3762 1031 3816 circumierimus.
1087 3763 1188 3830 Qui
1237 3765 1382 3818 enim
1444 3765 1716 3819 diuturna:
1749 3765 1968 3819 illorum
2021 3780 2156 3821 con-

568 3855 847 3907 suetudini
871 3855 1077 3919 serviit,
1097 3855 1258 3910 etiam
1281 3855 1326 3911 si
1351 3856 1417 3911 ad
1438 3857 1654 3912 virtutis
1687 3859 1928 3913 studium
1955 3860 2152 3914 reverti

568 3943 885 4009 contendat,
917 3944 1226 3999 institutum
1260 3962 1422 4001 suum
1460 3947 1748 4002 dilliculter
1775 3949 2070 4004 admodum
2098 3958 2154 4005 et

567 4049 676 4088 non
708 4035 826 4089 sine
865 4050 1065 4106 magno
1107 4037 1291 4092 labore
1319 4039 1504 4108 perlici
1543 4040 1811 4111 intelligit.
1855 4038 2150 4111 Propterea

565 4125 642 4178 ait
675 4142 689 4179 :
730 4144 747 4174 σ
781 4123 897 4180 Non
921 4127 1033 4194 jam
1069 4143 1172 4197 ego
1209 4128 1262 4182 id
1290 4129 1533 4200 perlieio.
1568 4149 1586 4182 ι
1617 4129 1729 4185 Hoc
1751 4140 1856 4196 est,
1889 4131 2012 4185 novi
2042 4147 2148 4185 non

566 4234 746 4272 meum
809 4235 932 4275 esse
984 4221 1085 4276 hoc
1135 4237 1294 4292 opus.
1349 4221 1637 4289 Quomodo
1687 4227 1834 4278 enim
1888 4225 2151 4294 perlicere

567 4312 697 4365 illud
757 4315 996 4382 possim,
1039 4315 1135 4384 qui
1181 4331 1210 4368 a
1267 4317 1411 4370 malo
1469 4317 1851 4386 constringar?
1911 4316 2150 4372 Debetur

567 4402 754 4471 itaque
801 4403 905 4457 hoc
940 4419 1164 4472 peccato
1201 4406 1362 4460 lixam
1390 4408 1754 4478 stabilemque
1786 4407 1972 4462 sedem
2002 4409 2146 4473 apud

569 4509 654 4546 me
690 4492 928 4549 habenti.
957 4492 1250 4564 Propterea
1303 4509 1358 4553 et
1405 4499 1674 4554 lamentor
1700 4498 2011 4554 libertatem
2051 4515 2149 4554 an-

567 4584 798 4650 helans,
855 4596 911 4640 et
988 4586 1232 4642 clamans
1295 4604 1311 4645 ;
1382 4606 1402 4640 ι
1469 4588 1556 4645 Me
1626 4589 1890 4645 miserum
1965 4592 2143 4646 homi-

566 4693 712 4742 nem,
753 4695 772 4729 ι
803 4689 910 4734 etc.

565 4786 892 4853 QUIESTIO
918 4788 1120 4845 CCXL.
1146 4788 1335 4862 [CoiaL
1360 4791 1629 4848 CCCVIII.
1663 4792 1824 4848 Taur.
1846 4795 2146 4852 CCXCVII.

1098 4884 1242 4937 Maio
1271 4901 1328 4954 q.
1360 4885 1586 4958 coxo]

1084 4977 1155 5031 De
1190 4983 1310 5032 vita:
1339 4983 1579 5032 termino.

2332 3304 2503 3357 Τοῦτο
2543 3307 2644 3358 οὐκ
2677 3306 2757 3368 είς
2794 3305 2985 3358 ἐαυτὸν
3031 3308 3059 3359 ὁ
3090 3305 3298 3367 Παῦλος
3333 3306 3578 3378 εἴρηκεν,
3622 3307 3749 3362 ἀλλὰ
3773 3306 3823 3359 τὸ

2259 3397 2552 3464 πρόσωπον
2601 3396 2701 3466 τῆς
2754 3395 3108 3466 ἀνθρωπίνης
3170 3397 3550 3468 οἰκειούμενος
3610 3397 3825 3467 φύσεως.

2259 3488 2391 3538 Τότε
2415 3486 2472 3539 δὲ
2495 3486 2594 3538 οὐκ
2619 3487 2757 3539 οἰκεῖ
2784 3487 2843 3540 τὸ
2869 3485 3075 3555 ἀγαθὸν
3099 3489 3155 3540 ἐν
3183 3491 3250 3559 τῇ
3283 3491 3446 3562 σαρκὶ
3473 3490 3654 3561 ἡμῶν,
3687 3491 3830 3561 ἡνίκα

2256 3577 2373 3631 seu
2392 3578 2486 3632 καὶ
2508 3580 2685 3650 χρόνῳ
2712 3579 3216 3644 καταδουλωθέντες
3241 3585 3309 3652 τῇ
3333 3582 3584 3654 ἁμαρτίᾳ
3609 3583 3826 3655 ἔμμονον

2256 3686 2316 3722 τε
2350 3672 2445 3722 καί
2473 3669 2891 3736 δυσεξάλειπτον
2922 3675 2980 3725 ἐν
3027 3673 3241 3737 ἑαυτοῖς
3275 3673 3519 3746 φέρομεν
3553 3676 3613 3728 τὸ
3655 3676 3826 3730 κακόν.

2267 3761 2326 3813 Ὀ
2355 3761 2463 3830 γὰρ
2505 3761 2790 3826 δουλωθεὶς
2830 3766 2894 3833 τῇ
2927 3764 3121 3836 χρονίᾳ⁸
3161 3764 3365 3818 τούτων
3401 3765 3654 3838 διατριϐῇ
3679 3809 3694 3833 ,
3735 3769 3826 3821 κᾶν

2257 3851 2491 3924 βουληθῇ
2523 3853 2684 3908 πάλιν
2712 3855 2846 3925 πρὸς
2878 3858 2978 3926 τὴν
3008 3857 3213 3929 ἀρετὴν
3241 3857 3678 3928 ἐπαναδραμείν,
3709 3859 3826 3911 δύσ-

2254 3944 2417 4016 εργόν
2461 3962 2520 3998 τε
2569 3947 2664 3999 καὶ
2703 3947 3038 4019 δυσήνυστον
3075 3949 3325 4018 εὑρίσκει
3361 3951 3461 4020 τὴν
3494 3950 3713 4024 βουλήν.
3747 3952 3824 4004 Διό

2255 4051 2420 4103 φησι·
2447 4053 2465 4086 ι
2493 4035 2608 4089 Ούκ
2631 4037 2710 4089 ἐτι
2740 4037 2850 4106 ἐγὼ
2873 4039 3296 4110 κατεργάζομαι
3327 4041 3476 4101 αὐτὸ,
3501 4060 3520 4092 ι
3543 4043 3823 4108 τουτέστιν,

2255 4126 2370 4178 Οὐκ
2395 4124 2530 4197 ἐμοῦ
2567 4122 2685 4180 οἶδα
2726 4128 2787 4181 τὸ
2817 4127 2995 4198 ἔργον.
3024 4129 3150 4194 Πῶς
3188 4132 3297 4202 γὰρ
3340 4133 3432 4200 ὅγε
3475 4131 3821 4202 στενοχωρού-

2257 4234 2416 4288 μενος
2447 4217 2541 4270 ὑπ’
2571 4217 2771 4285 αὐτοῦς
2810 4220 2948 4274 ἀλλὰ
2981 4223 3080 4293 τῆς
3115 4222 3376 4295 οἰκούσης
3410 4227 3470 4278 ἐν
3516 4226 3641 4296 ἐμοὶ
3666 4226 3827 4294 ἁμαρο

2253 4313 2373 4375 τίας
2394 4354 2408 4378 ,
2441 4312 2661 4382 ἑδραίαν
2699 4314 2796 4366 καὶ
2837 4315 3243 4387 ἀμετακίνητον
3275 4317 3372 4388 τὴν
3399 4317 3617 4388 οἴκησιν
3643 4333 3825 4386 κεκτη-

2256 4405 2426 4474 μένης
2453 4404 2549 4475 (4).
2583 4404 2676 4457 Διὸ
2711 4407 2806 4458 καὶ
2849 4406 3222 4478 ἀποδύρομαι,
3267 4410 3364 4481 τὴν
3393 4409 3708 4481 ἐλευθερίαν
3739 4410 3824 4479 ζη-

2251 4495 2360 4549 τῶν
2395 4497 2489 4550 καὶ
2519 4497 2868 4568 ἁνακράςωνο
2903 4519 2922 4551 ι
2950 4499 3310 4572 Ταλαίπωρος
3333 4500 3446 4570 ἐγὼ
3471 4503 3770 4575 ἄνθρωπος,
3801 4518 3822 4551 ›

2253 4587 2350 4641 καὶ
2377 4585 2525 4657 ἑξῆς.

2781 4814 3071 4870 ΕΡΩΊῊΣΙ
3079 4817 3116 4868 Σ
3153 4819 3291 4874 ΣΜ’.

2779 4993 2918 5062 Περὶ
2954 4995 3098 5062 ὅρου
3124 4994 3235 5064 (ﬁeri
3241 5018 3292 5062 ς.

1645 5135 1783 5186 Nunc
1808 5138 2016 5200 primum
2038 5141 2172 5192 edita
2191 5157 2216 5191 a
2240 5143 2298 5192 ι).
2324 5141 2756 5206 Ilergenroether.

641 5211 689 5265 I.
720 5211 803 5269 Ad
830 5227 1012 5272 vetera
1037 5232 1140 5274 nos
1163 5220 1462 5274 certamina
1482 5236 1668 5285 vocas,
1704 5223 1760 5278 in
1780 5227 1984 5294 quibus
2013 5242 2138 5282 cum

2321 5235 2392 5283 α’.
2447 5231 2569 5284 Ἐπὶ
2594 5233 2857 5297 παλαιοὺς
2884 5235 3032 5305 ἡμᾶς
3062 5237 3280 5305 ἀγῶνας
3303 5239 3490 5305 καλεῖς
3520 5241 3602 5313 (5)·
3626 5245 3716 5296 καὶ
3741 5240 3820 5312 ἐφ’

2083 5341 2313 5399 NOTAE.

737 5421 998 5502 Eumdem
1031 5432 1240 5502 textum
1276 5429 1788 5502 explanaitﬂplmtius
1819 5449 1875 5502 q.
1906 5433 2039 5492 LVI.

743 5493 1290 5568 lla_nc_qualsli_onem
1310 5493 1418 5568 jam
1442 5517 1472 5554 (ι
1501 5500 1700 5555 Wollio
1727 5493 1929 5558 editam
1957 5508 2138 5561 denuo

554 5562 1074 5645 pul‘t‘l‘ic‘av’itnblatus
1117 5565 1255 5623 Nov.
1282 5562 1494 5626 collect.
1533 5581 1670 5628 tom.
1700 5573 1792 5643 IX,
1828 5591 1881 5645 p.
1916 5577 2043 5641 114,
2077 5589 2136 5632 ιιι

556 5647 614 5698 q.
641 5632 969 5688 euxxxrv.

631 5701 1020 5783 (ιω-Παρειξὶὺο
1048 5722 1148 5783 pro
1182 5711 1524 5783 κεκτημένη,
1554 5713 1696 5782 quod
1733 5723 1818 5769 est
1861 5717 1916 5771 in
1953 5717 2131 5773 Coisl.

555 5773 776 5841 quando
819 5773 1063 5831 Colberl.
1105 5779 1267 5836 habet
1311 5773 1670 5853 κτησάμενος.
1723 5784 1876 5842 Patet
1923 5791 2128 5860 utique,

2241 5438 2370 5520 illud
2403 5443 2754 5520 κεκτημένης
2784 5443 2851 5520 ad
2879 5461 3065 5520 vocem
3090 5449 3366 5520 ἁμαρτίας
3393 5453 3584 5510 referri
3611 5453 3813 5509 debere.

2236 5508 2510 5595 Craterum
2541 5508 2779 5595 quidde
2819 5517 2933 5595 ipsa
2966 5518 3068 5572 hac
3102 5508 3682 5595 espositione,‘quam
3727 5508 3811 5577 alii

2237 5590 2426 5660 nostra
2467 5587 2730 5660 mnemoria
2766 5586 3124 5660 adoptartmt,
3165 5586 3484 5660 habendum
3523 5586 3616 5660 sit,
3665 5597 3813 5650 intel-

2235 5649 2372 5721 liges
2395 5668 2458 5706 ex
2493 5652 2648 5707 Curis
2689 5649 2896 5713 nostris
2929 5661 2994 5711 ad
3030 5659 3067 5713 I.
3101 5649 3153 5714 ὁ.

2308 5722 2383 5806 ᾤ)
2425 5721 2710 5804 Vetustutn
2762 5738 3066 5806 certantem
3093 5741 3254 5786 vocat
3295 5730 3549 5803 Pltotius,
3591 5736 3714 5806 quia
3751 5733 3810 5787 de

2233 5794 2424 5846 eadem
2454 5809 2512 5848 re
2537 5794 2649 5864 jam
2685 5812 2740 5865 q.
2766 5797 2981 5853 CXLIX
3015 5800 3344 5873 disputarat.
