4136 6444
386 430 519 497 1033

1120 440 1219 499 ΑΙ)
1246 440 1841 501 AMPHILOCIIIUM
1881 442 2230 512 QUJESTIO
2269 444 2919 510 CCXXXVIII-CCXL.

3521 452 3661 519 103s

376 544 456 598 ὢν
489 545 673 599 πολλοὶ
702 549 1049 619 κονισάμενοι
1080 551 1325 615 καὶτοὺς
1357 551 1554 615 ἄθλους
1590 553 1690 606 οὐκ
1729 552 1971 620 ἀγεννῶς

2079 555 2228 608 multi
2284 571 2405 610 sese
2443 560 2796 615 exercuerim
2824 569 2877 615 et
2906 577 3012 617 non
3058 564 3376 633 ignobiliter
3411 568 3658 625 decerta-

380 638 695 705 ἐνεγκόντες
737 640 835 710 τὴν
862 642 1019 709 νίκην
1044 644 1178 712 ἡμῖν
1210 643 1310 713 (ού
1350 643 1459 714 γάρ
1492 644 1603 715 ἐρῶ
1632 661 1684 697 τι
1710 644 1974 713 φαυλότε-

386 729 510 797 ρον)
558 729 800 799 καθορᾶν
836 733 897 784 ού
936 733 1217 804 παρέσχον
1263 735 1543 806 ἀνίκητονο
1579 736 1719 807 πλὴν
1756 738 1820 790 ἐκ
1864 736 1972 790 τῶν

383 821 778 892 προλαϐόντων
810 826 959 893 ἡμᾶς
991 826 1153 879 ὁσίων
1194 828 1289 880 καὶ
1326 828 1617 899 μακαρίων
1638 829 1849 900 ἀνδρῶν
1875 830 1972 882 λα-

384 911 485 975 ϐὰς
536 913 637 966 οὐκ
678 913 867 982 ὀλίγας
907 915 1318 986 συλλεξάμενοι,
1350 920 1446 973 καὶ
1492 920 1558 981 ἃς
1602 921 1636 990 ή
1683 921 1782 989 τῆς
1820 920 1972 984 θείας

387 1006 562 1075 ῥοπῆς
636 1006 895 1075 εὐμένεια
963 1014 1270 1081 παρασχεῖν
1327 1014 1459 1083 ἡμῖν
1502 1014 1604 1067 οὐκ
1664 1013 1969 1083 ἀπηξίωσε,

383 1095 587 1159 ταύτας
629 1099 867 1164 ἐκείναις
910 1102 1270 1171 συνάψαντες,
1314 1105 1587 1175 εὐχόμεθα
1628 1106 1727 1173 μὲν
1753 1106 1851 1176 τὴν
1874 1106 1972 1175 σὴν

386 1187 622 1257 σπουδὴν
671 1190 766 1243 καὶ
817 1189 1007 1244 ἐλπίδα
1038 1194 1112 1263 μὴ
1148 1196 1534 1264 κεκενωμένην
1588 1195 1829 1266 χαρίτων
1880 1196 1972 1249 καὶ

383 1279 637 1346 γνώσεως
661 1281 723 1333 ού
756 1282 1020 1354 δεομένης
1049 1284 1348 1356 ἀλλαχόθεν
1374 1285 1654 1355 γνώμονος
1690 1286 1969 1351 ἀπελθεῖν,

386 1372 433 1423 εί
463 1370 520 1424 δὲ
549 1372 665 1443 μὴ,
697 1373 1043 1446 βραχυτάτης
1086 1376 1168 1430 ἔτι
1206 1378 1464 1449 δεηθῆναι
1494 1379 1855 1449 διορθώσεως.
1899 1382 1973 1433 Τὸ

389 1461 489 1530 μὲν
536 1460 630 1517 οὖν
676 1465 897 1536 ἀνενδεῆ
953 1468 1046 1520 τὸν
1093 1467 1249 1537 λόγον
1296 1469 1598 1540 ἐπιζητεῖν,
1663 1471 1745 1534 είς
1796 1471 1972 1541 μῆκός

388 1552 537 1603 ἐστιν
565 1552 914 1616 ἐκϐιάζεσθαι
940 1556 1037 1627 τὴν
1063 1558 1303 1631 γραφὴν,
1338 1560 1401 1612 τὸ
1424 1559 1480 1611 δέ
1510 1558 1776 1632 σύντομον
1804 1562 1973 1616 ἀπαιο

387 1645 520 1708 τείν,
552 1644 725 1697 πολλὰ
743 1646 850 1700 τῶν
872 1647 1099 1702 δεόντων
1124 1652 1445 1721 ἐπιτρέπειν
1470 1653 1776 1707 ἀπολιπεῖν’
1808 1654 1969 1725 πλὴν,

386 1733 464 1795 ὡς
498 1734 564 1787 ἂν
592 1730 704 1799 οἷός
734 1755 794 1790 τε
827 1732 901 1803 ὦ,
940 1742 1271 1812 πειράσομαι
1303 1743 1444 1797 κατά
1475 1744 1575 1816 τὴν
1616 1746 1713 1815 σὴν
1750 1747 1972 1814 ἀξίωσιν

386 1821 475 1879 τὸν
510 1830 639 1899 περὶ
668 1830 793 1900 ὅρου
821 1832 978 1901 λόγον
1009 1836 1292 1905 προάγειν.

460 2004 523 2075 β’.
566 2007 629 2059 Ol
673 2009 930 2080 χάσματα
977 2012 1082 2083 γῆς
1121 2017 1549 2087 προκομίζοντες
1594 2023 1689 2076 καὶ
1738 2025 1975 2093 ναυάγια

386 2098 482 2150 καὶ
514 2096 701 2169 λοιμὸν
728 2102 888 2173 ἀέρος
919 2105 1012 2158 καί
1040 2124 1163 2161 τινα
1185 2109 1410 2165 τοιαῦτα
1432 2113 1595 2185 ἕτερα
1624 2115 1821 2188 ἀθρόον
1854 2118 1977 2171 πολ-

390 2188 496 2241 λῶν
561 2190 657 2243 καὶ
718 2193 989 2265 διαφόρων
1041 2198 1520 2271 περιλαμϐάνοντα
1580 2206 1830 2275 θάνατον,
1857 2204 1976 2264 εἶτα

392 2280 702 2352 ζητοῦντες,
740 2288 967 2354 πότερον
1004 2288 1206 2360 ὥριστο
1233 2292 1457 2360 τούτους
1491 2296 1625 2367 ύφέν
1652 2298 1729 2370 (6)
1756 2302 1851 2354 καὶ
1876 2301 1976 2373 τὴν

393 2377 564 2446 αὐτὴν
602 2376 776 2432 ἐλθεῖν
820 2380 1103 2453 τελευτὴν,
1150 2378 1295 2438 οὗτοί
1339 2404 1429 2457 μοι
1472 2389 1691 2444 δοκοῦσι
1737 2394 1799 2446 τὸ
1844 2394 1977 2447 καθ-

388 2468 668 2537 ορώμενον
686 2470 1019 2542 ζητούμενον
1055 2479 1249 2530 ποιεῖν·
1278 2478 1336 2543 ἐξ
1356 2474 1433 2533 ὧν
1464 2482 1651 2546 αὐτοῖς
1686 2485 1976 2554 συμϐαίνει

391 2561 700 2633 αἰσθήσεως
739 2566 940 2633 μᾶλλον
966 2568 998 2638 ἦ
1030 2570 1356 2636 ἀποδείξεως
1387 2573 1629 2643 δεῖσθαι,
1659 2578 1749 2631 ἴνα
1779 2580 1853 2649 μὴ
1882 2580 1977 2651 βα·-

395 2653 622 2725 θύτερον
652 2655 919 2723 ἐξετάζων
952 2661 1123 2727 εἴπω,
1164 2663 1258 2716 καὶ
1290 2665 1460 2737 αὐτῆς
1510 2667 1685 2722 διόλου
1718 2670 1818 2741 τῆς
1870 2672 1978 2727 ἀπὸ

392 2751 503 2815 τῶν
538 2752 817 2825 λογισμῶν
852 2756 1149 2829 προϊούσης
1194 2759 1451 2830 κρίσεως·
1482 2762 1543 2815 τὸ
1579 2763 1679 2835 μὲν
1711 2767 1820 2835 γάρ
1850 2767 1981 2835 ὀμο-

393 2844 572 2913 λογεῖν
609 2846 706 2916 μὲν
734 2847 803 2901 τὰ
826 2848 976 2913 ὄντα,
1011 2850 1193 2920 ζητεῖν
1225 2851 1282 2904 δὲ
1312 2852 1489 2907 ταῦτα
1518 2855 1568 2908 εἰ
1614 2854 1780 2921 ἔστιν,
1825 2858 1979 2913 οὐδὲν

392 2935 579 3006 ἕτερόν
605 2938 751 2991 ἐστιν
787 2939 819 3009 ἢ
867 2941 965 3010 τῆς
995 2944 1193 3012 νοητῆς
1229 2946 1323 2998 καὶ
1366 2948 1775 3019 ἀνερμηνεύτου
1818 2952 1979 3005 δυνά-

396 3046 542 3098 μεως
575 3030 910 3099 στηλιτεύειν
940 3033 1041 3101 τὴν
1068 3035 1373 3090 ἀσθένειανο
1415 3042 1462 3092 εί
1493 3039 1602 3111 γὰρ
1630 3041 1733 3095 ὑπὸ
1757 3043 1856 3115 τὴν
1883 3045 1980 3097 αύ-

390 3120 493 3190 τὴν
537 3123 882 3193 περιγραφὴν
910 3124 1002 3176 τοῦ
1048 3125 1279 3180 θανάτου
1312 3128 1544 3183 ἕκαστον
1572 3132 1780 3202 πλῆθος
1825 3150 1981 3203 περι-

2001 1891 2048 1949 Β

2075 646 2206 708 rint,
2237 648 2443 701 nullam
2489 649 2648 705 nobis
2702 651 3013 721 conspicua
3044 654 3287 709 victoria
3335 656 3474 725 (non
3511 660 3656 713 enim

2077 737 2345 807 abjectius
2364 738 2494 809 quid
2516 740 2887 811 dicam)spem
2915 744 3295 813 reliquerunt;
3317 762 3442 801 cum
3476 758 3658 803 tamen

2075 843 2139 883 ex
2170 828 2577 899 antiquioribus
2606 832 2815 888 sanctis
2855 833 3141 903 beatisque
3171 837 3305 891 viris
3334 850 3659 908 argumenta

2074 933 2183 972 non
2215 934 2384 988 pauca
2416 920 2823 991 collegerimus,
2864 923 2950 979 his
2978 925 3333 981 adnectentes
3363 928 3453 982 illa
3477 968 3491 993 ,
3534 944 3659 997 qua

2075 1011 2237 1066 nobis
2268 1011 2471 1067 divina
2492 1012 2613 1082 Opis
2647 1013 2935 1069 clementia
2978 1031 3269 1085 suggerere
3300 1033 3406 1073 non
3442 1031 3527 1075 est
3562 1022 3659 1075 de-

2074 1103 2316 1173 dignata,
2345 1114 2600 1174 optamus
2628 1106 2872 1175 quidem,
2897 1115 2955 1160 ut
2987 1116 3141 1161 tuum
3169 1110 3409 1164 studium
3438 1127 3502 1165 ac
3533 1128 3657 1182 spes

2074 1209 2184 1247 non
2221 1194 2379 1248 abeat
2410 1210 2580 1249 vacua
2616 1186 2825 1265 gratiis
2860 1205 2913 1251 et
2968 1199 3282 1267 cognitione
3311 1240 3326 1265 ,
3388 1217 3510 1271 qua
3548 1218 3657 1257 non

2076 1284 2339 1354 indigeat,
2370 1296 2427 1339 ut
2452 1286 2673 1340 aliunde
2695 1287 3036 1356 explicetur;
3070 1290 3153 1343 sin
3184 1300 3388 1354 autem,
3414 1302 3658 1361 utquam

2076 1374 2399 1429 brevissima
2434 1375 2675 1445 indigeat
2713 1378 3073 1433 correctione.
3126 1379 3425 1448 Exquirere
3473 1382 3656 1452 igitur,

2072 1473 2137 1517 ut
2166 1464 2282 1518 hac
2308 1466 2483 1518 oratio
2518 1466 2678 1535 plena
2712 1467 2783 1520 sit
2819 1467 3002 1537 nilque
3031 1466 3080 1522 ei
3113 1468 3276 1531 desit,
3313 1469 3454 1524 idem
3486 1479 3570 1525 est
3597 1486 3663 1524 ac

2072 1555 2403 1626 scripturam
2435 1556 2596 1611 istam
2644 1556 2699 1609 in
2737 1557 2965 1612 nimiam
3007 1558 3380 1628 prolixitatem
3411 1562 3659 1630 compel-

2074 1648 2207 1711 lere,
2244 1646 2565 1701 brevitatem
2593 1654 2775 1701 autem
2828 1647 2882 1701 in
2925 1649 3116 1704 eadem
3148 1651 3367 1721 exigere
3401 1651 3544 1706 idem
3579 1662 3663 1706 est

2074 1756 2139 1796 ac
2164 1741 2497 1811 permittere,
2528 1749 2589 1795 ut
2624 1742 2796 1795 multa
2835 1744 3148 1798 necessaria
3177 1747 3526 1800 omittantur.
3563 1747 3659 1800 At-

2075 1841 2255 1888 tamen
2285 1847 2385 1903 pro
2416 1832 2557 1887 virili
2591 1833 2836 1887 conabor
2855 1832 3011 1902 juxta
3037 1836 3378 1906 rogationem
3411 1848 3561 1893 tuam
3595 1837 3662 1893 de

2075 1921 2200 1976 vita
2226 1922 2464 1976 termino
2497 1935 2803 1976 sermonem
2841 1922 3162 1990 producere.

2146 2012 2203 2067 2.
2238 2012 2341 2080 Qui
2370 2013 2686 2082 repentinos
2717 2014 2901 2069 hiatus
2930 2022 3092 2070 terra
3125 2015 3415 2086 proferunt
3447 2024 3502 2070 et
3526 2030 3663 2070 nau-

2075 2107 2247 2178 fragia
2271 2114 2326 2161 ct
2351 2106 2497 2161 aeris
2521 2106 2888 2177 pestilentiam
2912 2108 3160 2178 aliosque
3177 2123 3341 2164 casus
3362 2107 3657 2177 ejusmodi,

2075 2198 2171 2268 qui
2224 2196 2525 2251 multorum
2575 2196 2741 2252 simul
2777 2199 3168 2267 variorumque
3218 2201 3662 2270 complectuntur

2076 2295 2335 2349 mortem,
2366 2295 2420 2339 et
2436 2285 2632 2341 deinde
2684 2298 2937 2357 quarunt
2966 2297 3150 2343 utrum
3184 2289 3466 2345 deﬁnitum
3493 2299 3661 2354 esset,

2078 2382 2132 2436 in
2153 2396 2320 2435 unum
2353 2380 2453 2436 hos
2481 2394 2674 2435 omnes
2692 2381 3057 2451 eumdemque
3092 2382 3391 2437 convenire
3422 2383 3659 2445 obitum,

2078 2474 2132 2528 bi
2171 2473 2304 2528 mihi
2332 2473 2587 2528 videntur
2615 2472 2669 2526 in
2688 2474 3050 2542 quaestionem
3071 2489 3271 2529 vocare
3295 2515 3311 2540 ,
3345 2475 3489 2544 quod
3522 2474 3659 2545 ipsis

2077 2566 2252 2621 oculis
2281 2565 2653 2635 conspicitur;
2707 2565 2855 2620 unde
2904 2565 3026 2621 istis
3074 2581 3242 2621 sensu
3277 2568 3463 2636 potius
3496 2581 3662 2636 quam

2079 2657 2553 2714 demonstratione
2579 2671 2719 2727 opus
2748 2666 2851 2721 est,
2884 2672 2954 2712 ne
2990 2657 3156 2712 altius
3186 2672 3302 2712 rem
3341 2659 3677 2713 examinans.

2079 2750 2293 2814 dicam,
2352 2748 2505 2819 ipsos
2537 2749 2702 2803 etiam
2738 2748 2950 2823 judicio
2997 2764 3063 2803 ex
3123 2747 3411 2804 ratiocinio
3466 2750 3665 2805 mentis

2079 2850 2370 2895 emanante
2402 2839 2697 2895 destitutos
2723 2853 2885 2904 esse;
2916 2853 3040 2892 nam
3073 2838 3320 2893 conﬁteri
3343 2838 3561 2909 quidem
3600 2854 3666 2893 ea

2079 2950 2204 3003 qua
2232 2943 2381 2999 sunt,
2412 2950 2660 3005 quarere
2692 2950 2841 3000 vero,
2876 2948 2943 2987 an
2995 2933 3112 2989 hac
3160 2934 3290 3000 sint,
3342 2933 3479 2988 nihil
3514 2934 3666 2987 aliud

2079 3035 2187 3090 est,
2230 3041 2399 3096 quam
2448 3026 2652 3082 mentis
2685 3036 2850 3095 atque
2885 3025 3257 3096 intelligentia
3286 3025 3664 3080 inﬁrmitatem

2083 3121 2327 3175 indicare
2356 3133 2420 3174 ac
2452 3118 2706 3188 prodere.
2747 3118 2806 3171 Si
2853 3119 3000 3172 enim
3043 3120 3147 3173 sub
3188 3120 3435 3173 eamdem
3474 3122 3669 3174 mortis

390 3210 766 3280 λαμϐάνεται,
813 3215 907 3267 καὶ
948 3215 1108 3271 τοῦτο
1136 3218 1615 3293 καθωμολόγηται.
1668 3225 1726 3277 ’0
1763 3226 1821 3278 δέ
1853 3228 1977 3295 ὅρος

2082 3210 2653 3279 circumscriptionem
2692 3208 2924 3277 singula
2978 3208 3358 3263 multitudines
3413 3224 3667 3277 compre-

390 3304 542 3357 οὐδὲν
569 3305 756 3375 ἕτερόν
783 3308 899 3359 ἐστι
922 3311 1073 3380 παρά
1093 3310 1152 3363 τὸ
1173 3311 1325 3376 τέλος
1354 3315 1585 3368 ἑκάστου
1612 3317 1710 3388 (7),
1734 3318 1854 3382 πῶς
1881 3320 1980 3391 οὐχ

390 3396 531 3466 ὅπερ
580 3397 938 3468 ὁμολογοῦσιν
988 3402 1115 3473 ὅρον
1162 3405 1491 3474 γεγενῆσθαι
1525 3408 1624 3460 οὐκ
1668 3410 1978 3481 ἐλέγχονται

388 3486 712 3555 ζητοῦντες,
764 3491 812 3542 εί
856 3490 964 3562 ἄρα
1018 3494 1159 3546 κατὰ
1210 3495 1429 3548 πάντων
1478 3492 1561 3560 εἷς
1610 3494 1679 3570 ἦν
1709 3502 1736 3553 ό
1783 3502 1980 3570 παγεὶς

385 3578 557 3645 ὃρος;
603 3579 743 3633 Ἀλλ’
786 3581 845 3635 ἓν
879 3586 976 3654 μὲν
1018 3584 1209 3650 τοῦτο,
1240 3586 1506 3657 ξδεύτερον
1542 3590 1620 3643 δέ’
1668 3592 1743 3643 Τίι
1780 3592 1979 3663 δήποτε

388 3668 828 3738 καταφεύγουσιν
870 3675 952 3735 είς
1001 3674 1204 3745 πλῆθος
1245 3676 1441 3748 ἁθρόον
1481 3678 1624 3733 οὕτω
1661 3681 1790 3751 μίαν
1816 3682 1981 3736 ἀπαί-

386 3776 548 3831 τησιν
592 3761 1053 3834 είσπραττόμενον
1081 3767 1302 3834 τέλους;
1334 3770 1367 3839 ἢ
1402 3770 1560 3840 δῆλον
1580 3773 1661 3825 ὄτι
1685 3775 1847 3827 τινῶν
1880 3774 1980 3846 μὲν

389 3852 517 3921 ὅρον
563 3852 953 3921 ὁμολογοῦντες
1000 3858 1130 3928 ’περὶ⁵
1174 3859 1229 3911 δὲ
1269 3860 1379 3914 τῶν
1410 3862 1671 3917 πλειόνων
1701 3866 1983 3938 ἀμφισϐη-

390 3938 633 4001 ττιῦντες.
679 3942 753 3992 Ού
799 3942 903 4013 γὰρ
949 3942 1014 3996 ἂν
1058 3946 1241 4009 αὐτοῖς
1289 3949 1369 4009 είς
1411 3949 1616 4014 πλῆθος
1640 3953 1751 4004 οὐδ’
1797 3955 1878 4016 εἰς
1923 3957 1983 4009 τὸ

390 4030 589 4100 ἀθρόον
619 4032 967 4105 ἡκαταφυγὴ
990 4035 1087 4104 τῆς
1118 4038 1399 4106 ἀριστείας
1430 4042 1718 4114 ἐπενοήθη·
1752 4048 1845 4098 καὶ
1878 4046 1983 4117 μὴν

390 4122 443 4173 εί
486 4122 648 4174 τινῶν
694 4124 792 4191 μὲν
838 4123 1086 4193 λέγουσιν
1126 4128 1271 4198 ὅρον,
1321 4130 1395 4201 μὴ
1442 4134 1662 4187 πάντων
1701 4136 1756 4189 δὲ
1780 4177 1794 4200 ,
1821 4137 1879 4202 ἐξ
1907 4132 1982 4193 ὧν

389 4214 550 4266 αὐτοὶ
592 4215 700 4268 τῶν
741 4217 899 4269 ἐνίων
924 4219 1047 4289 ὅρον
1081 4224 1176 4274 καὶ
1215 4224 1477 4291 σιγῶντες
1515 4228 1893 4299 ἀποδέχονται,
1919 4233 1982 4285 ἐκ

388 4304 502 4359 τῶν
536 4305 716 4359 αὐτῶν
756 4307 870 4361 ἐστι
902 4311 996 4363 καὶ
1038 4314 1150 4374 τοῖς
1183 4314 1328 4365 κατᾶ
1367 4315 1585 4369 πάντων
1627 4320 1718 4371 τὶν
1746 4319 1868 4389 ὅρον
1893 4318 1982 4372 λέ-

388 4416 581 4468 γουσιν
638 4400 990 4465 ἐκϐιάζεσθαι
1050 4404 1272 4469 τούτους
1321 4410 1413 4460 καὶ
1451 4409 1684 4472 ἄκοντας
1725 4410 1983 4466 ἕλκεσθαι

390 4491 533 4562 πρὸς
584 4496 1020 4561 συγκατάθεσιν·
1077 4494 1159 4562 οἷς
1200 4502 1308 4570 γὰρ
1355 4502 1554 4556 ἐκεῖνοι
1601 4503 1700 4567 τὰς
1749 4504 1983 4577 ἀπορίας

2083 3300 2435 3367 liendutttur,
2476 3300 2744 3355 terminus
2779 3306 2962 3354 autem
2996 3300 3133 3354 nihil
3175 3300 3323 3354 aliud
3373 3312 3459 3355 est
3499 3317 3671 3371 quam

2083 3391 2521 3462 uniuscujusque
2555 3390 2725 3446 linis:
2764 3390 3041 3461 quomodo
3097 3406 3207 3445 non
3262 3392 3668 3447 convincuntur

2079 3499 2327 3555 quarere
2351 3484 2499 3553 quod
2522 3483 2783 3549 fatentur,
2811 3483 2941 3537 dum
2982 3491 3265 3553 quarunt,
3285 3466 3297 3479 ’
3316 3499 3386 3538 an
3415 3500 3559 3539 unus
3599 3484 3667 3539 de

2080 3577 2341 3633 omnibus
2376 3577 2448 3631 sit
2496 3584 2738 3631 statutus
2765 3576 3068 3630 terminus?
3101 3573 3208 3629 Sed
3240 3575 3347 3630 hoc
3372 3591 3545 3631 unum
3584 3585 3671 3631 est

2080 3684 2146 3723 ex
2181 3667 2561 3737 argumentis;
2589 3665 2893 3722 secundum
2927 3681 3057 3720 vero
3086 3665 3421 3729 istud:Cur,
3457 3680 3667 3735 quaso,

2082 3762 2150 3816 ad
2178 3760 2581 3816 multitudinem
2613 3759 2957 3829 confugiunt,
3015 3774 3045 3812 a
3082 3773 3189 3828 qua
3219 3758 3342 3812 ﬁnis
3374 3758 3446 3811 ita
3474 3774 3669 3827 repen-

2085 3854 2232 3909 tinus
2271 3854 2731 3924 promiscuusque
2780 3850 3059 3921 exigitur?
3114 3848 3385 3904 Nimirum
3437 3850 3567 3919 quia
3605 3850 3671 3902 de

2082 3946 2362 4016 aliquibus
2394 3944 2687 3998 terminum
2735 3945 3099 4007 conﬁtentur,
3140 3942 3209 3996 de
3251 3940 3505 4011 pluribus
3541 3955 3671 3994 vero

2083 4055 2190 4093 non
2219 4038 2528 4094 concedunt
2556 4036 2886 4106 (dubitant);
2922 4052 3032 4090 non
3064 4036 3213 4090 enim
3249 4026 3523 4104 ejusmodi
3548 4048 3673 4104 per-

2083 4129 2291 4198 fugiunt
2331 4128 2399 4181 ad
2448 4126 2855 4181 multitudinem
2908 4142 3018 4179 uno
3076 4126 3295 4195 agmine
3346 4126 3668 4179 morientcu

2082 4220 2504 4290 excogitassent.
2545 4216 2611 4272 Et
2642 4228 2823 4272 tamen
2864 4216 2911 4271 si
2956 4217 3026 4271 de
3072 4216 3348 4288 aliquibus
3399 4216 3673 4271 allirmant

2085 4309 2399 4375 terminum,
2426 4323 2535 4363 non
2564 4323 2692 4362 vero
2730 4307 2799 4363 de
2836 4307 3136 4361 omnibus:
3174 4318 3285 4362 tum
3324 4307 3525 4377 quibus
3566 4307 3669 4378 ipsi

2086 4400 2393 4456 rationibus
2422 4398 2718 4455 terminum
2750 4399 2817 4455 dc
2850 4398 3129 4468 aliquibus
3170 4398 3255 4453 vel
3289 4398 3439 4453 taciti
3469 4397 3672 4452 admit-

2090 4501 2237 4559 tunt,
2263 4493 2462 4548 iisdem
2494 4493 2582 4548 vel
2612 4492 2768 4546 inviti
2800 4491 3053 4562 compelli
3078 4507 3141 4547 ac
3176 4491 3318 4546 trahi
3349 4499 3580 4561 possunt
3607 4493 3672 4542 ait

389 4584 791 4651 ἀποκρούονται
826 4589 985 4642 ἐνίων
1014 4593 1143 4662 ὅρον
1172 4593 1489 4658 δοξάζοντες
1532 4595 1643 4648 τῶν
1674 4597 1811 4666 πρὸς
1848 4596 1977 4649 ταύ-

2086 4590 2454 4658 prastandum
2472 4602 2759 4644 assensum
2783 4589 2869 4652 iis,
2889 4587 2984 4658 qui
3010 4588 3305 4642 terminum
3330 4587 3396 4641 de
3416 4586 3675 4641 omnibus

389 4693 494 4745 την
522 4677 960 4750 ἀπομαχομένων
999 4683 1099 4759 τὴν
1131 4684 1312 4752 δόξαν,
1354 4690 1466 4751 τοῖς
1495 4688 1677 4751 αὐτοῖς
1706 4688 1772 4742 ἂν
1814 4690 1863 4741 οί
1892 4690 1983 4742 εύ-

396 4766 686 4833 σεϐοῦντες
716 4772 1004 4837 κάκείνους
1024 4777 1435 4847 ἀποκρούεσθαι
1462 4781 1560 4842 τὰς
1590 4781 1861 4852 ἐπηρείας
1886 4782 1984 4833 ὲκ-

394 4858 746 4926 διδάσκουσι,
781 4862 848 4927 ἃς
883 4868 1025 4921 κατὰ
1066 4868 1175 4921 τῶν
1217 4870 1484 4938 λεγόντων
1506 4872 1602 4925 ἕνα
1628 4872 1810 4925 κοινὸν
1860 4873 1986 4945 ὅρον

390 4951 653 5005 ἁπάντων
690 4955 783 5007 ἐπὶ
810 4955 904 5008 τοῦ
945 4962 1431 5033 προχειριζομένου
1477 4962 1714 5034 πλήθους
1764 4964 1988 5033 γεγενῆ-

396 5044 523 5095 σθαι
565 5043 1007 5122 [προκομίζουσι]
1039 5051 1135 5121 (8).

476 5326 495 5375 ι
531 5347 542 5361 .
595 5309 706 5362 Ἔτι
738 5310 794 5363 δὲ
837 5312 895 5363 ού
946 5312 1107 5383 μόνον
1140 5315 1363 5367 ἐπειδάν
1392 5316 1710 5387 περίστασίς
1737 5335 1819 5382 τις
1860 5337 1976 5373 και-

398 5402 679 5473 νοπρεπὴς
707 5406 905 5475 ἐπιστῇ
928 5446 941 5469 ,
983 5405 1154 5477 ἁθρόα
1186 5408 1318 5476 γένη
1362 5409 1452 5462 καὶ
1482 5410 1715 5481 διάφορα
1747 5412 1827 5465 ἐνί
1867 5413 1977 5484 ὅρῳ

2083 4678 2602 4746 allirmant,Quibus
2634 4681 2779 4734 enim
2800 4679 3358 4750 respousionibusisti
3381 4678 3677 4733 terminum

2085 4770 2154 4826 de
2184 4771 2465 4840 aliquibus
2496 4769 2851 4826 admittentes
2922 4770 3177 4826 refellunt
3206 4770 3550 4840 objectiones
3578 4785 3672 4821 co-

2089 4880 2235 4927 rum,
2267 4864 2362 4933 qui
2392 4863 2522 4919 huic
2550 4863 2836 4919 sententia
2866 4864 3229 4931 reluctantur,
3258 4863 3451 4919 iisdem
3486 4870 3541 4916 et
3581 4876 3675 4914 ca-

2090 4956 2281 5011 tholici
2300 4957 2497 5011 docent
2520 4954 2767 5011 refellere
2787 4970 2880 5011 eos
2912 4971 3073 5025 posse
3104 4955 3441 5025 objectiones
3468 4955 3523 5008 in
3554 4953 3678 5009 illus

2080 5051 2341 5118 prolatas,
2372 5049 2466 5117 qui
2527 5063 2695 5101 unum
2733 5064 3088 5103 communem
3136 5050 3203 5103 de
3238 5048 3502 5103 omnibus
3549 5057 3669 5100 ter-

2099 5139 2305 5193 minum
2329 5137 2382 5191 in
2416 5137 2507 5193 illa
2532 5137 2883 5194 multitudine
2922 5139 3091 5195 fuisse
3132 5139 3490 5195 constitutum
3523 5154 3676 5194 asse-

2092 5240 2241 5284 l'lllll.

2163 5321 2217 5375 ὅ.
2253 5321 2479 5392 Insuper
2512 5339 2617 5375 non
2655 5325 2829 5375 solum
2860 5322 3081 5392 quando
3131 5338 3307 5378 novus
3352 5320 3552 5390 aliquis
3588 5320 3677 5372 in-

2089 5426 2279 5485 surgat
2313 5430 2493 5480 casus,
2534 5416 2681 5468 varia
2718 5427 2768 5467 ct
2798 5419 3109 5485 pi'mnis:'tta
3146 5416 3310 5470 simul
3340 5428 3541 5486 genera
3574 5413 3677 5467 h0-

1928 5591 2164 5648 NOTAE.

472 5738 549 5806 (6)
701 5741 791 5807 ὑφ’
813 5740 891 5794 ἓν.
923 5743 1053 5797 mei.
1086 5744 1191 5796 ὑπὸ
1226 5746 1375 5813 μίαν.

473 5809 871 5888 Πλϐειιίίυίλιιε
903 5813 1016 5888 jam
1051 5815 1107 5867 in
1140 5809 1241 5888 suo
1266 5816 1585 5887 Apograplw
1620 5819 1811 5873 vitium
1846 5820 1978 5875 huic

403 5882 574 5936 textui
605 5882 833 5938 subesse
874 5886 955 5939 vel
993 5900 1167 5953 pauca
1204 5882 1730 5955 dcchc'su'spiL-atus
1763 5899 1867 5945 θοι.

2164 5753 2239 5817 (8)
2267 5751 2468 5807 'l‘cxtus
2506 5753 2784 5807 vidi-batur
2819 5756 3065 5809 nonnihil
3097 5766 3398 5829 corruptus
3429 5764 3482 5812 et
3517 5771 3668 5815 manu

2094 5839 2208 5878 cus.
