4136 6470
441 421 581 487 1035

1575 427 1844 489 ΡΗΟΤΙΙ
1894 427 2408 490 PATRIARCH/E
2445 431 2556 493 CP.

3579 428 3738 496 1036

437 536 649 590 minum
697 532 793 589 uni
844 534 1038 590 mortis
1079 542 1316 590 termino
1362 535 1699 604 traduntur,
1751 539 1845 594 sed
1904 539 2022 609 ipsa

2151 539 2222 592 τοῦ
2255 539 2495 595 Θανάτου
2540 540 2950 612 παραδίδονται,
2977 540 3116 596 ἀλλά
3143 542 3236 596 καὶ
3266 543 3404 616 αὐτὴ
3440 545 3475 615 ἡ
3505 544 3740 614 ἀνθρω-

437 641 660 698 quoque
692 627 932 681 humana
965 627 1093 682 vitae
1147 627 1470 683 constitutio
1500 630 1748 699 quotidie
1781 630 2029 686 cernitur

438 720 784 775 narrationes
813 721 1086 790 ejusmodi
1123 736 1449 792 proponere.
1507 723 1721 779 Etenim
1784 740 1894 780 non
1946 735 2030 782 est

441 812 687 866 invenire
716 812 880 879 diem,
917 828 1027 884 quo
1059 812 1223 869 simul
1275 824 1330 870 et
1361 830 1528 870 senex
1575 825 1628 871 et
1663 816 1885 888 juvenis
1910 857 1927 883 ,
1974 826 2032 874 et

439 921 576 975 puer
600 915 655 960 et
685 906 882 960 mulier
907 918 963 961 et
989 906 1169 976 virgo,
1193 915 1248 963 et
1277 923 1482 978 egenus
1509 917 1566 964 et
1617 908 1772 966 dives
1809 919 1862 964 et
1900 909 2032 966 sul)-

439 997 588 1054 ditus
618 1011 671 1051 et
706 998 964 1068 princeps
1004 999 1195 1055 eadem
1253 1001 1451 1055 mortis
1502 1015 1706 1070 sagena
1747 1017 1855 1056 non
1889 1001 2029 1056 irre-

443 1091 671 1144 tiantur.
710 1089 823 1143 Cur
868 1090 1035 1160 igitur
1077 1090 1262 1144 relicta
1297 1091 1615 1161 quotidiana
1653 1092 1777 1146 vita!
1817 1093 2031 1148 consti-

443 1183 654 1236 tutione
686 1181 752 1234 ad
788 1181 1072 1236 hominum
1106 1183 1358 1238 interitus
1391 1183 1605 1252 fugiunt
1637 1199 1703 1238 ex
1728 1183 2032 1240 inlortunio

443 1273 627 1341 aliquo
669 1275 1092 1345 contingentes?
1137 1274 1405 1330 Nimirum
1437 1277 1567 1347 quia
1596 1293 1663 1331 ex
1695 1279 1782 1332 illa
1811 1278 2030 1348 quidem

443 1382 553 1421 non
581 1368 898 1422 existimant
927 1369 1069 1422 etiici
1100 1370 1246 1439 quod
1289 1370 1650 1434 contendunt,
1684 1387 1750 1426 ex
1786 1372 1909 1428 istis
1939 1389 2033 1428 au-

442 1469 549 1513 tem
583 1460 806 1515 casibus
837 1460 1165 1515 dubitationi
1196 1477 1309 1517 suae
1342 1461 1462 1516 dari
1491 1463 1710 1528 locum;
1764 1472 1819 1519 et
1853 1475 2032 1520 tamen

444 1553 518 1607 ibi
557 1569 776 1624 quoque
807 1554 954 1608 varia
985 1555 1148 1610 simul
1176 1571 1375 1623 genera
1415 1557 1507 1609 uni
1539 1558 1826 1627 eidemque
1871 1559 2035 1613 morti

445 1648 806 1703 inveniuntur
846 1648 984 1702 tradi
1020 1647 1274 1702 similiter
1303 1657 1468 1718 atque
1507 1649 1624 1715 hic;
1664 1649 1814 1704 illinc
1849 1659 2032 1705 autem

449 1742 814 1812 objectionem
849 1743 1151 1808 producere
1173 1757 1282 1796 non
1317 1744 1542 1808 audent,
1569 1745 1802 1813 ideoque
1827 1760 1924 1815 per
1949 1760 2032 1806 ea,

450 1849 573 1902 quae
599 1833 650 1887 in
685 1834 955 1888 mortibus
989 1835 1096 1888 illis
1151 1835 1498 1888 naturalibus
1546 1837 1769 1898 docent,
1807 1836 1859 1890 id
1891 1837 2036 1907 quod

450 1925 504 1980 in
537 1925 658 1979 istis
687 1923 976 1979 ert-ntibus
1013 1927 1274 1981 audacter
1302 1927 1840 1995 comminiscuntur,
1906 1943 2036 1998 pro-

450 2016 701 2070 cacitatis
732 2015 917 2086 potius
946 2031 1012 2072 ac
1042 2017 1372 2074 temeritatis
1401 2017 1702 2074 ostendunt
1749 2033 1911 2089 opus,
1950 2019 2038 2073 ni-

450 2107 636 2178 hilque
675 2107 964 2177 plausibile
1013 2109 1243 2163 omnino
1289 2118 1386 2166 aut
1433 2109 1808 2166 necessarium
1859 2125 2041 2181 argu—

453 2209 639 2255 mento
670 2201 777 2256 isto
808 2201 1056 2257 indicant
1099 2203 1373 2258 exhiberi.

529 2295 582 2348 4.
619 2293 760 2349 Deus
790 2306 1025 2350 mortem
1059 2310 1170 2351 non
1222 2295 1353 2351 fecit
1397 2299 1464 2362 ⁷⁵,
1514 2299 1703 2369 posuit
1758 2298 1906 2354 enim
1971 2299 2042 2355 ob

452 2386 644 2442 oculos
673 2387 870 2449 vitam,
913 2387 1112 2443 deinde
1149 2401 1409 2456 mortem,
1445 2405 1557 2445 non
1589 2392 1920 2456 naturalem,
1949 2408 2044 2447 ne-

453 2480 698 2535 cessitati
737 2479 1068 2551 subiectam,
1099 2482 1193 2537 sed
1219 2482 1394 2538 libero
1424 2483 1724 2541 voluntatis
1775 2485 2042 2554 arbitrio;

454 2582 739 2642 peccatum
766 2572 912 2628 enim
947 2580 1322 2644 perpetratum
1378 2585 1612 2631 mortem
1651 2577 1858 2648 genuit.
1912 2575 2048 2632 Vide

454 2664 772 2720 Adamum:
811 2665 992 2721 fuerat
1059 2666 1109 2721 ei
1173 2667 1460 2723 deﬁnitum
1509 2668 1697 2724 vivere
1748 2680 2049 2741 nongento-

455 2773 580 2812 rum
612 2757 837 2827 triginta
878 2773 1150 2814 annorum
1204 2773 1533 2827 cursum,et
1587 2761 1692 2817 nisi
1742 2774 2046 2832 peccasset,

459 2853 687 2907 omnino
701 2852 1077 2907 consummari
1096 2851 1329 2925 (scilicet
1359 2854 1424 2909 ad
1446 2853 1834 2924 perfectionem
1853 2857 2048 2912 adduci

459 2945 547 3000 vel
579 2944 812 2999 lectione
849 2953 1100 3000 mutata:
1148 2954 1210 3000 ἐι
1276 2960 1387 2999 non
1436 2948 1683 3016 peccanti
1741 2950 2052 3018 perenniter

461 3037 648 3091 vivere
673 3036 989 3107 statutum),
1044 3036 1155 3090 vita
1227 3035 1452 3093 deﬁnita
1517 3049 1637 3093 erat
1676 3041 1818 3109 apud
1854 3039 2048 3106 Deum,

464 3130 796 3199 praecognita
815 3144 948 3184 vero
974 3137 1028 3183 et
1053 3144 1236 3195 mors;
1257 3129 1463 3185 idcirco
1481 3145 1590 3185 non
1610 3140 1692 3186 est
1719 3131 1861 3187 Deus
1885 3149 2051 3188 causa

2127 631 2261 701 πίνη
2289 631 2383 686 τοῦ
2415 631 2534 704 βίου
2581 633 2919 699 κατάστασις
2944 632 3069 688 καθ’
3095 634 3307 706 ἡμέραν
3337 636 3736 690 ἐπιδείκνυται

2128 723 2357 780 τοιαῦτα
2376 723 2795 796 προϐαλλομένη
2815 726 3152 797 διηγήματα’
3185 729 3413 799 καὶγὰρ
3440 727 3544 781 οὐκ
3573 727 3737 781 ἐστιν

2130 817 2314 890 εὑρεῖν
2331 817 2570 890 ἡμέραν.
2601 818 2726 873 καθ’
2751 819 2820 890 ἢν
2843 819 2959 890 ἅμα
2978 837 3037 874 τε
3059 821 3240 891 γέρων
3265 837 3324 874 τε
3349 822 3444 876 καὶ
3476 821 3736 884 νεανίας,

2131 908 2227 962 κα).
2261 908 2391 972 παῖς
2438 907 2536 960 καὶ
2583 905 2724 980 γυνὴ
2771 908 2867 962 καὶ
2910 907 3218 979 παρθένος,
3267 906 3364 962 καὶ
3413 907 3587 978 πένης
3630 907 3734 959 καὶ

2131 1000 2387 1065 πλούσιος
2408 1041 2423 1067 ,
2452 999 2549 1053 καὶ
2586 999 2894 1072 ἀρχόμενος
2930 1001 3026 1053 καὶ
3063 1001 3248 1072 ἄρχων
3282 999 3390 1052 ὑπὸ
3417 998 3514 1070 τὴν
3549 997 3732 1068 αὐτὴν

2134 1094 2380 1164 σαγήνην
2409 1091 2504 1146 τοῦ
2536 1091 2774 1146 θανάτου.
2815 1091 3242 1162 περιδέδληνται
3271 1091 3369 1162 (9).
3401 1091 3469 1143 Τί
3500 1084 3594 1144 οὖν
3619 1090 3734 1160 τὴν

2133 1185 2513 1256 καθημερινὴν
2547 1184 2885 1238 κατάστασιν
2913 1183 3007 1238 τοῦ
3049 1183 3164 1254 βίου
3203 1183 3466 1254 φυγόντες
3491 1181 3584 1235 ἐπὶ
3620 1182 3732 1244 τὰς

2133 1282 2198 1333 ὲκ
2239 1277 2618 1349 περιστάσεως
2647 1276 2940 1346 γινομένας
2971 1275 3274 1346 διαφθοράς
3313 1271 3736 1343 καταφεύγουσι

2133 1372 2244 1426 τῶν
2275 1370 2611 1442 ἁνθρώπων;
2649 1370 2681 1440 ἢ
2713 1369 2871 1434 δῆλον
2903 1368 2980 1430 ὡς
3007 1366 3066 1433 ἐξ
3098 1369 3315 1436 ἐκείνης
3349 1365 3448 1438 μὲν
3479 1367 3539 1420 ού
3573 1366 3736 1436 νομί⁴

2135 1465 2290 1530 ζουσι
2312 1464 2371 1517 τὸ
2399 1461 2835 1533 σπουδαζόμενον
2857 1462 3040 1524 αὐτοῖς
3065 1458 3405 1525 ὲξανύεσθαι,
3441 1459 3507 1512 ὲκ
3533 1457 3590 1511 δὲ
3613 1457 3740 1510 τῶν

2137 1555 2548 1629 περιστατικῶν
2585 1554 2771 1626 χώραν
2816 1553 3090 1626 εὑρίσκειν
3134 1553 3196 1606 τὸ
3225 1552 3452 1619 ἄπορονο
3487 1551 3582 1606 κα).
3618 1551 3736 1622 μὴν

2137 1651 2302 1704 κάκεῖ
2343 1665 2400 1702 τε
2444 1647 2562 1716 ἅμα
2599 1647 2832 1718 διάφορα
2881 1646 3015 1717 γένη
3051 1644 3131 1716 τῷ
3165 1647 3247 1698 ἑνὶ
3285 1643 3504 1714 θανάτῳ
3545 1659 3734 1714 παρα-

2139 1740 2388 1811 πλησίως
2419 1741 2736 1811 εὑρίσκεται
2765 1738 3108 1809 ὲκδιδόμεναο
3137 1737 3357 1792 ἐκεῖθεν
3379 1736 3436 1790 δὲ
3466 1736 3566 1808 τὴν
3591 1735 3738 1788 ἀπο-

2141 1835 2266 1907 ρίαν
2306 1834 2368 1887 οὐ
2401 1835 2666 1906 προάγειν
2692 1831 3070 1903 τεθαρῥήκασι
3104 1831 3214 1901 (19)
3240 1829 3330 1882 διὰ
3357 1829 3457 1899 τῆς
3491 1831 3550 1882 ὲν
3584 1827 3736 1881 ἐκεί(-

2141 1942 2253 1990 νοις
2286 1923 2636 1987 διδασκαλίας
2663 1923 2726 1977 τὺ
2753 1923 2812 1976 ιν
2835 1921 3046 1986 τούτοις
3074 1921 3489 1991 νεανιευόμενον
3520 1936 3735 1990 προπε-

2141 2022 2292 2083 τείας
2329 2018 2530 2089 μᾶλλον
2561 2018 2658 2071 καὶ
2687 2016 3030 2088 θρασύτητος
3061 2015 3222 2086 ἔργον
3245 2013 3610 2077 δεικνύουσιν,
3640 2013 3734 2065 ού-

2141 2112 2230 2166 δὲν
2251 2111 2309 2165 δὲ
2339 2109 2567 2164 πιθανὸν
2598 2109 2734 2174 ὅλως
2763 2109 2876 2163 οὐδ’
2908 2110 3209 2180 ἀναγκαῖον
3243 2107 3621 2184 παρεχόμενον
3653 2106 3737 2176 τῷ

2143 2205 2584 2276 ὲπιχειρὴσαντι.

2214 2300 2277 2354 δ’.
2331 2299 2390 2351 '0
2421 2297 2555 2360 Θεὸς
2582 2296 2820 2352 θάνατον
2843 2294 2944 2350 οὐκ
2986 2296 3278 2368 ἐποίησενο
3307 2293 3473 2365 ἔθηκε
3500 2293 3610 2367 γὰρ
3653 2295 3738 2358 εἰς

2145 2394 2424 2467 προῦπτον
2476 2391 2645 2462 ζωὴν,
2693 2385 2815 2444 εἶτα
2857 2390 3110 2452 θάνατον,
3147 2388 3209 2442 οὐ
3253 2387 3482 2457 φυσικὸν
3518 2386 3738 2458 ἀνάγκη

2146 2486 2533 2558 προκείμενον,
2575 2482 2689 2539 ἀλλ’
2738 2480 3074 2550 αύτεξουσίῳ
3111 2481 3274 2552 ῥοπῇ.
3327 2479 3601 2551 Ἀμαρτξα
3625 2479 3736 2548 γάρ

2147 2579 2467 2636 τελεσθεῖσα
2488 2576 2725 2632 άπέτεκε
2745 2575 2998 2630 θάνατον’
3025 2573 3102 2628 ἴδε
3119 2572 3314 2644 Ἀδάμ·
3344 2571 3547 2645 ὥριστο
3574 2568 3740 2640 ζῆσαι

2149 2671 2450 2726 ἐνακοσίων
2492 2669 2788 2741 τριάκοντα
2837 2665 2976 2721 ἐτῶν
3019 2665 3238 2719 δίαυλον
3285 2662 3380 2718 καὶ
3422 2661 3498 2734 μὴ
3553 2661 3736 2732 ἀμαρ-

2149 2765 2258 2817 τῶν
2289 2763 2500 2837 (11-12)
2539 2760 2857 2816 τετελέσθαι
2888 2761 3108 2824 πάντως
3138 2760 3248 2830 (15)
3274 2801 3288 2815 .
3320 2758 3442 2828 Ζωὴ
3497 2755 3598 2827 μὲν
3629 2756 3740 2830 γάρ

2151 2855 2354 2928 ὥριστο
2385 2853 2538 2924 παρὰ
2557 2853 2696 2924 Θεῷ,
2733 2853 3084 2925 προέγνωστο
3111 2852 3169 2905 δὲ
3196 2852 3290 2905 καὶ
3314 2852 3342 2905 ό
3376 2850 3626 2912 θάνατος’
3650 2847 3747 2905 διὰ.

2153 2947 2314 3004 τοῦτο
2339 2948 2585 3011 ἀναίτιος
2623 2948 2652 2999 ὁ
2693 2945 2823 3009 Θεὸς
2851 2945 3110 3000 θανάτουο
3141 2943 3202 2998 ού
3231 2944 3340 3016 γὰρ
3367 2943 3400 3014 ἡ
3429 2941 3741 3013 πρόγνωσις

2155 3041 2451 3112 είργάσατο
2491 3039 2742 3106 θάνατον,
2794 3039 2908 3092 ἀλλ’
2939 3040 2973 3108 ἠ
3011 3038 3111 3109 τῆς
3147 3036 3366 3105 ἐντολῆς
3403 3034 3739 3106 παράϐασις.

2170 3131 2341 3204 Ἑνὼχ
2374 3133 2431 3186 δὲ
2473 3132 2582 3197 ζῶν
2608 3131 2710 3184 ἔτι·
2750 3129 2869 3193 πῶς
2908 3129 3105 3195 cauto;
3144 3123 3305 3181 ἆθλον
3330 3126 3614 3188 εὐσεϐείας
3643 3124 3745 3178 λα·-

464 3222 688 3290 mortis;
707 3237 883 3292 neque
909 3224 1055 3277 enim
1081 3223 1424 3292 prwscicntia
1449 3236 1670 3292 operata
1693 3235 1774 3280 est
1797 3235 2047 3284 mortem.

2158 3221 2269 3293 χὼν
2316 3222 2416 3293 τὴν
2468 3221 2779 3291 μετάθεσιν.
2826 3218 2893 3271 Τί
2948 3217 3007 3272 δὲ
3055 3216 3214 3283 Νῶε;
3263 3215 3577 3278 δικαιωθεὶς
3626 3212 3750 3266 δεύ-

464 3315 560 3374 sed
593 3315 836 3373 mandati
877 3318 1266 3385 transgressio.
1297 3315 1484 3371 Enoch
1516 3326 1701 3372 autem
1734 3317 1916 3372 adhuc
1966 3318 2051 3371 vi-

463 3406 563 3470 vit.
590 3407 876 3474 Quomodo
915 3408 1060 3464 ltoc?
1085 3407 1378 3464 Praemium
1407 3410 1660 3465 videlicet
1693 3412 1909 3480 pietatis
1955 3427 2055 3465 na-

463 3510 590 3557 ctus
621 3501 1056 3557 translationem.
1091 3501 1232 3568 Quid
1273 3518 1402 3556 vero
1436 3500 1550 3558 Noe
1587 3503 1680 3557 "?
1708 3502 2054 3560 Justiticatns

464 3595 562 3666 qui
592 3598 870 3652 secundus
903 3597 1094 3649 utuudi
1133 3595 1346 3650 semina
1379 3597 1657 3665 reparavit
1707 3607 1762 3651 et
1815 3598 2058 3652 servavit

467 3690 522 3744 in
557 3689 716 3744 undis
741 3690 813 3744 ob
835 3705 883 3744 ct
900 3690 1130 3744 iminum
1161 3689 1568 3743 multitudinem
1588 3689 1857 3744 submersi
1876 3689 2057 3756 ?Quid

470 3783 590 3849 Lot,
626 3783 933 3848 Sodomita,
964 3784 1058 3838 sed
1089 3799 1199 3836 non
1233 3781 1568 3837 Sodomitica
1586 3784 2056 3852 voluntate?Quid

470 3877 686 3947 Moyses
725 3877 820 3945 qui
852 3875 1113 3945 populum
1184 3875 1348 3930 Israel
1383 3876 1623 3930 servavit
1674 3873 1947 3947 Egyptiis
2003 3876 2056 3929 in

470 3965 761 4020 Tartarum
811 3965 1080 4036 deiectis?
1113 3965 1252 4033 Quid
1290 3980 1420 4020 vero
1458 3965 1556 4032 illi,
1612 3982 1876 4038 quorum,
1932 3966 2061 4022 licet

470 4074 581 4113 non
617 4058 971 4129 deliquerint,
1019 4060 1266 4114 membra
1327 4059 1386 4112 iu
1423 4057 1641 4115 deserto
1701 4059 2062 4114 exciderunt?

467 4151 609 4218 Quid
644 4167 776 4206 vero
799 4151 901 4216 illi,
933 4166 1072 4222 quos
1089 4152 1250 4207 tellus
1300 4151 1454 4207 vivos
1491 4151 1836 4220 sepeliendos
1867 4152 2062 4206 absor-

468 4243 597 4314 psit,
614 4241 838 4313 quando
853 4242 1126 4313 principes
1144 4243 1386 4297 tribuum
1407 4241 1702 4296 tumultum
1725 4239 2062 4297 excitarunt?

469 4335 610 4401 Quid
647 4351 781 4391 vero
814 4335 898 4406 (ut
927 4351 1144 4390 omnem
1182 4335 1392 4390 cladem
1437 4335 1490 4388 in
1561 4349 1781 4404 pmnam
1851 4333 2060 4404 peccati

471 4430 754 4484 inductam
805 4439 1139 4498 omnemque
1191 4428 1562 4483 voluntariam
1623 4427 2061 4484 interfectionem

471 4522 748 4592 omittam)
777 4521 1000 4576 eﬂatum
1032 4520 1165 4575 illud
1203 4535 1222 4575 :
1252 4540 1272 4572 ι
1311 4521 1369 4576 Si
1398 4521 1708 4584 volueritis,
1731 4521 1873 4575 bona
1906 4530 2066 4574 terra:

2159 3332 2316 3387 τερος
2374 3315 2580 3384 κόσμου
2651 3312 2947 3383 σπέρματα
2989 3309 3416 3380 ἀνασωσάμενος
3465 3307 3558 3360 τὸν
3616 3305 3745 3376 βρύ-

2160 3427 2278 3480 χιον
2307 3409 2417 3477 (14)
2465 3407 2696 3459 θάνατον
2727 3404 3039 3457 ὑποστάντα
3064 3403 3133 3457 δι’
3167 3401 3456 3472 ἁμαρτιῶν
3504 3398 3756 3470 πληθύῃ

2161 3499 2226 3552 Τί
2245 3501 2303 3553 δὲ
2327 3497 2470 3560 Λὼτ,
2489 3497 2809 3568 Σοδομίτης,
2832 3496 2893 3548 οὺ
2920 3494 3210 3562 Σοδομὶτου
3238 3492 3593 3564 προαίρεσινς
3621 3488 3670 3541 τί
3694 3488 3750 3540 δὲ

2161 3593 2403 3662 Μωυσῆς
2438 3590 2584 3659 ἀμφὶ
2621 3590 2738 3659 λαῷ
2791 3587 3102 3660 Ἰσραηλίτῃ
3126 3584 3440 3654 Αἰγυπτίων
3467 3599 3754 3654 ταρταρω-

2164 3685 2398 3749 θέντωνς
2434 3684 2500 3736 Τί
2527 3683 2582 3736 δὲ
2615 3677 2692 3736 ὧν
2719 3683 2790 3736 τὰ
2816 3682 2969 3736 κῶλα
2999 3681 3198 3734 ἔπεσον
3229 3682 3286 3732 ἐν
3317 3680 3384 3749 τῇ
3425 3677 3617 3746 ἐρήμῳ
3641 3674 3758 3727 τῶν

2168 3778 2242 3850 μὴ
2300 3776 2684 3840 πταισάντωνς
2735 3775 2789 3829 τί
2832 3776 2890 3829 δὲ
2937 3773 3033 3838 οὓς
3081 3772 3364 3841 ζωτάφους
3395 3769 3639 3824 δέδεκται
3682 3769 3753 3838 γῇ

2163 3870 2274 3924 τῶν
2313 3869 2428 3940 (15)
2473 3867 2986 3941 συνστασιασάντων
3047 3865 3376 3936 φυλάρχων;
3426 3861 3480 3914 τί
3531 3859 3589 3913 δὲ
3633 3860 3754 3928 (ἵνα

2165 3965 2348 4017 πᾶσαν
2389 3961 2537 4015 ἐάσω
2577 3961 2898 4031 ἐφάμαρτον
2939 3958 3319 4030 πανωλεθρίαν
3365 3956 3462 4012 καὶ
3515 3955 3760 4008 ἑκούσιό-

2165 4056 2327 4126 τητα)
2359 4053 2440 4119 τὸ,
2472 4071 2490 4105 ι
2536 4052 2660 4106 Ἐάν
2693 4052 2908 4122 Θέλητε,
2931 4052 3000 4104 τά
3022 4050 3204 4120 ἀγαθὰ
3241 4053 3338 4121 τῆς
3361 4049 3466 4118 γῆς
3495 4045 3753 4117 φάγεσθε·

2165 4151 2214 4203 εί
2236 4149 2293 4203 δὲ
2320 4147 2417 4220 μὴ,
2448 4147 2694 4220 μάχαιρα
2717 4147 2861 4217 ὑμᾶς
2885 4145 3170 4200 κατέδεται
3194 4161 3208 4209 ;
3235 4163 3252 4196 ι
3278 4143 3342 4195 Τί
3367 4143 3423 4196 δὲ
3445 4143 3538 4205 οὒς
3573 4141 3758 4202 Ἠλίας

2165 4242 2360 4306 ἀθέους
2400 4240 2761 4312 κατῃθάλωσε
2825 4238 2964 4310 πυρὶ
3012 4239 3142 4308 Θείῳ
3187 4237 3383 4307 ἱερεῖς,
3416 4237 3512 4288 καὶ
3564 4233 3760 4302 διπλῆν

2167 4332 2607 4403 πεντηκοντάδα,
2634 4333 2771 4402 πρὸς
2801 4330 2912 4394 οὒς·
2945 4348 2963 4381 ι
2995 4329 3302 4383 Κατέλιπον
3335 4327 3560 4398 ἐμαυτῷ
3589 4324 3760 4377 ἑπτά·-

2167 4441 2256 4486 κις
2288 4423 2492 4494 χιλίους
2509 4421 2706 4491 ἄνδρας
2731 4440 2748 4472 ι
2780 4423 2876 4474 καὶ
2899 4419 2958 4473 ὃν
2979 4419 3174 4491 νεκρὸν
3193 4417 3547 4485 ὲξανέστητες
3573 4413 3762 4467 Ταῦτα

2171 4515 2268 4567 καὶ
2297 4513 2364 4566 τά
2396 4511 2625 4566 τοιαῦτα
2657 4512 2706 4563 εἰ
2744 4510 2979 4581 ὥρισται
3025 4508 3238 4563 Κλωθὼ
3277 4509 3414 4579 πρὸς
3459 4506 3627 4566 Θεοῦ,
3651 4502 3757 4557 ποῦ

475 4615 777 4671 comedetis
807 4615 889 4681 7’;
921 4615 1006 4670 sin
1031 4623 1238 4678 autem,
1271 4615 1486 4685 gladius
1531 4614 1816 4669 devorabit
1851 4614 1991 4667 vos?
2037 4631 2047 4666 ι

2168 4607 2229 4659 τὸ
2260 4603 2628 4670 αὐτεξούσιον,
2669 4604 2756 4658 ἵνα
2792 4603 2868 4675 μὴ
2890 4602 3031 4656 εἴπω
3058 4602 3118 4655 τὺ
3139 4602 3380 4666 άτοπον;
3416 4599 3481 4651 Τί
3523 4598 3579 4651 δὲ
3614 4598 3762 4690 ἡ-τε-

474 4705 617 4773 Quid
651 4721 779 4762 vero
811 4705 910 4772 illi,
944 4720 1086 4776 quos
1127 4704 1276 4760 Elias
1317 4705 1439 4774 igne
1483 4705 1690 4760 cmlesti
1738 4705 1791 4758 in
1819 4706 2060 4759 cinerem

475 4797 734 4854 conﬂavit
760 4798 959 4868 impios
987 4798 1302 4852 sacerdotes
1331 4797 1406 4861 ⁷⁸,
1454 4796 1649 4866 bisque
1714 4795 2065 4866 quinquage-

479 4894 670 4948 narios
700 4895 745 4931 ⁷³
776 4894 927 4947 viros
965 4908 1032 4946 ex
1067 4891 1199 4955 illis,
1240 4891 1310 4945 de
1354 4877 1558 4959 quibus
1622 4889 1785 4960 (dixit
1855 4887 2066 4959 Deus):

484 5005 506 5038 ι
544 4986 758 5054 Reliqui
804 4986 937 5040 mihi
969 4994 1176 5056 septem
1212 4983 1384 5039 millia
1411 4983 1657 5036 virorum
1688 4980 1735 5018 ⁸ο
1773 4999 1793 5034 ι
1839 4993 2069 5050 etquem

550 5187 595 5218 ’⁷³
627 5186 757 5253 Sap.
809 5201 848 5249 ι,
901 5186 986 5238 15.

1084 5185 1137 5216 τί
1154 5183 1290 5239 Gen.
1328 5199 1379 5247 v,
1418 5182 1510 5236 ‘24.

480 5259 526 5290 ⁸⁸³
560 5257 630 5331 Ill
657 5256 789 5328 Reg.
823 5274 936 5320 th,
975 5257 1064 5328 l8._
1384 5255 1386 5258 ’

1622 5182 1667 5213 ⁷⁵
1703 5179 1806 5236 lsa.
1868 5197 1908 5245 ι,
1965 5179 2056 5250 19,
2094 5180 2188 5238 20.

2170 4699 2396 4752 λευταία
2426 4696 2774 4768 πανωλεθρία
2802 4695 2911 4749 τῶν
2947 4692 3294 4765 Ἰσραηλιτῶν
3316 4689 3606 4762 εἴσπραξις
3627 4685 3771 4745 οὖσι

2173 4790 2460 4863 Κυριακοῦ
2488 4790 2724 4861 αἵματος
2743 4789 2838 4842 καὶ
2861 4783 3430 4857 προφητικοῦιλύθρου
3462 4782 3529 4835 δι’
3570 4781 3762 4834 ἰταλι-

2175 4885 2280 4955 κῆς
2318 4885 2557 4955 λόγχης;
2596 4882 2655 4949 ἐξ
2690 4884 2820 4952 ὅρου
2863 4881 3089 4949 γέγονεν
3127 4879 3160 4947 ἢ
3201 4877 3261 4944 ἐξ
3305 4876 3686 4946 ἑκουσιὸτητος

2177 4978 2387 5043 ἄλλως
2434 4977 2500 5030 Τί
2528 4975 2585 5032 δὲ
2623 4973 2684 5027 τδ
2717 4975 2797 5038 είς
2834 4973 2930 5027 τὸν
2963 4973 3130 5026 Ἅϐελ
3161 4969 3498 5042 διαπραχθὲν
3542 4967 3770 5040 μιαιφὸ-

2303 5179 2346 5223 ἰβ
2379 5178 2446 5235 111
2505 5177 2638 5250 Reg.
2684 5192 2841 5243 xvm,
2872 5177 2963 5232 40.
3073 5176 3119 5208 ⁷⁸
3149 5173 3212 5230 ιγ
3259 5172 3393 5245 Reg.
3428 5190 3470 5237 ι,
3520 5173 3553 5228 9
3610 5188 3772 5243 εριιίι·

2017 5431 2248 5490 NOTAE.

581 5611 637 5668 9)
665 5608 827 5662 Deest
862 5603 1127 5675 particula
1152 5615 1382 5675 negans.

581 5611 637 5668 9)
665 5611 827 5662 Deest
862 5611 1127 5675 particula
1152 5615 1382 5672 negans.

558 5611 677 5750 (10)
710 5677 951 5750 Videtur
971 5676 1164 5728 deesse
1184 5670 1463 5750 particula
1487 5668 1760 5750 quzedam.
1867 5735 1879 5748 .

592 5741 768 5817 11412)
803 5744 1159 5817 Catiforuset
1184 5741 1275 5817 llic
1301 5741 1438 5810 quid,
1479 5743 1693 5817 deesse
1730 5741 2063 5817 suspicatur.

592 5756 768 5817 11-12)
803 5756 1080 5801 Cattt‘orus
1104 5756 1159 5797 et
1186 5756 1275 5796 tuc
1301 5756 1438 5810 qum
1485 5756 1679 5794 deesse
1730 5756 2063 5808 suspicatur.

561 5756 678 5888 (15)
705 5818 841 5888 Coti.
867 5813 1168 5888 τετελέσθω
1197 5813 1437 5888 πάντως.
1477 5811 1533 5864 Si
1561 5809 1697 5864 nilttl
1735 5810 1908 5888 deest,
1953 5817 2067 5874 tum

492 5876 587 5956 aut
618 5876 897 5941 τετέλεστο
926 5882 1210 5953 legendum
1238 5882 1463 5940 videtur
1486 5891 1582 5937 aut
1609 5876 1948 5932 τετελέσθαι.

2261 5593 2371 5679 (14)
2409 5590 2502 5648 Sic
2530 5589 2811 5647 Catilorus
2857 5589 2960 5661 legi
3001 5589 3140 5655 vult,
3172 5605 3299 5644 cum
3352 5587 3525 5643 codex
3572 5589 3778 5646 habeat

2184 5682 2532 5861 ῗρξὲἒιῗὲοά.
2565 5735 2659 5806 μή.
2697 5733 2800 5789 Sed
2836 5748 3019 5790 sermo
3047 5742 3129 5788 est
3164 5731 3234 5788 de
3273 5730 3396 5786 loco
3425 5727 3590 5783 Nam.
3627 5727 3776 5788 XVI.

2221 5847 2232 5859 .
2262 5816 2280 5835 υ
2305 5845 2318 5858 .
2352 5821 2468 5861 sca.

2208 5847 2232 5872 _.
2262 5816 2318 5872 2.
2352 5821 2468 5876 seq.
