4136 6416
432 386 568 450 1037

1405 389 1504 448 AD
1535 385 2129 447 AMPIIILOCHIUM
2160 386 2506 456 QUASSTiO
2542 389 2757 451 CCXL.
3342 417 3385 440 κ-

3564 392 3725 456 1038.:

426 516 610 568 νημα;
640 498 702 552 Et
731 498 856 570 ὅρος
887 499 1190 564 τετέλεστο,
1214 499 1268 552 τί
1304 498 1445 553 Καῒν
1470 500 1545 562 ὡς
1576 499 1859 571 ὑπηρέτης
1884 502 2012 571 ὅρου

2118 500 2405 555 suscitavit
2433 505 2751 558 mortuum?
2790 506 2917 560 Haec
2945 512 3002 560 et
3024 506 3225 561 similia
3273 507 3319 562 si
3383 506 3578 563 Clotho
3606 526 3704 579 per

426 589 817 659 ἀδελφοκτόνος
848 591 925 645 ὣν
971 592 1157 645 στόνον
1189 591 1353 654 αὐτὸς
1373 592 1469 645 καὶ
1493 592 1745 662 παγγενῆ
1770 592 2021 646 πανωλεο-

426 681 589 753 θρίαν
614 683 859 753 ἐσχάτως
887 683 1335 749 καταδικάζεται,
1354 686 1452 738 καὶ
1468 683 1587 748 πῶς
1615 684 1707 739 τὸν
1737 684 1906 752 φονέα
1927 685 2015 737 νό-

432 793 530 847 μος
560 776 703 839 θεῖος
726 778 791 830 ὲκ
812 777 938 830 Νῶε
962 776 1092 847 ἄχρι
1113 778 1213 847 τῆς
1236 777 1396 849 δεῦρο
1417 777 1634 848 θανάτῳ
1659 777 2017 841 καταδικάζει

431 867 549 937 μετ’
571 867 947 934 ὲπιστάσεως;
971 867 1005 938 ἢ
1036 867 1155 933 πῶς
1179 869 1241 922 τὸ
1268 870 1347 934 είς
1370 868 1461 924 τὸν
1494 870 1669 939 Ἀγάγ
1699 870 2015 940 λογιστέον;

427 960 478 1011 εί
519 957 849 1028 πεπλήρωτο
889 960 918 1011 ὁ
953 960 1033 1023 εἰς
1075 960 1240 1014 αὐτὸν
1274 962 1419 1033 ὅρος,
1451 962 1550 1015 οὐκ
1577 961 1887 1033 ἐτεθνήκει,
1922 963 2018 1016 καὶ

429 1045 507 1116 μὴ
541 1046 868 1118 βουλομένου
919 1048 1014 1102 τοῦ
1051 1050 1224 1104 Σαοὺλ
1261 1051 1490 1117 πατάξει
1522 1054 1720 1119 wit-6v;
1755 1053 1821 1106 Τί
1867 1053 1924 1107 δὲ
1965 1053 2018 1105 οἱ

424 1136 520 1189 τοῦ
564 1137 684 1191 Ἰὼϐ
714 1141 904 1205 παῖδες
924 1181 939 1203 ,
972 1143 1084 1213 ὅρῳ
1113 1141 1147 1213 ἢ
1184 1142 1462 1215 ὲξαιτήσει
1508 1146 1687 1200 Σατάν
1713 1145 1855 1215 (16);
1884 1145 1935 1198 τί
1961 1144 2017 1198 δὲ

438 1228 715 1295 Ἐζεκίαςο
738 1233 790 1286 τί
815 1234 871 1287 δὲ
894 1233 1211 1301 Νινευῖται;
1245 1236 1297 1290 τί
1338 1237 1394 1290 δὲ
1419 1238 1467 1290 oi
1499 1237 1732 1307 καθεξῆς
1758 1238 1827 1291 δι’
1859 1239 2018 1292 εὐτυ-

425 1322 551 1391 χίας
582 1325 958 1391 ἀνασωθέντες
983 1329 1015 1398 ἢ
1037 1328 1130 1381 καὶ
1162 1328 1460 1400 σωζόμενοι
1486 1348 1501 1398 ;
1536 1331 1666 1384 τίδὲ
1697 1330 1801 1403 [τὸ]
1838 1351 1856 1383 ι
1897 1333 2016 1384 Ἵνα

425 1430 508 1478 τις
543 1415 607 1487 θῇ
637 1415 815 1486 ψυχὴν
843 1417 985 1488 ὑπὲρ
1018 1419 1442 1490 στεργομένου,ι
1482 1415 1543 1475 οὗ
1572 1423 1941 1494 πρόγραμμος
1965 1422 2016 1474 οἱ

426 1508 571 1575 ἅγιοι
620 1510 934 1579 μάρτυρεςς
983 1511 1107 1575 Πῶς
1136 1513 1196 1566 τὸ
1239 1514 1425 1577 Φινεὲς
1458 1514 1619 1585 ἔργον
1653 1516 1878 1582 θετέον;
1916 1534 2016 1570 κα-

425 1604 707 1674 κοπραγίᾳ
738 1604 770 1673 ἢ
803 1605 955 1673 ὅρῳ;
991 1604 1102 1657 Ποῦ
1136 1606 1194 1658 δὲ
1225 1605 1306 1670 τὸ,
1353 1626 1371 1659 ι
1432 1608 1559 1661 Ἐὰν
1594 1609 2012 1682 ἀγαθοεργήσῃ,

425 1691 523 1764 ἔσῃ
555 1696 993 1766 μακροχρόνιος;
1023 1697 1126 1750 ποῦ
1153 1697 1211 1751 δὲ
1236 1697 1318 1760 τὸ,
1357 1717 1377 1750 ‹
1425 1698 1809 1753 Ἐλασσονοῦσι
1843 1702 2015 1771 φυλὰς

424 1788 725 1857 ἁμαρτίαις
782 1789 849 1843 Τί
905 1788 963 1844 δὲ
1016 1791 1066 1843 οἱ
1117 1790 1291 1860 δειλία
1343 1792 1574 1846 θανάτου
1638 1794 2010 1864 ἀπαγχόμενοι

423 1881 688 1946 ἑκουσίως
736 1882 768 1955 ἢ
812 1884 967 1937 αὐτοὶ
1018 1884 1142 1938 καθ’
1195 1884 1578 1956 οίονδηποτοῦν
1633 1886 1835 1957 τρόπον
1880 1887 2010 1939 ἑαυ-

422 1974 549 2037 τοὺς
610 1976 963 2047 ἀναιροῦντες
1006 1976 1054 2048 ,ἢ
1099 1977 1372 2042 ἀκουσίως
1414 1979 1546 2049 παρ’
1596 1977 1801 2049 ἐτέρων
1857 1977 2015 2031 τοῦτο

423 2066 741 2137 πεισόμενοι
922 2068 1140 2141 λιμῷἢ
1223 2069 1373 2140 κόρῳ
1425 2069 1460 2141 ἢ
1510 2068 1670 2139 ψύξει
1733 2070 2012 2142 πληθούσῃ

424 2159 455 2210 il
490 2159 667 2232 θέρμῃ
696 2162 729 2232 ἢ
762 2161 1017 2232 λοιμώδει
1053 2163 1193 2233 νόσῳ
1216 2163 1248 2234 ἢ
1272 2164 1372 2217 ὅσα
1403 2163 1656 2234 βοηθείας
1689 2164 2015 2235 ἰσχυρότερα

420 2251 455 2320 ἢ
498 2251 886 2324 ἀθεράπευτα,
933 2255 1021 2309 ἵνα
1062 2254 1137 2325 μὴ
1170 2255 1315 2323 λέγω
1356 2255 1535 2310 πάντα
1568 2256 1639 2309 τὰ
1668 2255 1735 2308 δι’
1780 2257 2013 2328 ἀνραιρέ·⁵

425 2361 565 2408 σεως
596 2346 863 2416 αἴματος;
909 2348 974 2400 Τί
1003 2347 1060 2401 δὲ
1092 2346 1199 2400 ἐὰν
1220 2350 1330 2419 ἀφῇ
1374 2346 1473 2419 τὴν
1498 2348 1773 2419 ἀρτηρίαν
1800 2350 2011 2415 ἄδετον,

422 2437 691 2500 ἑκουσίως
731 2437 765 2509 ἢ
811 2439 905 2492 καὶ⁵
950 2440 1063 2510 μή;
1104 2440 1225 2509 οὐχ).
1272 2442 1331 2492 ὲν
1380 2440 1575 2511 αἵματι
1620 2440 1800 2512 ψυχῆς
1846 2442 2012 2497 αὐτοῦ

422 2529 679 2599 ὲκδράσει
720 2532 814 2584 καὶ⁵
852 2531 914 2584 τὸ
948 2530 1134 2602 νοερὸν
1181 2530 1442 2602 Πνεῦμα,
1482 2531 1511 2585 ὃ
1554 2533 1612 2587 ὲν
1654 2532 1829 2603 τούτῳ
1865 2532 2015 2586 δέδε-

420 2639 513 2675 ται
539 2623 583 2693 (l
600 2621 651 2689 7)
684 2622 806 2676 ἐπεὶ
829 2618 970 2693 αἷμα
1009 2623 1378 2694 ἀποτυροῦται
1401 2626 1481 2689 είς
1504 2625 1687 2698 σάρκα
1711 2642 1726 2692 ;
1754 2626 1871 2696 ἅμα
1904 2627 2014 2697 γὰρ

422 2712 597 2784 σὰρξ,
630 2713 745 2785 ἅμα
774 2714 1001 2783 Πνεῦμα
1024 2715 1157 2785 (18)*
1188 2715 1283 2769 καὶ
1306 2714 1425 2779 πῶς
1465 2717 1623 2770 τοῦτο
1644 2734 1659 2783 ;
1684 2718 1766 2771 ὅτι
1807 2720 1836 2771 ό
1871 2716 2014 2781 θεῖος

420 2807 600 2876 Λόγος
643 2809 738 2861 καὶ
776 2808 1187 2873 αύθυπόστατος
1231 2809 1369 2881 σὰρξ
1417 2810 1638 2879 ἐγένετο
1689 2811 1907 2882 σκηνῶν
1956 2812 2015 2864 ἐν

419 2900 557 2969 ἡμῖν
598 2898 728 2968 περὶ
768 2896 862 2951 τὸν
901 2897 1161 2967 ἀσφαλῶς
1198 2897 1459 2968 δήσαντα.
1515 2897 1581 2951 Τί
1618 2897 1675 2951 δὲ
1701 2899 1751 2950 oi
1796 2898 1901 2968 γῆν
1934 2899 2016 2952 ol-

420 2988 645 3054 κοῦντες
684 2990 893 3061 σεισμῷ
939 2990 972 3060 ἢ
1016 2993 1263 3063 πυρκαῖᾷ
1292 2991 1703 3063 ἀναιρούμενοι,
1742 2993 1837 3044 καὶ
1859 2994 1908 3045 οἱ
1956 2995 2015 3048 ὲν

422 3080 668 3153 θαλάσσῃ
691 3082 1104 3154 διασωζόμενοι,
1135 3082 1325 3155 ὥσπερ
1344 3086 1403 3137 ὲν
1447 3083 1682 3138 κλύδωνι
1705 3083 2015 3156 ἀπολλύμε-

2119 587 2316 654 Deum,
2353 590 2446 645 ubi
2481 594 2587 647 erit
2613 594 2827 648 arbitrii
2881 595 3131 662 libertas,
3166 613 3234 653 ne
3281 597 3461 654 dicam
3507 599 3709 653 absur-r

2116 682 2299 738 ditas?
2331 682 2471 750 Quid
2499 700 2627 740 vero
2657 696 2933 755 postrema
2987 690 3073 743 illa
3117 689 3487 745 [sraelitarum
3528 692 3702 747 inter-

2116 773 2280 829 feetio
2317 774 2370 828 in
2408 789 2626 844 poenam
2668 778 2955 848 sanguinis
2988 780 3200 835 Domini
3227 790 3281 835 et
3307 784 3699 853 prophetarum

2117 864 2279 920 caedis
2325 881 2422 936 per
2461 882 2613 921 arma
2651 867 3026 925 Romanorum
3092 872 3281 927 illata?
3334 874 3413 928 Ex
3462 876 3715 929 termino.

2117 971 2212 1011 seu
2244 957 2461 1012 decreto
2487 959 2716 1029 contigit
2754 975 2822 1014 an
2853 976 2919 1015 ex
2978 963 3210 1017 arbitrio
3242 964 3545 1019 voluntatis
3605 977 3703 1021 aut

2117 1048 2222 1102 alia
2248 1050 2505 1104 ratione?
2532 1051 2671 1118 Quid
2704 1067 2832 1107 vero
2851 1063 3075 1109 cruenta
3103 1056 3279 1111 caedes
3308 1056 3363 1109 in
3392 1057 3557 1113 Abele
3578 1073 3703 1128 per-

2116 1141 2368 1209 petrata?
2399 1140 2455 1194 Si
2500 1142 2771 1199 terminus
2834 1159 2866 1199 a
2902 1143 3012 1200 Deo
3066 1146 3406 1215 praestitutus
3450 1150 3702 1218 expletus

2118 1228 2223 1283 fuit
2250 1228 2319 1293 δι,
2352 1247 2452 1286 cur
2485 1231 2641 1299 Cain,
2666 1234 2761 1303 qui
2800 1244 2859 1288 ut
2885 1234 3057 1289 divini
3090 1236 3296 1291 decreti
3332 1238 3583 1294 minister
3607 1254 3703 1293 oc—

2116 1321 2249 1376 cidit
2300 1321 2550 1391 fratrem,
2588 1331 2655 1380 ad
2706 1327 2944 1396 gannitus
3003 1330 3119 1398 ipse
3172 1330 3447 1401 totiusque
3487 1333 3704 1401 generis

2115 1415 2401 1471 interitum
2463 1418 2899 1474 condemnatur?
2958 1418 3024 1474 Et
3073 1422 3351 1490 quomodo
3385 1422 3472 1477 lex
3519 1423 3704 1480 divina

2118 1522 2146 1560 a
2176 1504 2291 1562 Noe
2334 1508 2381 1539 θ’
2409 1509 2477 1563 ad
2510 1509 2614 1566 hoc
2663 1527 2841 1581 usque
2883 1519 3101 1582 tempus
3153 1513 3482 1568 homicidam
3543 1517 3703 1569 morti

2116 1600 2364 1655 addicit?
2395 1600 2502 1656 Aut
2531 1604 2809 1672 quomodo
2840 1604 2973 1660 illud
3004 1606 3071 1659 de
3101 1606 3251 1675 Agag
3273 1607 3318 1638 ⁸³
3339 1608 3703 1677 reputandum

2116 1691 2324 1747 est?Si
2356 1693 2623 1748 terminus
2685 1694 2788 1764 ipsi
2847 1694 3047 1752 fuisset
3106 1697 3466 1767 praestitutus,
3514 1714 3706 1753 nonne

2118 1785 2370 1852 obiisset,
2412 1787 2513 1843 etsi
2551 1788 2720 1843 nollet
2740 1787 2871 1842 Saul
2915 1789 3093 1858 ipsum
3159 1789 3505 1846 interﬁcere?
3562 1791 3704 1858 Quid

2119 1894 2250 1934 vero
2296 1879 2392 1934 filii
2422 1879 2525 1936 Job
2556 1878 2642 1935 ⁸⁸δῖ
2666 1881 2769 1936 Per
2810 1881 3180 1937 terminumne
3208 1898 3277 1937 an
3338 1897 3435 1954 per
3486 1882 3714 1938 Satanae.

2117 1973 2433 2044 petitionem
2469 1972 2889 2028 occubuerunt?
2912 1972 3052 2041 Quid
3091 1975 3381 2030 Ninivitm?
3411 1974 3707 2042 QuidEze-

2117 2067 2310 2123 chias?
2341 2065 2480 2133 Quid
2507 2082 2637 2122 vero
2661 2068 2866 2137 caeteri,
2898 2070 2990 2138 qui
3011 2084 3278 2140 prospero
3299 2071 3484 2141 aliquo
3506 2081 3703 2131 eventu
3728 2112 3729 2115 η

2116 2160 2316 2216 servati
2348 2168 2479 2216 sunt
2507 2161 2592 2215 vel
2625 2160 2809 2216 adhuc
2846 2162 3346 2229 servantur?’Quid
3402 2178 3531 2218 vero
3570 2162 3705 2217 effa-

2116 2265 2231 2309 tum
2265 2253 2401 2309 illud
2431 2272 2445 2308 :
2475 2272 2493 2305 ‹
2529 2251 2601 2309 Ut
2626 2261 2793 2324 ponat
2822 2255 2947 2324 quis
2988 2255 3229 2310 animam
3278 2271 3433 2310 suam
3461 2255 3707 2326 praedile-

2116 2354 2205 2401 eto
2229 2345 2297 2412 ⁸³,
2336 2365 2355 2398 ι
2414 2345 2575 2414 cujus
2630 2345 2710 2399 rei
2750 2361 2943 2402 norma
3001 2356 3132 2402 sunt
3180 2348 3353 2403 sancti
3410 2358 3703 2417 martyres.

2117 2436 2256 2504 Quid
2292 2451 2421 2492 vero
2445 2436 2513 2491 de
2534 2436 2628 2490 illo
2667 2437 2815 2507 quod
2843 2436 2974 2493 fecit
3004 2436 3242 2493 Pbinees
3280 2436 3327 2469 ⁸⁸
3350 2435 3703 2493 statuendum

2115 2528 2244 2584 est?
2276 2527 2356 2582 Ex
2384 2526 2694 2583 infortunio
2750 2528 2881 2583 illud
2915 2528 3168 2584 evenisse
3215 2544 3283 2582 an
3332 2541 3397 2581 ex
3450 2526 3708 2580 decreto?

2119 2620 2220 2676 Ubi
2252 2636 2381 2677 vero
2416 2621 2583 2677 illud:
2620 2639 2639 2672 ι
2675 2620 2734 2675 Si
2774 2620 2915 2677 bene
2941 2622 3140 2691 egeris,
3183 2620 3294 2675 eris
3339 2622 3635 2689 longaevus.
3681 2635 3700 2667 ι

2117 2712 2224 2768 Ubi
2271 2713 2403 2768 illud
2437 2730 2451 2767 :
2514 2731 2532 2764 ι
2569 2711 2823 2768 Minunnt
2887 2713 3062 2768 tribus
3116 2720 3341 2782 peccata
3376 2711 3466 2764 “7?
3498 2729 3517 2761 ι
3564 2709 3741 2775 Quid.

2119 2817 2249 2857 vero
2273 2803 2367 2872 qui
2416 2810 2566 2857 metu
2614 2803 2809 2859 mortis
2865 2810 3063 2874 sponte
3116 2819 3174 2858 se
3223 2802 3573 2873 strangulant
3620 2804 3707 2857 vel

2117 2909 2343 2966 quoquo
2375 2894 2537 2949 modo
2598 2894 2815 2963 seipsos
2858 2894 3186 2951 interimunt
3236 2894 3321 2949 vel
3373 2894 3442 2958 ab
3490 2892 3612 2948 aliis
3652 2891 3707 2946 id

2120 2984 2299 3054 ipsum
2353 2984 2510 3039 inviti
2542 2984 2832 3054 patiuntur
2865 2986 2949 3041 vel
2983 2986 3155 3040 nimia
3185 2986 3365 3041 inedia
3411 2994 3507 3041 aut
3537 2985 3707 3040 satie-

2120 3088 2229 3134 tate
2260 3079 2342 3134 vel
2398 3061 2626 3148 cupioso
2660 3076 2866 3149 frigore
2905 3086 3009 3133 aut
3051 3078 3237 3133 calore
3278 3078 3365 3132 vel
3422 3078 3557 3132 febri
3612 3088 3709 3131 aut

420 3188 504 3225 νοι
551 3173 647 3225 καὶ
686 3174 736 3227 οἱ
782 3175 839 3226 ἐν
889 3177 960 3245 γῇ
1012 3174 1087 3245 μὴ
1120 3174 1520 3247 βλαπτόμενοις
1563 3176 1628 3231 Τί
1668 3179 1798 3241 τοὺς
1857 3179 2011 3250 παρὰ

2121 3170 2430 3240 pestilentia
2466 3168 2548 3223 vel
2602 3169 2727 3224 aliis
2770 3169 2979 3224 morbis
3033 3168 3437 3224 ineurabilibus
3487 3183 3558 3222 ne
3617 3183 3707 3221 re-

434 3260 710 3317 Ἑλισαίου
734 3265 1075 3329 ἀναστάντας
1110 3270 1339 3337 νεκρούς
1363 3283 1378 3332 ;
1418 3269 1472 3321 τί
1496 3269 1555 3322 δὲ
1587 3270 1717 3332 τοὺς
1742 3270 1896 3341 παρά
1920 3271 2015 3323 τοῦ

2118 3278 2370 3317 censeam
2401 3262 2588 3326 omnia
2620 3260 2712 3315 illa
2758 3277 2880 3331 quae
2909 3276 2972 3314 ex
3032 3260 3372 3323 detractione
3417 3259 3708 3331 sanguinis

421 3358 524 3423 τῆς
574 3358 719 3426 ζωῆς
750 3357 997 3428 ἀρχηγοῦ
1041 3359 1311 3429 Χριστοῦς
1362 3361 1428 3412 Τί
1462 3360 1519 3414 δὲ
1555 3361 1619 3414 τὸ
1652 3362 1931 3428 Ταϐιθᾶςς
1964 3362 2015 3415 τί

2118 3351 2490 3421 contingunt?
2519 3350 2662 3419 Quid
2695 3366 2828 3406 vero
2880 3352 2925 3407 si
2964 3351 3251 3421 reliquerit
3303 3351 3563 3405 arteriam
3594 3366 3704 3404 non

418 3446 477 3498 δὲ
509 3447 569 3498 τὸ
620 3447 865 3500 ’Λνανίου
910 3449 1003 3500 καὶ
1043 3448 1399 3520 Σαπφείρας;
1428 3450 1483 3502 τί
1515 3450 1574 3504 δὲ
1605 3451 1674 3504 τὰ
1701 3451 1809 3503 τῶν
1843 3452 2019 3505 ἄλλων

2118 3444 2339 3513 ligatam
2401 3444 2518 3499 sive
2557 3444 2817 3502 consulto
2873 3444 2989 3497 sive
3021 3439 3599 3501 in.consulto?Nonne
3651 3442 3705 3496 in

420 3532 593 3597 ἁγίων
616 3532 744 3602 ἄχρι
781 3534 881 3602 τῆς
903 3532 1061 3601 δεῦρο
1103 3533 1620 3604 τερατουργούμενα
1641 3534 1853 3605 νεκρῶν
1882 3537 2014 3588 ἀνα-

2118 3535 2385 3605 sangnine
2412 3534 2609 3589 animae
2638 3549 2753 3590 sua:
2801 3535 3030 3604 spiritus
3063 3549 3283 3605 quoque
3341 3534 3710 3588 intellectivus

422 3624 712 3691 6ι‹ἶ›ματα;
759 3625 807 3677 εί
839 3624 965 3695 ὅρος
994 3625 1357 3697 ἐπεπλήρωτο
1382 3668 1398 3694 ,
1431 3626 1549 3690 πῶς
1583 3626 1643 3679 τὸ
1692 3626 1909 3698 ὁρισθὲν
1956 3626 2017 3684 οὐ

2118 3625 2359 3697 effugiet,
2388 3626 2483 3696 qui
2510 3636 2596 3680 est
2628 3628 2681 3681 in
2714 3642 2780 3681 eo
2835 3627 3112 3696 alligatus,
3149 3627 3330 3681 statim
3365 3641 3430 3680 ac
3482 3625 3711 3691 sanguis

424 3716 774 3786 πεπέρασται
796 3734 811 3781 ;

2118 3720 2172 3781 in
2213 3718 2888 3781 earnemeondensalur?
2924 3720 3101 3774 Simul
3129 3720 3275 3775 enim
3330 3718 3549 3775 exsistit
3574 3732 3712 3777 .caro

419 3806 583 3861 simul
605 3817 659 3862 et
681 3810 926 3878 spiritus.
965 3809 1031 3867 Et
1054 3812 1334 3882 quomodo
1389 3813 1530 3867 hoc?
1569 3810 1711 3878 Quia
1760 3810 2007 3871 divinum
2050 3809 2291 3866 Verbum
2357 3818 2413 3866 et
2478 3826 2576 3880 per
2607 3826 2667 3866 se
2709 3811 3020 3866 subsistens
3060 3825 3189 3869 caro
3232 3809 3439 3864 factum
3488 3816 3572 3863 est
3610 3808 3711 3866 ha-

422 3899 599 3955 bitans
642 3904 695 3956 in
733 3904 889 3958 nobis
931 3906 997 3960 ⁸³.
1072 3906 1215 3972 Quid
1250 3922 1378 3962 vero
1435 3907 1752 3974 dicendum,
1818 3908 2040 3978 quando
2078 3907 2174 3976 qui
2244 3915 2446 3963 terram
2487 3907 2757 3972 habitant,
2792 3916 2954 3962 terra:
2987 3915 3137 3962 motu
3175 3915 3270 3961 aut
3328 3905 3587 3961 incendio
3620 3905 3711 3959 in-

420 3996 774 4059 terimuntur,
834 4001 889 4049 et
921 3995 1015 4064 qui
1045 3996 1098 4048 in
1124 3997 1263 4051 mari
1305 3998 1531 4068 degunt,
1560 4000 1867 4057 incolumes
1934 4007 2259 4063 servantur,
2318 4000 2462 4054 sicut
2534 4000 2625 4052 alii
2676 3999 2730 4052 in
2774 4007 3095 4067 tempestate
3147 4008 3379 4070 pereunt
3408 4009 3463 4055 et
3518 3999 3613 4069 qui
3656 4000 3710 4057 in

420 4101 559 4145 terra
593 4099 720 4145 sunt
753 4104 861 4143 non
895 4090 1200 4145 laeduntur?
1228 4090 1370 4156 Quid
1399 4093 1467 4147 de
1508 4094 1742 4148 mortuis
1800 4094 1868 4147 ab
1916 4092 2109 4148 Elisaeo
2177 4091 2231 4145 in
2299 4092 2467 4148 vitam
2537 4092 2854 4147 rever-alis?
2886 4091 3028 4159 Quid
3056 4092 3124 4147 de
3157 4093 3226 4146 iis
3269 4107 3409 4161 quos
3442 4094 3721 4151 excitavit,

420 4182 544 4237 vita:
575 4190 770 4235 auctor
801 4179 1099 4236 Christus?
1130 4180 1272 4247 Quid
1296 4182 1363 4237 de
1407 4181 1682 4249 Tabitha?
1755 4183 1896 4249 Quid
1940 4185 2007 4237 de
2046 4198 2113 4238 eo
2159 4184 2305 4254 quod
2373 4170 2605 4254 contigit
2671 4183 2903 4237 Ananiae
2957 4191 3014 4238 et
3074 4180 3404 4252 Sapphirze?
3459 4182 3601 4247 Quid
3642 4186 3711 4241 de

424 4277 541 4333 aliis
577 4284 919 4332 mortuorum
952 4278 1542 4349 exeitationibus,qu:e
1571 4280 1811 4335 adhunc
1833 4296 2006 4350 usque
2070 4280 2214 4335 diem
2256 4294 2305 4336 α.
2322 4279 2529 4335 sanctis
2589 4281 2966 4349 peraguntur?
3015 4276 3075 4331 Si
3122 4278 3392 4334 terminus
3450 4278 3710 4347 impletus

424 4383 560 4439 erat,
591 4373 871 4443 quomodo
901 4374 1049 4443 quod
1099 4374 1281 4430 fuerat
1300 4375 1585 4431 delinitum
1614 4391 1724 4431 non
1772 4375 1877 4431 fuit
1929 4375 2000 4431 ad
2033 4376 2287 4431 effectum
2316 4375 2641 4445 perductum
2664 4374 2701 4428 ?-

488 4470 547 4524 ε’.
593 4472 749 4525 Πᾶσα
778 4471 986 4526 παλαιά
1012 4473 1123 4545 (19)
1163 4474 1310 4545 ὅρον,
1354 4473 1493 4545 πλὴν
1534 4473 1699 4544 μόνου
1724 4473 1907 4535 τοῦὲν
1937 4476 2002 4545 τῇ

2187 4474 2239 4528 5.
2277 4472 2609 4529 Universum
2646 4471 2813 4528 Vetus
2845 4471 3263 4529 Testamentum
3302 4473 3470 4529 alium
3519 4474 3711 4528 termit-

424 4563 725 4633 παραϐάσει
752 4563 1049 4634 ἁμαρτίας,
1076 4583 1097 4617 ι
1150 4566 1197 4635 ῌ
1225 4564 1269 4617 δ’
1293 4563 1359 4618 ἂν
1377 4563 1496 4636 ὥρᾳ
1521 4565 1763 4634 φάγεσθε
1791 4565 2005 4620 ἀποθα-

2118 4580 2235 4619 uum
2270 4563 2572 4620 secundum
2609 4565 2951 4633 propositum
2979 4580 3089 4620 non
3122 4566 3390 4636 agnoscit,
3411 4565 3704 4620 nisiunum

423 4656 616 4717 νεῖσθε,
662 4676 681 4709 ι
743 4655 889 4710 κατά
928 4656 1188 4726 πρόθεσιν
1226 4655 1385 4710 ἄλλον
1423 4657 1524 4710 οὐκ
1550 4651 1726 4724 οἷδενς
1768 4659 1818 4711 εί
1855 4658 1913 4712 δὲ
1947 4658 2008 4712 τὸ

2118 4657 2283 4722 illum,
2340 4656 2431 4725 qui
2487 4665 2713 4725 peccato
2766 4671 2833 4711 ac
2894 4657 3334 4726 praevaricationi
3386 4658 3701 4713 statuitur:

425 4746 754 4815 Εὐαγγέλιον
789 4745 1052 4818 κηρύττει
1082 4748 1230 4817 ὅρον,
1265 4749 1441 4800 εἰπεῖν
1460 4748 1560 4801 οὐκ
1594 4747 1856 4819 ἔχω-ςὲνα
1887 4745 2006 4803 οἶδα

2118 4738 2135 4797 .'
2167 4744 2226 4800 In
2253 4762 2359 4816 qua
2396 4746 2529 4800 hora
2549 4746 2924 4813 comederitis,
2956 4747 3271 4803 moriemini
3296 4746 3343 4780 ⁸⁸
3363 4748 3386 4801 ?
3408 4766 3426 4799 ι
3455 4746 3537 4801 An
3566 4763 3701 4803 vero

427 4839 714 4909 ἀκρότατον
747 4838 873 4909 ὅρον
906 4836 1145 4908 Χριστοῦ
1180 4837 1430 4906 λέγοντος
1450 4854 1465 4868 ο
1505 4837 1860 4911 ἐρωτώμενος
1895 4840 2004 4910 γὰρ

2118 4839 2459 4911 Evangelium
2490 4842 2752 4911 praedicet
2790 4844 3110 4908 terminum,
3140 4843 3417 4899 affirmare
3449 4860 3692 4914 nequeo.

429 4932 570 5001 παρὰ
606 4930 920 5002 Φαρισαίων
955 4932 1086 5000 περὶ
1134 4928 1440 5002 ἀνθρώπων
1490 4929 1815 4995 Γαλιλαίων,
1867 4924 1944 4985 ὧν
1976 4933 2003 4985 ὁ

2118 4930 2284 4987 Unum
2310 4933 2426 4988 scio
2470 4949 2789 5004 supremum
2821 4951 2849 4989 a
2877 4934 3096 4991 Christo
3154 4935 3457 4991 indicatum
3510 4939 3701 4991 termi-

431 5023 649 5086 Πιλάτος
693 5024 754 5077 τὸ
800 5016 942 5094 αἷμα
989 5022 1128 5093 μετά
1176 5022 1286 5076 τῶν
1322 5022 1524 5075 θυσιῶν
1568 5021 1724 5094 ἔμιξε
1771 5024 1867 5077 καὶ
1910 5023 2004 5087 οὒς

2119 5041 2250 5079 ιιιιιι.
2285 5024 2654 5097 Interrogatus
2685 5032 2833 5082 enim
2862 5044 2891 5082 a
2910 5024 3205 5083 Pharisasis
3228 5028 3295 5083 de
3326 5029 3435 5084 illis
3453 5028 3699 5084 Galilaais

499 5221 537 5253 ⁸⁸
567 5221 701 5295 gen.
737 5237 811 5285 IV,
838 5220 1114 5295 Nise:qu
1164 5221 1372 5277 "Gen.
1394 5227 1549 5295 “,6.
1590 5223 1651 5295 _”
1676 5221 1851 5295 I'Reg.
1882 5240 1970 5286 κν,
1996 5226 2027 5279 8
2051 5241 2205 5295 seqq.

2281 5225 2329 5256 ιιι
2360 5225 2499 5256 Ἰηιιν
2551 5228 2615 5256 ιο
2663 5226 2747 5256 an.

499 5224 537 5253 ⁸⁸
567 5224 701 5275 Gen.
737 5237 811 5285 IV,
838 5224 906 5275 40
933 5237 1086 5291 seqq.
1164 5224 1372 5277 "Gen.
1394 5227 1528 5289 “,8.
1606 5224 1651 5256 ⁸³
1676 5224 1851 5295 I'Reg.
1882 5240 1970 5286 κν,
1996 5226 2027 5279 8
2051 5241 2129 5277 set
2153 5241 2205 5293 αι.
2281 5225 2329 5256 ⁸⁸
2353 5224 2456 5279 Joh
2478 5243 2517 5290 r,
2551 5228 2637 5291 18,
2663 5226 2750 5283 l9.-

438 5292 604 5357 xx\',7
659 5306 815 5362 seqq.
888 5292 932 5327 ⁸⁷
965 5292 1139 5348 Exod.
1194 5310 1286 5359 xx,
1346 5295 1435 5351 1‘2.
1512 5294 1557 5325 ⁸⁸
1580 5291 1741 5349 Joan.
1785 5296 1945 5359 1,14.
2024 5296 2070 5329 ⁸⁹
2118 5242 2255 5349 ait-ti.
2288 5312 2345 5361 ti,
2384 5297 2469 5350 Π.

2169 5314 2255 5349 en.
2288 5312 2345 5361 tt,
2384 5297 2469 5350 Π.

2864 5229 2909 5261 ⁸³
2934 5226 3093 5283 Joan.
3119 5246 3207 5290 xv,
3234 5230 3321 5285 l5.
3432 5230 3481 5262 ⁸⁸
3513 5228 3675 5293 Num.

1946 5476 2177 5533 NOTAE.

509 5662 608 5785 (ἐϋ)
660 5662 1037 5733 Supplendum
1088 5666 1302 5722 videtur
1344 5666 1640 5738 τεθνήκασι
1697 5666 1779 5722 vel
1825 5665 2009 5722 simile

509 5749 665 5785 Γιιιιιι.

446 5749 665 5788 “'l‘lllllll.

512 5805 608 5873 (Π)
642 5801 698 5857 In
728 5805 851 5862 cod.
908 5806 1126 5867 lacuna.
1171 5808 1245 5860 Al
1285 5824 1459 5881 tuarg.
1490 5808 1652 5867 (λιιιιῖ
1698 5809 1746 5861 οἱ
1786 5808 2003 5874 διᾶγαν.

2166 5668 2280 5737 (18)
2333 5666 2399 5721 Et
2444 5666 2535 5721 hic
2596 5665 2849 5721 vitiatum
2919 5676 3127 5723 textum
3191 5667 3505 5738 suspicatur
3551 5663 3725 5733 Catia.

2116 5738 2288 5793 ferus.

2189 5810 2300 5879 (19)
2332 5811 2419 5865 Sc.
2456 5808 2711 5880 διαθήκη.
