4136 6472
549 369 685 435 1039

1673 375 1938 435 PllO‘l‘il
1970 376 2243 434 ΡΑΤΒΙΑ
2256 378 2480 436 ιιειιτιι
2514 380 2625 438 CP.

3748 377 3893 449 1040

539 501 776 557 quorum
825 485 1146 554 sanguinem
1200 485 1406 539 Pilatus
1440 499 1566 538 cum
1633 485 1921 540 sacriﬁciis
1986 486 2112 539 mis-

2222 486 2250 537 6
2280 487 2336 538 ὲν
2367 485 2589 554 Σιλωὰμ
2623 486 2830 556 πύργος
2864 487 3045 540 πεσὼν
3075 490 3439 557 ἀπέκτεινεν,
3500 493 3562 544 εἰ
3604 492 3885 562 ἁμαρτω-

539 578 652 631 ‹·ιιίι
671 578 717 610 ⁹⁰
749 587 804 630 et
832 592 973 645 quos
1001 575 1168 632 turris
1195 576 1250 629 in
1300 575 1448 630 Siloe
1471 576 1716 646 collapsa
1745 578 2022 633 occiderat
2047 580 2116 646 ",

541 686 608 724 an
644 671 888 725 omnium
923 669 1155 723 fuissent
1188 668 1551 738 iniquissimi.
1602 671 1838 739 negavit,
1892 671 2119 741 adjecit-

540 778 648 830 que
682 777 790 818 non
821 763 996 817 solum
1035 761 1198 814 verba
1225 761 1317 815 illa
1351 779 1364 814 :
1404 780 1422 812 ι
1463 760 1575 816 Nisi
1594 763 1965 831 paenitentiam
1990 779 2118 834 ege-

541 857 657 911 ritis
695 859 739 890 ⁹²
783 878 798 907 ι
840 871 1033 910 omnes
1057 853 1311 910 similiter
1355 854 1626 924 peribitis,
1662 855 1754 910 sed
1789 870 1843 911 et
1900 856 1984 911 ﬁci
2030 871 2120 910 ar-

539 952 688 1007 boris
719 951 970 1020 exemplo
1001 950 1298 1004 terminum
1330 951 1524 1003 statuit
1566 948 1789 1003 dicens:
1831 968 1847 1000 ι
1889 948 2119 1005 Succide

540 1045 727 1109 illam;
769 1052 830 1096 ut
860 1042 991 1112 quid
1013 1041 1177 1096 etiam
1225 1050 1426 1094 terram
1467 1050 1699 1110 occupat
1726 1041 1823 1093 "?
1858 1060 1876 1092 ι
1913 1040 2118 1094 Simili-

538 1145 621 1189 ter
649 1144 704 1190 et
732 1135 890 1189 divus
918 1133 1213 1203 Apostolus
1251 1134 1318 1188 de
1344 1133 1411 1187 iis
1455 1133 1547 1203 qui
1596 1135 1838 1204 indigne,
1899 1145 1957 1189 ut
1993 1150 2115 1205 ego,

538 1235 894 1282 sacrosancta
931 1225 1190 1296 mysteria
1225 1225 1572 1294 participant,
1617 1225 1784 1280 infert
1814 1225 2112 1280 deﬁniens:

548 1337 563 1367 ι
632 1316 761 1371 Ideo
823 1315 982 1370 multi
1025 1315 1226 1370 inﬁrmi
1269 1324 1322 1370 et
1375 1316 1672 1372 imbecilles
1737 1327 1789 1370 et
1833 1318 2118 1373 dormiunt

539 1406 695 1461 multi
726 1407 793 1458 “.
830 1425 848 1457 ι
892 1406 1030 1472 Quid
1063 1421 1190 1460 vero
1217 1405 1408 1470 David,
1459 1406 1663 1461 Christi
1705 1408 1798 1461 Dei
1851 1423 2114 1477 proavus,

535 1499 668 1553 dum
695 1497 819 1551 vita:
851 1499 1104 1551 humana!
1128 1514 1442 1552 mensuram
1480 1498 1824 1568 septuaginta
1869 1506 1967 1552 aut
2023 1513 2113 1552 oc-

538 1591 747 1661 toginta
785 1604 982 1655 annos,
1029 1589 1168 1645 ultra
1230 1606 1370 1660 quos
1412 1591 1652 1645 laborem
1700 1591 1965 1655 nectit”;
1997 1599 2112 1645 tum

535 1681 662 1734 alibi
699 1700 711 1733 ε
754 1699 772 1732 ι
810 1680 959 1735 Ε‹Ιιιο
997 1680 1065 1735 de
1111 1682 1359 1736 custodia
1425 1683 1666 1735 animam
1720 1697 1897 1736 meam
1925 1683 1970 1713 “
2003 1699 2022 1732 ι
2059 1691 2114 1736 et

535 1789 728 1827 ruIsus
772 1792 785 1827 :
814 1793 832 1824 ι
869 1772 946 1827 Ne
984 1789 1204 1828 revoces
1256 1789 1342 1828 me
1373 1774 1427 1828 in
1457 1774 1683 1829 dimidio
1717 1773 1928 1828 dierum
1961 1790 2112 1829 meo-

538 1878 654 1915 rum
685 1863 751 1926 ’⁷,
801 1882 821 1913 ι
855 1871 915 1917 ιιι
957 1883 974 1914 ι
1015 1862 1171 1919 Viros
1211 1865 1542 1934 sanguinunt
1595 1873 1650 1919 et
1702 1864 1944 1931 dolosos,
1997 1880 2107 1919 non
2143 1849 2184 1904 Β

533 1951 896 2006 dimidiabunt
931 1953 1048 2008 dies
1088 1969 1220 2008 suos
1250 1955 1316 2019 ⁸⁸,
1348 1972 1368 2004 ι

603 2046 657 2098 6.
689 2045 825 2110 Quis
850 2045 992 2100 inter
1023 2047 1300 2116 apostolos
1331 2057 1427 2102 aut
1467 2047 1707 2119 synodos
1756 2057 1852 2102 aut
1893 2057 2114 2104 sanctos

533 2133 742 2202 Patres,
773 2136 864 2205 qui
899 2137 1189 2190 terminum
1219 2138 1382 2192 istum
1420 2139 1669 2193 scribat?
1700 2137 1852 2206 Quod
1889 2140 1934 2193 si
1994 2156 2113 2194 Ina-

533 2244 700 2297 gnum
737 2227 1001 2282 Basilium
1034 2228 1289 2294 afferant,
1321 2229 1460 2282 male
1487 2230 1636 2282 illutn
1668 2230 1996 2300 intelligunt,
2019 2231 2110 2301 qui

534 2317 586 2368 id
620 2317 688 2370 de
711 2331 776 2370 eo
801 2318 1118 2386 opinantur.
1150 2317 1363 2386 Ubique
1396 2321 1538 2372 enim
1582 2319 1654 2373 ita
1689 2320 1868 2386 docet,
1911 2338 1975 2374 ex
2011 2339 2110 2375 no-

530 2403 617 2457 bis
653 2404 917 2460 exsistere
954 2416 1211 2470 mortem,
1255 2423 1364 2461 non
1427 2419 1609 2462 autem
1634 2425 1700 2462 ex
1739 2411 1870 2465 Deo.
1931 2409 2110 2467 Locus

531 2506 663 2547 vero
693 2493 761 2547 ab
787 2493 853 2548 iis
885 2495 1088 2550 citatus
1122 2496 1393 2564 ejusmodi
1440 2506 1543 2551 est.
1589 2497 1936 2567 Propositum
1994 2509 2112 2555 erat

530 2592 722 2636 sancto
753 2583 1061 2650 ostendere,
1096 2598 1201 2637 non
1221 2600 1342 2640 esse
1367 2585 1534 2639 Deum
1559 2602 1782 2641 causam
1805 2591 2108 2654 malorum;

533 2672 898 2740 particulatim
932 2674 1374 2731 enimdisserens
1413 2676 1815 2734 demonstravit
1857 2691 2108 2736 nostrum

532 2764 754 2832 quidem
819 2780 942 2820 esse
981 2767 1273 2833 inﬁrmari,
1317 2766 1412 2822 Dei
1453 2781 1637 2824 autem
1696 2786 1915 2838 sanare,
1951 2773 2110 2842 juxta

533 2855 665 2908 illud
696 2874 710 2908 :
746 2873 766 2908 ι
807 2855 924 2912 Non
950 2867 1032 2912 est
1063 2859 1271 2914 malitia
1305 2863 1421 2917 sive
1454 2863 1689 2930 vexatio,
1726 2880 1894 2935 quam
1921 2863 2110 2921 Domi-

533 2962 640 3001 nus
673 2963 781 3002 non
815 2948 1002 3004 fecerit
1027 2953 1095 3006 ὀ.
1137 2971 1157 3005 ι

531 3060 863 3128 ρυιίΕδΤιο
920 3064 1122 3120 CCXLI
1178 3063 1364 3137 [CoisL
1443 3065 1608 3124 Tanr.
1643 3066 1908 3124 LXXVII.
1946 3069 2116 3140 Wolf.

1132 3157 1493 3231 Lxxxvnq.

532 3246 675 3309 Quid
701 3249 967 3334 signiﬁcat
1006 3250 1143 3334 illud
1169 3265 1189 3304 :
1227 3268 1257 3334 r
1289 3250 1660 3334 lfoxleafopatre
1697 3253 1914 3334 diabolo
1945 3256 2107 3326 estisj:

845 3329 918 3385 et,
955 3338 975 3372 ι
1032 3321 1164 3387 Quis
1181 3332 1259 3376 est
1290 3322 1496 3377 diaboli
1521 3335 1674 3392 pater
1696 3325 1759 3379 ¹⁶ί
1789 3344 1808 3378 ι

2225 576 2436 629 λότατοι
2467 577 2684 631 πάντων
2723 573 2886 650 ἦσαν,
2936 575 3087 634 εἶπεν
3121 583 3272 652 οὐχί·
3327 585 3446 637 καὶ
3491 582 3799 653 ἐπιφέρει
3829 584 3888 637 οὐ

2226 671 2387 740 μόνον
2415 671 2497 724 τό·
2541 691 2559 723 ι
2602 673 2728 726 Ἐὰν
2763 672 2838 744 μὴ
2863 676 3252 747 μετανοήσητε,
3288 697 3306 728 ι
3344 679 3469 731 καὶ
3511 678 3671 744 ἑξῆς
3693 720 3711 742 ,
3747 678 3890 731 ἀλλά

2221 761 2317 814 καὶ
2363 760 2442 832 τῷ
2481 762 2580 832 τῆς
2623 763 2796 832 συκῆς
2847 765 3255 835 παραδείγματι
3294 769 3394 820 τὸν
3439 769 3602 837 ὅρον
3639 765 3888 838 καθιστῇ

2221 854 2482 921 φάσκωνο
2517 873 2535 905 ι
2581 854 2856 923 Ἐκκοψον
2895 856 3090 926 αύτὴνι
3140 857 3227 910 ἵνα
3263 859 3317 910 τί
3365 859 3493 911 καὶ
3549 859 3666 936 τὸν
3712 858 3886 910 τόπον

2220 949 2528 1017 καταργεῖ;
2566 965 2586 998 ι
2637 947 2909 1010 Ὡσαύτως
2957 948 3051 1000 καὶ
3081 951 3109 1001 6
3139 949 3282 1012 θεῖος
3328 949 3728 1012 Ἀπόστολος
3759 949 3884 1002 ἐπι·

2221 1039 2379 1109 φέρει
2411 1042 2491 1102 εἰς
2520 1041 2647 1104 τοὺς
2677 1041 2796 1094 κατ’
2827 1043 2926 1110 ἐμὲ
2949 1041 3185 1107 ἀναξίως
3212 1043 3323 1097 τῶν
3354 1045 3436 1114 ἀχ
3450 1044 3711 1114 ράντων
3748 1059 3884 1110 μετ-

2219 1131 2442 1201 έχοντας
2497 1133 2812 1202 μυστηρίων
2861 1133 3102 1202 ὁρίζων·
3159 1153 3178 1184 ι
3246 1135 3345 1188 Διά
3399 1135 3603 1187 τοῦτο
3684 1132 3881 1186 πολλοὶ

2216 1222 2465 1285 ἀσθενεῖς
2493 1222 2588 1274 καὶ
2613 1222 2886 1293 ἄρρωστοι
2917 1223 3012 1276 καὶ
3041 1223 3339 1294 κοιμῶνται
3364 1223 3610 1278 ἱκανοί.
3655 1241 3677 1272 ι
3723 1223 3794 1274 Τί
3819 1223 3878 1275 δὲ

2215 1313 2376 1366 Δαυῖδ
2401 1315 2429 1366 ὁ
2459 1312 2742 1383 Θεοπάτωρ
2773 1314 3153 1369 παλαιστιαῖον
3183 1317 3382 1386 ὁρίζων
3435 1316 3690 1386 μέτρον
3718 1313 3875 1367 ἑϐδο-

2217 1405 2489 1476 μηκοστὸν
2517 1405 2549 1476 ἦ
2580 1406 2939 1476 ὀγδοηκοστὸν
2963 1410 3019 1460 ἐν
3042 1408 3329 1479 δυναστείᾳ
3363 1409 3474 1460 καὶ
3514 1407 3866 1476 περαιτέρω

2214 1501 2384 1554 κόπον
2413 1499 2624 1564 συνδεῖς
2657 1493 2799 1551 εἷταο
2831 1517 2849 1549 t
2901 1498 3168 1567 Ἐξάγαγε
3189 1501 3252 1552 ὲκ
3275 1498 3563 1569 φυλακῆς
3605 1496 3719 1564 τὴν
3754 1495 3862 1564 ψυ-

2214 1593 2316 1663 χήν
2355 1609 2475 1661 μου·
2510 1611 2530 1644 ι
2573 1591 2665 1644 καὶ
2694 1587 2872 1655 αὖθις·
2907 1611 2925 1642 ‹
2963 1591 3053 1661 Μὴ
3085 1592 3367 1663 ἀναγάγῃς
3401 1607 3490 1661 με
3551 1592 3621 1642 ἐν
3664 1586 3865 1657 ἡμίσει

2213 1683 2436 1756 ἡμερῶν
2465 1700 2586 1752 μου·
2630 1702 2647 1734 ι
2676 1683 2795 1746 καὶ,
2821 1699 2840 1732 ι
2877 1682 3114 1751 Ἀνδρας
3145 1681 3398 1751 αἱμάτων
3446 1679 3569 1732 καὶ
3602 1677 3863 1744 δολιότη-

2212 1795 2302 1842 τος
2335 1776 2412 1848 μὴ
2444 1776 2812 1847 ήμισεύοντας
2839 1774 2937 1838 τὰς
2967 1775 3181 1846 ἡμέρας
3214 1774 3418 1829 αὐτῶν.
3470 1793 3496 1826 ι

2281 2061 2347 2126 ζ’.
2387 2060 2483 2120 Τίς
2507 2059 2617 2111 τῶν
2657 2059 3002 2126 ἀποστόλων,
3044 2058 3181 2113 ἀλλὰ
3226 2058 3368 2130 [καὶ]
3413 2058 3546 2112 τῶν
3598 2074 3710 2110 συν
3771 2073 3847 2110 ων

2209 2153 2242 2226 ἥ
2273 2154 2380 2207 τῶν
2413 2153 2588 2222 ἁγίων
2618 2153 2884 2223 Πατέρων
2909 2155 3088 2216 ὁποῖος
3115 2153 3240 2222 ὅρον
3267 2155 3478 2223 γράφει
3506 2171 3524 2218 ;
3562 2153 3634 2204 El
3658 2152 3719 2204 δὲ
3750 2152 3841 2203 τὸν

2212 2246 2387 2318 μέγαν
2440 2245 2718 2298 Βασίλειον
2751 2245 2864 2314 (ευ)
2915 2246 3188 2315 φήσουσι,
3244 2245 3435 2308 κακῶς
3496 2244 3740 2296 νοοῦσιν
3791 2241 3840 2294 οί

2208 2339 2367 2392 τοῦτο
2407 2338 2887 2409 ὑπολαμϐάνοντες
2913 2355 2928 2368 ο
2965 2336 3242 2407 πανταχοῦ
3288 2336 3398 2408 γὰρ
3453 2335 3625 2388 οὕτω
3677 2333 3832 2400 διξάς

2209 2430 2312 2496 ζει,
2345 2429 2406 2494 ἐξ
2436 2428 2594 2499 mqu
2615 2424 2754 2482 εἶναι
2776 2430 2867 2483 τὸν
2894 2427 3149 2492 θάνατον,
3171 2429 3265 2481 καὶ
3287 2428 3409 2498 οὐχὶ
3431 2429 3542 2481 τοῦ
3563 2425 3738 2480 Θεοῦ.
3766 2427 3836 2477 '0

2207 2523 2266 2577 δὲ
2284 2523 2538 2593 ἐπιφέρει
2561 2523 2629 2576 τὰ
2644 2523 2739 2577 τοῦ
2757 2524 2888 2592 ὅρου,
2905 2523 3040 2592 (2|),
3057 2523 3304 2576 τοιοῦτον
3330 2525 3472 2575 ἐστι·
3505 2521 3736 2583 Σκοπὸς
3763 2515 3826 2587 ἦν

2211 2613 2288 2684 τῷ
2333 2613 2476 2684 ἁγίῳ
2505 2614 2712 2681 δεῖξαι,
2759 2614 2843 2668 ὅτι
2881 2613 2982 2667 οὐκ
3011 2614 3160 2668 ἔστιν
3195 2614 3367 2678 αἴτιος
3398 2614 3522 2667 τῶν
3560 2612 3760 2667 κακῶν
3800 2608 3828 2660 6

2209 2705 2361 2768 Θεόςο
2393 2704 2535 2758 κατὰ
2579 2705 2742 2776 μέρος
2770 2705 2877 2776 γὰρ
2915 2704 3130 2767 διεξιὼν
3161 2703 3387 2772 ἔδειξεν,
3416 2705 3509 2757 ὅτι
3545 2701 3822 2772 ἡμέτερον

2211 2799 2309 2870 μὲν
2338 2799 2400 2852 τὸ
2432 2799 2758 2870 ἀρρωστεῖν,
2781 2795 2917 2849 Θεοῦ
2945 2796 3000 2849 δὲ
3047 2797 3107 2850 τὸ
3135 2796 3496 2869 Θεραπεύειν,
3551 2793 3706 2846 κατά
3743 2790 3820 2855 τὸ,

2213 2894 2339 2947 οὐκ
2372 2891 2506 2946 ἐστι
2537 2889 2824 2956 κάκωσις,
2862 2887 2946 2958 ἢν
2978 2889 3192 2957 Κύριος
3229 2890 3342 2942 οὐκ
3377 2886 3717 2954 ἐποίησεν.

2737 3090 3076 3145 ΕΡΩἸἮΣΙΣ
3114 3091 3292 3146 ΣΜΑἰ

2219 3253 2282 3310 Τί
2311 3254 2444 3307 ἐστι
2482 3251 2548 3306 τὸ
2571 3293 2587 3316 ,
2625 3271 2644 3304 t
2702 3251 2888 3320 Ὑμεῖς
2923 3249 2993 3303 ἐκ
3040 3249 3148 3304 τοῦ
3178 3248 3408 3320 Πατρὸς
3450 3248 3572 3303 τοῦ
3613 3246 3806 3303 διαϐό-

2284 3328 2400 3378 λου
2428 3321 2588 3377 ἐστέ·
2625 3341 2644 3374 ι
2663 3319 2817 3388 xal,t
2847 3323 2942 3388 Τίς
2958 3323 3130 3374 ἐστιν
3165 3321 3197 3374 ό
3229 3321 3336 3374 τοῦ
3366 3319 3668 3374 διαϐόλου
3697 3321 3808 3371 Πα-

2138 3389 2184 3447 C
2285 3393 2397 3462 τήρ
2428 3393 2575 3464 (29);
2601 3411 2620 3445 ι

836 3479 1089 3530 Editarum
1117 3496 1146 3532 a
1167 3481 1344 3534 Wolﬁo
1375 3485 1622 3535 tricesima
1650 3487 1823 3547 quinta
1845 3487 1987 3548 (Cur.
2010 3486 2196 3538 Philol.
2221 3494 2259 3539 t.
2284 3487 2342 3549 V,
2359 3501 2410 3550 p.
2432 3485 2526 3536 675
2550 3487 2643 3535 678
2686 3485 2912 3536 Galland.
2936 3483 3188 3545 Xlll,705,
3207 3482 3322 3542 70L,
3342 3495 3394 3531 ιι.
3416 3480 3493 3542 6).

599 3557 840 3614 Primum
873 3563 1090 3628 quidem
1119 3565 1208 3619 hic
1269 3567 1450 3621 obstat
1472 3567 1627 3635 illud,
1654 3571 1799 3638 quod
1834 3585 2108 3640 nusquam

529 3651 584 3705 in
612 3652 786 3707 sacris
824 3651 1048 3710 Litteris
1073 3655 1161 3710 vel
1187 3657 1400 3726 antiqui
1427 3658 1513 3713 vel
1545 3661 1670 3714 novi
1728 3659 1974 3716 Fmderis
2006 3676 2110 3715 no-

533 3759 654 3796 men
704 3754 1219 3812 commemoratum,
1258 3766 1277 3799 ‹
1311 3757 1462 3818 pater
1491 3749 1717 3816 diaboli,
1751 3769 1772 3802 ι
1831 3761 2106 3815 occurrat,

530 3837 784 3905 quamvis
813 3836 999 3892 multis
1034 3837 1088 3891 in
1110 3837 1246 3893 locis
1271 3840 1430 3895 mala:
1486 3841 1634 3896 illius
1677 3843 1962 3911 potestatis
2018 3845 2111 3896 ﬁat

531 3930 756 3983 mentio.
793 3927 948 3983 Nunc
977 3930 1121 3984 enim
1150 3930 1433 3997 Satanam,
1465 3949 1613 3988 nunc
1651 3935 1946 3996 diabolum,
1967 3949 2111 3988 nunc

530 4033 853 4092 apostatam,
883 4030 978 4076 aut
1017 4024 1271 4078 similiter
1327 4026 1616 4095 antiquum
1670 4027 1824 4080 illum
1883 4026 2109 4080 humani

530 4115 748 4186 generis
793 4116 1005 4171 hostem
1049 4117 1104 4170 in
1163 4118 1338 4172 sacris
1401 4117 1658 4186 Litteris;
1712 4135 2106 4189 nonnunquam

529 4207 692 4261 etiam
726 4207 877 4261 illum
907 4207 998 4276 qui
1025 4223 1190 4277 prava
1221 4209 1340 4278 ejus
1396 4211 1605 4264 semina
1653 4211 1756 4266 sibi
1813 4213 1992 4266 inesse
2025 4226 2112 4264 sev

529 4315 636 4366 que
669 4299 735 4352 ad
764 4301 1076 4371 exemplum
1107 4300 1228 4369 ejus
1254 4300 1684 4368 conformatum,
1748 4305 1966 4373 probat,
1995 4321 2014 4356 ι
2055 4306 2111 4356 Ιί-

533 4392 662 4444 litim
694 4389 895 4445 diaboli
930 4409 948 4442 ι
973 4392 1159 4446 vocari
1192 4393 1398 4448 videas.
1445 4393 1564 4450 Huc
1618 4406 1850 4465 spectat,
1901 4397 2046 4465 quod
2078 4413 2108 4451 a

530 4482 656 4546 divo
676 4480 848 4535 Paulo
896 4483 964 4536 ad
1017 4483 1261 4553 Elymam
1293 4485 1493 4540 dicitur
1526 4504 1540 4540 :
1577 4505 1594 4538 ‹
1635 4487 1710 4540 ﬁli
1766 4487 1982 4544 Satanae
2007 4490 2049 4543 '.
2084 4509 2103 4541 ι

535 4574 645 4628 lloe
675 4574 916 4643 primum
959 4582 1062 4638 est,
1109 4575 1256 4644 quod
1295 4594 1313 4626 ι
1355 4587 1506 4646 pater
1539 4577 1740 4633 diaboli
1773 4598 1792 4630 ι
1829 4595 2107 4650 nunquam

532 4666 586 4720 in
625 4666 799 4722 sacris
839 4665 1064 4722 Litteris
1093 4677 1577 4725 commemoratur.

2280 3569 2506 3641 Πρῶτον
2539 3569 2639 3638 μὲν
2672 3567 3096 3638 ἀντιφθέγγεται
3126 3566 3188 3619 τὸ
3221 3565 3476 3636 μηδαμοῦ
3511 3564 3619 3633 τῆς
3657 3561 3802 3630 ἱερᾶς

2208 3663 2367 3732 ήμῶν
2400 3662 2624 3732 Γραφῆς
2663 3661 2801 3730 μήτε
2831 3659 2974 3714 κατά
3006 3658 3076 3712 τὰ
3115 3658 3452 3727 παλαιότερα
3497 3657 3603 3726 τῆς
3641 3668 3796 3722 νομο-

2211 3754 2416 3818 θεσίας,
2438 3755 2573 3824 μήτε
2595 3754 2651 3806 ὲν
2675 3752 2812 3820 αὐτῇ
2831 3755 2892 3820 τῇ
2919 3751 3102 3821 χάριτι
3126 3769 3144 3801 ι
3169 3752 3381 3820 πατέρα
3397 3748 3494 3801 τοῦ
3514 3745 3794 3802 διαϐόλουι

2209 3846 2396 3900 λαϐεῖν
2444 3845 2506 3899 τὸ
2547 3845 2700 3917 ῥῆμα
2749 3845 2811 3897 τὸ
2868 3845 3181 3913 εἰρημένον,
3230 3842 3409 3896 καίτοι
3472 3858 3540 3909 γε
3616 3835 3792 3892 πολλοὶ

2211 3937 2470 3998 πολλάκις
2497 3935 2628 4006 περὶ
2655 3936 2756 4006 τῆς
2786 3935 3029 4005 πονηρᾶς
3061 3934 3275 4002 ἐκείνης
3305 3933 3597 4001 δυνάμεως
3628 3943 3791 3980 κατα-

2211 4030 2500 4101 ϐέϐληνται
2528 4028 2697 4097 λόγοι.
2739 4027 2898 4080 Ἀλλὰ
2941 4027 3137 4079 Σατὰν
3172 4024 3270 4094 μὲν
3307 4025 3400 4078 καὶ
3428 4021 3679 4077 διάϐολον
3703 4017 3788 4070 καὶ

2209 4119 2584 4187 ἀποστάτην,
2639 4119 2735 4172 καὶ
2780 4119 2850 4172 τὰ
2895 4116 3158 4180 τοιαῦτα,
3205 4116 3296 4169 τὸν
3339 4115 3654 4184 ἀρχέκακον
3701 4105 3786 4162 τοῦ

2209 4216 2400 4283 γένους
2418 4212 2577 4283 ἡμῶν
2604 4209 2797 4279 ἐχθρὸν
2819 4209 3134 4278 εὑρίσκεται
3147 4206 3216 4259 τὰ
3237 4206 3408 4274 Λόγια
3435 4203 3783 4274 ὀνομάζοντα,

2211 4306 2306 4359 καὶ
2335 4304 2450 4356 υἱὸν
2482 4301 2595 4354 ἔσθ’
2626 4301 2714 4352 ὅτε
2744 4297 2994 4351 διαϐόλου
3022 4296 3122 4359 τὰς
3159 4296 3404 4363 πονηρὰς
3433 4293 3602 4347 αὑτοῦ
3630 4286 3786 4356 γονάς

2212 4397 2269 4449 ὲν
2302 4392 2482 4463 ἐαυτῷ
2510 4388 2794 4444 δεικνύντα
2816 4428 2831 4454 ,
2874 4387 2968 4439 καὶ
3000 4385 3078 4456 τῷ
3107 4386 3419 4456 χαρακτῆρι
3451 4385 3553 4453 τῆς
3587 4381 3786 4446 πλάνης

2211 4481 2705 4554 διαμορφούμενον,
2735 4479 2811 4542 ὡς
2849 4478 2908 4532 τὸ
2938 4478 3074 4551 πρὸς
3106 4479 3198 4531 τὸν
3240 4477 3474 4548 Ἐλύμαν
3503 4471 3786 4546 εἰρημένον

2211 4575 2289 4646 τῷ
2338 4575 2590 4646 μακαρίω
2621 4572 2850 4642 Παύλῳ,
2891 4589 2910 4622 ι
2949 4572 3034 4624 υἱὲ
3067 4569 3339 4624 διαϐόλου·
3383 4588 3401 4621 ι
3457 4568 3573 4622 ἀλλ’
3603 4566 3658 4618 ἓν
3692 4559 3783 4630 μὲν

2210 4667 2401 4734 τοῦτο,
2446 4667 2509 4719 τὸ
2543 4664 2796 4736 μηδαμοῦ
2847 4661 3318 4734 κατονομάζεσθαι
3369 4661 3588 4730 πατέρα
3615 4651 3778 4711 διαϐό-

2212 4760 2308 4813 λου
2336 4760 2415 4827 τῷ
2444 4756 2697 4826 ἰδιώματι
2717 4757 2816 4826 τῆς
2842 4754 3091 4824 Γραφῆς.

601 4842 806 4900 Deinde
846 4841 1098 4898 Salvator
1134 4855 1320 4900 noster
1353 4860 1460 4900 non
1489 4843 1542 4898 id
1600 4847 1812 4916 agebat.
1852 4858 1910 4902 ut
1941 4850 2108 4904 doce-

2284 4853 2548 4920 Δεύτερον
2575 4848 2632 4901 δὲ
2653 4889 2667 4913 ,
2690 4849 2750 4900 ού
2778 4847 2906 4918 περὶ
2929 4846 3024 4898 τοῦ
3052 4845 3260 4914 πατρὸς
3292 4843 3386 4897 τοῦ
3414 4843 3678 4903 διαϐόλου,
3705 4834 3777 4895 τίς

533 4947 632 5000 ιρι,
667 4935 794 5004 quis
827 4936 1047 4991 tandem
1079 4937 1172 4990 ille
1213 4936 1416 4993 diaboli
1446 4947 1603 5007 pater
1643 4939 1734 5005 sit,
1767 4939 1860 4994 sed
1896 4949 1954 4995 ut
2011 4957 2103 4996 os-

531 5027 798 5094 tenderet,
849 5029 1012 5098 cujus
1055 5028 1232 5083 Patris
1289 5030 1431 5084 ﬁlios
1475 5030 1747 5101 improbat
1788 5031 2104 5088 Judmorum

529 5136 660 5190 gens
689 5135 748 5176 se
785 5128 839 5176 et
889 5136 1032 5184 esse,
1065 5129 1120 5176 et
1143 5122 1400 5190 appellari
1442 5121 1652 5177 fecerit.
1688 5122 1767 5176 llli
1792 5125 1937 5178 enim
1964 5141 2108 5178 nunc

528 5212 901 5268 Abrahamum
954 5214 975 5245 ³
1027 5222 1238 5283 patrem
1285 5229 1346 5269 se
1408 5214 1613 5276 habere
1671 5215 2104 5284 proﬁtebantur;

599 5327 644 5358 ὀ
695 5323 831 5378 Luc.
879 5340 998 5392 XIII,
1031 5326 1083 5378 1.
1160 5326 1365 5379 “.ihid.
1397 5326 1449 5379 4.
1527 5327 1572 5357 ⁹¹
1606 5325 1737 5380 ibid.
1776 5327 1831 5384 5.
1907 5329 1954 5360 9³
1990 5328 2112 5381 ibid.

599 5397 696 5449 :hr.
761 5395 848 5448 XC
888 5396 968 5448 10.
1045 5396 1092 5427 ³⁸
1114 5393 1255 5449 Psal.
1289 5413 1432 5449 CXLI.
1464 5396 1517 5449 8.
1552 5397 1738 5449 (CXLII.
1770 5398 1800 5449 7
1837 5397 1935 5449 O'l.
2037 5399 2080 5429 ⁹⁷

2259 5327 2314 5379 7.
2387 5327 2434 5359 9‘
2467 5326 2481 5377 l
2531 5323 2658 5378 Cor.
2696 5341 2772 5387 XI,
2815 5324 2907 5378 50.
3008 5323 3058 5355 ’⁸
3087 5323 3230 5376 Psal.
3265 5336 3492 5384 LXXXIX,
3527 5323 3613 5372 il.
3667 5323 3749 5375 lli"

2215 5396 2281 5449 al.
2341 5412 2412 5449 Ct.
2440 5395 2508 5447 23
2542 5401 2658 5449 ten.
2689 5395 2762 5448 24
2791 5395 2890 5449 O'l.
2952 5393 2999 5426 ’3
3031 5394 3178 5447 Psal.
3225 5409 3336 5449 LIv.
3368 5393 3439 5445 ει
3463 5393 3574 5449 (Lv.
3596 5388 3662 5443 ‘25
3683 5386 3749 5449 0')

1623 5413 1738 5460 (LII,
1770 5398 1800 5450 7
1837 5397 1935 5464 0').
2037 5399 2080 5429 ⁹⁷
2137 5396 2281 5451 I’sal.
2341 5412 2412 5460 Ct,
2440 5395 2508 5447 23
2542 5401 2658 5463 (cn,
2689 5395 2762 5448 24
2791 5395 2890 5465 0').
2952 5393 2999 5426 ’3
3031 5394 3178 5447 Psal.
3225 5409 3336 5457 LIv,
3368 5393 3439 5445 ει
3463 5393 3574 5462 (Lv,
3596 5393 3662 5443 “2.5
3683 5393 3766 5449 0')-

1623 5470 1644 5497 ²
1671 5469 1791 5522 Act.
1821 5484 1948 5538 XIII,
1997 5469 2087 5523 10.
2165 5468 2185 5499 ³
2225 5465 2382 5521 Joan.
2426 5481 2545 5531 \‘lll,
2582 5466 2635 5519 5.

529 5397 696 5450 llehr.
761 5395 848 5448 XC
888 5396 968 5448 10.
1045 5393 1255 5466 "Psal.
1289 5413 1432 5458 CXLI,
1464 5396 1517 5449 8.
1552 5397 1738 5466 (CXLII,
1770 5398 1800 5450 7
1837 5397 1935 5464 0').

526 5469 571 5499 θ’
598 5467 767 5523 Amos
805 5481 887 5534 III,
911 5467 967 5522 6.
1044 5468 1059 5496 ¹
1090 5465 1244 5520 Joan.
1279 5483 1396 5535 vnI,
1427 5466 1515 5520 ll.

2209 4943 2346 5005 ὅλως
2376 4942 2487 5012 (‘25)
2524 4935 2613 5011 ἦν,
2650 4939 2731 5011 τῷ
2769 4937 2982 5009 Σωτῆρι
3018 4937 3310 5007 πρόκειται
3364 4934 3585 4997 σκοπός.
3633 4924 3780 4982 Ἀλλά

2210 5034 2356 5096 τίνος
2386 5031 2590 5100 πατρὸς
2615 5029 2811 5092 παῖδας
2851 5027 3080 5090 ἑαυτοὺς
3107 5029 3135 5080 6
3161 5026 3271 5079 τῶν
3312 5024 3584 5078 Ἰουδαίων
3614 5013 3776 5087 ἀγνώ-

2217 5143 2333 5195 μων
2361 5124 2489 5186 λαὸς
2517 5121 2944 5193 παρεσκεύασαν
2973 5121 3068 5172 καὶ
3103 5113 3245 5171 εῖναι
3271 5119 3368 5171 καὶ
3405 5109 3775 5186 ὀνομάζεσθαι.

2216 5217 2327 5272 Καὶ
2359 5216 2470 5285 γὰρ
2495 5213 2589 5266 νῦν
2625 5213 2724 5284 μὲν
2754 5212 2940 5280 ἔλεγον
2963 5210 3180 5281 πατέρα
3203 5209 3350 5280 ἔχειν
3375 5207 3467 5261 τὸν
3509 5201 3772 5276 Ἀϐραὰμ⁹

3008 5323 3058 5355 ’⁸
3087 5321 3230 5376 Psal.
3265 5336 3492 5384 LXXXIX,
3527 5321 3613 5372 il.
3667 5312 3769 5375 (Gr.

2040 5560 2278 5629 NOTAE.

603 5658 818 5742 t2?)-
846 5655 1031 5712 Basilii
1067 5663 1275 5712 textum
1318 5657 1542 5714 uberius
1575 5665 1841 5714 tractarat
1871 5659 2102 5716 Photius

532 5726 1330 5867 q'ttiﬁl‘gieépom«369m
1375 5798 1504 5864 Ῐθὲῖι
1523 5798 1821 5859 Cam‘m's‘
1876 5799 1930 5852 "i
1979 5815 2097 5851 mm

533 5867 820 5938 annotatiu
859 5869 1013 5922 fallit.
1087 5866 1347 5935 Fortasse
1388 5869 1677 5940 legendum
1722 5870 1749 5922 ὃ
1795 5871 1850 5924 δὲ
1905 5871 2098 5939 ἐπιφέ-

2208 5655 2501 5728 ρονταιεῷ
2535 5657 2668 5727 ὅρῳ,
2706 5654 2854 5723 quod
2887 5651 3563 5728 prgeferendumvidetur.

2275 5728 2388 5798 (22)
2410 5717 2544 5781 Vide
2568 5717 2748 5796 supra
2774 5717 3134 5796 quaistiunem
3165 5722 3351 5777 XLVII
3389 5739 3510 5794 qua:
3543 5717 3764 5792 ejusch

2201 5798 2504 5864 argumenti
2533 5808 2637 5851 est.

2272 5868 2383 5939 (‘25)
2421 5867 2559 5932 ὅλως
2579 5866 2737 5924 Coll).
2766 5873 2936 5934 recte,
2961 5880 3058 5936 pro
3083 5864 3110 5918 6
3141 5863 3318 5937 λόγος.
