4136 6434
326 415 463 483 1041
1317 413 1418 474 AD
1450 411 1658 472 AMPH
1671 409 1928 469 [ωσι-11

2035 408 2046 467 l
2082 407 2430 479 QUAESTIO
2457 409 2696 470 CCXLI".
3467 406 3606 473 1042

311 532 416 586 νῦν
445 532 502 585 δὲ
523 571 538 595 ,
565 532 729 601 ἡμεῖς
758 529 978 602 Πατέρα
1006 530 1102 583 ἕνα
1129 528 1327 600 ἔχομεν
1355 529 1449 580 τὸν
1475 526 1630 580 Θεόν.
1663 526 1799 593 (laxi.
1830 523 1908 590 δὲ,

2035 537 2160 576 uiue
2195 523 2430 587 aiebant,
2455 540 2626 578 unum
2658 523 2923 584 habemus
2958 528 3173 584 Patrem
3208 523 3380 581 Deum
3402 524 3424 556 ⁸
3455 540 3603 588 ;non

311 623 550 694 Πατέρα
596 621 794 692 ἔχομεν
822 622 912 673 τὸν
940 621 1159 692 Πατέρα
1187 620 1280 673 τοῦ
1322 617 1479 673 Θεοῦ.
1519 617 1628 670 Καὶ
1656 617 1684 668 6
1715 615 1911 684 Σωτὴρ

313 716 553 782 ἀπάγων
581 714 680 783 τῆς
704 711 977 782 πατρικῆς
1001 713 1057 764 ὲν
1081 713 1148 781 τῇ
1173 710 1366 776 κλήσει
1394 709 1655 778 σχέσεως,
1681 707 1914 790 έπείπερ

317 808 481 860 αὐτοὶ
513 805 742 866 ἑαυτοὺς
768 803 1108 872 διεσχίσαντο
1157 802 1250 854 καὶ
1282 800 1596 870 διετέμοντο
1637 797 1738 865 τῆς
1777 795 1916 867 πρὸς

319 897 489 950 αὑτὸν
537 896 893 965 ὁμοιότητος,
948 893 1186 964 τολμᾶτε
1211 935 1227 958 ,
1261 893 1432 964 φησι,
1463 891 1644 959 λέγειν
1692 891 1918 952 ἑαυτοὺς

321 989 479 1050 υἱοὺς
510 982 650 1040 εἶναι
701 985 795 1038 τοῦ
844 985 1083 1056 πατρὸς,
1135 986 1296 1055 ὑμεῖς
1337 983 1430 1037 τοῦ
1478 982 1726 1036 διαϐόλου
1771 980 1914 1034 ἐστέ.

324 1077 488 1144 Εἶτα,
528 1098 545 1130 ι
587 1080 698 1132 Καὶ
725 1080 825 1142 τὰς
851 1079 1071 1143 ἐντολὰς
1102 1079 1269 1132 αὐτοῦ
1292 1076 1473 1129 Θέλετε
1499 1077 1694 1129 ποιεῖν.
1727 1093 1746 1126 ι
1786 1072 1922 1145 Οὐχὶ

331 1190 354 1222 ε
393 1169 489 1224 τοῦ
516 1169 722 1241 πατρὸς
758 1169 1001 1239 δηλονότι
1032 1169 1127 1222 τοῦ
1160 1169 1432 1223 διαϐόλου.
1466 1186 1484 1219 ι
1528 1166 1636 1220 Ποῦ
1669 1165 1778 1237 γάρ
1816 1183 1922 1218 πα-

324 1261 636 1332 ραδέδωκεν
668 1263 876 1325 ἐκεῖνος
895 1263 1146 1328 ἐντολάς,
1180 1262 1238 1325 δς
1276 1260 1413 1323 ὅλως
1441 1259 1562 1312 οὐδὲ
1594 1256 1921 1328 γνωρίζεται

320 1357 397 1425 τῇ
431 1354 619 1425 Γραφῇ
644 1393 659 1417 ,
692 1354 828 1408 ἀλλὰ
855 1355 953 1416 τὰς
984 1355 1205 1417 ἐντολὰς
1231 1353 1325 1406 τοῦ
1353 1351 1602 1405 διαϐόλου
1627 1389 1644 1413 ,
1673 1351 1732 1413 ὃς
1774 1352 1922 1402 ἐστιν

327 1447 602 1516 ὑμέτερος
651 1447 856 1518 πατήρ.
919 1447 1131 1510 Αἴτινές
1191 1448 1299 1499 είσι
1347 1444 1611 1515 πορνεία,
1670 1442 1922 1513 μοιχεία,

326 1538 510 1610 κλοπὴ
532 1579 546 1603 ,
582 1539 741 1608 φόνος
761 1581 775 1604 ,
805 1538 998 1608 ψεῦδος
1018 1577 1033 1604 ,
1081 1539 1175 1592 καὶ
1211 1539 1351 1592 ὅσων
1384 1537 1559 1592 ἄλλων
1592 1539 1798 1599 ἐκεῖνος
1830 1553 1926 1588 κα-

325 1629 448 1683 κῶν
479 1632 715 1697 σπορεὺς
744 1633 809 1700 τῇ
839 1630 1033 1702 γνώμῃ
1062 1631 1306 1699 γέγονεν,
1336 1631 1432 1682 καὶ
1453 1629 1695 1700 ἀρχηγὸς
1723 1628 1926 1698 τολμᾶ-

329 1721 461 1775 σθαι
500 1722 568 1775 τὰ
604 1722 885 1792 ἀτόλμητο.
911 1763 927 1784 ,
979 1724 1074 1776 καὶ
1119 1724 1626 1792 καταπράττεσθαι.
1671 1724 1781 1777 Καὶ
1829 1723 1922 1788 τὸ,

334 1833 356 1862 σ
406 1813 645 1876 Ἐκεῖνος
667 1815 763 1866 ἀπ’
794 1814 970 1885 ἀρχῆς
993 1814 1440 1886 ἀνθρωποκτόνος
1458 1816 1623 1881 ἐστὶν,
1656 1833 1675 1866 ι
1703 1815 1781 1878 είς
1805 1815 1928 1868 τίνα

2020 629 2170 679 vero,
2199 613 2412 669 Patrem
2443 615 2707 670 habemus
2758 618 2849 674 Dei
2879 621 3116 675 Patrem.
3179 617 3299 673 Jam
3355 616 3608 669 Salvator

2021 717 2208 762 noster
2257 707 2476 762 eosdem
2509 722 2539 761 a
2563 718 2811 778 respectu
2839 723 3088 779 paterno,
3111 711 3206 781 qui
3257 709 3478 764 nomine
3502 708 3608 760 hoc

2022 798 2382 863 inferebatur,
2410 799 2773 866 abducturus,
2807 804 3066 872 quoniam
3103 803 3204 869 ipsi
3235 817 3294 856 se
3322 815 3350 853 a
3407 799 3608 854 simili-

2023 892 2211 946 tudine
2248 890 2367 960 ejus
2399 891 2799 956 abstraxerant.
2838 896 2914 950 ait
2961 914 2975 950 :
3003 912 3098 950 vos
3131 894 3310 950 Patris
3340 893 3480 948 ﬁlios
3509 906 3608 945 vos

2022 985 2173 1053 ipsos
2223 983 2440 1038 audetis
2473 985 2768 1054 appellare,
2801 1003 2924 1040 cum
2958 997 3138 1041 tamen
3189 987 3387 1042 diaboli
3427 984 3609 1053 potius

2024 1076 2122 1130 lilii
2155 1075 2312 1131 sitis:
2347 1085 2402 1129 et
2440 1091 2588 1141 mox,
2631 1097 2649 1129 ‹
2683 1087 2736 1132 et
2789 1079 3042 1132 mandata
3090 1079 3211 1148 ejus
3264 1079 3444 1133 fac-ere
3489 1078 3611 1130 vul-

2024 1168 2116 1222 tis.
2155 1187 2171 1218 ι
2212 1166 2329 1221 Non
2364 1183 2498 1222 sane
2527 1210 2542 1235 ,
2583 1188 2600 1218 ε
2635 1169 2806 1238 patris
2840 1170 3073 1236 diaboli;
3117 1189 3134 1221 ι
3171 1169 3274 1224 Ubi
3323 1170 3468 1223 enim
3521 1169 3611 1222 ille

2024 1269 2290 1329 praerepta
2325 1259 2494 1326 dedit,
2553 1257 2622 1314 de
2655 1276 2766 1330 quo
2799 1277 2862 1314 cx
2917 1261 3206 1330 Scriptura
3249 1259 3385 1314 nihil
3449 1258 3609 1326 quid-

2025 1367 2189 1422 quam
2222 1360 2436 1405 constat
2464 1352 2484 1405 l
2517 1351 2612 1405 sed
2655 1352 2858 1405 diaboli
2890 1352 3086 1422 ipsius,
3121 1351 3213 1421 qui
3241 1361 3394 1420 pater
3436 1361 3612 1403 v05ter

2024 1453 2128 1508 est,
2166 1453 2453 1512 praecepta.
2482 1442 2763 1512 Ejusmodi
2796 1460 2926 1498 vero
2958 1453 3106 1510 sunt,
3146 1443 3427 1506 seortatio,
3451 1441 3613 1494 adul-

2027 1536 2247 1601 terium,
2288 1536 2516 1600 furtum,
2570 1537 2768 1602 caedes,
2829 1537 3201 1602 mendacium,
3262 1545 3317 1590 et
3349 1550 3471 1604 qua:
3510 1533 3612 1588 alia

2027 1630 2171 1684 mala
2203 1630 2343 1684 idem
2373 1645 2470 1700 pro
2500 1631 2770 1685 sententia
2814 1647 2911 1685 sua
2954 1632 3114 1694 sevit,
3148 1629 3216 1684 ad
3265 1645 3427 1700 prava
3462 1644 3614 1698 qua:-

2028 1721 2112 1775 vis
2137 1721 2384 1776 audenda
2413 1733 2467 1775 et
2500 1721 2860 1790 perpetranda
2897 1721 3004 1774 dux
3030 1730 3082 1774 et
3106 1730 3302 1775 auctor
3322 1719 3613 1774 exsistcns.

2032 1811 2086 1867 ld
2135 1828 2266 1868 vero
2305 1813 2449 1883 quod
2481 1814 2722 1868 dicitur:
2781 1833 2799 1866 ι
2839 1814 2934 1868 llle
2997 1814 3066 1868 ab
3120 1814 3278 1868 initio
3338 1811 3616 1866 homicida

328 1907 402 1957 ἂν
432 1897 762 1976 οἰκειότερον
802 1882 1138 1975 ἀνενίεχοείτι,
1163 1906 1196 1977 ἢ
1225 1908 1304 1970 είς
1330 1906 1492 1960 αύτὸν
1523 1923 1587 1975 γε
1615 1907 1705 1959 τὸν
1738 1905 1923 1959 διάϐο-

2035 1906 2164 1973 fuit;
2196 1924 2216 1958 ι
2271 1882 2338 1960 ad
2373 1922 2535 1976 quem
2579 1906 2798 1961 tandem
2833 1907 3028 1977 potiori
3060 1906 3205 1974 jure,
3238 1920 3404 1974 quam
3435 1903 3500 1956 ad
3536 1903 3618 1972 ip-

327 1997 445 2061 λον,
477 1996 534 2060 ὃς
559 1999 624 2068 τῇ
655 1996 877 2068 γλώσσῃ
906 1997 997 2050 τὸν
1039 1999 1212 2068 Ἀδὰμ
1243 1998 1338 2051 τοῦ
1367 1998 1700 2068 παραδείσου
1733 1998 1923 2065 ἐξέϐα-

328 2089 447 2154 λεν,
483 2089 579 2142 καὶ
612 2089 872 2159 πρόξενος
906 2090 1072 2143 αὐτοῦ
1122 2089 1354 2144 θανάτου
1391 2090 1488 2142 καὶ⁹
1520 2088 1729 2160 φθορᾶς
1759 2088 1923 2158 γεγέ-

331 2198 534 2251 vacat;
583 2180 716 2243 Θεὸς
755 2182 866 2251 γάρ
907 2181 1138 2235 Θάνατον
1171 2183 1270 2235 οὐκ
1301 2181 1579 2252 ἐποίησεν,
1632 2181 1753 2234 οὐδὲ
1794 2181 1924 2252 τέρ-

331 2289 500 2324 πεται
548 2272 635 2324 ἐπ’
681 2271 930 2342 ἀπωλείᾳ
963 2272 1181 2334 ζώντων
1202 2271 1336 2341 (24).
1370 2272 1468 2334 Τίς
1513 2272 1570 2324 δὲ
1615 2271 1803 2340 ἕτερος
1834 2269 1925 2322 τὸν

335 2365 568 2418 θάνατον
600 2363 691 2418 διὰ
719 2363 810 2416 τοῦ
835 2363 1064 2432 ψεύδους
1097 2363 1468 2433 ἐχαλκεύσατο
1490 2403 1503 2426 ,
1529 2363 1626 2416 καὶ
1653 2363 1794 2416 κατὰ
1816 2361 1925 2416 τῶν

337 2455 664 2526 σπλάγχνων
696 2455 793 2509 τοῦ
811 2456 983 2524 Ἀδὰμ
1007 2455 1107 2524 τὴν
1142 2455 1372 2524 φθορὰν,
1405 2453 1557 2524 εΓμὴ
1585 2456 1614 2508 6
1643 2453 1925 2524 παραδοὺς

339 2546 442 2616 μὲν
467 2547 560 2598 τὸν
607 2546 750 2615 ὅφιν,
787 2546 855 2600 δι’
891 2546 1056 2600 αὑτοῦ
1095 2547 1153 2599 δὲ
1181 2547 1271 2600 τὸν
1301 2546 1677 2617 Θανατηφόρον
1721 2545 1796 2598 ἰὸν
1827 2545 1927 2612 τῆς

335 2639 420 2702 εἰς
445 2638 576 2691 Θεὸν
612 2637 963 2708 βλασφημίας
992 2640 1060 2709 τῇ
1096 2639 1340 2707 γυναικὶ,
1366 2639 1462 2691 καὶ
1491 2637 1581 2691 διὰ
1611 2636 1818 2708 ταύτης
1849 2635 1928 2706 τῷ

350 2730 526 2798 ’Λδὰμ
551 2731 928 2801 κερασάμενος
953 2746 968 2795 ;

425 2821 520 2874 Ἐκ
569 2820 777 2874 τούτων
820 2816 916 2874 οῦν
973 2821 1228 2876 ἁπάντων
1277 2822 1375 2876 καὶ
1421 2822 1626 2892 ἐτέρων
1671 2821 1928 2876 τοιούτων

337 2914 618 2967 δείκνυται
647 2914 779 2985 περὶ⁵
809 2914 903 2968 τοῦ
927 2915 1176 2969 διαϐόλου
1199 2915 1292 2968 τὸν
1323 2916 1593 2987 σωτήριον
1618 2915 1929 2986 διαλαμϐά-

337 3023 453 3060 νειν
492 3006 674 3074 λόγον,
726 3007 816 3059 καὶ
861 3006 1053 3060 τοῦτον
1100 3007 1322 3076 Πατέρα
1366 3007 1764 3077 κατονομάζειν
1819 3006 1930 3060 τῶν

338 3097 676 3168 ἀγνωμόνων
718 3098 1012 3153 Ἰουδαίων.
1062 3099 1172 3152 Καὶ
1212 3099 1322 3168 γὰρ
1359 3099 1606 3152 κάκεῖνοι
1655 3099 1749 3152 τὸν
1797 3099 1930 3151 Θεὸν

340 3188 753 3259 ἐφιλοτιμοῦντο
800 3191 1017 3261 πατέρα
1066 3190 1274 3255 καλεῖν,
1306 3191 1399 3244 καὶ
1441 3193 1522 3254 είς
1568 3192 1718 3255 υἱοὺς
1761 3189 1928 3245 αὐτοῦ

342 3281 770 3350 καταλέγεσθαι.
820 3284 913 3347 El;
947 3282 1040 3337 δύο
1069 3283 1126 3336 δὲ
1156 3283 1353 3354 μοίρας
1405 3284 1645 3356 μερίζων
1679 3288 1707 3338 6
1738 3285 1930 3355 Σωτὴρ

341 3372 436 3424 τὸν
487 3373 730 3444 παρόντα
779 3375 959 3443 λόγον,
995 3375 1300 3444 συμπλέκει
1353 3375 1452 3444 μὲν
1484 3376 1648 3429 πάλιν
1686 3376 1934 3447 ἑκατέρῳ

340 3463 626 3536 ἑκάτερον.
659 3467 771 3520 Νῦν
801 3468 900 3538 μὲν
935 3469 1248 3538 προτάττων
1268 3471 1359 3521 τὸν
1378 3467 1645 3529 διάϐολον,
1679 3469 1775 3521 καὶ
1803 3469 1935 3520 ὑπο·

342 3558 556 3610 τάττων
585 3560 714 3624 τοὺς
769 3561 1084 3625 Ἰουδαίους,
1114 3561 1210 3616 νῦν
1239 3562 1296 3615 δὲ
1341 3561 1452 3630 (‘25)
1505 3562 1936 3632 προκαταλέγων

341 3649 472 3711 τοὺς
500 3646 790 3713 Ἰουδαίους
811 3693 824 3716 ,
857 3647 977 3703 εἷτα
1000 3651 1224 3718 ἐπάγων
1251 3651 1341 3703 τὸν
1369 3649 1639 3704 διάϐολον.
1661 3649 1774 3716 ,Διὸ
1806 3647 1934 3718 περὶ

345 3741 440 3806 τοῦ
488 3741 737 3796 διαϐόλου
785 3744 1183 3814 προδιαλαϐὼν,
1218 3743 1317 3797 καὶ
1354 3744 1418 3797 ἐκ
1461 3745 1562 3812 τῆς
1605 3742 1714 3796 τῶν
1757 3743 1937 3812 ἔργων

350 3832 675 3900 συγγενείας
721 3833 816 3884 καὶ
870 3834 1191 3903 ὁμοιότητος
1241 3834 1424 3899 δείξας
1469 3834 1598 3896 τοὺς
1654 3831 1941 3894 Ἰουδαίους

351 3924 566 3995 πατέρα
611 3924 758 3996 ἔχειν
801 3926 985 3987 αὐτὸν,
1039 3926 1357 3995 μεταϐαίνει
1400 3927 1562 3980 πάλιν
1607 3926 1696 3978 ἐπ’
1743 3928 1942 3990 αὐτοὺς

347 4017 477 4078 τοὺς
517 4015 806 4079 Ἰουδαίους
827 4057 841 4080 ,
873 4017 938 4070 δι’
968 4011 1044 4069 ὧν
1075 4020 1170 4070 καὶ⁵
1203 4019 1236 4085 ἡ
1268 4017 1362 4087 ὅλη
1395 4017 1489 4069 τοῦ
1519 4017 1680 4084 λόγου
1719 4017 1942 4085 γέγονεν

353 4101 594 4170 είσϐολή.
611 4103 718 4155 Καί
747 4119 933 4174 φησιν·
961 4105 1130 4157 Ὅταν
1152 4107 1180 4158 6
1214 4103 1468 4167 Ἰουδαῖος
1490 4104 1550 4157 τὸ
1566 4105 1762 4174 ψεῦδος
1784 4105 1942 4177 λαλῇ,

354 4190 546 4263 ὥσπερ
581 4192 676 4244 καὶ
713 4193 872 4260 ὑμεῖς
921 4193 1038 4245 νυνὶ
1089 4191 1374 4260 λέγοντεςθ
1429 4211 1446 4242 ι
1479 4192 1700 4262 Πατέρα
1745 4193 1944 4263 ἔχομεν

357 4280 450 4332 τὸν
475 4281 628 4346 Θεὸν,
658 4300 677 4332 ι
706 4280 822 4344 καὶ,
859 4299 877 4332 ί
905 4280 1124 4351 πατέρα
1149 4280 1344 4351 ἔχομεν
1367 4280 1458 4333 τὸν
1506 4281 1778 4352 Ἀϐραάμ,
1819 4300 1838 4332 ι
1879 4285 1944 4336 ὲκ

355 4375 465 4429 τῶν
503 4377 648 4430 ίδίων
677 4376 850 4430 λαλεῖ.
900 4377 1194 4430 Τουτέστιν
1224 4378 1333 4430 ἀπὸ
1377 4377 1586 4442 κοιλίας
1620 4379 1817 4444 φωνεῖ,
1851 4377 1948 4431 καὶ

357 4469 459 4521 ούκ
491 4471 555 4521 ὲκ
582 4467 690 4520 τῶν
729 4469 1018 4540 χριμάτων
1055 4468 1150 4521 τοῦ
1197 4470 1534 4538 Πνεύματος.
1568 4472 1690 4524 Ὅτι
1722 4470 1780 4523 δὲ
1807 4469 1945 4540 ψεύ-

2027 2013 2148 2052 sutn
2179 1997 2455 2052 diabolum
2487 1997 2772 2062 referetur,
2807 1999 2899 2068 qui
2932 1999 3119 2066 lingua
3183 2012 3284 2051 sua
3338 1995 3614 2049 Adamum

2026 2090 2338 2159 eparadiso
2389 2089 2567 2160 ejecit,
2624 2092 2903 2160 mortique
2935 2099 2989 2144 et
3044 2089 3302 2157 perniciei
3364 2089 3617 2156 pararius

2026 2183 2275 2238 exstitit?
2306 2183 2452 2238 Deus
2500 2183 2645 2238 enim
2713 2193 2942 2238 mortem
2985 2199 3094 2236 non
3158 2181 3403 2236 condidit
3444 2195 3620 2247 neque

2027 2275 2331 2330 viventium
2359 2275 2602 2345 pernicie
2667 2276 2995 2330 delectatur.
3057 2272 3193 2339 Quis
3244 2281 3424 2326 autem
3475 2271 3618 2325 alius

2028 2376 2260 2421 mortem
2290 2382 2385 2435 per
2442 2365 2786 2420 mendacium
2843 2362 3157 2425 fabricavit,
3211 2358 3622 2430 perniciemque

2027 2458 2338 2514 visceribus
2370 2458 2562 2513 Adami
2590 2457 2793 2521 attulit,
2846 2456 2950 2510 nisi
2986 2455 3054 2519 is,
3084 2453 3179 2524 qui
3233 2460 3454 2522 sumpto
3513 2465 3625 2504 ser-

2029 2549 2206 2620 pentis
2239 2550 2450 2615 habitu,
2494 2565 2590 2619 per
2638 2549 2818 2616 ipsum
2877 2547 3030 2600 illum
3090 2543 3440 2598 mortiferum
3503 2540 3624 2595 bla-

2029 2643 2310 2712 sphemiae,
2327 2643 2380 2696 in
2397 2642 2566 2697 Deum
2586 2641 2869 2710 conjectze,
2886 2653 3153 2694 venenum
3173 2637 3409 2707 primum
3435 2632 3620 2698 uxori,

2029 2734 2228 2789 deinde
2257 2750 2351 2803 per
2374 2749 2494 2788 eam
2528 2735 2738 2788 Adamo
2770 2731 3031 2787 miscuit?

2101 2829 2180 2883 Ex
2213 2827 2300 2882 his
2330 2828 2514 2895 itaque
2543 2826 2800 2881 omnibus
2826 2825 3058 2893 aliisque
3097 2819 3394 2884 similibus,
3445 2831 3625 2887 appao

2031 2928 2116 2974 ret
2150 2918 2454 2974 Salvatoris
2487 2917 2660 2972 nostri
2702 2917 2868 2972 verba
2931 2915 2999 2969 de
3036 2913 3260 2968 diabolo
3303 2909 3484 2980 accipi
3526 2909 3623 2962 de-

2033 3010 2180 3069 bere,
2220 3023 2458 3078 eumque
2505 3008 2648 3062 male
2695 3006 3016 3061 feriatorum
3059 3002 3373 3058 Judzeorum
3414 3011 3624 3069 patrem

2033 3100 2318 3170 appellari.
2348 3098 2482 3153 Nam
2505 3107 2560 3152 et
2589 3099 2664 3152 illi
2692 3097 2862 3152 Deum
2898 3105 3109 3166 patrem
3135 3108 3295 3150 suum
3329 3091 3627 3146 ambitiose

2036 3193 2322 3255 vocabant,
2357 3193 2610 3259 interque
2641 3190 2781 3244 tilios
2813 3189 2933 3259 ejus
2977 3185 3259 3242 numerari
3304 3183 3622 3253 cupiebant.

2035 3284 2280 3353 Cumque
2311 3284 2569 3337 Servatur
2615 3294 2805 3337 noster
2832 3295 3145 3336 sermonem
3182 3279 3330 3332 hunc
3363 3292 3526 3332 suum
3570 3275 3628 3328 in

2035 3377 2146 3432 duo
2179 3376 2424 3430 membra
2455 3374 2781 3444 distinguat,
2818 3373 3051 3426 alterum
3083 3371 3239 3423 alteri
3269 3368 3469 3423 deimle
3500 3381 3635 3421 con-

2040 3467 2226 3530 nectit,
2258 3481 2405 3520 nunc
2443 3465 2662 3535 quidem
2689 3463 2970 3517 diabolum
3011 3461 3216 3531 priore,
3248 3456 3472 3512 Judaros
3498 3471 3632 3510 vero

2039 3561 2342 3631 posteriore
2407 3558 2530 3612 loco
2588 3556 2902 3620 collocans;
2964 3567 3111 3607 nunc
3163 3561 3350 3605 autem
3411 3545 3636 3601 Judaeos

2041 3667 2389 3724 praeponens,
2427 3647 2707 3703 diabolum
2749 3661 2880 3700 vero
2925 3643 3290 3712 subjungens.
3329 3638 3630 3707 Propterea

2041 3758 2165 3798 Cum
2198 3741 2266 3796 de
2299 3739 2520 3793 diabolo
2553 3745 2714 3791 antra
2759 3734 3118 3789 disseruisset
3158 3740 3212 3785 et
3246 3745 3310 3783 ex
3347 3728 3634 3782 actionum

2043 3834 2426 3890 convenientia
2459 3840 2514 3886 et
2538 3830 2804 3884 aliinitate
2836 3825 3059 3881 Iudaeos
3089 3823 3314 3877 Patrem
3360 3821 3512 3874 illum
3540 3819 3639 3872 ha-

2042 3927 2173 3982 bere
2195 3925 2550 3988 ostendisset,
2580 3939 2709 3977 mox
2745 3922 2815 3976 ad
2859 3919 3082 3974 Judaaos
3127 3917 3279 3986 ipsos
3321 3917 3640 3978 revertitur,

2046 4032 2076 4070 a
2109 4016 2314 4086 quibus
2337 4014 2518 4066 omnis
2538 4013 2629 4066 illa
2652 4020 2776 4065 nata
2809 4018 2929 4062 erat
2947 4006 3270 4076 disputatio.
3297 4004 3390 4056 Ait
3417 4004 3639 4070 itaque:

2054 4107 2286 4174 Quando
2306 4104 2530 4158 Judaaus
2555 4100 2902 4156 mendacium
2931 4099 3160 4168 profert,
3179 4096 3322 4151 sicut
3349 4111 3466 4160 vos,
3494 4109 3647 4149 nunc-

2047 4199 2267 4269 quidem
2286 4198 2553 4258 dicentes,
2578 4212 2596 4244 ι
2621 4192 2836 4246 Patrem
2860 4191 3126 4245 habemus
3143 4188 3334 4251 Deum,
3367 4205 3384 4238 ι
3411 4195 3487 4248 et,
3513 4201 3641 4255 «pa-

2050 4301 2188 4346 trem
2228 4291 2495 4344 habemus
2525 4286 2898 4342 Abrahamum
2932 4284 2978 4346 ⁵,
3013 4301 3032 4334 ›
3072 4282 3140 4336 de
3188 4279 3427 4351 propriis
3459 4277 3644 4348 loqui-

2052 4395 2162 4452 tur,
2201 4385 2313 4440 hoc
2336 4393 2440 4449 est,
2460 4398 2527 4438 ex
2551 4390 2741 4436 ventre
2769 4393 2893 4444 suo,
2917 4393 3027 4431 non
3060 4388 3243 4430 autem
3275 4389 3342 4428 ex
3370 4371 3644 4426 sententia

2055 4475 2298 4545 Spiritus
2357 4473 2620 4543 loquitur.
2685 4470 2842 4536 Quod
2897 4482 3027 4522 vero
3099 4467 3266 4521 homo
3321 4461 3640 4532 hujnsmodi

360 4578 494 4628 στης
517 4561 632 4613 ἐστὶ
649 4601 665 4627 ,
700 4563 795 4614 καὶ
817 4561 876 4625 ἐξ
898 4556 971 4614 ὧν
1000 4560 1163 4624 αὐτὸς
1187 4560 1570 4626 ἁλαζονεύεται
1589 4605 1604 4628 ,
1637 4561 1914 4616 δείκνυται

2059 4569 2294 4623 mendax
2331 4568 2421 4632 sit,
2455 4577 2569 4620 tum
2609 4579 2676 4618 ex
2720 4562 2829 4618 illis
2872 4567 3120 4631 apparet,
3167 4559 3236 4613 de
3277 4557 3480 4628 quibus
3523 4556 3646 4626 glo-

361 4653 459 4705 καὶ
488 4651 545 4719 ἐξ
581 4646 655 4706 ὧν
678 4653 833 4706 ἔθετο
867 4653 1048 4723 ἐαυτῷ
1076 4655 1293 4725 πατέρα
1326 4655 1412 4708 διὰ
1435 4656 1532 4725 τῆς
1556 4656 1666 4709 τῶν
1693 4656 1948 4726 πράξεων

359 4743 678 4812 ὁμοιότητος
701 4783 718 4806 ,
745 4745 1064 4814 περιφανῶς
1083 4746 1481 4800 ἀναδείκνυται.
1517 4747 1728 4800 Διὸ-καί
1759 4765 1946 4817 φησιν,

2046 4662 2242 4724 riatur,
2274 4670 2390 4714 tum
2419 4675 2486 4714 ex
2518 4659 2643 4713 istis
2678 4656 2825 4712 clare
2862 4653 3215 4722 intelligitur,
3241 4664 3340 4720 per
3368 4665 3515 4720 quae,
3559 4649 3641 4703 si-

2050 4752 2275 4808 milibus
2305 4752 2468 4805 rebus
2500 4747 2848 4819 perpetratis,
2888 4745 3100 4798 Patrem
3136 4742 3239 4797 sibi
3279 4742 3395 4810 ipse
3422 4739 3652 4795 ascivit,

366 4836 541 4888 ’Ὸταν
580 4836 609 4887 6
650 4835 903 4900 Ἰουδαῖος
929 4837 991 4889 τὸ
1020 4837 1219 4906 ψεῦδος
1253 4838 1418 4908 λαλῇ,
1448 4840 1531 4892 ὅτι
1565 4839 1807 4911 ψεύστης
1838 4842 1928 4891 ὲστ

2048 4843 2345 4912 Propterea
2371 4841 2448 4895 ait
2478 4858 2490 4893 :
2527 4838 2972 4910 quandocuuque
3016 4832 3238 4887 Judmus
3286 4831 3640 4886 mendacium

362 4929 458 4984 καὶ
498 4930 697 4994 αὐτὸς,
731 4931 828 4985 καὶ
873 4932 903 4983 ὁ
946 4933 1132 5003 πατὴρ
1175 4932 1365 4988 αὑτοῦ.
1420 4935 1516 4987 Ὃν
1554 4936 1581 4987 6
1611 4934 1838 5003 Σωτὴρ,
1879 4933 1956 4996 ὡς

363 5022 625 5086 πολλάκις
653 5023 867 5094 εἴρηται
891 5065 906 5089 ,
933 5024 1026 5078 τὸν
1055 5025 1303 5078 διάϐολον
1341 5028 1437 5079 καὶ
1463 5027 1563 5080 οὐκ
1595 5027 1755 5081 ἄλλον
1788 5021 1952 5092 εἶναι,

367 5113 464 5171 καὶ
494 5113 833 5186 ἀπεφήνατο,
858 5115 954 5168 καὶ
977 5117 1387 5188 κατωνόμασεν.

445 5377 466 5408 ⁵
491 5377 648 5436 Joau.
684 5395 782 5435 vnt
816 5380 905 5437 41.
981 5389 1003 5420 ι
1033 5381 1211 5438 Galat.
1243 5395 1317 5447 tv,
1350 5383 1406 5437 4.

2053 4934 2322 5003 loquitur.
2355 4941 2411 4988 et
2457 4933 2576 5002 ipse
2604 4929 2841 4984 mendax
2876 4937 3001 4992 est,
3041 4935 3096 4982 et
3134 4935 3293 4996 pater
3313 4923 3454 4991 ejus.
3493 4923 3655 4978 Illum

2053 5026 2200 5079 enim
2233 5025 2513 5090 Servator,
2543 5023 2691 5092 quod
2725 5020 2931 5090 sapius
2959 5019 3305 5074 admonitum
3327 5025 3434 5074 est.
3464 5017 3654 5070 diabo-

2058 5117 2195 5182 lum,
2230 5131 2336 5170 non
2369 5124 2552 5169 autem
2583 5114 2753 5168 alium
2785 5127 2909 5169 esse
2938 5119 2993 5167 et
3020 5119 3256 5168 testatus
3292 5118 3397 5178 est,
3454 5118 3510 5164 et
3551 5105 3660 5162 hoc

2061 5209 2282 5264 nomine
2306 5207 2622 5278 appellavit.

1907 5555 2140 5613 NOTAE.

449 5733 563 5806 θεά)
594 5743 673 5796 tta
696 5733 850 5792 Colb.
882 5752 982 5808 pro.
1008 5735 1528 5802 ἐπαπωλιαζόντων.

2146 5733 2247 5806 ᾗιὶὸ)
2281 5733 2374 5788 νῦν
2414 5731 2472 5786 δὲ
2503 5733 2626 5795 τοῦς
2672 5728 2980 5792 Ἰουδαίους,
3014 5725 3174 5782 Colb.
