4136 6598
487 440 630 505 1043
1642 442 1915 505 ΡΗΟΤΙΙ
1948 444 2091 505 PAT

560 552 887 623 QUASSTIO
922 554 1149 611 ccxut
1194 553 1387 629 [CoisL
1430 556 1595 611 Taur.
1643 556 2000 631 Lxxxvni].

484 650 630 712 Quid
664 661 740 702 est
782 647 1153 711 Novilunium,
1184 648 1312 719 quid
1364 647 1656 713 Kalendae,
1704 649 1831 719 quid
1866 648 1996 703 Idus
2024 662 2073 705 et

1094 716 1222 789 quid
1254 716 1425 773 Nona:
1442 726 1465 773 2/

2100 444 2460 507 RIARCHE
2489 447 2600 509 CP.
3726 436 3877 505 1044

2100 569 2150 628 Α
2400 596 2411 607 ι
2696 563 3032 617 ΕΡΩΤΗΣῙΣ
3070 563 3245 619 ΣΜΠ.

2191 650 2251 703 Τί
2270 650 2403 705 ἐστι
2431 654 2767 723 Novam-Ia,
2808 656 2904 708 καὶ
2934 656 2991 707 τί
3016 656 3345 725 Καλάνδίη,
3368 654 3505 711 και
3552 652 3635 708 τί
3659 646 3876 715 Εἰὸιιὶ,

2732 725 2831 779 καὶ
2855 726 2913 779 τί
2938 727 3196 791 Νόνναι;

1472 832 1612 883 Nunc
1642 836 1853 896 primum
1884 834 2017 881 edita
2055 845 2205 895 opera
2236 833 2296 885 D.
2331 837 2757 901 Hergenroether.

558 911 662 978 Qui
693 911 1067 969 Romanorum
1112 916 1344 986 imperio
1377 915 1805 973 dominabantur
1827 920 2075 988 quo-tmis

489 1021 734 1062 mensem
775 1007 828 1062 in
878 1016 991 1063 tres
1032 1008 1351 1063 dividebant
1384 1022 1598 1080 partes,
1642 1022 1696 1065 et
1734 1012 2073 1065 nnvilunium

488 1099 710 1167 quidem
778 1100 894 1155 sive
958 1100 1103 1154 lunae
1154 1102 1369 1157 initium
1439 1104 1708 1157 vocabant
1766 1104 2076 1169 Kalendas,

490 1190 688 1244 deinde
723 1206 925 1246 nonam
951 1192 1157 1246 mensis
1187 1192 1330 1247 diem
1364 1192 1567 1259 Nonas,
1598 1204 1649 1248 ct
1680 1205 1935 1264 przrterea
1970 1206 2081 1249 ter-

494 1280 625 1332 tiam
658 1291 868 1349 partem
911 1282 1182 1335 vocabant
1207 1281 1349 1347 ldus,
1381 1282 1473 1351 qui
1506 1282 1725 1351 quidem
1754 1282 1958 1337 Graecis
1986 1282 2084 1336 im-

493 1371 605 1424 buti
643 1380 799 1425 erant
866 1372 1093 1434 litteris,
1135 1389 1164 1427 a
1205 1373 1349 1429 lunae
1402 1374 1569 1442 plena:
1622 1375 1803 1445 specie
1852 1375 2083 1445 (species

492 1464 637 1514 enim
671 1462 874 1518 Graecis
898 1474 981 1519 est
1009 1460 1191 1529 εἶδος),
1226 1466 1459 1521 Romani
1502 1482 1631 1521 vero
1699 1469 2009 1522 sacerdotes
2054 1482 2083 1521 a

494 1556 806 1623 sacrificio,
862 1558 1006 1627 quod
1077 1560 1182 1614 illis
1230 1561 1420 1615 diebus
1474 1562 1803 1629 peragebant
1843 1570 2086 1630 quotque

498 1647 691 1701 ldulim
732 1651 1110 1717 nominabant,
1144 1669 1265 1721 quae
1300 1669 1401 1707 vox
1450 1653 1721 1724 signiﬁcat
1755 1655 2083 1710 sacriﬁcium

495 1755 558 1793 ex
593 1741 729 1795 albis
761 1744 972 1799 ovibus.
1012 1743 1246 1800 Possunt
1278 1762 1405 1800 vero
1433 1756 1487 1801 et
1525 1748 1645 1801 alia:
1683 1748 1867 1801 multa:
1897 1747 1964 1802 de
2004 1747 2087 1801 his

497 1829 723 1882 vocibus
771 1830 822 1882 in
880 1832 1120 1886 medium
1169 1833 1399 1904 proferri
1452 1834 1763 1889 artificiosae
1811 1845 1864 1890 et
1915 1836 2089 1889 doctae

494 1921 929 1988 observationes,
978 1942 1102 1996 quae
1137 1926 1330 1997 majori
1372 1928 1484 1982 otio
1510 1938 1675 1997 atque
1707 1929 1970 1983 industria
2006 1930 2088 1983 in-

493 2014 762 2084 digerent.

895 2108 1224 2176 QUASSTIO
1252 2110 1499 2165 ccxuu
1534 2113 1669 2181 (9.6).

810 2199 884 2254 De
933 2202 1115 2255 divina
1177 2212 1370 2255 natura
1427 2211 1475 2255 et
1529 2220 1774 2271 persona.

492 2286 633 2338 Nunc
662 2290 873 2352 primum
905 2291 1038 2341 edita
1075 2308 1101 2343 a
1142 2294 1201 2344 D.
1236 2292 1665 2355 Hcrgenroelher.
1698 2321 1759 2331 —
1790 2298 2074 2359 Dngmatica

2250 925 2312 974 Οἱ
2330 924 2617 995 Ῥωμαίων
2637 925 2878 996 (27)⁷γῆς
2895 925 3346 996 καθηγησάμενοι
3370 925 3680 978 ἕκαστον
3711 922 3878 991 μῆνα

2180 1014 2260 1076 εἰς
2290 1016 2437 1084 τρεῖς
2476 1016 2704 1088 μερίδας
2729 1016 3006 1087 ἐμέριζον,
3045 1017 3141 1069 καὶ
3166 1016 3265 1085 τὴν
3310 1016 3412 1086 μὲν
3498 1014 3877 1083 νουμηνῖαν

2182 1108 2301 1177 ἦτοι
2332 1108 2430 1179 τὴν
2466 1110 2803 1179 ἀρχιμηνίαν
2840 1110 3071 1163 ὲκάλουν
3093 1109 3383 1173 καλάνδας·
3428 1109 3627 1179 μετὰ
3669 1105 3876 1158 ταῦτα

2182 1200 2238 1253 δὲ
2273 1200 2371 1270 τὴν
2412 1201 2639 1271 ὲννάτην
2667 1201 2761 1255 τοῦ
2796 1202 2967 1273 μηνὸς
2996 1202 3228 1255 ἐκάλουν
3254 1202 3487 1265 νόννας,
3550 1200 3679 1253 καὶ
3720 1198 3875 1269 πρὸς

2184 1294 2396 1356 τούτοις
2450 1292 2532 1345 ἔτι
2569 1293 2668 1364 τὴν
2712 1292 2907 1364 τρίτην
2949 1296 3147 1365 μοῖραν
3200 1293 3432 1348 ἐκάλουν
3492 1290 3754 1353 εἰδοὺς,
3821 1292 3871 1341 οἱ

2189 1381 2288 1452 μὲν
2336 1380 2707 1452 ἑλληνίζοντες
2765 1381 2873 1435 ἀπὸ
2916 1381 3012 1434 τοῦ
3063 1381 3413 1452 πλησιφαοῦς
3470 1380 3707 1440 εῐδους
3762 1377 3873 1447 τῆς

2189 1469 2441 1539 σελήνης,
2508 1470 2559 1522 οἱ
2602 1470 2661 1523 δὲ
2709 1469 2819 1521 τῶν
2871 1469 3162 1537 Ῥωμαίων
3217 1470 3382 1539 ἱερεῖς
3436 1467 3587 1519 ἀπὸ
3625 1465 3750 1534 τῆς
3806 1467 3869 1514 ἐν

2186 1562 2371 1624 αὐτοῖς
2402 1560 2745 1633 ἱερουργίας,
2797 1562 2864 1630 ἢν
2892 1560 3121 1613 είδουλιν
3161 1559 3391 1612 ἐκάλουν
3437 1558 3577 1628 τὴν
3622 1557 3707 1608 ὲκ
3735 1554 3871 1606 λευ-

2189 1653 2303 1705 κῶν
2336 1651 2625 1723 προϐάτων
2663 1650 2856 1704 Θυσίαν
2913 1651 3287 1722 σημαίνουσαν
3338 1667 3353 1682 ο
3422 1651 3543 1703 καὶ
3581 1647 3753 1717 ἄλλη
3804 1646 3867 1698 δὲ

2193 1746 2361 1815 πολλὴ
2429 1746 2545 1797 ἐστι
2598 1744 2727 1814 περὶ
2778 1742 2947 1797 αὐτοῦ
3012 1740 3352 1812 τεχνολογία,
3411 1743 3568 1811 ἥτις
3663 1740 3865 1793 δεῖται

2197 1839 2541 1913 μακροτέρας
2577 1838 2774 1910 σχολῆς
2800 1838 2895 1892 καὶ
2927 1836 3246 1908 ἐπιμελείας
3269 1836 3409 1906 (28).

2718 2106 3054 2160 ΕΡΩΤΗΣΙΣ
3088 2105 3257 2159 ΣΜΡ.

2118 2202 2166 2261 Β
2374 2204 2511 2272 Περὶ
2548 2204 2711 2269 θείας
2768 2202 3011 2271 φύσεως
3044 2199 3143 2251 καὶ
3184 2195 3643 2259 ὑποστάσεως.

2107 2306 2278 2350 contra
2316 2294 2686 2358 Monophysitas
2726 2308 2788 2343 ex
2824 2294 2994 2355 Cyrilli
3025 2289 3351 2342 Alexandrini
3400 2288 3601 2339 verbis
3639 2291 3837 2353 dogma

1744 2360 2101 2412 catholicorum
2137 2367 2506 2426 impugnantes.

564 2436 681 2493 Una
723 2450 919 2498 natura
949 2442 1113 2499 Verbi
1149 2443 1435 2499 incarnata
1472 2461 1636 2500 unam
1666 2447 1884 2517 quidem
1914 2450 2091 2505 solam

490 2532 817 2586 sententiam
853 2548 1048 2603 puram
1093 2534 1312 2605 praefert
1358 2537 1473 2591 sive
1529 2536 1583 2591 in
1634 2552 1805 2593 unum
1835 2540 2095 2596 convenit

490 2638 615 2677 cum
662 2624 731 2677 iis
769 2625 864 2694 qui
896 2626 1036 2681 duas
1068 2635 1293 2683 naturas
1328 2628 1765 2697 inseparabiliter
1793 2632 2091 2686 secundum

490 2732 778 2785 personam
812 2719 994 2774 unitas
1024 2728 1289 2775 statuunt.
1319 2720 1485 2792 quue
1517 2731 1664 2793 patet
1692 2724 1913 2789 exinde,
1943 2726 2093 2795 quod

489 2811 728 2882 Cyrillus
756 2820 987 2881 utraque
1017 2811 1274 2881 loquendi
1316 2813 1493 2868 forma
1531 2816 1728 2883 utitur,
1764 2832 1942 2887 neque
1975 2818 2091 2873 for-

494 2904 703 2957 mulam
760 2919 871 2958 una
932 2914 1125 2959 natura
1155 2905 1317 2961 Verbi
1365 2906 1635 2962 incarnati
1667 2909 1945 2979 rejiciens,
1996 2927 2093 2967 ne-

492 3010 603 3065 que
637 3011 841 3065 negans
878 2996 1017 3051 duas
1045 3006 1273 3052 naturas
1318 2997 1756 3068 inseparabiliter
1788 3002 2090 3057 secundum

492 3101 787 3157 personam
842 3089 1047 3145 unitas.
1085 3089 1203 3144 Non
1244 3090 1420 3146 solum
1448 3106 1578 3146 vero
1606 3092 1862 3164 Cyrillus,
1901 3096 1992 3150 sed
2037 3105 2094 3149 et

492 3182 810 3252 quicunque
863 3189 987 3252 post
1047 3181 1201 3237 illum
1263 3198 1295 3237 a
1362 3192 1520 3254 parte
1562 3185 1829 3241 catholica
1883 3196 2092 3244 stantes

494 3272 649 3329 fuere
677 3274 868 3343 agniti.
893 3274 1043 3329 Nihil
1074 3291 1206 3329 vero
1237 3275 1463 3339 mirum,
1493 3276 1562 3343 si,
1589 3279 1843 3347 quamvis
1869 3279 1958 3335 illa
1986 3297 2090 3336 vox

493 3379 689 3434 puram
722 3366 1120 3421 catholicorum
1173 3368 1502 3423 sententiam
1554 3368 1776 3433 indicet,
1816 3388 1973 3429 mens
2004 3384 2089 3429 ta-

495 3474 620 3514 men
645 3458 899 3514 haeretica
942 3460 1088 3514 illam
1125 3460 1190 3514 ad
1221 3461 1499 3530 propriam
1531 3476 1845 3531 perversam
1872 3466 2090 3533 opinio-

498 3569 623 3608 ncm
672 3553 981 3621 detorquet.
1028 3552 1240 3605 Etenim
1291 3560 1344 3605 et
1376 3553 1513 3607 alias
1542 3568 1729 3609 sacras
1762 3570 1924 3612 voces
1964 3573 2091 3627 pcr-

495 3653 710 3699 vertere
752 3644 956 3698 audent
1000 3643 1056 3696 hi
1108 3642 1202 3713 qui
1252 3644 1464 3699 malunt
1502 3660 1667 3713 prave
1716 3662 1879 3717 agere
1922 3666 2088 3719 quam

497 3736 729 3791 discere.
755 3736 899 3790 Nihil
930 3751 1061 3790 vero
1099 3736 1247 3790 aliud
1276 3737 1387 3804 isti,
1413 3739 1879 3807 quemadmodum
1911 3751 1966 3795 ct
1995 3743 2093 3806 illi,

498 3828 760 3891 alliciunt,
806 3828 912 3882 nisi
944 3828 1089 3898 quod
1130 3842 1351 3896 pravam
1397 3844 1555 3884 suam
1600 3831 1927 3886 sententiam
1974 3835 2097 3887 red-

499 3922 640 3977 dunt
665 3920 1031 3976 manifestam.
1061 3922 1141 3975 Ad
1170 3922 1274 3976 hoc
1302 3936 1434 3977 vero
1466 3922 1728 3992 improba
1757 3939 1972 3992 eorum,
2003 3924 2098 3996 qui

500 4026 710 4071 rectam
749 4015 1078 4071 sententiam
1130 4015 1273 4069 haud
1332 4016 1759 4086 amplectuntur,
1817 4027 2100 4073 vertentur

503 4118 668 4173 artes,
704 4117 763 4163 ut
810 4110 891 4163 vel
948 4108 1114 4163 Deum
1165 4106 1401 4163 Verbum
1454 4109 1636 4179 specie
1682 4118 1843 4165 tenus
1873 4126 2094 4167 carnem

503 4212 745 4268 gestasse
772 4201 1151 4273 blasphemant
1198 4200 1625 4257 Manichaaorum
1673 4203 1739 4257 ad
1776 4202 1969 4270 instar,
2011 4204 2097 4259 vel

502 4293 742 4348 Verbum
784 4296 836 4350 in
872 4309 1094 4350 carnem
1128 4303 1399 4350 mutatum
1436 4295 1517 4349 vel
1560 4296 1806 4365 corporis
1842 4306 2095 4352 naturam

503 4402 534 4442 a
589 4388 797 4444 Deitate
845 4388 1137 4453 invisibili,
1176 4389 1579 4458 superuatnrali
1650 4398 1706 4444 et
1773 4390 2094 4459 incorporea

502 4480 675 4535 fuisse
720 4482 1032 4549 absorptam
1081 4480 1371 4535 allirment.
1419 4481 1477 4536 Si
1520 4482 1709 4537 beatus
1758 4480 1995 4553 Cyrillus
2043 4491 2098 4537 et

502 4572 593 4627 alii
627 4572 867 4627 sexcenti
899 4588 961 4626 ex
994 4570 1250 4626 Patribus
1282 4587 1426 4641 saepe
1484 4582 1736 4627 naturam
1770 4588 1869 4643 pro
1916 4574 2093 4644 hypo-

504 4666 639 4721 stasi
673 4665 969 4729 accipiunt,
1003 4681 1180 4734 neque
1213 4665 1357 4719 istud
1393 4666 1476 4720 his
1504 4665 2098 4722 confusionisauctori-

502 4756 606 4813 bus
633 4767 717 4813 est
743 4757 1101 4827 prohibitum,
1131 4757 1406 4825 quomodo
1445 4773 1553 4811 non
1583 4758 1737 4812 nobis
1772 4759 2096 4815 orthodoxis

501 4848 675 4905 risum
702 4852 1017 4913 movebunt,
1050 4850 1179 4905 dum
1210 4849 1397 4921 Cyrilli
1428 4866 1615 4906 vocem
1651 4851 1940 4920 objiciunt,
1973 4867 2096 4923 quae

504 4959 670 4998 unam
697 4952 949 4997 naturam
986 4941 1146 4997 Verbi
1181 4942 1519 4997 incarnatam
1553 4941 1828 4997 allii-mat?
1858 4942 1915 4997 Si
1943 4949 2090 4999 enim

500 5036 687 5090 videre
765 5034 893 5091 licet
962 5034 1149 5105 Cyrilli
1227 5034 1680 5090 consuetudinem
1770 5050 1913 5105 saepe
1992 5050 2092 5106 pro

504 5127 784 5203 hypostasi
824 5137 1079 5184 naturam
1127 5138 1455 5190 sumentem,
1490 5127 1674 5197 potius
1702 5127 1861 5182 nobis
1891 5142 2091 5182 conso-

505 5230 601 5275 nat
638 5238 703 5277 ac
729 5220 1076 5292 suffragatus,
1108 5235 1271 5291 quam
1317 5220 1604 5289 apostatis.
1643 5218 1899 5275 Nostrum
1942 5221 2090 5275 enim

507 5321 590 5368 est
619 5320 672 5365 et
700 5314 939 5384 cogitare
982 5321 1037 5367 et
1084 5313 1267 5367 dicere
1314 5293 1489 5365 Unam
1540 5310 1699 5368 Verbi
1752 5310 2092 5366 incarnatam

2024 5426 2266 5483 NOTAE.

580 5520 691 5589 (ΞΒ)
720 5518 842 5575 llaec
865 5519 1096 5589 quaestio
1131 5535 1232 5574 nec
1266 5520 1320 5574 in
1354 5518 1693 5575 Coisliniano
1722 5535 1822 5577 nec
1855 5520 1911 5576 in
1957 5519 2095 5575 Tau-

510 5590 714 5645 l’iltettsi
748 5593 935 5644 codice
969 5600 1259 5657 reperitur.

583 5661 695 5725 (‘27)
728 5661 878 5713 Fort.
913 5661 1201 5727 Ῥωμαῖοι.

584 5731 700 5799 (28)
731 5731 977 5791 Pbotins.
1009 5733 1103 5798 qui
1141 5749 1227 5787 res
1253 5732 1573 5788 Latinorum
1605 5748 1796 5799 parum
1836 5743 2097 5788 accurate

511 5800 688 5872 novit,
718 5801 804 5853 hic
837 5804 953 5869 ipse
984 5800 1161 5854 innuit
1192 5819 1250 5857 se
1286 5805 1504 5857 nonnisi
1537 5804 1715 5856 obiter
1773 5820 1836 5856 ac
1872 5811 2097 5872 pertun—

511 5869 954 5941 ctorieqtuesito
999 5872 1351 5927 satisfecisse.
1408 5874 1679 5927 Czetcrnm
1744 5869 1925 5941 quoad
1981 5889 2093 5925 rem

514 5937 709 5995 confer
735 5954 795 5993 ea
820 5956 939 6009 qua:
962 5942 1207 6008 disputat
1232 5942 1519 5997 Balsanton
1554 5945 1606 5998 in
1637 5937 1900 5997 curionem
1928 5943 2091 5997 Trul-

2278 2452 2341 2504 'H
2380 2450 2478 2520 μία
2506 2448 2669 2518 φύσις
2696 2445 2793 2499 τοῦ
2834 2444 3009 2512 Λόγου
3061 2426 3459 2512 σεσαρκωμένη
3499 2440 3643 2509 (‘29)
3700 2440 3843 2508 μίαν

2199 2544 2299 2614 μὲν
2370 2542 2541 2613 μόνην
2610 2539 2853 2593 διάνοιαν
2911 2537 3160 2608 καθαρὰν
3215 2533 3634 2607 προϐάλλεται,
3709 2531 3831 2601 ἦτοι

2198 2637 2481 2707 συντρέχει
2535 2636 2647 2697 τοῖς
2706 2634 2800 2687 δύο
2865 2632 3057 2703 φύσεις
3112 2630 3404 2701 ἡνωμένας
3456 2625 3827 2697 ἀχωρίστως

2195 2729 2651 2783 καθ’ὑπόστασιν
2680 2722 3092 2794 δογματίζουσι.
3138 2721 3248 2774 Καὶ
3308 2718 3469 2772 τοῦτο
3523 2717 3715 2787 δῆλον
3765 2710 3828 2777 ἐξ

2192 2818 2267 2878 ὧν
2306 2841 2365 2877 τε
2403 2821 2669 2891 Κύριλλος
2728 2818 2965 2889 ἑκατέρᾳ
3020 2816 3290 2887 κέχρηται
3318 2814 3480 2883 λόγου
3521 2812 3818 2882 συνθήκῃ,

2198 2923 2336 2989 μήτε
2368 2915 2451 2982 τδ,
2480 2914 2577 2986 μία
2609 2913 2772 2983 φύσις
2795 2912 2889 2965 τοῦ
2923 2910 3101 2976 Λόγου
3136 2909 3568 2979 σεσαρκωμένη,
3601 2921 3823 2975 παραι-

2192 3011 2286 3064 τού
2297 3026 2477 3079 μενος,
2510 3008 2603 3061 καὶ
2625 3008 2685 3059 τδ
2703 3005 2796 3058 δύο
2823 3004 3022 3073 φύσεις
3043 3002 3366 3072 ἀχωρίστως
3396 3001 3524 3055 καθ’
3551 2999 3816 3053 ὑπόστα-

2196 3120 2279 3154 σιν
2309 3098 2596 3172 ἡνωμένας
2623 3097 2724 3150 οὐκ
2745 3093 3099 3166 ἀρνούμενος.
3123 3093 3197 3144 Ού
3222 3092 3382 3161 μόνον
3411 3091 3469 3143 δὲ
3494 3089 3815 3160 Κύριλλος,
3851 3143 3854 3146 ,

2193 3194 2331 3249 ἀλλά
2384 3193 2478 3245 καὶ
2526 3192 2642 3244 ὅσοι
2704 3191 2822 3259 μετ’
2874 3189 3085 3242 ἐκεῖνον
3125 3186 3226 3254 τῆς
3275 3185 3540 3248 εὐσεϐοῦς
3577 3182 3811 3255 μερίδος

2194 3283 2567 3355 ἐγνώσθησαν.
2613 3280 2782 3334 Οὐδὲν
2815 3279 2872 3331 δὲ
2922 3276 3261 3347 θαυμαστὸν,
3312 3276 3363 3329 εἱ
3406 3274 3675 3347 καθαρὰν
3711 3272 3813 3342 δη-

2190 3377 2391 3448 λούσης
2422 3375 2519 3444 τὴν
2548 3372 2833 3426 εὐσέϐειαν
2863 3369 2965 3441 τῆς
2998 3369 3183 3439 φωνῆς
3236 3370 3264 3421 ὁ
3297 3366 3649 3438 αἱρεσιώτης
3680 3363 3805 3427 νοῦς

2194 3473 2331 3543 πρὸς
2377 3470 2476 3540 τὴν
2516 3467 2723 3521 οἰκείαν
2756 3464 2965 3532 ταύτην
3023 3460 3418 3533 αίχμαλωτίζει
3472 3460 3801 3514 κακόνοιαν.

2194 3564 2306 3617 Καὶ
2334 3562 2443 3632 γὰρ
2473 3560 2570 3614 καὶ
2604 3559 2771 3621 ἄλλας
2802 3557 2955 3628 ἱερὰς
2990 3559 3177 3625 φωνὰς
3206 3552 3562 3624 διαστρέφειν
3594 3553 3659 3605 τέ
3689 3553 3795 3603 εἰσι

2194 3656 2414 3727 θρασεῖς
2443 3655 2490 3706 οἱ
2518 3652 2581 3705 τὸ
2613 3652 2947 3720 κακουργεῖν
2966 3648 3071 3717 πρὸ
3090 3646 3183 3701 τοῦ
3215 3646 3509 3715 μανθάνειν
3540 3646 3803 3715 ἔμπροσ-

2124 3732 2167 3791 C
2202 3746 2291 3799 θεν
2343 3745 2569 3811 ἄγοντες
2594 3759 2610 3773 ·
2638 3742 2734 3795 καὶ
2761 3741 2917 3794 οὐδὲν
2956 3739 3127 3792 πλέον
3151 3737 3261 3792 οὐδ’
3289 3729 3435 3790 οῦτοι
3468 3736 3663 3805 ὥσπερ
3691 3732 3794 3787 οὐδ’

2201 3839 2398 3892 ἐκεῖνοι
2432 3836 2573 3903 πλῆν
2598 3836 2690 3889 τοῦ
2727 3833 2908 3889 δοῦναι
2961 3832 3063 3903 τῆς
3119 3831 3519 3901 κακεργάτιδος
3567 3827 3799 3899 γνώμης

2201 3933 2419 4002 ἔλεγχον
2445 3929 2755 3997 ἐξανύουσι.
2778 3926 3262 3999 Περιτραπήσεται
3288 3924 3346 3977 δὲ
3369 3923 3593 3984 πάντως
3614 3920 3793 3979 αὐτοῖς

2200 4029 2234 4098 ἡ
2265 4024 2593 4095 κακοτεχνία
2621 4023 2698 4093 μὴ
2727 4021 2826 4091 τὴν
2876 4019 3044 4090 ὀρθὴν
3078 4015 3489 4087 ἀσπαζομένοις
3523 4014 3791 4071 διάνοιαν,

2200 4118 2235 4189 ἢ
2287 4118 2344 4169 ὲν
2383 4113 2660 4185 φαντασίᾳ
2699 4111 2801 4182 τὴν
2845 4110 3025 4181 σάρκα
3055 4108 3283 4180 φορέσαι
3308 4106 3401 4160 τὸν
3440 4106 3575 4161 Θεὸν
3618 4104 3788 4169 Λόγον

2198 4208 2523 4278 δυσφημεῖν,
2566 4205 2755 4275 ὥσπερ
2810 4205 2861 4256 οἱ
2895 4202 3002 4255 ἀπὸ
3032 4201 3335 4261 Μανέντος.
3396 4198 3429 4269 ἢ
3484 4193 3791 4267 τετράφθαι

2198 4299 2290 4353 τὸν
2322 4298 2496 4365 Λόγον
2534 4297 2616 4359 εἰς
2648 4295 2849 4366 σάρκα.
2883 4292 2916 4364 ἤ
2953 4290 3089 4363 πρδς
3118 4291 3216 4361 τῆς
3244 4286 3561 4356 ἀναφανοῦς
3594 4306 3656 4341 τε
3690 4283 3781 4338 καὶ

2200 4390 2515 4462 ὑπερφυοῦς
2536 4388 2632 4441 καὶ
2660 4387 2958 4456 ἀσωμάτου
2994 4383 3251 4455 θεότητος
3278 4380 3379 4453 τὴν
3411 4378 3507 4434 τοῦ
3529 4381 3780 4451 σώματος

2199 4482 2577 4553 καταποθῆναι
2596 4480 2779 4551 φύσιν.
2802 4478 2978 4549 Εἱτὴν
2997 4475 3159 4545 φύσιν
3177 4478 3205 4528 ὁ
3225 4474 3502 4546 μακάριος
3523 4469 3786 4542 Κύριλλος

2198 4578 2297 4632 καὶ
2311 4576 2496 4646 μυρίοι
2514 4575 2665 4629 ἄλλοι
2679 4572 2788 4626 τῶν
2809 4570 2951 4625 Πατέ
2958 4586 3067 4642 ρων
3085 4568 3207 4623 ἀντὶ
3220 4567 3575 4628 ὑποστάσεως
3593 4561 3788 4617 πολλά-

2199 4688 2288 4733 κις
2304 4667 2827 4741 παραλαμϐάνουσιν
2842 4664 2957 4736 (50)
2978 4661 3103 4715 οὐδὲ
3119 4660 3280 4714 τοῦτο
3304 4660 3419 4722 τοῖς
3445 4654 3783 4728 συγχυτικοτς

2198 4762 2596 4835 ἀπηγόρευται,
2638 4757 2757 4822 πῶς
2810 4758 2943 4827 ἡμῖν
2988 4756 3050 4807 οὐ
3078 4753 3363 4823 κινήσουσι
3414 4749 3633 4819 γέλωτα
3679 4746 3785 4804 τοῖς

2197 4853 2501 4927 ὀρθοδόξοις
2524 4854 2625 4922 τὴν
2654 4849 2749 4904 τοῦ
2792 4848 3069 4918 Κυρίλλου
3108 4843 3294 4916 φωνὴν
3326 4840 3670 4904 ἐπισείοντες
3693 4836 3785 4905 τὴν

2196 4948 2464 5015 λέγουσαν
2497 4944 2627 5016 μίαν
2659 4942 2822 5012 φύσιν
2858 4939 2953 4994 τοῦ
2985 4939 3162 5007 Λόγου
3207 4934 3683 5008 σεσαρκωμένην;
3722 4928 3779 4982 El

2198 5041 2307 5109 γὰρ
2350 5038 2500 5092 ἔστιν
2558 5038 2689 5091 ἰδεῖν
2737 5035 2839 5106 τὴν
2872 5033 3146 5105 Κυρίλλου
3203 5032 3499 5103 συνήθειαν
3564 5028 3659 5082 καὶ
3688 5023 3778 5093 τὴν

2199 5132 2361 5203 φύσιν
2392 5130 2653 5194 πολλάκις
2707 5130 2830 5183 ἀντὶ
2858 5128 2957 5198 τῆς
3015 5126 3372 5189 ὑποστάσεως
3424 5117 3780 5195 παραλαμϐάη

2200 5241 2419 5290 νουσαν,
2454 5225 2588 5294 ἡμῖν
2624 5222 2831 5293 μᾶλλον
2863 5219 3285 5290 συμφθέγγεται
3315 5217 3349 5288 ἥ
3385 5218 3501 5280 τοῖς
3544 5210 3776 5270 ἀποστά-

2201 5331 2361 5379 ταις·
2420 5314 2687 5386 ἡμέτερον
2739 5312 2850 5385 γάρ
2900 5312 3020 5365 ἐστι
3082 5311 3179 5363 καὶ
3234 5310 3455 5380 φρονεῖν
3487 5309 3581 5360 καὶ
3610 5304 3776 5373 λέγειν

2212 5522 2403 5575 Ianum
2441 5522 2510 5593 6‘2
2545 5519 2847 5593 (Bcvcregii
2885 5516 3143 5593 Pendeat.
3171 5530 3370 5593 canon.
3401 5521 3445 5593 lt‘.
3490 5512 3613 5593 l.,__p.

2279 5595 2393 5656 (εει)
2422 5582 2833 5657 Ιιειίιίοηυεηῧὶ
2881 5589 3055 5643 forma
3108 5586 3366 5657 utebatur
3396 5583 3637 5657 Cyrillns
3668 5582 3772 5657 Lib.

2202 5647 2292 5715 ad.
2314 5647 2538 5733 Reginus
2566 5673 2617 5716 et
2641 5647 2799 5725 alibi;
2829 5659 3274 5733 eanrarripucre
3312 5647 3774 5724 Motu-physitmad

2200 5752 2357 5788 suum
2385 5729 2644 5803 placitum
2678 5729 3097 5803 stabiliendum.

2270 5794 2397 5870 (ὄμμ’
2412 5803 2540 5856 Vide
2573 5803 2855 5856 l’etuviutn
2882 5801 2946 5854 de
2974 5798 3238 5853 Trinitate
3270 5795 3331 5852 L.
3357 5794 3446 5864 IV,
3474 5812 3523 5851 c.
3542 5796 3600 5862 2,
3622 5810 3677 5849 n.
3704 5794 3774 5859 lii.

2200 5876 2255 5929 ll
2286 5893 2299 5943 ;
2330 5874 2405 5929 De
2432 5873 2707 5931 Incamat.
2743 5871 2805 5927 ί..
2832 5869 2869 5926 ll
2905 5888 2954 5927 c.
2992 5872 3047 5936 5,
3070 5885 3128 5926 n.
3155 5870 3208 5924 5.
