4136 6436
40 1364 44 1374 r

27 1378 58 1388 ι...

25 1392 54 1410 ζιέ

258 507 266 514 _
331 425 469 493 1045
1048 425 1150 486 AD
1182 419 1779 484 AMPHILOCI-IIUM
1809 404 2158 489 (imusne
2191 410 2777 476 canit-ccxuv.
3470 393 3606 458 tom

323 545 623 597 ὑπόστασιν
702 540 832 612 μίαν
889 538 984 594 τοῦ
1015 540 1190 609 Λόγου
1241 537 1694 610 σεσαρκωμένην.
1735 535 1902 605 Ὁρᾷς

2037 532 2357 605 typostasin.
2383 527 2571 590 Vides,
2597 541 2707 596 quo
2730 533 2890 594 pacto
2915 525 3047 575 sunt
3081 513 3241 585 impii
3270 520 3328 567 et
3369 509 3610 566 detesta-

320 636 469 699 ῦπως
496 635 604 688 εἰσὶ
626 603 944 696 θεοϐλαϐεῖς
1003 603 1115 687 καὶ-
1160 603 1462 702 ἀπόκλητοι
1503 603 1517 661 ί
1565 603 1749 682 ἐκεῖνα

2037 603 2187 691 tiles;
2220 639 2282 679 ea
2312 622 2456 678 enim
2485 631 2538 675 et
2568 618 2722 673 inviti
2760 612 3086 670 concedunt.
3120 623 3242 678 qum
3272 620 3380 659 non
3420 603 3610 657 dicunt

320 731 418 782 καὶ
445 698 672 790 ἄκοντες
699 725 1039 797 χαρίζονται,
1069 724 1105 779 ἃ.
1139 725 1214 795 μὴ
1261 698 1487 791 λέγουσι
1521 719 1914 789 συλαγωγοῦν-

2037 716 2362 780 praedatores,
2427 721 2483 767 et
2531 710 2750 764 illorum
2783 713 3139 760 accusatores
3190 698 3460 761 evadunt,
3511 710 3610 764 pro

320 837 435 884 τες,
469 818 742 871 κάκείνων
773 817 1072 886 κατήγοροι
1119 815 1384 884 γίνονται,
1435 814 1574 884 ὑπὲρ
1600 808 1676 865 ὧν
1707 811 1782 882 μὴ
1823 811 1914 877 ἐξ.

322 909 628 981 ομόσασθαι
649 907 877 978 μυρίους
899 907 1153 960 ὑπελθεῖν
1177 905 1604 976 σχηματίζονται
1627 903 1912 967 θανά-τους.

323 1003 437 1073 Τὴν
465 1000 630 1069 φύσιν
660 999 769 1070 γὰρ
802 998 852 1051 οἱ
902 996 1200 1067 Ἀκέφαλοι
1233 995 1402 1065 ἤγουν
1442 996 1492 1048 οἱ
1533 994 1641 1048 ἀπὸ
1668 994 1913 1065 Σεϐήρου

324 1094 406 1155 εἰς
433 1092 529 1146 δύο
552 1091 812 1160 τέμνουσι
843 1088 1059 1158 φύσεις,
1091 1089 1186 1141 καὶ
1209 1087 1308 1158 τὴν
1330 1087 1429 1158 μὲν
1457 1085 1684 1140 καλοῦσι
1718 1085 1914 1156 ίδικὴν,

324 1185 426 1254 τὴν
464 1183 523 1238 δὲ
557 1182 824 1248 καθόλου,
867 1181 1050 1234 καίτοι
1083 1180 1252 1250 μηδὲν
1295 1181 1483 1242 αὐτοῖς
1533 1180 1633 1249 τῆς
1673 1177 1918 1240 ἐπινοίας

326 1275 534 1343 ταύτης
583 1273 721 1345 πρὸς
769 1271 872 1343 τὴν
925 1271 1185 1325 ἀσέϐειαν
1223 1268 1588 1340 συντελούσης
1613 1283 1628 1298 ο
1657 1267 1917 1339 οὐδὲγὰρ

215 1360 225 1364 ’
326 1369 427 1436 τὴν
456 1366 660 1418 ἄτοπον
705 1363 887 1417 αὐτῶν
945 1362 1103 1426 δόξαν
1130 1360 1291 1414 τοῦτο
1336 1359 1399 1414 τὸ
1429 1359 1800 1430 κενολὸγημα,
1859 1357 1920 1411 τὸ

334 1461 463 1530 μίαν
521 1456 685 1525 φύσιν
737 1456 830 1508 ἐπὶ
887 1454 1128 1526 Χριστοῦ
1169 1452 1580 1525 τερατεύεσθαι,
1630 1452 1924 1522 συγκροτεῖ

331 1549 426 1602 καὶ
491 1549 636 1601 κατὰ
705 1546 816 1600 τῶν
890 1544 1193 1616 ὁρθοδόξων
1265 1544 1418 1597 οὐδὲν
1486 1541 1919 1614 παρατάττεται.

344 1639 683 1709 Ἐρωτητέον
727 1637 784 1691 δὲ
814 1638 1032 1698 αὐτοὺς,
1064 1637 1315 1707 πότερον,
1365 1635 1532 1707 ἡνίκα
1578 1634 1798 1702 λέγουσι
1832 1635 1924 1688 τὸν

331 1731 590 1800 Χριστὸν,
657 1731 722 1783 έκ
775 1730 870 1783 δύο
929 1729 1166 1798 φύσεων,
1226 1729 1291 1781 ὲκ
1333 1726 1585 1798 ποτέρων
1611 1726 1705 1780 δύο
1733 1726 1925 1780 τοῦτον

334 1817 477 1875 εἷναί
539 1839 694 1890 φασι,
758 1821 889 1884 τῶν,
959 1819 1034 1882 ὡς
1087 1821 1288 1873 ἐκεῖνοι
1332 1819 1577 1889 λέγουσι,
1618 1817 1920 1890 μερικῶνῆ

2012 809 2216 880 quibus
2261 821 2370 861 non
2411 800 2694 873 ejurandis
2745 805 3002 854 sexcenta
3053 810 3112 850 se
3158 793 3354 846 mortis
3412 801 3612 857 genera

2019 879 2301 956 subituros
2333 896 2674 967 conﬁngunt.
2722 891 2986 945 Naturam
3023 887 3167 940 enim
3205 881 3463 952 Acophali
3497 879 3613 933 sive

2018 988 2302 1044 Severiani
2339 988 2394 1040 in
2428 986 2565 1040 duas
2598 991 2787 1040 secant
2829 988 3077 1039 naturas,
3110 987 3164 1029 et
3188 990 3352 1028 unam
3388 971 3610 1042 quidem

2016 1091 2216 1137 vocant
2266 1079 2635 1149 singularem.
2693 1073 2925 1128 alteram
2987 1066 3378 1124 universalem.
3432 1078 3612 1132 quan-

2018 1191 2183 1248 quam
2219 1173 2354 1228 nihil
2399 1169 2641 1226 conferat
2695 1167 2760 1220 ad
2811 1163 3148 1232 impietatem
3205 1158 3306 1211 ista
3340 1154 3610 1210 inventio.

2023 1269 2210 1338 Neque
2235 1265 2380 1321 enim
2407 1262 2702 1318 absurdam
2731 1273 2922 1313 eorum
2976 1251 3285 1309 doetrinam
3324 1247 3442 1302 haec
3474 1261 3615 1298 vana

2020 1363 2258 1423 locntio,
2303 1373 2411 1427 qua
2460 1371 2568 1410 una
2627 1355 2683 1408 in
2731 1351 2954 1405 Christo
3006 1354 3199 1399 natura
3261 1339 3615 1408 confingitur,

2025 1456 2268 1512 stabilire
2298 1459 2481 1524 potest
2525 1457 2583 1505 et
2630 1453 2822 1500 contra
2863 1439 3201 1496 orthodoxos
3253 1433 3453 1486 frustra
3493 1445 3620 1499 pro-

2026 1551 2222 1606 fertur.
2280 1542 2644 1612 Quatrendum
2705 1550 2836 1591 vero
2897 1549 2963 1588 ex
3039 1531 3120 1584 eis
3203 1535 3331 1586 est,
3400 1522 3621 1591 quando

2025 1643 2301 1699 Christum
2338 1640 2526 1693 dicunt
2568 1650 2631 1687 cx
2675 1629 2886 1684 duabus
2917 1622 3164 1681 naturis.
3215 1634 3279 1672 ex
3320 1617 3458 1670 utris
3496 1629 3619 1668 eum

2025 1749 2150 1790 esse
2179 1733 2408 1786 docrant
2439 1768 2453 1792 ,
2483 1741 2545 1780 ex
2599 1717 3102 1794 particularibusue
3127 1728 3192 1766 an
3223 1726 3289 1764 ex
3317 1706 3625 1763 communi-

2031 1828 2154 1881 bus.
2183 1821 2317 1877 Nam
2373 1819 2417 1875 si
2451 1834 2516 1871 ex
2548 1809 2974 1887 particular-ibus
2995 1847 3011 1870 ,
3047 1803 3315 1874 quomodo
3358 1815 3465 1853 non
3493 1813 3622 1852 ern-

333 1913 446 1967 τῶν
464 1912 679 1966 κοινῶν.
711 1913 772 1965 Εἰ
803 1911 903 1982 μὲν
931 1912 1040 1982 γὰρ
1060 1911 1168 1965 τῶν
1194 1911 1460 1982 μερικῶν.
1489 1909 1607 1974 πῶς
1627 1911 1925 1983 Νεστόριον

2037 1920 2254 1974 bescunt
2287 1909 2600 1967 Nestorium
2653 1903 2871 1975 injuriis
2919 1898 3133 1954 allicere
3161 1939 3174 1962 ,
3228 1893 3388 1962 cujus
3416 1889 3623 1946 doctri-

334 2007 439 2061 οὑκ
489 2005 818 2079 έρυθριῶσιν
868 2003 1135 2075 ὑϐρίζειν,
1196 1997 1258 2057 οὗ
1298 2003 1360 2056 τὸ
1410 2003 1589 2076 δόγμα
1659 2005 1924 2072 περιϐάλ-

333 2114 545 2164 πουσι;
605 2099 666 2151 τὸ
747 2098 856 2168 γὰρ
912 2098 977 2150 ὲκ
1025 2096 1122 2150 δύο
1147 2095 1502 2150 ὑποστάσεων
1537 2097 1928 2164 συντιθέμενον

338 2192 626 2261 σοφίζεται
680 2191 781 2262 μὲν
807 2191 906 2261 τὴν
940 2192 1021 2255 είς
1052 2189 1110 2243 ἓν
1150 2190 1445 2262 πρόσωπον
1473 2189 1746 2254 σύνθεσιν,
1777 2191 1929 2244 οὐδὲν

335 2285 398 2338 δὲ
433 2281 597 2357 ἧττον
628 2284 728 2347 τὰς
749 2283 843 2337 δύο
880 2283 1211 2347 ὑποστάσεις
1276 2282 1663 2346 ίδιοσυστάτως
1716 2283 1930 2351 εἰσάγει

335 2379 433 2430 και⁵
453 2376 771 2458 δογματίζει
799 2377 894 2431 καὶ
923 2377 1104 2430 κοινὸν
1146 2375 1516 2447 προϐάλλεται
1551 2377 1801 2448 μάθημα.
1858 2377 1933 2430 Τὸ

344 2466 448 2534 μὲν
480 2464 590 2536 γὰρ
623 2468 687 2517 ὲκ
731 2463 825 2518 δύο
871 2465 1068 2517 κοινῶν
1116 2463 1333 2533 φύσεων
1379 2463 1704 2531 συγκεῖσθαι
1748 2463 1933 2533 λέγειν

333 2559 432 2610 τὸν
477 2558 716 2625 Χριστὸν
765 2556 1126 2626 καταισχύνει
1176 2558 1266 2609 τδν
1300 2555 1598 2627 Νεστόριον
1643 2557 1789 2626 (οὐδὲ
1825 2557 1934 2626 γὰρ

331 2648 450 2704 οὐδ’
489 2647 548 2715 ἐξ
577 2648 826 2719 ἀνάγκης
860 2650 940 2710 εἰς
978 2647 1388 2709 ἰδιοσυστάτους
1434 2647 1766 2712 ὑποστάσεις
1797 2649 1937 2701 διαι-

334 2749 521 2819 ρεῖται
582 2743 644 2794 τὸ
703 2739 1085 2808 συγκείμενον)
1119 2753 1133 2768 ·
1165 2737 1228 2790 τδ
1283 2737 1340 2790 δὲ
1395 2739 1460 2790 ὲκ
1511 2737 1604 2790 δύο
1629 2738 1832 2806 λέγειν,
1861 2737 1938 2802 ὡς

332 2837 576 2900 ἐκείνοις
608 2833 826 2902 ἀνάγκη
869 2830 1074 2898 λέγειν,
1129 2828 1559 2894 ὑποστάσεων,
1608 2830 1710 2882 οὐκ
1755 2829 1939 2884 αὐτῶν

341 2930 570 3002 μᾶλλον,
604 2927 741 2981 ἀλλὰ
766 2923 858 2980 τοῦ
886 2922 1187 2993 Νεστορίου
1212 2923 1475 2992 κηρύττει
1516 2923 1578 2976 τὸ
1627 2925 1884 2994 φρόνημα
1919 2943 1935 2957 ο

2029 2027 2155 2067 nam
2215 2007 2400 2063 fovent
2442 2014 2608 2072 atque
2659 1992 3106 2068 prosequuntur?
3162 1987 3318 2054 Quod
3363 1985 3508 2039 enim
3555 1997 3624 2037 ex

2031 2104 2242 2160 duabus
2305 2095 2693 2170 hypostmibus
2765 2087 3018 2158 componi
3079 2083 3368 2144 asseritur,
3403 2075 3628 2131 simulat

2031 2196 2249 2270 quidem
2280 2168 2732 2260 compositionem
2782 2181 2836 2234 in
2884 2193 3048 2233 unam
3090 2186 3423 2237 personam,
3453 2168 3627 2222 nihilo

2031 2257 2164 2344 vero
2216 2257 2421 2340 secius-
2446 2279 2584 2333 duas
2636 2275 2957 2344 bypostases
3014 2281 3109 2338 per
3172 2279 3231 2319 se
3277 2257 3628 2331 peculiariter

2034 2381 2394 2439 subsistentes
2426 2369 2638 2426 inducit
2668 2375 2722 2421 et
2748 2363 3002 2435 praedicat
3034 2370 3088 2413 et
3112 2369 3458 2412 communem
3489 2367 3629 2420 prae-

2035 2472 2142 2526 fert
2178 2464 2484 2522 doctrinam
2521 2458 2704 2512 dicere
2744 2451 2964 2523 quidem
2997 2447 3279 2502 Christum
3319 2459 3383 2496 ex
3417 2441 3630 2495 duabus

2037 2560 2423 2621 communibus
2469 2552 2684 2609 naturis
2730 2545 3091 2616 compositum
3139 2539 3444 2593 Nestorium
3496 2551 3630 2590 con-

2040 2658 2220 2715 fundit
2277 2653 2476 2724 (neque
2535 2646 2680 2700 enim
2737 2637 3055 2696 necessario
3113 2635 3166 2688 in
3226 2632 3363 2686 duas
3417 2644 3515 2699 per
3570 2642 3632 2682 se

2040 2721 2405 2804 subsistentes
2433 2750 2696 2809 personas
2723 2729 2987 2785 dividitur
3013 2722 3425 2794 compositum),
3449 2721 3633 2774 dicere

2041 2845 2222 2892 autem
2253 2847 2320 2885 ex
2345 2827 2560 2884 duabus
2601 2820 2990 2892 Irypostasihus,
3021 2815 3162 2870 sicut
3198 2811 3305 2865 illis
3331 2811 3509 2864 dicere
3535 2824 3635 2861 ne-

2043 2941 2196 2983 cesse
2229 2931 2333 2988 est,
2369 2899 2480 2973 nOn
2504 2929 2692 2969 eorum
2723 2911 2930 2982 potius,
2962 2909 3056 2961 sed
3091 2902 3324 2957 Nestorii
3365 2898 3637 2969 imprimis

336 2991 447 3082 κᾶν
479 3040 538 3076 τε
557 2991 676 3090 ⁷γόιρ
699 3021 768 3073 ἐκ
792 3018 887 3072 δύο
906 3035 990 3081 τις
1028 2991 1431 3070 ὑίποστάὰεων
1462 3017 1597 3086 φαίη
1620 2991 1934 3086 συγκείσθω

2045 3015 2373 3075 sententiam
2406 3007 2699 3081 praedicat;
2737 3002 2852 3058 sive
2881 2998 3027 3054 enim
3057 3013 3121 3050 ea:
3151 2994 3364 3049 duabus
3388 2991 3640 3062 hyposla-

338 3115 436 3171 τὸν
464 3110 720 3182 Χριστὸν,
746 3109 847 3164 κᾶν
874 3125 933 3161 τε
956 3108 1026 3160 ἐν
1041 3108 1182 3173 δυσὶ,
1208 3110 1312 3163 κᾶν
1333 3127 1390 3162 τε
1414 3109 1526 3162 δύο
1548 3110 1934 3178 ὑποστάσεις,

2046 3109 2189 3165 sibus
2243 3104 2520 3160 Christum
2583 3097 2708 3168 quis
2739 3094 2887 3148 dicat
2938 3087 3328 3158 compositum.
3402 3084 3519 3138 sive
3580 3083 3639 3135 in

341 3175 707 3275 ἡΝεστορίου
763 3197 1031 3269 θεομαχία
1085 3198 1414 3268 κρατύνεται
1471 3199 1662 3271 ῶσπερ
1719 3201 1815 3254 ἐάν

2047 3201 2281 3262 duabus,
2319 3195 2435 3250 sive
2469 3193 2605 3244 duas
2640 3189 2968 3257 hypostases,
3005 3178 3238 3234 Nestorii
3272 3177 3550 3233 stabilitur
3582 3175 3638 3227 in

343 3261 486 3366 (ραὶη
513 3261 613 3362 τὴν
639 3261 1056 3344 ὑπόστασινττοῦ
1086 3261 1263 3358 Λόγου
1291 3292 1350 3342 ἐν
1384 3290 1550 3361 ἑαυτῇ
1595 3261 1697 3360 τῖὴν
1727 3261 1934 3362 ἀνθρωλ

2053 3293 2219 3347 Deum
2248 3301 2427 3359 pugna
2455 3303 2471 3352 ;
2505 3281 2968 3354 quemadmodum
3024 3278 3069 3332 si
3121 3276 3246 3346 quis
3277 3276 3424 3328 dicat
3473 3271 3640 3328 Verbi

346 3385 513 3455 πίνην
540 3377 954 3449 ὑποστήσασθαι
997 3379 1184 3447 φύσιν,
1231 3379 1332 3434 κᾶν
1383 3397 1442 3432 τε
1466 3381 1532 3432 ὲκ
1575 3379 1667 3433 δύο
1693 3381 1934 3449 φύσεων

2048 3380 2362 3456 bypostasin
2411 3379 2464 3432 in
2518 3392 2580 3431 se
2625 3377 2918 3430 humanam
2975 3379 3316 3426 sustentasse
3363 3375 3638 3430 naturam,

343 3469 527 3535 εἷπον,
561 3469 662 3523 κᾶν
708 3485 768 3520 τε
817 3469 876 3520 ὲν
911 3467 1051 3532 δυσὶ,
1101 3466 1202 3520 κᾶν
1250 3484 1311 3519 τε
1377 3467 1488 3521 δύο
1517 3507 1532 3529 ,
1585 3469 1788 3538 ὁμοίως
1842 3469 1934 3538 τὴν

2047 3476 2161 3532 sive
2193 3486 2258 3529 ex
2287 3472 2502 3526 duabus
2548 3471 2759 3522 naturis
2815 3468 2932 3523 sive
2966 3467 3019 3520 in
3069 3465 3284 3519 duabus
3339 3462 3454 3516 sive
3507 3460 3644 3514 duas

343 3564 473 3621 καθ’
504 3564 803 3617 ὑπόστασιν
859 3560 1055 3614 ἕνωσιν
1083 3561 1407 3630 ἀνομολογεῖ
1471 3563 1565 3614 καὶ
1623 3563 1684 3615 τὸ
1715 3563 1934 3626 εὐσεϐὲς

2046 3576 2269 3620 naturas
2301 3563 2468 3629 dicat,
2499 3561 2753 3615 similiter
2785 3559 3044 3612 unionem
3082 3554 3477 3626 hypostaticam
3511 3566 3646 3604 con-

344 3655 717 3727 ἀνακηρύττει
748 3654 1040 3725 φρόνημα·
1076 3654 1362 3723 σύγκειται
1390 3656 1499 3725 γὰρ
1532 3656 1562 3708 ὁ
1601 3657 1836 3728 Χριστὸς
1877 3657 1934 3713 έκ

2048 3658 2230 3712 litetur
2253 3663 2306 3708 et
2339 3653 2733 3708 catholicorum
2753 3650 2948 3719 dogma
2975 3645 3321 3714 deprzrdicat.
3360 3641 3649 3710 Composi-

346 3767 412 3802 τε
435 3748 531 3801 τοῦ
585 3745 723 3799 Θεοῦ
772 3745 950 3813 Λόγου
1001 3745 1093 3798 καὶ
1141 3747 1244 3815 τῆς
1291 3748 1646 3816 ἀνθρωπίνης
1686 3750 1941 3821 φύσεως.

351 3839 452 3894 καὶ
480 3838 591 3905 γὰρ
619 3836 647 3887 ὁ
691 3834 903 3902 Λόγος,
963 3833 1101 3903 ὅπερ
1152 3837 1301 3887 ἐστὶν
1364 3837 1684 3904 ὑπόστασις,
1748 3841 1946 3909 γέγονε

355 3927 516 3998 σὰρξ,
550 3925 650 3994 τῆς
703 3924 906 3996 σαρκὸς
961 3924 1022 3976 οὐ
1073 3925 1366 3996 πρόσωπον
1417 3928 1768 4001 εἰσαγούσης,
1810 3932 1949 3987 ἀλλὰ

352 4020 454 4090 τὴν
492 4014 846 4086 ἀνθρωπίνην
876 4012 1042 4082 φύσιν
1072 4016 1552 4089 ἀπαγγελλούσης.

924 4107 1256 4162 ΕΡΩΤΗΣΙΣ
1293 4110 1468 4166 ΣΜΔ⁹.

363 4207 506 4282 Τίνα
536 4207 688 4282 νοῦν
720 4203 1099 4282 ἀνασζτύςσει
1125 4202 1186 4282 τρ
1211 4201 1316 4282 τοῇ
1333 4204 1710 4282 ’Λίξοᾳτόνξου
1727 4206 1940 4274 ῥητὸν,

431 4279 818 4402 ᾖὲεκὲὶηισεν
855 4271 1015 4341 ἡμᾶς
1047 4272 1116 4326 ἐν
1139 4271 1310 4340 δεξιᾷ
1354 4272 1492 4343 (30‘)
1525 4274 1634 4328 τοῦ
1659 4271 1806 4330 Θεοῦ
1843 4271 1942 4335 καὶ

528 4367 585 4416 τι
634 4361 746 4412 ς;»

2042 3764 2132 3807 tus
2180 3749 2326 3804 enim
2377 3756 2458 3802 est
2491 3745 2745 3800 Christus
2792 3759 2858 3796 cx
2908 3741 3016 3794 Deo
3065 3739 3245 3793 Verbo
3301 3746 3356 3791 et
3407 3735 3647 3789 humana

2044 3855 2276 3908 natura;
2332 3855 2459 3895 nam
2505 3836 2790 3901 Verbum‘,
2849 3831 2996 3903 quod
3025 3840 3108 3887 est
3153 3828 3484 3902 bypostasis,
3517 3841 3650 3880 caro

2043 3937 2247 3991 factum
2283 3941 2398 3998 est;
2433 3931 2618 3986 carnis
2657 3937 2841 3983 autem
2885 3941 3018 3980 voce
3051 3939 3159 3977 nou
3207 3936 3438 3992 persona
3486 3919 3650 3973 indu-

2044 4028 2210 4091 citur,
2244 4025 2339 4079 sod
2383 4025 2618 4076 humana
2659 4030 2852 4071 natura
2900 4016 3221 4070 denotatur.

2225 4110 2554 4181 QUIESTIO
2583 4108 2831 4165 CCXLIV
2857 4106 3050 4179 [CoisL
3087 4103 3252 4156 Taur.
3291 4100 3462 4172 XCI].

2049 4211 2218 4279 Quem
2256 4222 2465 4279 sensum
2503 4204 2654 4279 habet
2677 4201 2826 4279 illud
2865 4196 3102 4279 Apostoli
3145 4196 3391 4279 dictant:
3426 4213 3444 4244 ι
3477 4191 3654 4248 Collo-

2255 4278 2394 4332 cavit
2428 4292 2523 4328 nos
2554 4272 2622 4326 ad
2653 4272 2900 4324 dextram
2932 4267 3028 4321 Dei
3055 4278 3103 4321 et
3137 4264 3322 4319 Patris
3346 4265 3389 4316 ⁸.
3422 4283 3441 4315 ι

575 4437 830 4487 Editarum
860 4452 886 4486 a
916 4436 1096 4486 Wolﬁo
1126 4435 1378 4487 tricesima
1405 4441 1548 4489 sexta
1579 4440 1718 4502 (Cur.
1751 4443 1938 4498 Philol.
1971 4443 2094 4502 LV,
2113 4452 2166 4502 Ρη
2195 4435 2308 4496 679»
2337 4433 2449 4482 635-
2483 4429 2708 4482 Gal‘and-
2743 4427 2877 4488 xm:
2908 4441 2959 4490 P-
2991 4425 3102 4487 705:
3133 4424 3246 4486 706:
3275 4437 3328 4472 η·
3359 4421 3434 4486 3)-

435 4521 558 4575 Ὅτι
581 4522 693 4591 (51)
723 4523 1008 4592 κρείττους
1036 4521 1285 4590 ἀγγέλων
1304 4523 1637 4593 γεγενῆσθαι
1657 4526 1746 4580 διὰ
1766 4529 1865 4594 τῆς
1884 4533 1934 4584 ὲν

2116 4518 2531 4576 Prazstantiorcs
2579 4512 2788 4584 angelis
2836 4526 2936 4567 nos
2962 4525 3056 4580 per
3081 4510 3369 4564 adventum
3400 4506 3556 4562 Verbi
3600 4506 3653 4561 in

359 4617 530 4687 σαρκὶ
596 4615 690 4668 τοῦ
749 4616 924 4684 Λόγου
979 4614 1286 4682 παρουσίας
1318 4617 1466 4686 ἡμᾶς
1533 4619 1715 4690 ὴθεία
1760 4621 1953 4695 Γραφὴ

356 4705 748 4776 διακέκραγεν,
800 4709 896 4758 καὶ
921 4705 977 4758 ὲν
1006 4706 1072 4775 τῇ
1102 4703 1403 4757 ἀναστάσει
1461 4705 1784 4774 ίσαγγέλους
1829 4707 1954 4761 ἔσε-

360 4798 514 4852 σθαι.
553 4817 571 4849 ι
617 4798 902 4850 Ἐκάθισεν
929 4795 1038 4866 γὰρ
1061 4797 1213 4865 ἡμᾶς
1256 4797 1316 4850 ὲν
1365 4795 1516 4867 δεξιᾷ
1559 4798 1656 4850 τοῦ
1684 4798 1821 4852 Θεοῦ
1855 4800 1948 4854 καὶ

362 4888 603 4960 Πατρδς,
641 4907 660 4940 ι
695 4888 770 4950 ὡς
808 4889 836 4940 ὁ
868 4887 1011 4949 θεῖος
1045 4887 1261 4950 Παῦλος
1289 4888 1407 4958 βοᾷ,
1442 4889 1534 4941 καὶ
1574 4888 1723 4959 ἑξῆς.
1756 4891 1864 4943 Καὶ
1891 4891 1952 4944 οὐ

365 4983 602 5056 μάχεται
633 4978 830 5034 ταῦτα.
861 4977 950 5048 Τῷ
984 4978 1083 5049 μὲν
1108 4978 1220 5048 γὰρ
1258 4978 1607 5051 συνεδριάσαι
1657 4980 1734 5051 τῷ
1780 4980 1956 5052 θρόνῳ

363 5073 451 5143 τῷ
478 5071 730 5143 πατρικῷ
761 5071 822 5124 τὸ
849 5071 909 5135 ἐξ
935 5070 1094 5141 ἡμῶν
1127 5070 1493 5140 πρόσλημμα,
1525 5071 1624 5139 τῆς
1654 5071 1957 5140 ἀγγελικῆς

367 5161 464 5213 καὶ
499 5161 658 5232 δόξης
697 5161 857 5231 δῆλον
903 5163 987 5214 ὅτι
1036 5162 1130 5216 καὶ
1180 5161 1348 5232 τιμῆς
1401 5163 1954 5233 ὑπερανεστήκαμεν.

369 5250 464 5317 Τῷ
484 5252 542 5306 δὲ
574 5252 773 5323 μηκέτι
798 5254 989 5324 μηδενὶ
1031 5254 1142 5307 τῶν
1170 5257 1269 5323 τῇς
1299 5253 1502 5326 σακρὸς
1528 5255 1588 5307 ὲν
1625 5256 1691 5325 τῇ
1723 5253 1960 5308 ἀναστάο

448 5409 470 5440 ⁸
501 5407 698 5478 Ephes.
725 5424 786 5474 ll,
812 5409 866 5464 6.

2052 4629 2269 4672 carnem
2311 4609 2488 4665 factos
2516 4621 2658 4670 esse,
2711 4613 2766 4659 et
2797 4605 2846 4658 in
2879 4601 3284 4658 resurrectione
3341 4599 3546 4670 angelis
3577 4600 3656 4652 si-

2052 4707 2212 4763 miles
2249 4703 2488 4764 futuros,
2523 4696 2760 4753 divinior
2797 4695 3083 4764 Scriptura
3126 4701 3380 4748 testatur.
3414 4709 3433 4742 ι
3472 4689 3656 4744 Collo-

2053 4795 2197 4852 cavit
2220 4791 2367 4847 enim
2399 4803 2502 4843 nos
2528 4786 2598 4842 ad
2627 4786 2876 4840 dextram
2905 4783 2998 4837 Dei
3026 4790 3082 4837 et
3106 4779 3308 4844 Patris,
3347 4799 3365 4830 ι
3403 4791 3464 4834 ut
3495 4780 3658 4834 divus

2052 4886 2260 4945 Paulus
2289 4883 2514 4943 clamat,
2545 4889 2652 4932 etc.
2683 4874 2870 4946 Neque
2893 4889 3027 4929 vero
3058 4875 3174 4929 hare
3203 4888 3386 4928 secum
3420 4871 3653 4926 invicem

2061 4984 2329 5050 pugnant.
2351 4970 2698 5028 Manifestum
2728 4969 2871 5024 enim
2905 4977 2990 5022 est
3048 4981 3150 5021 nos
3183 4966 3324 5020 ultra
3353 4965 3657 5034 angelicam

2062 5071 2290 5142 gloriam
2327 5075 2381 5121 et
2413 5062 2737 5133 dignitatem
2766 5074 2834 5115 eo
2891 5058 3012 5128 ipso
3046 5065 3264 5111 evectos
3305 5070 3460 5121 esse,
3509 5054 3656 5124 quod

2063 5161 2217 5226 illud,
2269 5156 2416 5230 quod
2463 5170 2530 5210 ex
2576 5152 2740 5207 nobis
2791 5153 3138 5219 assumptum
3189 5153 3308 5213 est,
3349 5145 3404 5198 in
3460 5143 3660 5198 throno

2062 5255 2240 5311 Patris
2262 5261 2349 5310 est
2376 5249 2700 5308 collocatum
2740 5241 2971 5311 Quando
3011 5255 3142 5297 vero
3180 5238 3234 5294 in
3261 5235 3661 5292 resurrectione

1893 5560 2131 5617 NOTAE.

451 5702 604 5786 (iiiP)
661 5702 887 5786 Frustra
915 5703 1138 5786 quidem
1187 5705 1333 5758 hanc
1367 5703 1567 5786 φρασιν
1617 5703 1672 5786 in
1723 5700 1952 5786 epistola

372 5776 532 5833 Pauli
573 5773 914 5843 (Inaesiveris.
949 5775 1159 5830 Similis
1191 5786 1372 5843 tamen
1429 5776 1503 5826 illi
1567 5781 1673 5834 est,
1699 5787 1812 5843 qua
1844 5773 1949 5843 llo-

374 5848 566 5908 miuus
592 5841 796 5902 noster
835 5846 1011 5900 utitur
1039 5845 1263 5916 Apocal.
1292 5842 1383 5900 ιιι.
1423 5845 1514 5899 ει.
1541 5845 1568 5898 ὁ
1603 5843 1765 5897 νικῶν
1798 5841 1955 5894 δώσω

2065 5695 2214 5763 αὑτῷ
2254 5695 2478 5748 καθίσαι
2520 5693 2636 5762 μετ’
2677 5691 2814 5764 ἐμοῦ
2866 5694 2923 5746 έν
2958 5691 3036 5764 τῷ
3065 5691 3242 5764 Θρόνῳ
3278 5706 3403 5760 μου,
3441 5703 3498 5742 κ.
3522 5704 3573 5741 τ.
3600 5684 3654 5742 λ.

2058 5768 2216 5824 Conl‘.
2243 5765 2445 5834 Ephes.
2478 5765 2544 5827 Il,
2578 5764 2633 5817 6.

2141 5838 2254 5908 (3t)
2289 5831 2411 5890 Ὅτι
2435 5838 2582 5892 deest
2609 5837 2664 5890 in
2694 5835 2848 5891 Colb.
2879 5843 2933 5891 ct
2953 5848 3147 5890 revera
3172 5831 3438 5887 abundat.
