4136 6510
489 453 625 518 1047

1655 457 1925 518 ΡΙΙΟΤΙΙ
1956 456 2147 517 ΡΑΤΒ
2162 456 2464 517 [ARCIL’E
2506 458 2615 520 (ΣΡ.

3650 451 3847 518 1048

485 566 621 619 nihil
653 581 865 630 COl'llm,
914 580 1033 634 qua!
1060 564 1127 618 ad
1161 579 1363 632 corpus
1410 568 1701 635 pertinent,
1739 577 1821 624 vel
1862 584 2084 625 amove-

2216 585 2273 620 τει
2321 570 2459 641 μήτε
2520 569 2905 635 καθέλκεσθαι,
2970 568 3107 641 μηδὲ
3161 567 3605 640 παρασύρεσθαι,
3682 563 3855 635 μηδ’

484 664 607 722 tur,
667 658 752 711 vel
793 658 1179 722 contemnitur,
1228 657 1377 710 nulla
1412 673 1542 712 vero
1584 660 1748 713 etiam
1794 676 1879 726 re,
1913 675 2077 731 quam

2188 662 2321 724 ὅλως
2341 665 2397 715 ἐν
2419 664 2577 735 χρείᾳ
2605 662 2967 716 καθίστασθαι
2989 662 3117 727 τῶν,
3142 663 3243 715 ὅσα
3269 661 3669 731 σακρὺςφύσις
3698 657 3851 724 (3‘2)

486 749 736 818 corporis
777 758 975 803 natura
1009 747 1144 803 alias
1178 749 1453 818 postulat,
1493 750 1635 804 idem
1673 752 1910 821 amplius
1943 751 2086 806 indi-

2217 752 2491 820 δούλευεν,
2566 755 2666 823 τῆς
2730 754 2841 808 τῶν
2908 754 3219 823 ἀσωμάτων
3290 753 3499 822 λήξεως
3564 750 3843 823 χαρίζεο

488 850 612 906 got;
647 839 700 894 id
741 840 959 909 quidem
999 840 1160 895 nobis
1203 844 1595 896 commercium
1634 843 1967 897 conditionis
1998 861 2086 899 re—

2216 863 2276 897 αι
2316 845 2418 915 τὴν
2459 845 2802 914 συγγένειαν,
2835 845 2977 898 ὥστε
3012 846 3243 907 εἰκότως
3279 845 3395 911 ('53)
3432 845 3526 898 καὶ
3566 844 3853 911 ἰσάγγε-

493 948 613 986 rutn
646 933 1097 1000 incorporearum
1129 932 1202 985 ita
1230 932 1479 1003 largitur,
1510 944 1566 987 ttt
1595 942 1649 987 et
1682 933 1887 988 similes
1919 949 2088 1005 ange—

493 1027 582 1090 lis,
639 1032 694 1079 et
735 1024 1052 1093 superiores
1085 1024 1150 1078 iis
1176 1025 1297 1078 dem
1324 1026 1496 1081 simus
1538 1025 1729 1080 futuri.
1766 1025 2091 1097 Superiores

496 1118 717 1187 quidem
772 1120 915 1184 ideo,
952 1119 1096 1188 quod
1146 1102 1578 1174 naturainostra
1628 1137 1725 1190 per
1776 1136 1939 1185 eum,
1998 1121 2091 1191 qui

494 1213 642 1268 illam
693 1212 1021 1280 assumpsit,
1067 1212 1223 1282 juxta
1275 1211 1489 1266 Patrem
1537 1214 1801 1267 collocata
1856 1222 1974 1279 est;
2023 1213 2090 1266 ad

496 1302 912 1356 similitudinem
967 1316 1096 1356 vero
1162 1303 1429 1356 mentium
1474 1303 1924 1371 incorporearum
1975 1317 2098 1370 per-

497 1392 681 1456 ducti;
740 1400 1035 1461 postquam
1069 1392 1138 1446 ab
1214 1392 1500 1448 affectibus
1555 1404 1609 1447 et
1638 1392 2100 1462 corruptiliilitate

499 1485 793 1549 immunes,
821 1492 874 1537 et
897 1499 925 1537 a
949 1484 1234 1552 corporeis
1264 1484 1668 1551 affectionibus,
1692 1484 2102 1554 petulantiaque

499 1589 551 1627 et
587 1575 954 1630 inconstantia
978 1615 993 1639 ,
1046 1575 1131 1630 cui
1192 1579 1473 1631 materiale
1507 1579 1761 1649 quodque
1803 1578 2100 1633 obnoxiqu

500 1678 605 1732 est,
636 1668 789 1723 liberi
818 1668 1118 1722 evasimus.

578 1759 675 1813 llic
721 1776 850 1815 vero
902 1761 1067 1815 etiam
1123 1761 1529 1816 observandum
1563 1772 1680 1829 est,
1728 1762 1908 1818 verbis
1960 1763 2103 1837 illis,

508 1871 526 1902 ι
568 1852 736 1907 Erant
788 1861 848 1907 ut
902 1853 1080 1923 angeli
1124 1853 1297 1921 Dei",
1339 1873 1357 1907 ι
1422 1870 1532 1908 non
1593 1855 1841 1909 eamdem
1897 1866 2108 1911 natura:

2190 936 2272 989 λοι
2301 976 2315 1001 ,
2372 937 2468 989 καὶ
2516 936 2801 1007 κρείττους
2854 936 3085 990 ἐκείνων
3138 938 3401 1006 ἐσόμεθα.
3442 936 3533 1008 Τῷ
3564 938 3677 1007 μὲν
3719 936 3850 1006 τὴν

2192 1028 2356 1097 φύσιν
2408 1027 2565 1097 ἡμῶν
2621 1029 2680 1080 έν
2737 1028 2815 1098 τῷ
2868 1027 3235 1099 προσλαϐόντι
3298 1029 3654 1099 συνεδριάσαι
3738 1027 3843 1097 τῷ

2195 1124 2393 1195 Πατρὶ,
2454 1123 2759 1193 κρείττους.
2811 1122 2892 1192 Τῇ
2931 1122 2988 1174 δὲ
3044 1120 3387 1174 καθέκαστον
3439 1120 3599 1189 ἡμῶν
3653 1120 3849 1173 ἀπα-

2196 1216 2319 1287 θείᾳ
2352 1215 2447 1268 καὶ
2475 1216 2756 1285 ἀφθαρσίᾳ.
2806 1214 2900 1267 καὶ
2931 1213 3265 1283 σωματικῶν
3297 1213 3519 1265 πάντων
3551 1212 3653 1265 καὶ
3706 1226 3847 1262 πα-

2199 1308 2308 1361 θῶν
2336 1306 2431 1360 καὶ
2488 1309 2901 1377 σκιρτημάτων,
2950 1307 3045 1359 καὶ
3083 1304 3390 1374 ταχύτητος
3441 1302 3844 1372 ἀπηλλάχθαι

2201 1398 2497 1469 προσύλου,
2528 1397 2628 1467 τὴν
2678 1397 2815 1464 πρὸς
2850 1397 2981 1459 τοὺς
3039 1393 3375 1465 ἀσωμάτους
3405 1392 3533 1456 νόας
3565 1392 3839 1461 ίσότητα

2205 1489 2625 1559 ἀναδεδεγμένοι
2660 1488 2795 1557 (54).

2292 1767 2683 1823 Ἐπισκεπτέον
2708 1765 2765 1818 δὲ
2788 1764 2872 1828 τὸ,
2891 1781 2910 1815 ι
2944 1764 3196 1815 Ἔσονται
3219 1762 3294 1824 ὡς
3351 1759 3574 1828 ἄγγελοι
3599 1760 3672 1824 Θξ
3683 1758 3787 1821 οὗ,
3803 1778 3826 1810 ι

2210 1865 2271 1917 οὐ
2291 1863 2389 1933 τὴν
2412 1859 2682 1931 ἰσοτιμίαν
2706 1857 2966 1929 κηρύττει
2988 1856 3089 1926 τῆς
3110 1855 3349 1923 φύσεως,
3374 1853 3510 1906 ἀλλά
3534 1855 3596 1906 τὸ
3624 1853 3833 1924 μηδὲν

502 1944 861 2012 dignitatem,
920 1946 1018 2000 sed
1080 1945 1135 2000 id
1189 1947 1371 2015 potius
1426 1946 1689 2010 indicari,
1753 1947 1900 2017 quod
1963 1947 2098 2001 nihil

2217 1956 2466 2026 πάσχειν,
2487 1945 2561 2007 ὧν
2588 1951 2829 2021 ἔπασχον
2856 1949 3146 2021 πρότερον,
3170 1947 3471 2019 σαρκικῶν.
3493 1946 3832 2018 Παραπλη-

502 2052 691 2090 eorum
715 2076 729 2101 ,
760 2036 961 2107 quibus
994 2037 1050 2092 in
1092 2053 1259 2092 carne
1298 2038 1517 2093 fuerant
1547 2039 1805 2105 obnoxii,
1837 2040 2105 2109 imposre-

506 2145 625 2182 rum
654 2130 829 2185 simus
852 2132 1153 2200 experturi,
1192 2132 1451 2200 angelicae
1472 2147 1601 2191 vero
1636 2131 1951 2186 indolentia:
1980 2148 2106 2201 par-

501 2220 696 2290 ticipes
726 2230 780 2276 et
818 2237 847 2275 a
868 2223 1221 2291 passionibus
1249 2221 1826 2293 corporeisitnmunes
1846 2223 2013 2276 vitam
2051 2223 2107 2277 in

504 2314 913 2369 resurrectione
965 2314 1171 2379 acturi,
1214 2315 1467 2384 quamvis
1518 2314 1738 2369 interim
1793 2315 2002 2380 angelis
2042 2330 2108 2369 eo

504 2405 680 2459 simus
709 2407 1042 2475 superiores,
1076 2409 1222 2478 quod
1260 2418 1505 2462 nostram
1539 2408 1816 2476 lapsorum
1854 2416 2105 2462 naturam

502 2498 597 2551 Dei
624 2497 795 2553 Filius
826 2501 1123 2570 assumpsit
1170 2509 1225 2556 et
1256 2501 1518 2565 redemit,
1565 2500 1785 2556 illorum
1832 2516 1963 2556 vero
2001 2518 2106 2555 non

506 2588 659 2642 item.
719 2589 891 2659 Cujus
930 2590 1149 2660 quidem
1200 2592 1281 2646 rei
1330 2592 1596 2646 rationem
1644 2592 1697 2646 in
1745 2607 1812 2647 eo
1862 2608 2110 2662 quazrere

510 2690 748 2750 oportet,
783 2683 930 2751 quod
957 2683 1033 2737 illi
1074 2684 1293 2754 quidem
1322 2699 1425 2739 nos
1458 2685 1818 2748 seduxerunt,
1850 2700 1951 2739 nos
1976 2698 2108 2738 vero

507 2772 723 2829 seducti
775 2791 1007 2842 sumus;
1059 2778 1314 2846 quodque
1358 2778 1433 2831 illi
1491 2777 1673 2833 varias
1720 2777 2110 2849 praerogativas

508 2868 845 2933 habuerunt,
878 2885 988 2938 quo
1012 2870 1194 2926 minus
1219 2884 1529 2940 peccarent,
1556 2872 1756 2941 quippe
1780 2871 1874 2941 qui
1900 2869 2076 2924 allecti
2095 2896 2111 2908 -

510 2960 613 3014 lius
641 2961 827 3016 minus
851 2970 1122 3031 paterent,
1165 2963 1230 3017 ad
1263 2962 1431 3018 Deum
1460 2978 1589 3018 vero
1624 2964 1851 3033 propius
1878 2963 2108 3018 accede-

512 3060 652 3116 rent,
686 3062 740 3105 et
768 3067 998 3121 corpore
1036 3054 1272 3123 denique
1322 3065 1593 3110 carerent.
1633 3056 1715 3111 Ab
1749 3056 1919 3110 altera
1958 3065 2112 3125 parte

519 3145 679 3199 nobis
712 3146 935 3215 quidam
968 3147 1374 3202 miserationem
1405 3151 1578 3216 magis
1600 3138 1931 3212 conciliavit,
1962 3148 2109 3218 quod

515 3237 663 3293 vitiis
698 3240 870 3309 magis
912 3239 1259 3307 patebamus,
1290 3244 1618 3311 corporique
1650 3240 1870 3296 obnoxii
1904 3250 1959 3296 et
1988 3241 2111 3295 alli-

2214 2050 2345 2113 σίως
2376 2048 2432 2101 δὲ
2463 2049 2561 2118 τῆς
2589 2044 2892 2114 ἀγγελικῆς
2913 2042 3183 2106 ἀπαθείας
3237 2041 3332 2095 καὶ
3386 2041 3585 2103 αὐτοὺς
3630 2042 3695 2092 ὲν
3747 2042 3824 2110 τῇ

2213 2141 2510 2195 ἀναστάσει
2542 2137 2651 2191 τῶν
2685 2134 2967 2207 σαρκικῶν
3006 2134 3469 2206 ἀπηλλαγμένους
3522 2131 3828 2186 πολιτεύε-

2215 2232 2358 2294 σθαι,
2395 2230 2682 2299 κρείττους
2724 2228 2781 2281 δὲ
2837 2228 2935 2280 καὶ
2970 2225 3145 2288 ἄλλως
3181 2225 3456 2293 ἀγγέλων,
3497 2224 3581 2276 ὅτι
3642 2222 3823 2293 ἡμῶν

2216 2321 2316 2391 μὲν
2342 2320 2749 2389 ὀλισθησάντων
2774 2318 2872 2388 τὴν
2928 2316 3093 2387 φύσιν
3124 2315 3390 2370 ἀνέλαϐεν
3438 2317 3467 2368 6
3516 2314 3610 2368 τοῦ
3664 2314 3821 2369 Θεοῦ

2213 2416 2342 2477 Υἱὸς
2383 2417 2477 2468 καὶ
2506 2412 2845 2476 ἀνεσώσατο,
2874 2409 3101 2465 ἐκείνων
3130 2410 3187 2463 δὲ
3221 2410 3427 2462 οὐκέτι.
3463 2409 3572 2462 Καὶ
3616 2408 3822 2476 ζητεῖν

2210 2510 2293 2562 δεῖ
2324 2508 2423 2577 τὴν
2469 2506 2676 2569 αἰτίαν,
2723 2505 2807 2558 ὅτι
2838 2504 2994 2557 αὐτοὶ
3049 2504 3148 2572 μὲν
3185 2502 3522 2570 ὲπλάνησαν,
3552 2503 3725 2571 ἡμεῖς
3757 2500 3820 2552 δὲ

2211 2600 2320 2654 τῶν
2348 2596 2752 2667 πλανηθέντων.
2812 2595 2923 2648 Καὶ
2952 2594 3034 2647 ὃτι
3069 2593 3223 2646 αὐτοὶ
3260 2593 3358 2662 μὲν
3394 2590 3596 2655 πολλὰς
3628 2592 3820 2662 ἀφορ-

2218 2693 2322 2765 μάς
2356 2686 2500 2760 εἶχον
2530 2687 2625 2742 τοῦ
2661 2688 2735 2758 μὴ
2766 2685 3169 2757 ὲξαμαρτῆσαι,
3199 2685 3262 2738 τὸ
3287 2683 3564 2746 δυσπαθές
3618 2702 3679 2737 τε
3715 2685 3821 2736 καί

2209 2787 2274 2841 τὸ
2302 2785 2625 2856 πλησιάζειν
2659 2784 2860 2855 μᾶλλον
2890 2782 3010 2854 Θεῷ
3053 2784 3147 2837 καὶ
3196 2783 3259 2836 τὸ
3304 2781 3621 2852 ἀσώματον.
3675 2781 3818 2841 Τοῖς

2213 2881 2268 2933 δὲ
2301 2879 2474 2952 ῥοπὴν
2500 2877 2653 2930 ἐλέου
2686 2876 2919 2947 παρέχει
2950 2876 3051 2929 καὶ·
3084 2874 3144 2928 τὸ
3174 2873 3579 2944 εὐπαθέστερον
3609 2873 3709 2926 καὶ
3732 2870 3821 2940 τῷ

2216 2974 2431 3042 σώματι
2464 2967 2832 3023 καθέλκεσθαί
2880 2985 2939 3021 τε
3008 2966 3103 3021 καὶ
3154 2964 3537 3027 συνδεδέσθαι,
3594 2964 3695 3017 καὶ
3749 2962 3817 3015 τὸ

2218 3062 2425 3137 μεῖζον,
2475 3063 2555 3115 ὅτι
2609 3061 2711 3114 οὐκ
2759 3061 3211 3128 ὲπιγεγέννηνται
3260 3058 3324 3110 ὲκ
3364 3054 3475 3108 τῶν
3528 3054 3818 3107 πεσόντων

2214 3154 2414 3225 ἕτεροι,
2450 3152 2517 3205 δι’
2544 3150 2638 3214 οὒς
2668 3153 2735 3205 ἂν
2759 3150 2852 3203 τὸν
2880 3148 3269 3220 φιλάνθρωπον
3296 3141 3483 3199 εἷλκεν
3513 3145 3573 3199 τὸ
3602 3144 3817 3211 πτῶμα

2218 3246 2353 3317 πρὸς
2385 3244 2553 3299 ἔλεον.
2570 3243 2714 3297 Ἀλλ’
2743 3241 2897 3296 αὐτοί
2928 3258 2991 3310 γε
3025 3242 3077 3293 οἱ
3114 3237 3465 3312 παραϐάντες
3489 3236 3589 3307 τὴν
3626 3233 3818 3305 παρά-

508 3331 622 3400 gati
650 3346 908 3399 eramus;
943 3342 1057 3387 tum
1088 3349 1217 3388 vero
1252 3333 1545 3404 imprimis,
1579 3333 1723 3403 quod
1754 3348 1819 3387 ex
1852 3333 1980 3395 illis,
2017 3332 2109 3401 qui

2217 3340 2376 3393 ϐασιν
2392 3337 2686 3400 διαπαντὸς
2715 3337 2939 3406 μένουσι
2969 3334 3311 3405 στέργοντες.
3341 3333 3462 3384 Ἔτι
3492 3330 3816 3398 οὐδ’ὃμοιον

514 3425 651 3495 lapsi
678 3438 856 3491 erant,
888 3428 1027 3485 tales
1060 3445 1165 3483 non
1196 3429 1364 3500 geniti
1403 3439 1564 3494 sunt,
1597 3446 1694 3499 per
1728 3444 1868 3500 quos
1898 3426 2111 3482 Numen

513 3518 973 3588 benignissimum
1004 3521 1071 3575 ad
1105 3524 1320 3575 veniam
1360 3522 1548 3591 lapsus
1584 3519 1890 3575 faciendam
1918 3518 2114 3574 adduci

516 3622 747 3679 poterat.
777 3611 892 3667 lmo
936 3628 1067 3668 vero
1097 3613 1196 3678 illi,
1242 3614 1337 3683 qui
1368 3613 1541 3683 legem
1577 3613 1935 3675 violaverant,
1964 3626 2116 3666 eam-

517 3701 644 3755 dem
689 3702 898 3756 violare
952 3718 1170 3772 semper
1215 3712 1423 3758 amant.
1461 3703 1649 3758 Ῥοιτο
1682 3716 1862 3771 neque
1916 3703 2117 3758 similia

520 3807 697 3860 neque
726 3791 906 3847 allinia
941 3803 1087 3858 sunt,
1115 3795 1435 3863 angelorum
1465 3803 1719 3847 naturam
1750 3804 1804 3848 et
1833 3794 2115 3849 hominum

518 3882 668 3937 illam
724 3899 1024 3939 assumere.
1078 3886 1219 3952 Quid
1270 3885 1418 3940 enim
1485 3887 1591 3941 hoc
1652 3885 1952 3955 profuisset
2013 3887 2119 3942 illis

518 3976 767 4043 angelis,
815 3976 908 4045 qui
942 3992 1051 4030 non
1093 3987 1253 4032 erant
1284 3978 1465 4047 lapsi?
1495 3977 1553 4032 Si
1599 3993 1724 4033 vero
1758 3978 1811 4033 in
1842 3980 2118 4049 lapsorqu

520 4066 752 4135 gratiam
786 4066 838 4120 id
872 4068 1077 4121 factum
1114 4078 1276 4135 esset,
1308 4084 1509 4136 nonne,
1548 4068 1653 4124 hoc
1692 4068 1856 4134 facto,
1899 4069 1999 4133 illi,
2026 4071 2119 4139 qui

520 4158 662 4227 lapsi
690 4174 799 4213 non
849 4171 1005 4215 erant
1033 4161 1344 4226 deterioris,
1378 4177 1541 4231 quam
1590 4163 1747 4232 lapsi,
1788 4162 2122 4217 conditionis

521 4249 793 4304 tuissent?
835 4249 1106 4308 Praeterea
1145 4250 1380 4307 Verbum
1422 4253 1769 4309 incarnatum
1802 4265 1855 4309 et
1906 4254 2123 4310 virtutis

518 4356 577 4397 et
607 4344 831 4413 pietatis
872 4354 1139 4415 praecepta
1174 4360 1277 4399 nos
1310 4345 1516 4412 docuit,
1552 4361 1645 4417 per
1679 4363 1822 4416 quae,
1854 4346 2121 4416 siquident

523 4443 617 4499 illa
656 4456 752 4509 per
776 4439 1005 4507 gratiam
1033 4440 1151 4504 ejus
1184 4440 1581 4505 observemus,
1622 4455 1814 4493 eorum
1846 4440 2125 4493 reddimur

524 4533 840 4606 participes,
868 4547 989 4601 quae
1023 4542 1285 4600 perpetua
1334 4531 1485 4599 regni
1516 4531 1781 4585 caelorum
1838 4530 2127 4587 lia-reditas

522 4638 744 4693 sperare
775 4623 949 4691 jubet.
984 4619 1104 4675 Jam
1140 4637 1270 4675 vero
1302 4621 1618 4692 angelorum
1653 4631 1847 4675 natura
1876 4633 1931 4676 et
1958 4624 2128 4675 virtu-

526 4720 599 4771 tis
642 4725 696 4772 et
724 4716 939 4788 pietatis
977 4715 1171 4769 notitia
1226 4723 1344 4769 erat
1398 4716 1688 4771 instructa.
1728 4713 1959 4770 Virtutis
2003 4715 2124 4786 qui-

527 4811 675 4877 dem,
712 4825 812 4864 ceu
844 4823 914 4863 ex
946 4823 1011 4863 eo
1039 4816 1207 4878 patet,
1247 4808 1392 4877 quod
1439 4807 1715 4874 homines,
1755 4807 1825 4861 ab
1867 4808 1959 4863 illa
1994 4823 2125 4862 avo—

526 4913 702 4968 catos,
736 4902 789 4957 in
821 4902 1097 4957 contraria
1146 4901 1329 4953 omnia
1375 4900 1762 4970 pellexerunt:
1801 4915 1902 4956 nec
1941 4901 2124 4955 minus

531 4996 771 5066 pietatis.
805 4995 1143 5065 Argumento
1173 5002 1257 5048 est
1302 4994 1424 5058 ille,
1461 4992 1555 5063 qui
1588 4992 1893 5059 clamabat;
1936 5012 1953 5043 ι
1986 4991 2123 5047 Novi

530 5101 606 5150 te,
638 5085 763 5156 quis
794 5085 870 5142 sis
902 5103 916 5139 :
947 5093 1172 5139 sanctus
1210 5081 1373 5148 Dei";
1417 5101 1434 5132 ι
1481 5091 1553 5148 et,
1593 5100 1611 5132 ι
1662 5079 1870 5135 Venisti
1904 5092 1963 5135 ut
1995 5090 2122 5137 ante

536 5194 750 5251 tempus
784 5196 884 5235 nos
916 5180 1183 5250 allligeres
1200 5177 1239 5232 ⁸.
1284 5196 1302 5230 ι
1334 5176 1657 5246 Cuiusmodi
1685 5177 1969 5245 complura
1994 5177 2124 5232 alibi

531 5284 769 5330 exstant.
792 5276 977 5343 Itaque
1007 5273 1271 5327 Dominus
1298 5271 1504 5325 frustra
1533 5270 1848 5341 angelorum
1870 5280 2125 5325 naturam

606 5372 625 5401 ⁷
656 5367 848 5421 Matth.
881 5382 1017 5433 χχιι,
1056 5365 1144 5419 50.

1285 5365 1304 5397 ⁷
1340 5363 1478 5419 Luc.
1513 5379 1589 5428 ιν,
1621 5363 1712 5419 '54;
1791 5363 1811 5393 ⁸
1844 5362 2035 5418 Matth.
2072 5378 2147 5426 tit,

2216 3427 2326 3480 οὐδ’
2358 3428 2527 3494 ἐγγὺς
2566 3424 2815 3492 ἀγγέλων
2840 3441 2898 3476 τε
2935 3422 3151 3492 φύσεως
3173 3423 3265 3475 καὶ
3283 3420 3588 3491 ἀνθρώπων
3618 3418 3818 3471 ἐπιλα-

2217 3519 2502 3575 ϐέσθαι.Τί
2519 3517 2627 3587 γὰρ
2650 3516 2746 3569 καὶ
2769 3514 2978 3585 ὤνησεν
3000 3516 3127 3577 τοὺς
3153 3515 3215 3567 οὐ
3238 3514 3532 3579 πεσόντας;
3557 3513 3608 3564 εί
3633 3511 3694 3565 δὲ
3726 3509 3818 3562 διὰ

2217 3618 2343 3677 τοὺς
2366 3610 2633 3670 πεσόντας
2657 3648 2673 3672 ,
2699 3606 2814 3669 πῶς
2829 3607 2890 3659 οὐ
2916 3606 3133 3677 χείρους
3152 3606 3201 3658 oi
3227 3606 3300 3676 μὴ
3328 3603 3680 3665 πεπτωκότες
3701 3603 3817 3653 τῶν

2220 3706 2587 3760 πεπτωκότων
2605 3699 2717 3774 (55)
2739 3701 2772 3771 ἢ
2786 3699 2943 3756 τοῦτο
2956 3703 3053 3752 ὲπε
3062 3698 3346 3770 ργαστέον;
3357 3696 3477 3749 Ἔτι
3504 3712 3570 3748 σα
3580 3694 3817 3765 ρκωθεὶς

2218 3805 2246 3857 ὁ
2269 3803 2436 3870 Λόγος
2462 3799 2533 3853 τά
2552 3816 2612 3852 τε
2632 3798 2733 3868 τῆς
2762 3794 2962 3867 ἀρετῆς
2988 3794 3081 3846 καὶ
3108 3791 3289 3859 τάτῆς
3325 3787 3607 3851 εὐσεϐείας
3639 3788 3817 3857 μαθήο

2224 3894 2530 3965 ματαὴμᾶς
2562 3890 2965 3956 ὲξεπαίδευσεν,
2990 3884 3060 3939 δι’
3079 3878 3153 3938 ὧν
3177 3884 3307 3953 ἡμῖν
3336 3883 3560 3950 γέγονεν
3586 3883 3652 3950 τῇ
3683 3877 3813 3947 παρ’

2222 3986 2387 4042 αὐτοῦ
2416 3986 2601 4058 χάριτι
2629 3979 3036 4051 κατορθοῦντας
3070 3976 3207 4048 (36),
3238 3975 3274 4029 ἃ.
3309 3973 3539 4027 ὑπέθετο
3569 3973 3669 4042 τῆς
3701 3970 3813 4024 τῶν

2222 4078 2467 4148 οὐρανῶν
2534 4073 2812 4147 βασιλείας
2862 4070 3143 4141 ἀδιάδοχος
3207 4064 3568 4138 κληρονομία.
3644 4064 3712 4116 Ἦ
3758 4062 3814 4114 δὲ

2224 4166 2491 4237 ἀγγελικὴ
2523 4164 2683 4235 φύσις
2711 4164 2807 4217 καὶ
2834 4164 2935 4233 τῆς
2975 4159 3179 4230 ἀρετῆς
3234 4160 3332 4210 καὶ
3373 4156 3473 4226 τῆς
3529 4152 3817 4214 εὐσεϐείας

2227 4253 2372 4327 εἶχεν
2393 4256 2492 4327 τὴν
2517 4254 2741 4323 γνῶσιν.
2776 4253 2908 4321 Τῆςξ
2943 4249 3042 4320 μὲν
3068 4247 3297 4319 ἀρετῆς,
3322 4244 3382 4310 ἐξ
3430 4238 3507 4299 ὧν
3558 4243 3689 4303 τοὺς
3723 4241 3816 4296 ὑπ’

2229 4350 2403 4420 αὐτῆς
2433 4348 2545 4420 (57)
2572 4344 3097 4414 ὐποσκελιζομένους
3124 4340 3260 4411 πρὸς
3287 4337 3552 4393 τάναντία
3596 4333 3816 4406 μεθείλ-

2226 4444 2325 4497 κέν
2348 4460 2407 4496 τε
2427 4442 2521 4496 καὶ
2537 4438 2921 4501 ὑπεδελέαζεν.
2948 4435 3061 4488 Καὶ
3082 4434 3181 4503 τῆς
3199 4431 3487 4494 εὐσεϐείας
3513 4430 3559 4482 δ’
3589 4428 3815 4500 ὁμοίως,

2228 4536 2324 4589 καὶ
2382 4533 2441 4600 ἐξ
2500 4526 2575 4587 ὧν
2628 4532 2803 4585 ἐϐόαο
2870 4548 2888 4581 ι
2925 4523 3057 4581 Οἶδά
3113 4543 3173 4579 σε
3227 4524 3309 4587 τίς
3346 4520 3433 4576 εἷ’
3466 4524 3495 4575 ὁ
3539 4521 3697 4590 ἅγιος
3723 4518 3817 4573 τοῦ

2232 4625 2391 4680 Θεοῦ·
2420 4645 2438 4678 ι
2476 4625 2594 4689 καὶ,
2623 4644 2641 4676 ‹
2672 4620 2878 4686 Ἧλθες
2909 4622 3017 4692 πρὸ
3046 4616 3244 4689 καιροῦ
3277 4614 3568 4686 βασανίσαι
3599 4615 3768 4685 ἡμᾶς·
3797 4631 3814 4663 ι

2235 4718 2328 4772 καὶ
2362 4716 2534 4789 μυρία
2565 4714 2896 4769 άλλα.Ὤστε
2951 4713 3033 4773 εἰς
3066 4710 3245 4781 μάτην
3273 4708 3447 4779 αὐτὴν
3478 4706 3589 4760 τῶν
3648 4702 3787 4772 ἀγγέ
3816 4734 3819 4737 ‹

2231 4809 2340 4863 λῶν
2366 4809 2644 4881 ὑπήρχετο
2662 4807 2731 4877 φύ
2740 4823 2844 4859 σιν.
2856 4806 2976 4858 Ἔτι
2999 4822 3065 4857 σα
3074 4803 3300 4871 ρκοῦται
3316 4803 3343 4854 6
3356 4798 3672 4869 Λόγος,ὁδδν
3688 4799 3721 4867 ἡ
3732 4796 3823 4866 μῖν

2231 4894 2376 4955 δι’ὧν
2394 4900 2684 4971 ἔπραττεν,
2718 4896 3062 4959 ὑποδεικνὺς,
3079 4894 3145 4947 δι’
3174 4887 3241 4965 ἦς
3261 4895 3392 4963 ἡμῖν
3412 4893 3446 4962 ἡ
3468 4892 3603 4961 πρὸς
3624 4888 3716 4941 τὸν
3743 4887 3820 4940 οὐ·

2236 4994 2394 5066 ρανὺν
2420 4992 2603 5055 ἄνοδος
2624 4989 3043 5062 πορισθήσεται.
3059 4989 3185 5051 Τοῖς
3203 4987 3259 5039 δὲ
3279 4986 3501 5055 δαίμοσι
3529 4983 3819 5054 πρόκειται

2227 5088 2298 5142 τά
2318 5085 2555 5157 ὁμογενῆ
2575 5084 2832 5154 τάγματα
2859 5082 2962 5151 τῆς
2988 5080 3222 5153 ἀρχαίας
3235 5076 3537 5148 λήξεως,δι’
3554 5069 3628 5129 ὧν
3646 5072 3819 5144 πράτ-

2230 5197 2406 5240 τουσι,
2429 5178 2530 5248 τὴν
2562 5174 2944 5247 μακαριότητα
2978 5169 3422 5243 προδεικνύοντα.
3442 5166 3583 5220 Ἀλλ’
3622 5166 3822 5217 ἐκεῖνοι

2235 5272 2459 5342 γνώμης
2485 5267 2715 5337 ἀπονοίᾳ
2728 5264 2851 5319 οὐτε
2876 5266 3122 5330 ⁹ιέττονττμ,
3154 5260 3279 5316 οὐτε
3308 5260 3445 5332 πρὸς
3469 5257 3667 5321 αὐτοὺς
3697 5258 3814 5309 ἐπι-

2183 5364 2277 5418 ‘29.

2064 5453 2299 5510 NOTAE.

612 5554 724 5621 (5'2)
765 5553 870 5608 Pro
926 5552 1089 5621 φύσις
1140 5551 1296 5608 Colb.
1345 5550 1530 5619 φύσιν.
1590 5548 1859 5603 Neutrum
1912 5557 2121 5621 rectum

542 5638 673 5695 puto
707 5617 719 5679 Ξ
760 5617 980 5694 legerint
1026 5624 1207 5691 φύσει.
1247 5617 1661 5695 Fortassevero
1693 5637 1789 5695 pro
1824 5620 2127 5695 ἐδούλευεν,

540 5691 1019 5765 ἱνςοιιιιυιιῐίιιοισίι
1052 5694 1360 5762 ἐϐούλευεν,
1389 5692 1670 5747 suadebat.
1705 5691 1770 5745 Et
1801 5693 1881 5746 sic
1910 5691 2129 5744 retineri

542 5770 727 5835 possit
741 5765 924 5833 φύσις.

627 5830 921 5903 (55)’ὥστε
955 5834 1186 5896 εἰκότως
1207 5834 1370 5887 Coll).
1413 5849 1514 5902 pro
1538 5830 1992 5901 προστεθηκότω.

622 5901 735 5971 (δι)
793 5906 871 5958 Ita
920 5904 1117 5972 scripsi
1170 5920 1268 5973 pro
1318 5904 1789 5975 ἀναδεδειγμὲνοι,
1852 5917 1918 5956 ex
1971 5901 2140 5955 verbo

2227 5549 2585 5619 ἀναδέχομαι.

2302 5616 2425 5688 (ὃῖῆ
2457 5616 2763 5685 Lt‘gettdmtt
2795 5625 2925 5688 puto
2963 5616 3034 5666 εἰ.

2301 5675 2411 5761 (ξῦϋῇ
2434 5675 2617 5743 Malim
2649 5675 3001 5757 κατορθοῦσι,
3035 5692 3091 5736 ut
3116 5683 3385 5736 referatur
3404 5680 3470 5736 ad
3492 5675 3817 5733 antecedens

2238 5779 2389 5813 ταιν.

2261 5781 2426 5901 ’μίιέὴ
2456 5830 2625 5902 αὐτῆς
2656 5828 2811 5884 Coll).
2837 5843 2936 5897 pro
2965 5823 3182 5886 αὐτούς.
