4136 6428
305 342 447 410 11149

1203 345 1301 406 AD
1340 343 1936 405 AMPIIILOCHIUM
1966 343 2314 416 QII/ESTIO
2357 345 2616 406 CCXLV.

3483 342 3618 406 1050

304 465 651 536 στρέφονταν
667 461 809 515 ὥστε
825 461 1117 533 περίεργόν
1132 461 1279 514 ἐστιν
1291 460 1540 528 ἀγγέλων
1556 459 1655 531 τὴν
1667 459 1761 513 τοῦ
1775 459 1910 513 Θεοῦ

2020 469 2136 516 erat
2181 472 2558 531 suscepturus.
2604 459 3000 516 lncarnabalur
3041 469 3302 532 praeterea
3353 457 3617 525 Verbum,

303 557 473 625 φύσιν
506 555 780 609 ὑπελθεῖν.
821 554 1041 608 Μᾶλλον
1066 553 1123 606 δὲ
1152 553 1234 616 είς
1268 551 1440 623 μείζω
1461 554 1554 606 καὶ
1577 552 1909 624 βαρυτέραν,

305 649 471 716 εἴπερ
491 640 604 699 οἷόν
625 645 686 698 τέ
715 646 850 708 ἐστι,
880 644 978 714 τῆς
997 643 1373 713 ἀποκειμένης
1399 644 1585 708 αὐτοῖς
1610 644 1906 708 κολάσεως.

309 735 437 789 ¹Ἤιτει
461 737 711 804 ἀγγέλων
742 736 901 807 εἴπερ
930 734 1157 807 ἔμελλεν
1186 736 1215 787 6
1243 736 1416 805 Λόγος
1453 737 1618 807 φύσιν
1670 739 1910 810 ὑπέρχε-

316 827 446 881 σθαι
477 827 612 898 (58),
645 827 762 891 πῶς
791 825 858 881 ἂν
889 827 1157 897 ὑπῆλθεν,
1188 828 1354 882 τόκου
1381 828 1456 901 μὴ
1487 829 1904 899 μεσιτεύοντος;

306 924 360 973 εἰ
385 919 429 972 δ’
454 919 640 982 ἁπλῶς
671 921 790 973 κατ’
807 919 1082 973 οἱκείωσιν
1105 921 1200 974 καὶ
1225 923 1484 994 σχετικὴν
1507 923 1728 977 σύνοδον
1749 923 1910 978 τοῦτο

307 1013 526 1081 προσῆν
548 1013 660 1074 τοῖς
678 1011 950 1081 δαίμοσιν,
975 1011 1092 1065 ἀλλ’
1119 1013 1335 1066 ἐκεῖθεν
1364 1014 1738 1086 διερράγησαν
1767 1018 1904 1088 (59).

314 1104 441 1155 Ἔτι
475 1103 621 1166 τίνος
657 1101 772 1172 (40)
809 1103 919 1157 τῶν
947 1105 1320 1158 πεπτωκότων
1345 1108 1587 1160 ἐποιεῖτο
1639 1107 1738 1177 τὴν
1767 1108 1909 1162 κατὰ

309 1194 882 1264 τὸάκρονοίκείωσινς
930 1195 1104 1267 Είμὲν
1123 1199 1230 1250 τῶν
1258 1185 1535 1264 ἑστώτων,
1552 1201 1648 1254 καὶ
1676 1199 1728 1253 τί
1754 1200 1820 1254 ἂν
1848 1203 1908 1254 τὸ

310 1287 608 1351 πεπτωκὸς
625 1286 824 1356 ὤνητο,
842 1288 1098 1343 Ἐκείνων
1115 1290 1223 1360 γὰρ
1243 1290 1340 1343 καὶ⁹
1355 1293 1483 1361 πρὶν
1508 1292 1780 1359 μενόντων
1795 1293 1906 1363 (Ill)

311 1379 372 1430 ὲν
405 1381 519 1441 τοῖς
546 1378 799 1446 ἀμείνοσι
827 1379 888 1433 τὸ
918 1379 1194 1450 δαιμόνιον
1216 1379 1590 1446 ταλανίζεται.
1623 1383 1686 1435 Εἰ
1711 1382 1768 1436 δὲ
1796 1384 1906 1436 τῶν

311 1473 708 1538 πεπτωκότων,
739 1472 841 1527 ποῦ
872 1474 934 1527 τὸ
960 1473 1171 1528 δίκαιον
1199 1491 1213 1540 ;
1262 1473 1386 1538 Πῶς
1439 1474 1484 1527 δ’
1513 1473 1580 1528 ἂν
1608 1475 1711 1528 οὐκ
1748 1474 1911 1546 ἔσχεν

309 1567 497 1636 χώραν
524 1565 847 1632 ἐκλέγεσθαι
863 1566 925 1619 τὸ
953 1566 1406 1636 κατεγνωσμένον
1425 1566 1627 1638 Παύλῳ
1651 1582 1666 1598 ·
1695 1585 1714 1619 ι
1739 1568 1908 1638 Ποιή-

311 1672 498 1727 σωμεν
521 1655 590 1710 τὰ
615 1657 792 1722 κακά;
820 1657 975 1710 »Ἔτι
991 1656 1048 1710 δὲ
1075 1658 1236 1711 τόκου
1261 1659 1382 1720 ταῖς
1399 1657 1721 1726 ἀγγελικαῖς
1749 1659 1912 1713 δυνά·

313 1770 446 1822 μεσι
474 1754 549 1824 μὴ
583 1750 988 1823 μεσιτεύοντος,
1021 1751 1144 1804 οὐδὲ
1180 1750 1347 1820 φύσιν
1370 1746 1438 1822 ἦν
1467 1751 1696 1805 δυνατὸν
1724 1753 1908 1806 αὐτῶν

2013 551 2157 606 viam
2186 551 2348 606 nobis
2389 567 2481 622 per
2530 567 2592 606 ea
2615 591 2630 615 ,
2662 567 2782 622 qua:
2834 553 3062 623 agebat,
3112 560 3486 613 ostensurum,
3521 563 3620 618 per

2011 660 2179 716 quam
2219 645 2430 699 reditus
2480 645 2639 698 nobis
2682 646 2736 698 in
2769 645 2968 701 coelum
3003 654 3231 714 pateret.
3262 641 3618 696 Daemonibus

2010 754 2143 795 vero
2176 740 2229 793 in
2265 739 2576 808 exemplum
2613 739 2876 810 propositi
2909 747 3038 793 sunt
3068 736 3278 793 similes
3312 736 3420 791 illis
3451 750 3619 804 ange-

2013 834 2194 888 lorum
2228 832 2478 897 ordines,
2507 833 2796 903 pristinam
2830 833 3016 887 sedem
3048 841 3282 895 tuentes,
3310 841 3474 900 atque
3509 829 3618 882 illis

2012 928 2182 998 ipsis,
2223 943 2346 998 qua:
2391 937 2595 997 agunt,
2649 926 2796 979 viam
2848 925 2914 980 ad
2963 924 3271 979 beatitatem
3327 937 3615 978 common-

2011 1031 2272 1076 strantes.
2312 1020 2392 1074 llli
2449 1035 2615 1084 vero,
2668 1028 2849 1073 mente
2895 1017 3110 1082 aversi,
3158 1031 3259 1072 nec
3309 1023 3618 1084 sequuntur

2011 1111 2138 1167 illos
2161 1154 2174 1177 ,
2219 1127 2320 1166 nec
2351 1111 2418 1165 ad
2464 1111 2688 1166 eosdem
2725 1117 3143 1162 convertuntur.
3196 1107 3389 1177 Itaque
3423 1122 3617 1176 super-

2012 1220 2314 1260 vacaneum
2366 1202 2544 1264 foret,
2593 1202 2639 1258 si
2705 1200 2800 1256 Dei
2846 1210 3041 1254 natura
3093 1199 3240 1253 illam
3291 1198 3616 1268 angelorum

2012 1298 2346 1366 susciperet;
2385 1298 2496 1351 imo
2528 1296 2578 1349 id
2620 1295 2799 1364 ipsum
2836 1308 3055 1363 poenam
3093 1291 3472 1346 imminentem
3503 1305 3613 1343 ma-

2007 1389 2183 1459 jorem
2233 1399 2288 1444 et
2337 1389 2672 1459 graviorem,
2728 1387 2995 1457 siquidem
3048 1386 3173 1440 talis
3224 1384 3342 1438 dari
3398 1390 3618 1450 potest,

2013 1483 2284 1537 redderet.
2317 1481 2473 1547 Quod
2512 1481 2556 1536 si
2595 1491 2859 1550 praeterea
2898 1478 3134 1534 Verbum
3171 1477 3491 1546 angelorum
3524 1491 3625 1528 na-

2013 1587 2191 1631 turam
2219 1577 2504 1631 ass‘umere
2533 1589 2776 1644 unquam
2808 1573 3089 1637 voluisset,
3117 1569 3396 1642 quomodo
3423 1568 3474 1623 id
3500 1567 3622 1622 sine

2011 1670 2384 1725 intercedente
2431 1678 2591 1738 partu
2641 1667 2826 1736 aliquo
2859 1666 2974 1720 ﬁeri
3015 1663 3324 1734 potuisset?
3355 1661 3411 1717 Si
3452 1675 3622 1731 porro

2013 1769 2224 1816 tantum
2257 1775 2357 1830 per
2389 1759 2894 1830 appropriationem
2935 1758 3176 1827 aliquam
3212 1763 3266 1810 et
3292 1755 3619 1810 relationem

313 1845 611 1898 ἀναλαϐεῖν
658 1845 751 1898 τὸν
783 1845 957 1914 Λόγον
1003 1842 1100 1897 τοῦ
1132 1841 1291 1908 Θεοῦ,
1325 1843 1464 1898 ἀλλά
1482 1861 1608 1898 τινα
1624 1843 1716 1898 τὸν
1783 1845 1905 1898 καθ’

2020 1851 2278 1905 moralem
2310 1849 2552 1905 Verbum
2587 1849 2720 1905 illud
2753 1864 2814 1906 se
2843 1865 2969 1904 cum
2993 1848 3342 1903 daamonibus
3372 1862 3621 1900 commu-

309 1937 678 1991 ’ἐκαστον.“’ον
715 1937 760 1991 δ’
791 1936 858 1990 ἂν
887 1936 1100 2003 ἔλαϐεν,
1134 1937 1296 2006 μόνον
1331 1938 1542 1990 ἐκεῖνον
1563 1936 1630 1990 ἂν
1644 1938 1741 1992 καὶ
1769 1936 1908 1990 ἐσω-

2020 1945 2269 2009 nicasset,
2328 1943 2404 1997 illi
2452 1942 2538 1996 vel
2586 1942 2666 1997 sic
2711 1941 2780 1996 ab
2823 1957 2889 1998 eo
2931 1940 3168 2011 sejnneti
3206 1938 3461 1995 fuissent.
3500 1937 3620 2004 Qua

305 2028 428 2093 ξεν.
455 2029 623 2083 ’Ὥστε
681 2030 1001 2084 συνέϐαινεν
1031 2029 1098 2082 ἂν
1149 2028 1315 2082 αὐτὸν
1342 2029 1608 2100 μυριάκις
1660 2030 1909 2098 ἀγγέλων

2020 2052 2174 2106 porro
2222 2037 2290 2090 de
2337 2050 2505 2091 causa
2555 2033 2793 2090 Verbum
2847 2033 3030 2103 lapsos
3074 2031 3197 2087 illos
3238 2030 3341 2087 sibi
3375 2030 3616 2084 maxime

310 2121 491 2194 ἄτομα
520 2123 631 2192 (4‘2)
672 2121 1020 2176 ὑποδύεσθαι.
1054 2120 1274 2176 Μᾶλλον
1315 2121 1372 2174 δὲ
1404 2122 1634 2187 άνίλεως
1667 2124 1753 2196 εἴη
1797 2125 1908 2196 (15)

2020 2127 2458 2200 ψρι-ορτξσδδοιῖ
2485 2126 2544 2183 Si
2581 2126 2785 2183 dixeris
2820 2146 2832 2182 :
2876 2125 2932 2179 In
2959 2125 3194 2196 gratiam
3248 2123 3491 2188 illorum,
3523 2120 3620 2190 qui

311 2211 663 2282 δαιμόνων,οἳ
687 2215 869 2284 πάσης
889 2212 1092 2276 κακίας
1109 2212 1340 2276 ἑαυτοὺς
1362 2211 1656 2280 ἀπέδειξαν
1673 2213 1904 2286 ὄργανα.

2020 2223 2306 2274 stationem
2355 2233 2512 2274 suam
2550 2218 2928 2278 retinuerant,
2987 2213 3119 2284 quid
3161 2211 3288 2267 inde
3342 2209 3621 2266 commodi

313 2307 380 2358 ad
410 2305 592 2373 lapsos
621 2303 992 2374 pervenisset?
1027 2304 1140 2359 Illis
1169 2305 1315 2359 enim
1345 2306 1573 2360 meliore
1599 2308 1915 2367 conditione
1956 2313 2166 2383 pridem
2195 2312 2523 2375 irruentibus,
2553 2310 2834 2364 dmmones
2862 2309 3008 2364 vices
3073 2323 3204 2364 suas
3260 2306 3616 2361 miserantur.

314 2396 372 2450 Si
406 2412 532 2450 vero
557 2397 610 2450 in
645 2397 876 2468 gratiam
914 2398 1224 2468 lapsorum;
1263 2400 1544 2468 quomodo
1579 2399 1631 2454 id
1661 2399 1744 2457 fas
1803 2404 2039 2461 fuisset?
2104 2404 2299 2461 Nonne
2365 2406 2547 2475 potius
2612 2403 2664 2457 id
2720 2403 2927 2458 factum
2965 2410 3133 2466 esset,
3199 2397 3348 2470 quod
3412 2395 3619 2451 Paulus

316 2495 606 2545 aversatur
644 2509 656 2544 ε
708 2509 726 2542 ι
771 2488 1064 2546 Faciamus
1102 2491 1239 2544 mala
1289 2493 1331 2544 '.
1373 2509 1392 2542 ι
1447 2492 1678 2557 Quando
1725 2494 1964 2566 denique
2003 2507 2195 2567 partus
2237 2498 2501 2568 angelicis
2546 2495 2718 2565 copiis
2773 2495 2981 2550 mederi
3039 2501 3094 2548 et
3128 2508 3233 2546 usu
3274 2491 3466 2546 venire
3506 2507 3616 2544 non

312 2582 518 2648 potuit,
567 2598 668 2636 nec
705 2593 959 2638 natttram
1001 2583 1326 2652 angelorum
1365 2579 1604 2638 Verbum
1645 2585 1736 2641 Dei
1767 2603 2072 2657 assumere,
2109 2591 2204 2645 sed
2278 2606 2452 2644 unum
2519 2590 2758 2658 aliquem
2795 2603 3012 2653 eorum,
3075 2590 3274 2655 potuit.
3307 2583 3623 2650 Quemcun-

312 2687 424 2742 que
455 2688 587 2729 vero
614 2689 806 2730 eorum
877 2675 1296 2745 assumpsisset,
1341 2676 1495 2731 illum
1567 2695 1738 2733 unum
1812 2682 2100 2738 salvasset.
2159 2682 2236 2736 Ita
2294 2697 2424 2738 vero
2483 2681 2735 2736 futurum
2793 2691 2953 2744 erat,
3019 2688 3080 2734 ut
3137 2677 3231 2732 illa
3297 2676 3621 2746 angelorum

312 2763 669 2820 indivisibilia
708 2766 909 2821 millies
961 2767 1289 2835 susciperet.
1329 2767 1522 2824 Satius
1569 2771 1751 2842 itaque
1787 2783 1928 2837 erat,
1971 2772 2285 2830 daemonum
2319 2790 2427 2828 non
2462 2774 2751 2839 misereri,
2805 2773 2898 2842 qui
2951 2786 3012 2826 se
3061 2771 3211 2840 ipsos
3251 2770 3436 2824 omnis
3496 2783 3626 2839 pra-

311 2859 499 2914 vitatis
523 2859 886 2914 instrutnenta
913 2859 1315 2930 praestitissent.

836 2955 1172 3008 ΕΡΩΤΗΣΙΣ
1204 2957 1384 3011 ΣΜΕἏ

315 3048 482 3102 Διατί
505 3047 910 3118 διδασκόμεθα
937 3049 1397 3102 ὑποτάσσεσθαι
1428 3047 1506 3114 τῷ
1543 3048 1784 3118 Σατανᾷ
1813 3051 1911 3105 καὶ

605 3117 743 3184 οὐχὶ
775 3117 899 3181 τοῖς
917 3119 1208 3196 πονηροῖς
1229 3118 1561 3187 ἀνθρώποις
1589 3138 1607 3181 ;

2018 2958 2107 3027 QU
2118 2957 2353 3013 IESTIO
2365 2957 2495 3012 CCX
2507 2955 2590 3010 LV
2609 2954 2796 3028 [CoisL
2821 2949 3151 3007 Taur.XCll.
3165 2949 3309 3004 Maio
3322 2947 3455 3005 CCX
3466 2946 3625 3022 LIV],

2021 3053 2204 3118 Quare
2259 3051 2602 3120 prwcipiatur
2650 3047 2810 3120 nobis
2855 3045 3180 3120 renuntiatio
3212 3042 3456 3108 Satanw,
3518 3059 3626 3096 non

2444 3131 2621 3172 autem
2663 3118 2839 3184 proris
2878 3117 3204 3168 hominibus.

969 3213 1110 3261 Edita
1134 3228 1160 3262 a
1190 3213 1314 3262 Maio
1348 3214 1499 3276 (Nov.
1536 3214 1658 3264 Coll.
1684 3223 1719 3266 t.
1761 3215 1840 3276 IX,
1866 3231 1911 3278 p.
1945 3217 2072 3279 Ill).
2108 3245 2169 3255 —
2195 3219 2268 3268 De
2298 3215 2730 3266 abrenuntiatione
2761 3211 2959 3261 diaboli.

406 3299 858 3370 ’Λποτασσόμεοα
892 3299 970 3370 τῷ
996 3300 1209 3370 Σατανᾷ
1233 3301 1331 3354 καὶ
1358 3305 1470 3365 τοῖς
1503 3302 1688 3373 ἔργοις
1722 3305 1910 3366 αὑτοῦ,

2092 3306 2312 3360 Saturne
2337 3314 2390 3358 et
2443 3303 2705 3372 operibus
2740 3301 2882 3369 ejus,
2911 3313 3022 3351 non
3068 3305 3254 3351 autem
3301 3295 3486 3366 pravis
3522 3296 3627 3352 bo-

320 3395 417 3447 καὶ
445 3393 698 3461 οὖχὶτοϊς
723 3395 982 3463 πονηροῖς
1025 3391 1361 3463 ἀνθρώποις,
1413 3394 1632 3463 πρῶτον
1678 3395 1780 3463 μὲν
1825 3397 1915 3450 ἴνα

324 3485 403 3557 μὴ
437 3483 714 3555 ἀφορμὰς,
741 3485 790 3537 εἰ
816 3485 910 3537 καὶ
943 3485 1017 3554 μὴ
1040 3484 1323 3553 εὐλόγους,
1344 3487 1410 3538 ἐκ
1433 3485 1639 3557 ταύτης
1660 3486 1918 3557 λάϐωμεν

320 3579 422 3650 τῆς
452 3577 758 3647 ὰποταγῆς,
798 3580 980 3648 μισεῖν
1010 3577 1102 3631 καὶ
1133 3579 1581 3648 ἀποστρέφεσθαι
1612 3579 1709 3633 καὶ
1731 3579 1922 3650 ἐκτρέ-

323 3673 528 3726 πεσθαι
557 3672 654 3724 καὶ
686 3670 1099 3725 ἀποτάσσεσθαι
1123 3671 1186 3724 τὸ
1209 3671 1504 3743 ὁμόφυλον.
1529 3672 1798 3744 Δεύτερον
1837 3673 1917 3736 δὲ,

324 3766 377 3818 εί
435 3762 871 3833 άπετασσόμεθα
924 3765 1039 3825 τοῖς
1100 3766 1360 3834 πονηροῖς
1423 3763 1758 3836 ἀνθρώποις,
1821 3766 1922 3835 οὐχ

323 3857 491 3926 ἡμεῖς
521 3855 578 3907 δὲ
603 3854 739 3906 ἀλλὰ
761 3855 859 3906 καὶ
892 3853 998 3924 πρὸ
1028 3853 1185 3923 ἡμῶν
1217 3856 1267 3906 οἱ
1297 3855 1618 3910 διδάσκαλοι
1659 3857 1755 3911 καὶ
1784 3857 1922 3910 ἀπό-

328 3943 527 4007 στολοι,
567 3943 653 4006 τίς
696 3942 762 3996 ἂν
811 3942 922 3995 τῶν
960 3942 1307 4012 ἁμαρτωλῶν
1339 3944 1635 4008 ἐσέσωστο,
1687 3947 1788 4016 τῆς
1820 3947 1923 4015 μὲν

328 4036 618 4105 ἀποταγῆς
666 4037 766 4107 τὴν
806 4035 1162 4106 ἀποστροφὴν
1203 4037 1536 4107 τικτούσης,
1587 4039 1689 4108 τῆς
1723 4039 1782 4092 δὲ
1823 4039 1922 4108 τὴν

330 4126 653 4198 παραίνεσιν
680 4126 772 4180 καὶ
811 4125 1162 4180 διδασκαλίαν
1194 4125 1651 4198 συναναιρούσης,
1755 4127 1849 4182 καὶ
1886 4131 1921 4199 ή

329 4220 639 4291 ἐπιστροφὴ
660 4219 756 4272 καὶ
788 4221 820 4290 ἠ
854 4219 1196 4291 μεταμέλεια
1234 4223 1680 4292 συναναιρεῖται;
1707 4220 1776 4290 γ’.
1812 4221 1925 4276 Καὶ

328 4311 411 4378 τίς
431 4312 498 4366 ἂν
516 4315 724 4377 ἐκεῖνος
737 4314 765 4365 6
785 4311 986 4381 λέγων,
1005 4312 1417 4381 Ἀποτάσσομαι
1438 4315 1553 4375 τοῖς
1578 4311 1926 4382 ἁμαρτωλοῖς

329 4405 651 4477 ἢπονηροῖς
721 4401 1067 4474 ἁνθρὼποις;
1119 4405 1168 4456 εἰ
1215 4403 1315 4472 μὲν
1363 4403 1516 4472 λέγοι
1571 4403 1766 4456 ἑαυτὸν
1814 4404 1924 4456 τῶν

329 4497 698 4570 ἁμαρτωλῶν,
733 4496 914 4567 ἑαυτῷ
954 4498 1018 4549 ἂν
1060 4496 1400 4550 ἁπετάττετο
1439 4511 1454 4526 ο
1491 4497 1542 4550 εί
1585 4497 1643 4550 δὲ
1695 4495 1806 4550 τῶν
1838 4496 1920 4549 δι-

332 4591 525 4652 καίων,
558 4591 646 4644 ἵνα
671 4590 843 4645 τᾶλλα
868 4590 1037 4657 ἐάσω,
1085 4589 1204 4642 ἀλλ’
1225 4590 1284 4642 ἐν
1301 4587 1482 4659 καιρῷ
1503 4588 1603 4658 τῆς
1629 4589 1923 4659 μετανοίας

330 4684 428 4736 καὶ
486 4682 784 4753 σωτηρίας,
845 4681 1121 4752 βάραθρον
1168 4680 1348 4751 ἑαυτῴ
1401 4681 1782 4752 μεγαλαυχίας
1829 4675 1993 4735 καὶϐ

331 4775 670 4846 φαρισαῖκῆς
703 4773 978 4837 ἀπωλείας
1023 4773 1307 4844 διώρυττε.
1334 4773 1398 4827 δ’.
1432 4774 1546 4843 Οὐχ
1573 4776 1601 4827 6
1636 4773 1926 4844 ἄνθρωπος

330 4869 426 4923 ἀπ’
456 4869 654 4949 ἀρχῆς,
683 4867 798 4922 ἀλλ’
826 4870 853 4921 6
880 4867 1118 4938 πονηρὸς
1135 4866 1408 4938 ἠπάτησε.
1435 4865 1496 4920 ε’.
1526 4867 1586 4921 '0
1620 4867 1718 4937 μὲν
1750 4867 1927 4919 Σατα-

332 4965 431 5025 νᾶς
460 4963 559 5032 τὴν
592 4962 794 5015 κακίαν
829 4960 978 5013 ἐστὶν
1008 4957 1412 5030 ἁμετάϐλητος.
1443 4956 1521 5024 ς’.
1568 4956 1659 5011 Ἐν
1685 4959 1753 5028 τῇ
1785 4958 1928 5011 ἀπο-

2023 3399 2267 3455 minibus
2308 3395 2716 3455 renuntiamus,
2761 3392 2941 3462 primo
2958 3389 3212 3459 quidem,
3250 3404 3321 3444 ne
3351 3389 3627 3445 motivum

2021 3491 2275 3562 quamvis
2297 3505 2406 3543 non
2443 3486 2794 3550 rationabile,
2826 3498 2896 3538 ex
2928 3483 3033 3538 ista
3074 3481 3484 3537 renuntiatione
3527 3498 3626 3538 su-

2024 3597 2279 3644 mamus,
2337 3577 2678 3633 confratrum
2759 3574 2886 3629 odio
2956 3573 3466 3644 persequendorum
3539 3573 3626 3627 vel

2022 3675 2399 3739 vitandorum,
2430 3671 2517 3727 vel
2552 3668 3020 3740 repellendorum,
3051 3667 3136 3722 vel
3169 3666 3622 3736 rejiciendorum.

2027 3767 2282 3823 Secundo
2309 3774 2516 3826 autem,
2540 3763 2584 3817 si
2612 3762 3059 3817 renuntiaremus
3081 3760 3266 3829 pravis
3285 3759 3623 3824 hominibus,

2026 3877 2128 3916 nec
2175 3875 2298 3922 nos,
2348 3873 2448 3912 nec
2487 3865 2614 3910 ante
2666 3870 2766 3909 nos
2817 3851 3066 3924 magistri
3106 3861 3162 3906 et
3208 3851 3465 3923 apostoli,
3500 3854 3626 3922 (ptis

2026 3963 2382 4022 peccatorum
2422 3949 2671 4002 salvatus
2696 3945 2930 4002 fuisset?
2956 3944 3368 4000 renuntiatione
3397 3945 3622 4015 quidem

2027 4044 2372 4098 eversionem
2419 4040 2780 4110 producente.
2841 4037 2938 4092 sed
2997 4046 3054 4091 et
3095 4037 3536 4092 exhortationem
3571 4048 3627 4092 et

2026 4135 2451 4190 instructionem
2507 4133 2817 4194 destruent,
2865 4137 2922 4184 et
2967 4129 3045 4184 ita
3093 4131 3521 4184 conversionem
3570 4141 3627 4184 et

2028 4225 2404 4298 paenitentiam
2443 4224 2688 4278 tollente.
2725 4223 2934 4286 Tertio,
2986 4230 3042 4276 et
3069 4221 3196 4291 quis
3223 4229 3308 4276 est
3342 4221 3434 4290 qui
3477 4221 3628 4274 dicat.

2030 4319 2288 4375 renuntio
2342 4317 2745 4389 peccatoribus,
2795 4315 2880 4370 vel
2926 4314 3108 4384 pravis
3157 4313 3516 4368 hominibus?
3577 4315 3624 4366 si

2029 4414 2274 4484 seipsum
2323 4412 2458 4466 dicit
2505 4411 2649 4465 inter
2698 4417 3038 4478 peccatores,
3093 4423 3276 4461 nonne
3318 4408 3500 4477 seipso
3533 4423 3625 4460 re-

2029 4504 2340 4561 nuntiabit?
2370 4504 2415 4558 si
2446 4517 2579 4556 vero
2630 4501 2772 4555 inter
2803 4500 3006 4570 justus,
3038 4515 3105 4553 ne
3143 4500 3297 4569 plura
3329 4497 3530 4564 dieam,
3569 4498 3627 4552 in

2032 4610 2276 4669 tempore
2305 4594 2645 4668 poenitentia
2679 4603 2732 4648 et
2761 4594 2982 4656 salutis,
3023 4591 3296 4661 superbia:
3331 4600 3387 4645 et
3432 4592 3624 4661 phari-

2029 4694 2194 4748 saicze
2234 4687 2562 4760 perditionis
2593 4685 2864 4756 gurgitem
2917 4682 3022 4737 sibi
3069 4679 3355 4735 en‘odiret.
3391 4678 3626 4747 Quarto,

2028 4800 2137 4839 non
2174 4785 2339 4837 homo
2363 4796 2393 4835 a
2426 4779 2717 4850 principio,
2755 4778 2847 4832 sed
2883 4774 3115 4830 Satanas
3136 4773 3373 4843 decepit.
3393 4773 3626 4840 Quinto,

2028 4877 2264 4932 Satanas
2294 4873 2516 4944 quidem
2552 4872 2606 4926 in
2639 4869 2786 4925 malo
2819 4878 2905 4924 est
2930 4867 3301 4922 llqul'lablllS.
3337 4863 3525 4928 Sesto,
3564 4865 3625 4918 lu

2028 4972 2448 5028 restuntiatiune
2504 4968 2724 5022 Satanae
2793 4964 3090 5036 operibus,
3151 4972 3206 5017 et
3281 4975 3630 5032 quaecunque

332 5056 474 5123 ταγῇ
503 5053 612 5106 τῶν
633 5051 726 5106 τοῦ
759 5052 978 5105 Σατανᾶ
1019 5050 1196 5120 ἔργων
1223 5050 1317 5103 καὶ
1341 5050 1443 5102 ὅσα
1472 5048 1763 5120 ἄνθρωπος
1789 5049 1918 5120 πρά.

2031 5065 2158 5120 facit
2201 5065 2390 5127 homo,
2431 5060 2703 5132 siquidem
2751 5059 2880 5112 hinc
2923 5056 3156 5111 fallacia:
3195 5069 3408 5121 semen,
3447 5053 3629 5108 conti-

336 5145 440 5212 ξει,
477 5147 598 5198 ἐπεὶ
619 5144 830 5199 ἐκεῖθεν
861 5145 925 5198 ἐκ
948 5146 1045 5214 τῆς
1069 5144 1286 5213 ἀπάτης
1314 5142 1375 5194 τὸ
1406 5141 1652 5211 σπέρμα,
1690 5143 1749 5194 ὲν
1775 5140 1922 5192 ὲκεί-

336 5253 450 5299 νοις
484 5239 798 5310 περιέχεται
831 5252 845 5267 ·
878 5238 958 5300 εἰς
983 5251 1092 5306 γλρ
1127 5233 1336 5287 ἐκεῖνον
1364 5233 1722 5304 ἀναφέρεται.

2035 5167 2256 5213 nentur.
2281 5155 2341 5210 In
2371 5155 2527 5209 illurn
2560 5155 2708 5209 enim
2744 5151 3072 5207 relationem
3112 5149 3336 5202 habent.

1850 5321 2080 5380 ΝθΤᾹΞ.

411 5420 524 5490 (58)
557 5420 650 5476 Sic
674 5421 857 5476 serilzo
899 5436 1018 5491 pro,
1051 5420 1375 5492 ὑπέρχεται.

411 5493 526 5561 (59)
557 5493 632 5546 Ita
657 5494 822 5546 Colb.
847 5509 944 5562 pro
974 5495 1072 5545 καὶ
1100 5493 1443 5564 ἐρράγησαν.

410 5560 522 5638 (40)
549 5564 726 5638 ΔΤίνος.
743 5560 937 5638 scripsi
968 5579 1067 5638 pro
1105 5560 1272 5638 τινός,
1305 5560 1429 5638 Sed
1476 5560 1559 5616 vel
1601 5561 1683 5615 sic
1722 5575 1922 5616 sensus

336 5633 475 5701 hiat,
507 5633 611 5688 nisi
645 5634 1086 5688 subintellexeris
1124 5635 1308 5704 χάριν,
1347 5633 1433 5686 vel
1471 5640 1923 5704 sequentenrvn-

337 5700 466 5760 cent
489 5705 860 5757 πεπτωκότων
888 5720 1014 5758 cum
1048 5700 1422 5772 ἰιΙειάγγέλων
1457 5700 1751 5774 permutes.
1800 5700 1923 5754 Mox

336 5776 693 5846 enimiangeli
723 5778 775 5829 in
805 5775 1050 5838 ἑστῶτας
1087 5783 1142 5846 et
1173 5774 1926 5846 πεπτωκόταςόίδιὶιιειιιιιιυ

339 5858 451 5902 tur.
485 5845 565 5902 Ita
596 5843 734 5901 'vero
765 5845 1054 5917 legendum
1098 5844 1262 5901 fuerit
1294 5846 1442 5908 τίνος
1487 5843 1594 5900 τῶν
1638 5843 1923 5912 ἁγγέλωνς

2026 5429 2180 5486 quem
2197 5482 2204 5486 _
2219 5409 2532 5486 angelorum
2563 5404 2907 5486 chorumﬁsib‘i
2943 5401 3346 5486 appropriasset
3369 5400 3394 5452 ?

2103 5482 2214 5555 (61)
2252 5471 2345 5536 δῖε
2374 5481 2584 5555 δι-τίὺο,
2620 5494 2744 5532 cum
2774 5474 2934 5555 Cotb.
2969 5488 3067 5543 pro
3109 5475 3208 5553 μεν
3238 5471 3430 5535 δννων,
3457 5481 3628 5536 quam

2029 5545 2320 5611 lectionem
2355 5560 2539 5604 tutnen
2574 5549 2626 5602 in
2653 5547 2904 5601 versione
2931 5545 3198 5613 expressi.

2105 5608 2217 5696 (742)
2252 5623 2345 5696 _S_ic
2369 5608 3061 5696 Colbaprtrdtmmz‘quod
3093 5617 3199 5696 ltuc
3233 5625 3339 5665 non
3365 5608 3631 5696 quadrirt.

2107 5682 2218 5766 (45)
2253 5691 2491 5766 Noster:
2530 5682 2783 5766 ᾇλλίλιως
2827 5682 2968 5766 εῖδη.
2997 5684 3164 5766 .nullo
3210 5697 3390 5766 .St‘lISll
3424 5682 3628 5733 :Colb.

2036 5753 2137 5840 pro
2165 5753 2284 5838 εέδη
2316 5764 2477 5820 habet
2503 5762 2617 5833 εἰή.
2648 5753 2964 5831 Legendum
2997 5756 3177 5826 itaque
3199 5753 3454 5815 ἀνίλεως.
