4136 6430
594 344 733 412 1051

685 574 863 639 Quare
892 568 1234 640 Confessores
1271 574 1523 621 vocemur
1556 561 1820 617 Santonus
1852 570 1900 613 et
1923 557 2099 612 socii?

1767 335 2038 398 ΡΗΟΤΙΙ
2075 331 2587 396 PATRIARCIUE
2612 331 2723 391 CP.

593 478 927 548 QUAESTIO
964 473 1219 532 CCXLVI
1283 470 1475 546 [CoisL
1518 467 1677 525 c.th
1722 468 1889 522 Taur.
1930 461 2184 536 CLVIII].
2215 449 2264 503 Δ

3752 324 3895 392 1052

2802 459 3139 513 ΕΡΩτιιΣιΣ
3189 459 3382 526 mq'.

2289 551 2453 606 Διατί
2502 551 2865 620 ὀμολογηταὶ
2898 552 3227 606 καλοῦνται
3256 555 3311 605 οἱ
3355 550 3491 620 περὶ
3548 548 3893 620 Saltus-(ir;

1755 653 1897 703 Edita
1922 665 1950 699 a
1981 651 2104 700 'llaio
2128 650 2188 712 (ι.
2220 659 2266 695 c.
2292 659 2343 708 p.
2372 644 2479 704 us,
2504 657 2553 705 q.
2580 644 2718 704 245).

666 752 1028 807 Conlessores
1057 746 1151 816 qui
1184 753 1312 803 sunt
1343 745 1492 799 circa
1521 743 1749 795 Guriam
1785 749 2056 810 martyres
2080 752 2177 788 vo-

595 855 788 898 cantur
816 857 927 895 non
960 840 1108 904 quod
1138 838 1420 891 Christum
1452 835 1507 889 in
1537 832 1718 887 stadio
1764 828 2003 884 confessi
2042 827 2175 889 sint,

592 935 708 989 haec
738 943 821 988 est
850 932 997 986 enim
1026 928 1342 984 communis
1365 926 1610 981 omnium
1654 932 1963 994 martyrum
2005 934 2181 974 aemu-

591 1022 743 1083 latio,
797 1019 892 1075 sed
942 1018 1090 1088 quod
1138 1016 1575 1086 promissionum
1630 1028 1770 1082 quas
1824 1012 1891 1065 ad
1948 1009 2183 1064 invicem

591 1113 845 1169 homines
876 1111 1150 1165 habebant
1207 1117 1380 1163 testes
1420 1116 1476 1160 et
1530 1106 1860 1159 mediator-es
1894 1099 2184 1169 assumpti,

588 1220 779 1261 eorum
808 1202 904 1274 qui
940 1201 1048 1255 illis
1082 1200 1440 1255 considerant
1490 1212 1643 1267 spem
1676 1211 1784 1248 non
1816 1194 2184 1262 deceperunt,

598 1308 655 1353 et
717 1298 786 1351 ab
837 1296 950 1351 illis
1008 1294 1104 1365 qui
1166 1308 1196 1346 a
1245 1290 1535 1361 promissis
1595 1288 1920 1342 defecerunt
1979 1284 2186 1353 justam

589 1405 816 1461 pmnam
896 1387 1232 1458 expetivere.
1292 1382 1449 1436 Sicut
1506 1394 1638 1449 ergo
1701 1388 1864 1433 testes
1910 1375 2071 1446 rigidi
2127 1382 2183 1427 et

590 1483 965 1538 inexorabiles
998 1478 1431 1551 promissionum
1464 1491 1604 1544 quas
1631 1473 1697 1526 ad
1732 1471 1966 1525 invicem
2012 1467 2183 1523 habr-

592 1576 725 1629 bant
773 1573 1027 1627 homines
1083 1570 1235 1633 lacti,
1290 1566 1489 1622 merito
1526 1563 1910 1619 confessorum
1978 1576 2182 1614 nomen

592 1670 991 1821 εοὲἓὶἕὲᾟίυ
1042 1748 1323 1806 CCXLVII
1372 1748 1563 1821 [CoisL
1622 1747 1788 1800 Taur.
1846 1744 2107 1817 XCVIII].

976 1843 1087 1900 Cur
1118 1842 1364 1898 Christus
1390 1843 1537 1896 cruci
1569 1841 1753 1910 affixus
1773 1838 1799 1891 ?

2368 729 2738 799 ὐμολογηταὶ
2758 728 2803 780 δ’
2845 728 2911 781 ἂν
2945 728 2995 780 oi
3031 726 3163 798 περὶ
3202 725 3433 797 Γουρίαν
3475 727 3770 798 μάρτυρες
3798 743 3894 781 κα-

2285 821 2479 885 λοῖντο,
2517 819 2619 888 οὐχ
2664 818 2746 871 ὅτι
2780 818 2872 870 τὸν
2918 816 3155 888 Χριστὸν
3206 818 3266 869 ὲν
3297 814 3499 885 σταδίῳ
3544 812 3892 886 διωμολογῄ

2287 931 2451 968 σαντο
2473 930 2488 945 ο
2516 911 2695 965 κοινὸν
2728 911 2838 981 γάρ
2853 908 3144 978 ἀγώνισμα
3171 907 3331 962 τοῦτο
3356 908 3575 962 πάντων
3603 906 3728 958 τῶν
3751 925 3891 975 μαρ-

2283 1007 2464 1077 τύρων
2489 1020 2504 1036 ·
2551 1003 2668 1059 ἀλλ’
2698 1004 2779 1057 ὅτι
2826 1003 2935 1055 τῶν
2974 1002 3280 1072 ὁμολογιῶν
3318 1001 3384 1063 ἃς
3418 1000 3556 1069 πρὸς
3617 998 3891 1068 ἀλλήλους

2282 1100 2560 1171 ἄνθρωποι
2587 1097 2827 1151 τίθενται
2861 1098 3095 1150 ἐπόπται
3116 1097 3211 1150 xui
3244 1097 3460 1165 μεσῖται
3490 1092 3889 1164 παραληφθέν-

2284 1211 2398 1255 τες,
2457 1191 2583 1245 οὔτε
2626 1191 2737 1244 τῶν
2790 1191 3236 1244 πεπιστευκότων
3270 1189 3453 1249 αὐτοῖς
3496 1186 3601 1249 τὰς
3664 1186 3889 1249 ἐλπίδας

2286 1284 2607 1354 ἐψεύσαντο,
2634 1285 2729 1337 καὶ
2770 1287 2899 1347 τοὺς
2940 1283 3317 1353 ἁθετήσαντας
3356 1281 3425 1332 τὰ
3447 1278 3884 1348 ὁμολογηθέντα,

2288 1378 2387 1449 τὴν
2424 1377 2639 1429 δικαίαν
2667 1376 2824 1447 δίκην
2856 1376 3146 1447 άπῄτησαν
3181 1374 3275 1435 ’ώς
3303 1369 3395 1426 οὖν
3416 1373 3659 1425 ἐπόπται
3695 1371 3887 1442 θερμοὶ

2291 1473 2383 1523 xui
2419 1469 2787 1538 ἀπαραίτητοι
2822 1467 2929 1521 τῶν
2956 1467 3093 1538 πρὸς
3122 1465 3389 1535 ἀλλήλους
3420 1466 3535 1526 τοῖς
3568 1462 3885 1534 ἀνθρώποις

2289 1561 2591 1631 ὁμολογιῶν
2617 1561 3004 1630 γεγενημένοι,
3038 1558 3265 1621 εἰκότως
3286 1558 3386 1628 τὴν
3406 1554 3516 1609 τῶν
3528 1554 3883 1627 ὁμολογητῶν

2292 1656 2588 1727 ὀνομασίαν
2616 1653 3077 1724 διεκληρώσαντο.

2805 1744 3144 1799 ΕΡΩΤΗΣΙΣ
3174 1744 3351 1800 ΣΜΖ’.

2610 1838 2773 1891 Διατί
2812 1835 3179 1905 σταυροῦται
3211 1839 3243 1889 ό
3269 1836 3564 1904 Χριστόςς

1744 1930 1889 1980 Edita
1919 1945 1945 1980 a
1980 1930 2106 1979 Malo
2140 1931 2193 1992 (l.
2232 1944 2275 1981 c.
2299 1944 2350 1995 p.
2384 1930 2495 1987 ll5,
2523 1945 2572 1993 q.
2601 1930 2736 1993 246).

662 2021 1017 2093 Cruciligitur
1050 2019 1400 2075 incarnatum
1434 2016 1525 2071 Dei
1561 2014 1829 2080 Verbum,
1862 2016 2005 2071 Deus
2040 2016 2175 2084 ipse.

2351 2014 2689 2085 Σταυροῦται
2724 2012 3035 2083 σαρκωθεὶς
3060 2013 3087 2065 ὁ
3107 2011 3202 2065 τοῦ
3239 2009 3375 2065 Θεοῦ
3404 2010 3581 2080 Λόγος
3604 2011 3706 2064 καὶ
3732 2010 3876 2076 Θεὸς,

592 2127 655 2172 ιιι
718 2124 905 2185 aperte
964 2111 1172 2168 diaboli
1232 2109 1560 2180 injustitiam
1624 2110 1952 2179 rcdarguat,
2017 2118 2186 2174 utque

593 2223 756 2263 suum
798 2221 927 2274 erga
980 2203 1230 2257 homines
1280 2215 1525 2255 amorem
1576 2200 1908 2255 immensum
1954 2199 2187 2253 demon-

594 2308 750 2359 stret,
799 2312 867 2349 ne
914 2295 1081 2349 etiam
1132 2291 1291 2346 multi
1321 2291 1611 2345 credentes
1647 2306 1769 2345 sese
1803 2291 1987 2344 dicere
2014 2288 2184 2342 Deum

593 2389 756 2444 facile
784 2404 907 2442 esse
955 2385 1304 2441 occasionem
1337 2384 1466 2437 inde
1494 2394 1720 2438 sumant
1769 2398 1892 2437 sese
1936 2382 2069 2436 deos
2106 2379 2189 2434 fa-

594 2479 774 2534 ciendi
812 2488 870 2531 et
918 2475 1199 2530 funestum
1236 2489 1482 2529 errorem
1526 2473 1842 2538 inducendi,
1883 2483 2051 2542 utque
2079 2470 2187 2525 illis

594 2572 688 2640 qui
734 2569 950 2639 probris
984 2576 1041 2622 et
1085 2566 1356 2636 angustiis
1402 2575 1456 2619 et
1497 2566 1658 2620 malis
1709 2565 1775 2618 ad
1809 2575 2043 2618 mortem
2085 2564 2189 2617 du—

593 2660 846 2712 centihus
880 2657 1209 2725 probantur,
1249 2655 1607 2722 semetipsum
1640 2655 1920 2724 patientiae
1949 2665 2003 2708 et
2033 2653 2188 2707 furti-

596 2750 805 2803 tudiuis
830 2748 1144 2814 exemplum
1181 2761 1515 2816 proponens,
1551 2746 1781 2800 viriliter
1812 2758 1866 2800 et
1906 2755 2188 2816 gratanter

596 2839 903 2894 accidentia
951 2837 1096 2892 ferre
1130 2846 1421 2907 praeparet.
1473 2836 1542 2891 Ut
1588 2838 1752 2892 etiam
1786 2837 2187 2907 onmipotentia

595 2932 816 2985 virtutis
864 2945 979 2984 sua:
1010 2929 1187 2999 magis
1238 2929 1296 2983 in
1329 2930 1507 2983 lucem
1542 2929 1771 2998 prodeat
1803 2948 1817 2983 :
1854 2927 1916 2983 Vi
1951 2932 2099 2984 enim
2132 2937 2188 2985 et

596 3023 853 3078 manibus
898 3031 953 3076 et
996 3023 1168 3077 armis
1222 3029 1277 3075 et
1327 3020 1527 3092 pugnis
1569 3022 1949 3077 adversarium
1992 3024 2186 3094 (supe-

596 3113 764 3183 rare),
808 3113 1083 3168 laudabile
1109 3113 1328 3183 quidem
1379 3122 1483 3178 est,
1525 3113 1622 3167 sed
1662 3115 1715 3168 in
1763 3115 1957 3169 ordine
2001 3130 2184 3169 rerum

595 3208 1008 3262 ordiuariaruni
1055 3216 1160 3270 est,
1218 3221 1321 3262 nec
1367 3206 1540 3260 ullum
1594 3206 1796 3260 leIlliB
1842 3206 2185 3276 operationis

595 3302 814 3372 signum
853 3301 1079 3355 revelat.
1124 3299 1232 3354 Sed
1276 3309 1453 3354 morte
1484 3309 1717 3353 mortem
1746 3299 1918 3369 ipsam
1961 3308 2015 3354 et
2047 3299 2187 3354 infe-

2287 2108 2377 2162 ἴνα
2408 2106 2677 2177 λαμπρῶς
2711 2104 3002 2160 ἀδικοῦντα
3046 2104 3294 2179 διελέγξῃ
3325 2104 3420 2158 τὸν
3457 2104 3718 2158 διάϐολον
3739 2144 3757 2172 ,
3791 2108 3874 2158 καὶ

2288 2200 2376 2253 ἴνα
2408 2198 2467 2251 τὸ
2494 2199 2633 2267 πρὸς
2664 2198 2995 2268 ἀνθρώπους
3023 2196 3249 2268 φίλτρον
3283 2198 3624 2269 παραστήσῃ
3645 2199 3874 2268 ἀνυπέρ-

2288 2291 2503 2361 ϐλητον,
2549 2290 2640 2342 xui
2672 2289 2759 2342 ἵνα
2798 2288 2871 2358 μὴ
2918 2288 3078 2354 δόξαν
3121 2288 3347 2358 εὐχερὲς
3383 2288 3445 2341 τὸ
3488 2288 3684 2353 λέγειν
3725 2288 3872 2341 αὐτὸν

2286 2378 2426 2435 εἶναι
2444 2383 2597 2443 Θεὸν,
2617 2381 2832 2442 πολλοῖς
2854 2379 3079 2450 ἀφορμὴ
3115 2379 3435 2451 κατασταθῇ
3454 2380 3732 2433 θεοποιεῖν
3753 2382 3869 2433 ἐαυ-

2285 2476 2432 2539 τοὺς,
2450 2476 2543 2529 καὶ
2562 2475 2772 2544 πλάνην
2792 2490 2932 2525 κατα
2941 2472 3086 2542 ργῶν
3102 2472 3310 2542 πλάνην
3325 2472 3598 2543 εἰσαγάγῃ
3617 2473 3870 2543 ὀλέθριον·

2287 2569 2379 2620 xui
2400 2569 2486 2621 ἵνα
2512 2570 2625 2629 τοῖς
2642 2569 2700 2620 ἐν
2723 2567 3010 2635 ἐπηρείαις
3033 2566 3130 2618 xui
3147 2564 3462 2628 ἐπιϐουλαῖς
3486 2566 3582 2619 xui
3604 2567 3872 2619 κακώσεσι

2289 2661 2426 2731 πρὸς
2456 2660 2686 2713 θάνατον
2720 2658 2983 2727 ἀγούσαις
3030 2657 3463 2726 ὲξεταζομένοις,
3495 2658 3700 2711 ἑαυτὸν
3746 2658 3870 2709 ὐπο-

2290 2752 2462 2822 μονῆς
2494 2750 2589 2803 καὶ
2627 2749 2925 2820 καρτερίας
2956 2749 3310 2819 παράδειγμα
3339 2748 3591 2819 προθεὶς,
3618 2748 3870 2816 γενναίως

2288 2844 2478 2913 φέρειν
2497 2842 2593 2896 xui
2609 2840 2949 2911 εὐχαρίστως
2970 2841 3367 2912 παρασκευάσῃ
3387 2841 3454 2893 τά
3472 2841 3868 2909 συμπίπτοντα·

2287 2937 2383 2989 xui
2415 2935 2501 2988 ἵνα
2528 2934 2591 2987 τὸ
2634 2934 3107 2987 πανσθενέστατον
3151 2933 3318 2987 αὑτοῦ
3354 2932 3557 3004 μᾶλλον
3588 2931 3869 3002 φανερώσῃ

2285 3028 2385 3096 τῆς
2441 3026 2728 3097 δυνάμεως
2759 3041 2776 3059 ο
2843 3025 2905 3079 τὸ
2955 3025 3055 3095 μὲν
3093 3025 3203 3096 γὰρ
3247 3027 3407 3097 ῥώμῃ
3445 3026 3543 3079 xui
3587 3026 3737 3097 χειρὶ
3786 3021 3870 3077 xui

2287 3119 2471 3184 ὅπλοις
2494 3118 2587 3172 xui
2622 3117 2933 3188 συμμάχοις
2964 3116 3055 3170 τὸν
3078 3116 3370 3170 ἀντίπαλον
3391 3157 3406 3181 ,
3439 3115 3727 3168 ἐπαινετὸν
3758 3114 3865 3184 μὲν,

2286 3210 2396 3264 τῶν
2431 3210 2679 3281 συνήθως
2708 3210 2766 3263 δὲ
2804 3209 3303 3279 διαπεπραγμένων
3334 3209 3428 3262 xui
3458 3208 3619 3260 οὐδὲν
3665 3206 3867 3273 εἰσάγον

2288 3303 2581 3375 θεουργίας
2598 3302 2879 3375 ἐξαίρετον
2904 3319 2918 3333 ·
2946 3307 3009 3355 τὸ
3032 3302 3122 3356 διὰ
3150 3302 3404 3368 Θανάτου,
3438 3302 3607 3355 αὐτόν
3628 3318 3691 3354 τε
3717 3300 3868 3355 eam.

594 3409 692 3448 ros
722 3401 778 3447 et
805 3392 1088 3448 diabolum
1120 3399 1175 3447 et
1204 3392 1546 3462 principatus
1572 3404 1629 3446 et
1658 3400 1954 3461 potestates
1994 3391 2182 3445 mundi

2288 3410 2377 3447 τον
2405 3394 2501 3447 xui
2542 3392 2678 3463 ᾅδην
2711 3393 2808 3445 xui
2851 3391 3100 3446 διάϐολον
3134 3392 3230 3445 xui
3273 3392 3370 3455 τὰς
3419 3391 3599 3463 ἀρχάς
3639 3390 3735 3444 xui
3780 3390 3867 3451 τὰς

595 3484 909 3539 annihilare
940 3493 996 3538 et
1029 3485 1275 3547 vincere,
1307 3484 1413 3539 hoc
1442 3494 1529 3538 est
1572 3484 1693 3539 sine
1722 3484 1891 3538 dubio
1929 3484 2187 3552 Omnipo-

597 3577 783 3632 tentia:
810 3576 1011 3630 divinae
1047 3592 1170 3646 quat
1200 3591 1421 3630 onmem
1456 3592 1680 3631 sensum
1720 3586 1775 3631 et
1818 3585 2056 3630 mentem
2088 3590 2187 3630 su-

594 3678 769 3738 pcrat.
802 3668 983 3737 thue
1009 3667 1386 3736 magnitudine
1418 3667 1690 3721 bonorum
1725 3667 1777 3720 in
1807 3682 1909 3721 nos
1934 3666 2178 3735 imperti-

598 3771 778 3811 torum
837 3758 1122 3822 exhibita,
1174 3760 1448 3813 debitores
1503 3773 1605 3812 nos
1666 3758 1789 3827 puri
1843 3774 1971 3826 erga
2030 3758 2184 3811 illum

596 3853 826 3913 amoris,
857 3859 913 3904 et
942 3851 1062 3904 vitae
1090 3850 1393 3904 secundum
1420 3850 1594 3919 ipsius
1621 3850 1767 3919 leges
1788 3850 2190 3904 constituendae

597 3942 784 3996 faciat.
834 3941 916 3994 Ex
948 3943 1153 4012 quibus
1186 3942 1399 3995 lucrum
1432 3941 1499 3996 ad
1531 3957 1633 3995 nos
1666 3942 1818 4011 ipsos
1864 3940 2186 4005 revertitur,

597 4033 773 4102 regni,
818 4034 870 4087 id
908 4046 1019 4101 est,
1070 4033 1387 4099 hzereditas,
1438 4034 1579 4088 etin
1629 4033 2001 4088 inell‘abilibus
2032 4033 2189 4103 quies

594 4140 651 4178 ct
677 4130 947 4195 voluptas.

703 4308 1031 4376 QUA‘ZSTIO
1076 4306 1374 4365 CCXLVIII
1434 4305 1633 4379 [CoisL
1679 4307 1845 4363 Taur.
1888 4305 2077 4373 XCIX,

1085 4402 1230 4456 Maio
1259 4398 1554 4472 chLvu]
1603 4401 1703 4469 (ι).

594 4498 848 4548 Editarum
869 4509 897 4545 a
923 4494 1105 4544 Wolﬁo
1128 4491 1375 4543 tricesima
1412 4497 1621 4555 septima
1648 4494 1789 4553 (Cur.
1817 4489 1951 4542 Phil.

2285 3484 2537 3549 ἐξουσίας
2571 3482 2667 3537 τοῦ
2702 3485 2912 3556 κόσμου
2943 3484 3296 3554 καταργῆσαι
3322 3501 3382 3536 τε
3423 3485 3518 3536 xui
3573 3481 3864 3554 θριαμϐεῦ-

2285 3595 2400 3643 σαι,
2421 3575 2582 3631 τοῦτο
2629 3578 2697 3631 ἂν
2734 3577 2822 3647 εἴη
2856 3577 2933 3642 ὡς
2959 3578 3176 3648 ἀληθῶς
3203 3577 3306 3648 τῆς
3331 3576 3473 3646 ὑπὲρ
3512 3576 3641 3630 νοῦν
3673 3578 3765 3629 καὶ
3788 3575 3865 3627 ἐν·

2284 3686 2435 3722 νοιαν
2462 3669 2976 3740 παντοκρατορικῆς
3014 3668 3300 3739 δυνάμεως
3326 3666 3421 3721 τοῦ
3444 3667 3584 3721 Θεοῦ
3622 3683 3636 3699 ο
3672 3668 3764 3720 xui
3792 3668 3866 3720 iv:

2283 3761 2382 3832 τὴν
2423 3758 2727 3830 ὑπερϐολὴν
2757 3761 2868 3813 τῶν
2906 3761 2988 3824 είς
3035 3762 3182 3831 ἡμᾶς
3215 3760 3436 3828 ἀγαθῶν
3478 3759 3865 3824 ἐνδειξάμενος,

2285 3850 2568 3921 χρεώστας
2591 3851 2688 3921 τῆς
2712 3850 2959 3921 καθαρᾶς
2985 3851 3122 3922 πρὸς
3149 3851 3314 3903 αὑτὸν
3333 3850 3556 3919 ἀγάπης
3588 3849 3862 3918 παραστῆ-

2287 3961 2376 4017 an,
2407 3945 2503 3999 xui
2540 3944 2642 4013 τῆς
2670 3943 2812 3997 κατά
2838 3943 2967 4005 τοὺς
3013 3942 3181 3995 αὑτοῦ
3229 3942 3431 4012 νόμους
3461 3940 3740 4003 πολιτείας
3768 3957 3783 3971 ο
3807 3938 3866 3991 δι’

2289 4029 2365 4087 ῶν
2396 4035 2456 4086 τὸ
2485 4033 2677 4102 κέρδος
2710 4035 2792 4096 είς
2836 4034 2985 4102 ἡμᾶς
3028 4034 3225 4097 αὐτοὺς
3272 4030 3697 4101 ἀναστρέφεται,
3724 4030 3863 4097 βασι-

2284 4128 2434 4189 λείας
2459 4129 2594 4198 ήμῖν
2624 4126 2826 4198 κλῆρος
2864 4126 2943 4203 δν,
2971 4127 3067 4180 xui
3090 4127 3149 4178 ὲν
3171 4125 3486 4195 ἀδιηγήτοις
3516 4123 3764 4194 διαγωγὴ
3785 4123 3866 4175 καὶ

2290 4220 2614 4281 ἀπόλαυσις,

2816 4309 3152 4364 ΕΡΩΤΗΣΙΣ
3176 4309 3270 4361 ΣΜ
3281 4308 3354 4363 H'.

2018 4529 2030 4541 .
2059 4492 2168 4556 685,
2209 4493 2317 4545 686.
2349 4496 2571 4545 Galland.
2600 4495 2726 4554 XIII,
2761 4495 2872 4556 7707,
2898 4494 2997 4556 ll).
3023 4520 3084 4530 —
3105 4496 3358 4555 Quomodo
3394 4495 3701 4544 concilianda
3733 4494 3865 4545 verba

1367 4555 1383 4602 l
1421 4554 1533 4603 tier.
1582 4568 1682 4615 xlv,
1706 4556 1787 4616 22,
1811 4568 1921 4604 cum
1957 4554 2128 4603 Matth.
2156 4570 2223 4617 rx,
2248 4559 2337 4617 ‘22;
2374 4572 2475 4619 xm,
2500 4560 2579 4618 58,
2608 4569 2661 4607 et
2688 4555 2933 4607 similibus
2958 4554 3113 4607 locis?

596 4639 1104 4713 Quomodoaictum
1136 4638 1273 4713 illud
1302 4639 1652 4713 apostolicum
1681 4638 1723 4669 "
1754 4656 1768 4693 :
1810 4636 2031 4713 (“signa
2080 4654 2181 4713 non

2288 4642 2423 4709 Πῶς
2456 4640 3012 4713 συμϐιϐασθήσεται
3035 4643 3102 4713 τὸ
3140 4642 3555 4701 ἀποστολικόν
3574 4643 3779 4713 ῥητὸν,
3806 4641 3863 4698 τὸ

665 4710 1019 4771 credentibus,
1072 4709 1161 4762 sed
1217 4710 1549 4773 incredulis;
1581 4729 1600 4761 ι
1652 4725 1772 4761 cum
1823 4708 1941 4762 illis
1969 4708 2184 4762 Domini

668 4782 903 4835 oraculis
958 4780 1236 4833 conciliari
1284 4780 1510 4847 potest“
1542 4795 1556 4830 :
1594 4799 1613 4830 ι
1644 4777 1808 4833 Fides
1848 4792 1942 4832 tua
1980 4780 2190 4833 salvum

670 4863 719 4907 te
752 4855 905 4920 fecit;
939 4869 958 4901 ι
990 4860 1084 4904 et:
1118 4869 1137 4901 ι
1168 4848 1294 4902 Νυη
1327 4859 1534 4918 poterat
1564 4850 1737 4917 facere
1782 4849 1938 4918 signa
1975 4861 2190 4918 propter

670 4922 1102 4977 incredulitatem
1145 4936 1368 4985 eorum;
1404 4941 1422 4972 ι
1476 4923 1704 4991 itemque
1760 4923 1893 4987 alia,
1950 4920 2189 4974 eamdem

668 4992 984 5048 sententiam
1010 4991 1343 5047 iuculcantia
1362 4993 1427 5045 ι’.

666 5147 770 5214 Qui
798 5146 1043 5203 discendi
1075 5146 1258 5201 studio
1289 5146 1343 5201 in
1372 5145 1489 5201 haec
1518 5145 1766 5215 inquirit,
1796 5145 1873 5200 illi
1914 5146 2183 5201 dictorum

595 5257 794 5298 sensus
818 5255 925 5293 non
956 5239 1246 5294 dilIiculter
1295 5239 1522 5310 patebit.
1570 5238 1681 5295 lllis
1713 5241 1857 5294 enim
1880 5279 1896 5303 ,
1943 5240 2037 5310 qui
2072 5239 2185 5309 jam

593 5351 691 5404 per
720 5344 935 5403 tempus
962 5333 1181 5403 aliquod
1217 5333 1590 5397 crediderunt,
1630 5349 1734 5388 nec
1784 5333 1952 5388 dubio
2002 5333 2190 5403 aliquo

594 5429 662 5481 de
685 5440 884 5498 magno
904 5425 1017 5491 illo,
1047 5425 1193 5496 quod
1218 5424 1558 5495 profitemur,
1589 5427 1854 5496 mysterio
1891 5434 2188 5491 vexantur;

595 5519 854 5575 similiter
887 5533 1017 5575 vero
1055 5519 1222 5573 etiam
1257 5518 1389 5586 illis,
1422 5518 1518 5591 qui
1558 5519 1929 5574 incredulitati
1972 5518 2192 5589 penitus

2360 4714 2634 4782 φάσκοιμι
2692 4732 2710 4763 ι
2743 4712 2821 4766 Τὰ
2870 4711 3089 4781 σημεῖα
3149 4716 3221 4767 οὐ
3266 4715 3391 4781 τοῖς
3442 4711 3861 4775 πιστεύουσιν,

2361 4785 2525 4837 ἀλλὰ
2550 4782 2676 4849 τοῖς
2703 4783 3005 4846 ἀπίστοις,
3034 4801 3051 4831 ι
3088 4784 3214 4849 τοῖς
3240 4786 3627 4850 Δεσποτικοῖς
3652 4783 3863 4853 λογίοις

2358 4854 2492 4918 τοῖς
2534 4853 2863 4924 λέγουσιν’
2902 4871 2921 4903 ι
2945 4853 3011 4906 Ἡ
3040 4854 3246 4919 πίστις
3283 4870 3401 4910 σου
3430 4856 3667 4911 σέσωκέ
3702 4871 3802 4924 σε.Δ
3840 4868 3857 4924 ρ

2360 4925 2515 4990 Καὶ,
2583 4920 2630 4974 ι’
2667 4924 2789 4976 Οὐκ
2852 4924 3119 4995 ὴδιξνατο
3176 4924 3430 4992 ποιῆσαι
3507 4924 3727 4995 σημεῖα
3776 4920 3863 4995 διὰ

2356 4995 2472 5060 τὴν
2503 4994 2795 5047 ἀπιστίαν
2823 4992 3028 5064 αὐτῶν
3047 5010 3060 5023 ·
3100 5012 3118 5043 ι
3158 4995 3255 5049 καί
3300 4995 3419 5050 ὅσα
3443 4992 3607 5052 ἄλλα
3635 4994 3748 5064 τὴν
3768 4993 3859 5047 αὐ-

2357 5064 2473 5132 τὴν
2508 5063 2840 5119 ὑποϐάλλει
2878 5062 3187 5130 malueram
3215 5083 3233 5116 ι

2356 5155 2447 5226 Τῷ
2469 5153 2816 5226 διερευνῶντι
2847 5154 3167 5225 φιλομαθῶς
3186 5157 3287 5211 οὐκ
3310 5157 3557 5229 ἐργώδης
3586 5158 3696 5211 τῶν
3720 5155 3858 5224 εἰρηο

2290 5252 2534 5323 μένων¹ή
2567 5251 2915 5323 κατανόησις.
2961 5253 3089 5315 Τοῖς
3115 5268 3176 5304 τε
3220 5253 3329 5324 γὰρ
3356 5254 3456 5325 ἤδη
3502 5252 3680 5323 χρόνῳ
3711 5262 3859 5301 πεπι-

2291 5341 2566 5405 στευκόσι,
2628 5340 2724 5395 xui
2770 5340 3044 5410 μηδεμίαν
3092 5341 3429 5412 ἀμφιϐολίαν
3454 5342 3584 5412 περ)⁸
3626 5339 3717 5394 τοῦ
3747 5332 3857 5390 καθ’

2289 5434 2440 5503 ἡμᾶς
2487 5432 2791 5505 μυστηρίου
2838 5433 3324 5504 παραδεχομένοιῆ
3372 5433 3636 5498 ὡσαύτως
3680 5431 3735 5484 δὲ
3777 5424 3857 5481 καὶ

2290 5523 2407 5585 τοῖς
2465 5521 2689 5585 τελείως
2740 5524 2807 5594 τῇ
2850 5522 3084 5587 ἀπιστία
3137 5525 3609 5596 κεκρατημένοις,
3662 5516 3857 5591 καὶμὴ

669 5635 712 5665 ³ο
742 5634 761 5688 l
793 5634 919 5690 Cor.
972 5651 1085 5702 xxv,
1116 5636 1208 5690 22.
1288 5636 1328 5667 ¹¹
1362 5634 1556 5694 Matth.
1619 5651 1696 5704 Ix,
1737 5634 1830 5689 22.
1907 5636 1952 5669 ³¹
1987 5636 2181 5691 Matth.
2216 5654 2338 5703 χιιι,
2369 5637 2458 5693 58.

2117 5732 2349 5790 ΝΟΤᾸΕ.

672 5819 747 5888 (l)
785 5819 939 5876 IIanc
984 5804 1341 5895 quastionem
1387 5826 1500 5895 jam
1542 5823 1743 5881 editam
1777 5825 1951 5882 Maius
1986 5842 2178 5882 rursus
2219 5829 2363 5897 typis
2396 5828 2673 5883 mandavit
2706 5828 2873 5900 (Nov.
2903 5828 3041 5885 Coll.
3076 5840 3117 5887 t.
3148 5831 3242 5896 IX,
3274 5849 3326 5904 ιλ
3368 5830 3518 5899 illi.)
