4136 6442
328 344 465 409 1053

1164 347 1265 407 ΑΙ)
1292 345 1891 406 AMPHILOCIUUM
1929 344 2276 416 QUESTIO
2316 344 2773 407 CCXLVI-CCL.

3480 347 3616 414 1οΜ

323 457 544 511 θέλουσι
570 456 659 511 διὰ
686 455 793 510 τῶν
836 456 1084 529 σημείων
1142 458 1280 527 πρὸς
1308 458 1407 527 τὴν
1448 455 1735 509 εὐσέϐειαν
1768 473 1922 526 χειρ-

2028 462 2158 509 sunt.
2187 455 2435 522 obnoxii,
2469 472 2570 511 nec
2618 456 2685 510 ad
2723 456 3029 511 doctrinam
3074 455 3293 527 pietatis
3321 473 3418 528 per
3449 462 3620 515 mira-

322 546 705 617 αγωγηθῆναι,
728 546 884 600 κενὸν
923 547 1020 599 καὶ
1046 548 1274 616 μάταιον
1312 545 1345 615 ἡ
1376 543 1484 596 τῶν
1516 544 1758 613 σημείων
1792 543 1915 595 ἐπί-

319 637 508 703 δειξις.
543 637 667 701 Τοίς
695 637 753 689 δέ
785 654 848 705 γε
893 638 952 689 ὲν
980 638 1046 707 τῇ
1085 635 1317 707 ἀπιστίᾳ
1353 634 1456 705 μὲν
1490 634 1913 705 τεθραμμένοις,

320 728 445 786 εἶτα
471 734 656 804 ἡρέμα
688 746 805 792 πως
844 731 972 792 τοὺς
1004 728 1301 797 λογισμοὺς
1334 727 1471 797 πρὸς
1502 726 1603 797 τὴν
1632 725 1917 779 εὐσέϐειαν

319 823 585 877 ἐνδιδόναι
613 819 1070 888 διανισταμένοις,
1104 817 1315 881 τούτοις
1341 816 1517 870 οἰκεία
1549 816 1645 870 καὶ
1676 819 1917 886 πρόσφο·

324 934 418 989 ρος
468 915 578 967 τῶν
628 912 951 983 παραδόξων
980 910 1160 981 ἔργων
1183 911 1217 981 ἡ
1257 909 1588 979 φανέρωσις.
1625 908 1723 961 Διὰ
1758 907 1914 959 τοῦτο

321 1007 418 1060 καὶ
446 1007 473 1058 ὁ
507 1005 709 1075 Κύριος
742 1001 867 1056 οὒτε
905 1002 1054 1073 παρὰ
1092 1001 1202 1055 τῶν
1234 1000 1511 1062 παντελῶς
1540 998 1785 1053 ἀπίστων
1816 998 1912 1049 πί-

322 1117 440 1152 στιν
483 1098 750 1169 ἐπιζητεῖ.
810 1095 968 1168 ’ᾘδει
1014 1096 1123 1167 γὰρ
1151 1096 1249 1165 οὐχ
1295 1095 1568 1165 εὑρίσκων
1600 1094 1657 1144 ὲν
1687 1091 1869 1152 αὐτοῖς
1894 1106 1910 1120 ·

321 1188 445 1242 οὔτε
478 1187 631 1259 παρὰ
659 1186 769 1239 τῶν
792 1184 1103 1256 εἰλικρινῶς
1142 1183 1614 1240 πεπιστευκότων.
1651 1180 1915 1254 Προειλή-

321 1299 412 1350 φει
445 1280 555 1351 γὰρ
580 1280 675 1334 καὶ
708 1278 915 1349 ταύτην
952 1278 1484 1349 προεισενεγκόντων
1507 1274 1717 1342 αὐτῶν.
1750 1277 1915 1343 Ζητεῖ

318 1375 376 1427 δὲ
405 1373 535 1444 παρ’
565 1372 811 1436 ἐκείνων,
847 1371 896 1424 οἳ
925 1370 985 1435 ἐξ
1022 1370 1277 1432 ἀσεϐείας
1309 1370 1390 1432 είς
1429 1368 1714 1422 εὐσέϐειαν
1748 1384 1913 1437 μετα-

320 1465 664 1535 ϐαλλόμενοι,
713 1463 814 1534 ήδη
855 1464 969 1534 (44)
1000 1463 1097 1532 τὴν
1141 1463 1328 1514 πίστιν
1358 1460 1644 1514 ὡδίνουσιν
1684 1462 1743 1513 ὲν
1778 1460 1909 1511 tau-

317 1562 451 1622 τοῖς.
477 1560 602 1622 Τοῖς
631 1558 813 1611 τοίνυν
847 1559 1058 1619 πιστοῖς
1091 1555 1150 1608 ού
1192 1555 1395 1609 δίδοται
1444 1553 1511 1607 τὰ
1550 1555 1774 1623 σημεῖα.
1804 1556 1912 1607 Πε-

322 1648 501 1719 ριττδν
527 1648 656 1719 γάρ.
698 1646 832 1701 Οὐδὲ
866 1651 977 1711 τοίς
1014 1646 1414 1718 ἀμεταὸλὴτως
1438 1646 1651 1719 ἔχουσιν
1677 1647 1783 1700 ἀπὸ
1810 1646 1908 1717 τῆς

2023 547 2143 601 cula
2173 546 2368 600 adduci
2401 546 2647 615 cupiunt,
2678 547 2955 618 signorum
2982 549 3381 605 demonstratio
3406 549 3614 606 frustra

2019 648 2075 692 et
2112 653 2251 692 vano
2278 648 2476 691 conatu
2510 638 2757 692 offertur.
2805 643 3005 695 liontra
3040 656 3166 697 Vero
3224 642 3334 699 illis
3356 684 3372 710 ,
3426 645 3523 714 qui
3559 646 3615 698 in

2018 729 2406 784 incredulitate
2469 729 2687 783 educati
2757 733 2977 800 quidem
3035 743 3201 800 sunt,
3256 744 3445 803 postea
3489 752 3621 791 vero

2017 822 2223 877 sensim
2293 833 2536 875 mentem
2601 837 2757 876 suam
2828 825 2895 877 ad
2966 826 3221 894 pietatem
3299 842 3622 884 convertere

2016 915 2313 975 sustinent,
2339 930 2565 982 operum
2598 914 2971 970 mirandorum
2999 918 3371 976 manifestalio
3393 937 3617 976 accom-

2016 1007 2234 1061 modata
2264 1020 2317 1061 et
2350 1006 2591 1077 prolicua
2626 1018 2727 1062 est.
2766 1008 3060 1078 Propterea
3092 1020 3146 1065 et
3195 1011 3461 1069 Dominus
3514 1030 3620 1069 nec

2013 1098 2082 1153 ab
2113 1099 2243 1162 illis,
2278 1101 2371 1170 qui
2403 1103 2620 1168 penitus
2648 1109 2808 1154 crant
2839 1102 3126 1167 increduli,
3163 1104 3322 1158 fidem
3354 1107 3618 1176 postulat;

2016 1202 2250 1246 noverat
2284 1193 2431 1245 enim
2462 1208 2521 1246 se
2548 1195 2691 1260 apud
2725 1194 2848 1246 illos
2875 1210 2981 1246 non
3016 1193 3363 1250 inventurum
3394 1215 3408 1251 :
3444 1214 3621 1268 neque

2013 1280 2083 1334 ab
2118 1281 2247 1347 illis,
2288 1282 2380 1350 qui
2448 1282 2664 1336 sincere
2696 1284 2989 1336 credebant
3018 1301 3032 1350 ;
3082 1297 3309 1338 noverat
3342 1287 3488 1340 enim
3523 1303 3620 1342 eos

2012 1371 2159 1426 illam
2192 1373 2305 1441 jam
2339 1383 2466 1427 ante
2496 1377 2782 1443 probasse.
2817 1374 3066 1428 Postulat
3093 1391 3221 1429 vero
3248 1376 3318 1429 ab
3348 1377 3478 1441 illis,
3525 1376 3619 1446 qui

2011 1462 2081 1517 ab
2128 1464 2412 1533 impietate
2444 1465 2510 1517 ad
2551 1467 2800 1533 pietatem
2835 1465 3085 1519 conversi
3134 1464 3296 1520 fidem
3339 1468 3482 1537 apud
3530 1483 3618 1520 sc-

2013 1557 2163 1627 ipsos
2204 1559 2605 1627 parturiebant.
2650 1558 3018 1612 Credrutiltus
3070 1559 3256 1628 itaque
3311 1560 3465 1630 signa
3509 1574 3617 1612 non

2011 1648 2291 1716 eduntur;
2371 1650 2421 1704 id
2467 1651 2616 1704 enim
2669 1667 3138 1719 supctrtarancum
3189 1651 3330 1706 foret
3378 1670 3391 1706 :
3442 1668 3622 1721 neque

318 1740 601 1803 ἀπιστίας.
628 1740 723 1803 Et;
750 1740 908 1793 κενὸν
938 1738 1067 1809 γάρ.
1119 1739 1280 1792 Ἀλλὰ
1307 1742 1419 1804 τοῖς
1450 1739 1508 1806 ἐξ
1549 1740 1805 1802 ἀπιστίας
1828 1741 1909 1801 εἰς

2018 1742 2151 1807 illis,
2205 1744 2301 1813 qui
2366 1744 2436 1797 ab
2511 1743 2900 1798 incredulitate
2982 1744 3202 1798 avocari
3296 1759 3405 1797 non
3489 1759 3618 1815 pos-

318 1837 502 1888 πίστιν
533 1831 1055 1903 μεταϐαλλομένοις.
1089 1824 1190 1885 Ὧν
1216 1832 1311 1885 καὶ
1355 1833 1388 1902 ἡ
1422 1830 1602 1895 πίστις
1632 1830 1908 1902 ἐπιζητεῖ-
1942 1811 1981 1866 B
2012 1843 2171 1901 sunt;

314 1944 406 1980 ται
459 1924 951 1995 τελεσφορηθῆναι,
998 1924 1093 1977 καὶ
1124 1923 1600 1995 τελεσφορουμένη
1648 1923 1910 1997 πρόξενος

316 2019 529 2087 γίνεται
559 2017 660 2087 τῆς
692 2016 1048 2079 ἀπολαύσεως
1070 2016 1178 2069 τῶν
1219 2015 1580 2087 θεοσημειῶν.
1617 2016 1786 2072 Οὐδὲν
1817 2012 1910 2071 οὗν

315 2109 649 2178 διαμάχεται
712 2107 807 2160 τοῦ
868 2106 1158 2161 θεσπεσίου
1228 2105 1447 2160 Παύλοῦ
1502 2110 1535 2180 ἡ
1591 2108 1745 2179 φωνὴ
1798 2110 1911 2171 τοῖς

315 2201 694 2270 εύαγγελικοίς
724 2201 959 2271 ῥήμασι.
994 2200 1139 2270 Πρὸς
1183 2202 1295 2271 (45)
1344 2202 1443 2272 μὲν
1483 2201 1591 2272 γὰρ
1639 2219 1912 2271 πεπωρω-

316 2293 516 2363 μένους
550 2291 648 2362 τὴν
673 2292 905 2362 καρδίαν
938 2292 1041 2345 οὐκ
1095 2290 1247 2361 ἠξίου
1275 2290 1728 2363 παραδοξοτιοιεῖν
1762 2294 1789 2345 ὁ
1818 2292 1911 2345 ἐπὶ

316 2385 564 2455 σωτηρίᾳ
587 2384 697 2438 τῶν
726 2383 1033 2455 ἀνθρώπων
1080 2385 1259 2438 πάντα
1294 2384 1550 2456 πράττων
1576 2384 1731 2449 Θεός.
1762 2386 1825 2436 υἱ
1855 2384 1910 2436 δὲ

312 2475 630 2547 εἰλικρινῶς
658 2476 1091 2541 πεπιστευκότες
1127 2477 1226 2530 οὐκ
1262 2476 1474 2530 ἐδέοντο
1506 2476 1713 2530 τούτων
1741 2479 1823 2541 εἰς
1850 2476 1913 2530 τδ

313 2566 627 2620 πιστεῦσαι.
655 2566 1000 2632 ’Υπόλοιπον,
1032 2569 1172 2639 πρὸς
1200 2566 1442 2631 ἐκείνους
1468 2567 1913 2638 θαυματουργίας

311 2657 409 2710 τὸν
433 2657 529 2712 τοῦ
559 2658 750 2727 γένους
779 2659 937 2730 ἡμῶν
967 2659 1199 2730 Σωτῆρα
1218 2658 1514 2723 ἐπιτελεῖν,
1539 2659 1589 2711 οἳ
1632 2658 1784 2712 οὔπω
1812 2659 1913 2729 μὲν

311 2754 746 2819 πεπιστευκότες
784 2749 947 2826 ἦσαν,
978 2753 1077 2824 τὴν
1104 2753 1162 2807 δὲ
1192 2752 1302 2807 τῶν
1336 2752 1584 2807 ἀπίστων
1612 2752 1694 2806 ἔτι
1727 2752 1912 2824 χώραν

311 2846 682 2918 ἀνεπλήρουν,
722 2847 873 2919 ὅμως
907 2846 1155 2917 ἐζήτουν,
1177 2845 1245 2899 δι’
1277 2838 1354 2899 ὧν
1395 2844 1746 2899 πιστεύουσιν
1772 2885 1788 2911 ,
1819 2846 1914 2900 καὶ

313 2938 657 3008 χειραγωγὸν
683 2936 1053 3007 λαμϐάνοντες
1085 2936 1154 2990 τὰ
1179 2938 1405 3007 σημεῖα,
1434 2937 1515 3000 είς
1544 2935 1645 3008 τὴν
1672 2935 1782 2990 τῶν
1823 2953 1913 2988 πι-

315 3029 463 3082 στῶν
497 3027 931 3100 μετηλλάττοντο
956 3030 1178 3100 μοῖραν.

835 3226 1179 3279 ΕΡΩΤΗΤΙΣ
1212 3225 1392 3280 ΣΜΘ’.

2266 1834 2469 1890 frustra
2581 1836 2726 1889 enim
2798 1835 2849 1889 id
2938 1836 3121 1901 fieret;
3186 1834 3278 1890 sed
3328 1834 3436 1889 illis
3497 1844 3620 1888 tan-

2015 1935 2169 1992 tum,
2229 1929 2321 1997 qui
2378 1927 2449 1982 ab
2504 1926 2888 1981 incredulitate
2916 1928 2983 1982 ad
3037 1928 3196 1981 fidem
3222 1927 3618 1997 perducuntur.

2016 2019 2221 2074 "urunt
2273 2020 2419 2073 enim
2471 2018 2606 2073 ﬁdes
2658 2019 2955 2088 perfectior
3005 2017 3157 2073 reddi
3215 2018 3412 2083 debet,
3475 2016 3617 2071 facta

2013 2128 2143 2168 vero
2204 2112 2502 2182 perfectior
2550 2112 2616 2163 ad
2680 2111 2916 2165 fructum
2964 2126 3031 2166 ex
3084 2110 3287 2166 divinis
3335 2110 3620 2165 miraculis

2013 2207 2336 2273 capiendum
2370 2206 2727 2274 perducitur.
2777 2203 2897 2257 Divi
2939 2205 3123 2271 itaque
3151 2202 3301 2257 Pauli
3333 2202 3618 2258 oraculum

2013 2314 2138 2353 cum
2165 2298 2347 2353 verbis
2379 2296 2662 2368 Evangelii
2696 2313 2803 2351 non
2857 2305 3084 2367 pugnat.
3118 2296 3176 2350 In
3218 2311 3410 2350 eorum
3445 2298 3617 2361 enim,

2014 2392 2105 2461 qui
2136 2390 2304 2445 corde
2336 2391 2553 2459 penitus
2587 2390 2843 2444 obdurati
2873 2397 3055 2454 erant,
3088 2388 3321 2460 gratiam
3354 2387 3519 2451 Deus,
3562 2387 3617 2440 in

2017 2485 2303 2539 hominum
2341 2484 2574 2538 salutem
2624 2484 2809 2537 omnia
2868 2482 3100 2546 faciens,
3160 2481 3425 2535 miracula
3458 2480 3619 2535 edere

2016 2592 2121 2631 non
2175 2576 2502 2631 sustinebat.
2545 2574 2649 2640 Qui
2682 2590 2813 2629 vero
2841 2576 3058 2629 sincere
3108 2572 3474 2635 crediderant,
3508 2570 3616 2623 illis

2015 2671 2081 2722 ad
2106 2648 2441 2723 credendum
2468 2681 2578 2720 non
2615 2666 2958 2735 indigebant.
3027 2662 3386 2734 Relinquitur
3434 2662 3619 2731 itaque

2017 2762 2360 2816 Salvatorem
2413 2766 2666 2814 nostrum
2721 2772 2913 2813 eorum
2970 2771 3137 2812 causa
3201 2756 3466 2811 miracula
3517 2771 3620 2825 pa-

2020 2866 2213 2917 trasse,
2244 2855 2339 2923 qui
2390 2854 2636 2907 nondum
2683 2850 3051 2916 crediderant,
3094 2849 3187 2905 sed
3211 2847 3620 2904 incredulorunt

2020 2943 2290 2996 hactenus
2364 2941 2548 2995 locum
2601 2949 2935 3009 occupantes
2986 2954 3052 2992 ea
3099 2938 3477 3008 requirebant,
3526 2954 3624 3009 per

2017 3050 2140 3104 qua:
2170 3034 2237 3088 ad
2272 3032 2434 3087 fidem
2463 3032 2848 3103 pervenirent,
2902 3031 3170 3087 miracula
3216 3040 3399 3085 autem
3445 3031 3623 3085 instar

2018 3127 2175 3182 ducis
2206 3126 2349 3181 nacti
2382 3125 2436 3179 in
2485 3126 2825 3180 credentium
2870 3133 3073 3180 emtum
3124 3123 3619 3178 transferebantur.

2095 3214 2425 3285 QUASSTIO
2462 3214 2954 3357 ΟΟΧιΙέΕἱϐἕῖῗίὶ
2998 3214 3329 3272 CCLXXIV.
3376 3215 3545 3270 Taur.

308 3385 377 3436 El
415 3383 495 3452 ἦν·
530 3384 567 3452 ἡ
620 3382 728 3453 γῆ,
772 3383 899 3451 πῶς
936 3384 1217 3471 erat-fago;
1254 3382 1426 3454 ’λέγει
1478 3384 1625 3455 γάρ’
1670 3402 1688 3435 ι
1750 3385 1816 3437 Ἠ
1849 3382 1921 3436 δὲ

2025 3382 2084 3439 Si
2118 3391 2260 3438 terra
2281 3382 2401 3453 jam
2428 3390 2561 3435 esset
2582 3379 2844 3449 quomoda
2873 3379 3234 3471 [θυσίας’-ξι,
3269 3381 3406 3435 dixit
3430 3381 3569 3434 enim
3598 3397 3618 3435 :

990 3473 1067 3523 γη
1100 3473 1197 3526 ην.
1222 3474 1240 3506 ι

2457 3461 2603 3505 terra
2633 3461 2811 3503 autem
2843 3460 2957 3503 erat
2987 3451 3139 3521 (ιδῃ

964 3548 1110 3598 Edita
1137 3564 1165 3598 a
1194 3549 1318 3599 Maio
1346 3551 1497 3613 (Nov.
1537 3546 1662 3601 Coll.
1698 3555 1733 3597 t.
1766 3548 1844 3609 IX,
1873 3563 1923 3611 p.
1950 3548 2083 3612 llfi)’
2106 3574 2164 3586 ——
2183 3545 2239 3595 In
2267 3546 2392 3596 Gen.
2419 3558 2455 3605 ι,
2481 3544 2529 3592 2.
2557 3543 2633 3593 De
2655 3549 2766 3590 ortu
2795 3549 2959 3591 terrae.

383 3629 625 3683 Ἢλίθιον
676 3628 738 3682 τὸ
789 3627 1056 3701 ἐρώτημα
1083 3646 1098 3662 ο
1130 3632 1159 3684 ὁ
1192 3632 1304 3703 γὰρ
1355 3632 1551 3686 εἰπών’
1588 3649 1606 3682 ι
1648 3630 1741 3684 Ἐν
1775 3633 1920 3700 ἀρχῇ

2100 3628 2280 3682 Stulta
2314 3637 2398 3679 est
2427 3627 2542 3679 hwc
2568 3624 2838 3693 quaestio;
2869 3624 2962 3692 qui
2992 3638 3137 3677 entm
3160 3623 3300 3677 dixit
3330 3641 3345 3678 :
3380 3622 3436 3677 in
3467 3624 3620 3693 prin-

314 3722 571 3794 ἐποίησεν
599 3722 773 3787 ὁΘεὺς
792 3723 884 3776 τὸν
911 3723 1139 3795 οὐρανὸν
1170 3725 1266 3778 καὶ
1287 3724 1387 3795 τὴν
1415 3724 1540 3795 γῆν,
1571 3743 1588 3775 ›
1611 3723 1713 3776 οὐκ
1742 3721 1912 3775 ἀΐδιον

312 3815 558 3880 δηλονότι
622 3814 728 3884 ἔφη
788 3814 887 3885 τὴν
930 3816 1036 3885 γῆν
1098 3833 1113 3847 ο
1159 3816 1265 3886 ἔφη
1315 3816 1373 3868 δὲ
1403 3817 1505 3886 οὐχ
1536 3817 1619 3868 ὅτι
1659 3810 1728 3885 ἦν
1763 3815 1797 3885 ἡ
1836 3812 1912 3883 γῆ

314 3906 622 3968 ἁπολύτως,
660 3904 774 3957 ἀλλ’
804 3906 886 3958 ὅτι
908 3900 977 3976 ἦν
1007 3905 1490 3968 ἀκατασκεύαστος
1528 3919 1542 3933 ·
1573 3904 1654 3957 ἔτι
1680 3905 1789 3974 γὰρ
1822 3903 1915 3956 ἀό-

320 4016 481 4070 ρατος
512 3994 579 4070 ἦν
604 3997 954 4069 ἐπικειμένου
983 3997 1080 4051 τοῦ
1115 3997 1348 4061 ὓδατος·
1384 4000 1481 4051 καὶ
1525 3994 1913 4050 ἁκατασκεύα-

319 4108 465 4156 στος,
517 4093 744 4163 μηδέπω
790 4089 1133 4162 κοσμηθεῖσα
1184 4088 1430 4163 βλάστῃ·
1482 4090 1577 4142 καὶ
1624 4088 1769 4142 διατί
1816 4086 1912 4140 τοῦ

319 4185 499 4255 φωτὸς
550 4184 771 4255 πρῶτον
803 4179 965 4246 εἶδος,
1016 4178 1137 4236 εἶτα
1196 4181 1258 4235 τὸ
1303 4182 1663 4251 ὑποκείμενον
1706 4180 1824 4251 ἤτοι
1853 4178 1915 4231 τὸ

319 4277 545 4348 ἡλιακὸν
576 4276 735 4347 σῶμα
769 4275 1079 4345 ύπέστησεν
1106 4294 1120 4341 ;
1149 4274 1238 4328 ἵνα
1273 4273 1769 4345 θαυματουργήσῃ,
1805 4286 1913 4341 φη-

323 4371 410 4422 σὶν
436 4372 463 4422 ὁ
493 4367 776 4437 θεολόγος,
805 4366 1030 4436 μείζονα
1054 4382 1069 4396 ο
1095 4365 1284 4436 ἐπειδὴ
1309 4366 1417 4435 γὰρ
1441 4366 1553 4426 τοῖς
1572 4362 1753 4424 ἄλλοις
1782 4360 1915 4431 ὓλην

322 4462 747 4534 προῦποστίὶσας
799 4458 1163 4528 εἰδοποίησεν,
1216 4457 1445 4528 ὕστερον
1493 4454 1645 4519 τάξιν
1698 4453 1916 4523 ἑκάστῳ

315 4555 414 4609 καὶ
443 4554 630 4624 σχῆμα.
667 4552 765 4606 καὶ
814 4550 1048 4622 μέγεθος
1094 4549 1343 4620 περιθεὶς
1368 4588 1382 4612 ,
1417 4546 1651 4601 ἐνταῦθα
1678 4546 1914 4618 παραδο-

314 4647 541 4717 ξότερον
603 4647 701 4714 τῆς
760 4644 891 4714 ὕλης
948 4643 1010 4697 τὸ
1058 4639 1197 4706 εἶδος
1234 4644 1724 4713 προῦπεστὴσατο·
1777 4634 1917 4703 εἶδος

316 4741 429 4811 γὰρ
456 4740 608 4811 ἡλίου
646 4738 709 4790 τὸ
743 4736 880 4806 φῶς.

704 4824 705 4827 “
865 4825 1205 4880 ΕΡΩΤΗΣΙΣ
1239 4826 1369 4877 ΣΝ¹.

322 4926 386 4979 El
428 4925 507 5001 Td
532 4922 661 5001 φῶς
687 4924 720 4976 ό
756 4920 924 5001 ’Θεὸς
972 4913 1826 5001 ξ’ὃημιρύρηισεν..οὐκ,αἰζηὸς
1854 4914 1917 4966 τὸ
1958 4945 2003 5001 υ

388 4984 610 5060 σκότός
631 4984 945 5059 ἐποίησεν·
965 4984 1227 5043 ἐναντία
1255 4984 1368 5055 γὰρ
1386 4985 1575 5039 ταῦτα
1597 4984 1921 5048 ἀλλήλοις.

2019 3723 2168 3792 cipio
2196 3722 2407 3777 creavit
2438 3718 2586 3774 Dens
2622 3718 2821 3773 coelum
2858 3727 2913 3769 et
2939 3726 3164 3781 terram,
3201 3732 3309 3771 nou
3337 3716 3621 3773 evidenter

2023 3823 2226 3867 terram
2272 3821 2536 3867 aeternam
2580 3824 2705 3865 esse
2737 3808 2879 3862 dixit
2913 3806 3095 3861 :dixit
3128 3802 3274 3863 enim
3324 3824 3432 3862 non
3473 3809 3619 3878 quod

2022 3912 2167 3956 terra
2202 3910 2323 3956 erat
2357 3900 2631 3966 absolute,
2659 3898 2753 3954 sed
2782 3896 2929 3968 quod
2955 3906 3075 3951 erat
3106 3896 3386 3953 inornata.
3416 3896 3617 3954 Adhuc

2018 3994 2167 4047 enim
2193 3992 2490 4048 invisibilis
2515 3997 2657 4053 erat,
2711 3988 2871 4059 aquis
2895 3990 3235 4043 circumdata
3259 3998 3314 4043 ct
3341 3991 3617 4055 inornata,

2021 4085 2172 4139 nullo
2233 4084 2399 4138 modo
2459 4082 2529 4136 ad
2596 4081 3082 4135 fructiﬁcationem
3156 4092 3488 4150 praeparata.
3550 4082 3618 4138 Et

2022 4189 2196 4244 quare
2220 4173 2450 4228 luminis
2493 4171 2733 4242 primum
2772 4173 3045 4226 visionem
3082 4180 3271 4241 postea
3308 4187 3440 4226 vero
3483 4188 3619 4243 sup-

2022 4267 2288 4338 positum,
2337 4265 2390 4320 id
2439 4271 2547 4330 est,
2581 4262 2717 4319 solis
2763 4263 3132 4318 substantiam
3168 4264 3509 4319 constituat?
3560 4275 3620 4319 ut

2023 4359 2257 4430 majora,
2283 4358 2418 4414 dicit
2445 4356 2780 4426 Theologus,
2810 4356 2975 4411 faciat
3001 4356 3299 4411 mirabilia.
3335 4355 3617 4427 Siquidem

2023 4454 2147 4508 aliis
2184 4451 2443 4512 formam,
2469 4454 2894 4519 praeexslstcnte
2926 4447 3178 4515 materia,
3213 4450 3384 4515 dedit,
3429 4461 3619 4520 postea

2023 4546 2276 4601 ordinem
2332 4542 2635 4611 unicuique
2690 4550 2746 4596 et
2799 4550 3009 4597 statum
3061 4551 3119 4598 et
3174 4544 3616 4612 magnitudinem

2027 4637 2327 4708 disposuit.
2381 4632 2484 4688 llic
2530 4640 2714 4688 autem
2763 4633 2911 4703 quod
2963 4643 3049 4690 est
3085 4635 3396 4691 mirabilius
3444 4646 3618 4692 mate-

2026 4732 2123 4784 riae
2148 4729 2382 4782 formam
2402 4726 2558 4796 prius
2578 4736 2751 4787 creat,
2777 4725 2953 4779 forma
2976 4726 3122 4780 enim
3148 4728 3282 4782 solis
3305 4738 3389 4781 est
3408 4727 3613 4785 lumen.

2024 4814 2352 4884 auresue
2382 4814 2514 4871 CCL
2546 4815 2737 4888 [CoisL
2768 4814 3072 4870 cccxxv.
3116 4815 3284 4872 Taur.
3333 4816 3613 4889 eam].

2032 4913 2091 4966 Si
2126 4913 2299 4967 lumen
2336 4909 2474 4963 Deus
2510 4909 2728 4969 creavit,
2760 4924 2864 4961 non
2903 4909 3012 4975 ipse
3045 4909 3285 4981 tenebras
3317 4911 3475 4981 fecit;
3507 4912 3618 4965 Ita'c

2413 4981 2554 5033 enim
2582 4981 2720 5032 inter
2748 4996 2801 5032 se
2829 4987 3069 5049 pugnant
3096 4978 3235 5051 (47).

751 5083 894 5135 Edita
916 5097 943 5132 a
976 5082 1102 5132 Maio
1135 5084 1192 5145 (ι.
1220 5095 1264 5132 c.
1292 5095 1344 5143 p.
1370 5079 1479 5140 ll’l,
1505 5092 1556 5140 q.
1591 5077 1727 5141 2i9).
1751 5104 1812 5114 —
1834 5078 1910 5126 An
1948 5077 2086 5126 Deus
2126 5077 2299 5123 auctor
2325 5073 2451 5121 lucis
2475 5070 2709 5120 tenebras
2732 5083 2906 5121 creare
2934 5072 3175 5132 potuerit.

402 5171 653 5225 Ἐναντία
707 5171 807 5242 μὲν
847 5170 1123 5240 ἀλλήλοις,
1174 5167 1291 5222 ἀλλ’
1345 5167 1624 5234 ἀναγκαῖα
1662 5166 1774 5227 τοῖς
1821 5166 1917 5217 ἁν-

331 5261 561 5332 θρώποις
595 5263 878 5333 ἀμφότερα
906 5278 922 5293 ·
957 5263 1053 5315 καὶ
1078 5260 1237 5313 τοῦτο
1278 5259 1375 5312 καὶ
1410 5259 1439 5310 ὁ
1472 5256 1638 5311 Δαϐὶδ
1668 5254 1915 5325 ὲξυμνῶν

332 5356 424 5422 τὴν
454 5353 545 5406 τοῦ
582 5354 816 5425 Ποιητοῦ
858 5352 1263 5425 μεγαλουργίαν
1289 5351 1440 5416 λέγει
1462 5366 1478 5381 ’
1516 5369 1533 5401 ι
1577 5347 1743 5401 Ἐθου
1780 5347 1913 5417 γὰρ,

336 5446 483 5516 φησὶ,
520 5445 731 5511 σκότος,
753 5446 848 5499 καὶ
874 5446 1092 5515 ἐγένετο
1124 5445 1239 5511 νὺξ,
1276 5461 1296 5496 ›
1331 5460 1385 5498 κ.
1410 5459 1462 5497 τ.
1494 5441 1544 5494 λ.
1577 5440 1705 5506 ἕως,
1734 5458 1754 5492 ι
1805 5430 1917 5497 Ἐξ·

2095 5161 2238 5216 Sunt
2267 5160 2492 5230 quidem
2529 5160 2671 5214 inter
2709 5174 2771 5214 se
2811 5158 3116 5224 contraria,
3153 5155 3249 5211 sed
3298 5154 3618 5210 hominibus

2021 5254 2186 5308 ambo
2223 5252 2559 5306 necessaria.
2593 5249 2709 5303 lloc
2738 5247 2909 5302 David
2948 5245 3229 5301 Creatoris
3260 5246 3613 5316 magniﬁcen-

2022 5347 2178 5411 tiam,
2214 5342 2567 5414 proclamans
2600 5340 2734 5397 dicit
2766 5357 2780 5395 :
2821 5358 2840 5391 ι
2871 5338 3111 5394 Posuisti
3155 5336 3301 5393 enim
3336 5338 3617 5399 tenebras,

2022 5437 2223 5507 inquit,
2276 5444 2332 5490 et
2366 5434 2512 5490 facta
2557 5442 2640 5489 est
2696 5447 2830 5495 nox,
2867 5450 2887 5484 ι
2940 5441 2996 5487 et
3025 5431 3236 5501 reliqua
3289 5445 3468 5501 usque
3499 5432 3563 5484 ad
3598 5446 3615 5483 :

1833 5528 2071 5586 ΝΟΤᾹΞ.

403 5627 509 5699 (λι-ί)
544 5627 637 5683 Sic
663 5627 946 5699 Colb.,pro
974 5629 1099 5699 ἤδη.

403 5698 512 5771 (45)
540 5699 675 5772 πρὸς
712 5698 844 5754 illud
886 5710 969 5755 est
998 5698 1083 5755 *ex
1129 5698 1285 5755 Colb.
1336 5698 1482 5769 quod
1533 5712 1732 5755 sensus
1782 5710 1911 5768 pos-

378 5773 484 5825 tlat.

339 5781 376 5827 ῃ
404 5842 511 5912 (ἐϋ)
545 5840 692 5897 ilanc
728 5841 1169 5899 dissertatioucm
1212 5839 1447 5897 Photius
1495 5838 1606 5895 fere
1635 5845 1806 5894 totam
1842 5852 1909 5893 ex

2010 5581 2359 5678 E‘heodoreto
2387 5638 2441 5691 q.
2474 5620 2506 5677 5
2549 5622 2602 5675 in
2628 5581 2827 5675 Gem-5.
2862 5618 3023 5690 (Opp.
3069 5619 3159 5674 ed.
3186 5635 3312 5674 nov.
3340 5626 3378 5673 t.
3406 5616 3425 5673 Ι
3454 5617 3618 5684 huius

2010 5693 2340 5763 Putrologiw
2372 5690 2585 5756 LXXX,
2624 5690 2848 5763 col.783.

2084 5764 2198 5890 (47‘)
2378 5764 2585 5832 pariter
2620 5778 2683 5819 ex
2734 5761 3161 5832 'l'heodorctoq.
3187 5760 3217 5814 7
3246 5759 3300 5815 in
3328 5758 3539 5814 Cenes.
3579 5759 3616 5812 l.

2021 5852 2072 5890 c.
2107 5850 2172 5890 co
2202 5877 2213 5890 .
2323 5874 2337 5888 .
