4136 6440
603 329 746 393 1055

1774 319 2041 381 ῙἮΟΤΙΙ
2081 316 2590 380 ΡΑΤΙὶΙΑΒΕΗίΕ
2629 317 2736 377 CP.

3767 311 3906 377 1056

605 457 623 490 ι
655 436 840 492 Exibit
887 434 1052 488 homo
1089 431 1154 485 ad
1198 445 1346 501 opus
1381 444 1541 483 suum
1592 437 1649 484 et
1698 429 1764 483 ad
1815 429 2191 498 Operationem

2300 428 2578 482 ελεύσεται
2610 428 2897 497 ἄνθρωπος
2929 427 3021 479 ἐπὶ
3052 425 3114 478 τὸ
3141 424 3300 497 ἔργον
3325 424 3492 479 αὑτοῦ
3525 425 3621 480 καὶ
3657 425 3760 480 ἐπὶ
3807 427 3906 498 τὴν

598 547 755 585 suam
792 543 966 598 usque
1030 527 1096 580 ad
1141 539 1448 593 vesperam.
1485 542 1503 574 ι
1538 522 1692 588 Quod
1722 523 1834 577 sint
1870 519 2194 575 necessariae

601 624 842 678 tenebra:
884 619 1106 675 evidens
1157 627 1282 684 est;
1325 617 1472 686 quod
1518 626 1700 669 autem
1739 630 1848 670 nou
1897 618 2006 669 sint
2048 612 2183 668 sub-

599 712 824 778 stantia,
869 709 966 766 sed
1023 724 1112 762 res
1153 707 1408 776 quaadam
1451 705 1829 770 accidentalis,
1899 705 2058 760 facile
2103 718 2192 764 est

599 805 708 859 hoc
753 802 1093 871 intelligere;
1125 808 1254 854 sunt
1284 800 1430 854 enim
1465 799 1585 853 ('(Bli
1627 807 1682 853 et
1710 809 1868 852 teme
1900 799 2196 855 adumbra-

602 898 696 950 tio.
747 893 1118 960 Quamobrem
1173 890 1454 944 evanescit
1500 898 1554 943 et
1603 889 1657 942 in
1716 889 1946 942 nihilum
1991 893 2192 957 evadit,

597 988 862 1041 redeunte
885 985 1126 1047 lumine;
1161 983 1345 1036 lumen
1386 991 1570 1035 autem
1599 992 1686 1035 est
1715 983 2025 1036 substantia
2057 991 2110 1036 et
2141 985 2192 1038 in

599 1096 657 1134 se
687 1079 961 1134 subsistit.
1005 1076 1194 1145 Itaque
1240 1085 1293 1130 et
1341 1075 1527 1130 oriens
1570 1074 1929 1146 splendescit,
1969 1085 2024 1129 et
2061 1090 2188 1130 cum

597 1167 884 1229 occiderit,
921 1180 1138 1219 rursum
1157 1164 1370 1226 oritur;
1397 1172 1597 1216 etcum
1631 1163 1849 1229 abierit,
1881 1165 2192 1218 revertitur.

599 1258 678 1312 Ex
711 1259 815 1312 hoc
852 1265 1035 1310 autem
1067 1257 1247 1310 discat
1281 1256 1406 1324 quis
1439 1255 1586 1324 quod
1620 1254 1856 1308 tenebra:
1891 1256 2005 1309 sint
2049 1255 2196 1309 acci-

599 1354 756 1406 dens.
793 1350 999 1404 Domus
1029 1354 1175 1404 enim
1228 1365 1332 1401 non
1382 1349 1600 1401 habens
1629 1346 1912 1415 lampades
1945 1348 1998 1400 in
2038 1359 2194 1402 tene-

601 1447 720 1500 bris
761 1455 846 1499 est
876 1455 988 1499 tota
1015 1461 1029 1511 ;
1073 1443 1324 1497 adductis
1353 1451 1537 1497 autem
1567 1442 1914 1511 lampadibus
1949 1442 2195 1496 illustra-

599 1537 878 1592 ttteron
927 1537 1170 1590 tenebris
1217 1536 1326 1588 alio
1379 1535 1768 1606 migrantibus,
1819 1535 2048 1588 luminis
2101 1535 2198 1589 ad-

601 1638 764 1683 ventu
851 1628 1231 1698 pereuntibus.
1321 1625 1438 1680 Non
1517 1637 1649 1680 sunt
1711 1625 1879 1696 igitur
1957 1626 2197 1681 tenebra:

599 1723 907 1778 substantia
963 1721 1210 1791 qum-dam
1285 1721 1531 1774 increata
1587 1734 1768 1789 neque
1830 1719 1994 1772 etiam
2064 1721 2195 1773 sub-

2297 523 2565 592 ἐργασίαν
2592 519 2758 574 αὑτοῦ
2786 520 2889 581 ἓως
2932 519 3190 587 ἑσπέρας.
3242 537 3260 570 ι
3314 518 3450 570 Ἀλλ’
3472 518 3553 571 ὅτι
3585 518 3701 588 μὲν
3739 520 3904 587 ἀνα-ί-

2295 613 2451 664 καίον
2477 612 2537 663 τὸ
2568 611 2781 674 σκότος,
2813 608 2970 679 δῆλον
3001 625 3014 637 ·
3055 611 3138 661 ὅτι
3164 607 3221 660 δὲ
3251 607 3351 659 οὐκ
3379 606 3556 672 οὐσία,
3580 606 3731 660 ἀλλὰ
3766 623 3880 678 συμ

2296 703 2554 772 ϐεϐηκὸς,
2579 702 2674 754 καὶ
2704 700 2952 754 ἐντεῦθεν
2977 699 3093 752 ἐστι
3113 699 3300 753 λαϐεῖν
3333 715 3346 730 ·
3376 698 3610 768 οὐρανοῦ
3646 699 3767 769 γάρ
3807 698 3905 752 καὶ

2294 796 2399 866 γῆς
2454 797 2604 849 ἐστιν
2645 795 3006 864 ἀποσκίασμα
3037 809 3050 823 ·
3109 793 3201 846 διά
3243 809 3304 846 τε
3331 792 3490 846 τοῦτο
3522 793 3618 846 καὶ
3664 791 3903 862 φροῦδον

2296 889 2507 956 γίνεται
2562 889 2656 941 καὶ
2715 889 2794 951 εἰς
2849 887 2912 941 τὸ
2975 887 3049 958 μὴ
3101 886 3163 940 ὃν
3221 886 3498 940 διαλύεται
3556 885 3659 938 τοῦ
3722 887 3900 954 φωτὸς

2295 981 2628 1049 ἀνίσχοντος.
2670 979 2744 1032 Τὸ
2784 979 2839 1032 δὲ
2892 979 3006 1047 φῶς
3049 979 3209 1031 οὐσία
3258 980 3375 1030 ἐστὶ
3425 979 3520 1030 καὶ
3557 976 3852 1045 ὑφέστηκε
3883 995 3898 1010 ο

2295 1073 2375 1126 διὸ
2407 1072 2502 1124 καὶ
2547 1070 2804 1140 δυόμενον
2855 1071 3066 1140 ἀνίσχει
3103 1085 3119 1101 ⁸
3162 1072 3256 1123 καὶ
3279 1069 3439 1123 ἀπιὸν
3471 1069 3850 1138 ἐπανέρχεται
3885 1085 3898 1099 ⁶

2296 1163 2452 1232 γνοίη
2493 1162 2536 1215 δ’
2571 1162 2636 1216 ἄν
2661 1179 2746 1224 τις
2777 1162 3074 1216 κάντεῦθεν
3099 1163 3180 1216 ὅτι
3209 1162 3269 1214 τὸ
3296 1161 3488 1224 σκότος
3517 1161 3903 1231 ἐπισυμϐεϐηο

2297 1271 2390 1307 κεν
2425 1271 2438 1285 ο
2472 1250 2618 1318 οἶκος
2642 1254 2751 1324 γάρ
2781 1255 2880 1308 οὐκ
2911 1257 3051 1324 ἔχων
3087 1255 3458 1325 φωταγωγοὺς
3501 1255 3741 1315 σκότους
3787 1255 3900 1306 ἐπὶ

2297 1349 2533 1419 πλήρης,
2576 1348 3021 1418 εἰσκομισθείσης
3054 1349 3110 1402 δὲ
3149 1348 3430 1418 λαμπάδος
3473 1348 3806 1417 φωτίζεται,
3841 1349 3898 1402 ού

2296 1440 2390 1494 τοῦ
2425 1441 2651 1504 σκότους
2675 1439 2866 1494 ἄλλοσέ
2907 1457 2983 1510 πη
3013 1442 3453 1510 μεταϐαίνοντος,
3484 1441 3624 1494 ἀλλὰ
3660 1441 3896 1510 πάμπαν

2297 1533 2648 1602 διολλυμένου
2671 1535 2734 1604 τῇ
2758 1532 2850 1585 τοῦ
2881 1534 3056 1600 φωτὸς
3088 1534 3382 1605 παρουσία.
3423 1535 3498 1587 Οὐ
3520 1534 3710 1586 τοίνυν
3741 1535 3884 1601 άγένσ

2297 1644 2456 1696 νητος
2504 1628 2662 1680 οὐσία
2701 1626 2764 1679 τὸ
2803 1626 3014 1689 σκότος,
3057 1624 3182 1678 οὗτε
3217 1625 3323 1695 μὴν
3361 1624 3623 1696 γεννητὴ,
3685 1625 3802 1678 ἀλλ’
3835 1628 3893 1678 ἐκ

2297 1721 2408 1773 τῶν
2458 1719 2734 1790 γεννητῶν
2775 1720 3145 1791 συνισταμένη
3192 1718 3389 1790 χρῆσις
3435 1719 3759 1787 ἀναγκαία,
3804 1717 3889 1769 τοῦ

601 1816 804 1870 stantia
872 1825 1090 1878 creata;
1142 1813 1241 1868 sed
1317 1828 1452 1868 usus
1513 1812 1738 1882 quidam
1805 1811 2181 1870 necessarius.

2297 1815 2427 1868 Θεοῦ
2472 1815 2574 1884 τὴν
2620 1815 2814 1882 σοφίαν
2863 1815 3211 1885 κηρύττουσα
3238 1828 3254 1845 ·
3301 1812 3500 1865 αὐτίκα
3537 1812 3675 1879 γοῦν
3727 1811 3820 1864 καὶ
3865 1811 3891 1861 ὁ

597 1909 668 1961 ab
697 1908 780 1960 bis
807 1921 929 1975 quae
952 1905 1095 1958 facta
1123 1911 1252 1958 sunt
1283 1903 1612 1971 proveniens
1641 1910 1696 1956 et
1729 1903 2058 1972 sapientiam
2095 1901 2185 1956 Dei

595 1998 927 2068 praedicans.
959 1995 1154 2050 Statim
1190 2011 1322 2065 ergo
1352 1996 1615 2064 propheta
1647 2010 1712 2048 ex
1745 1995 1846 2048 hoc
1874 1993 2044 2048 Deum
2075 1995 2189 2048 latt-

595 2095 709 2155 dat,
743 2107 760 2140 ι
791 2087 893 2153 Qui
937 2086 1087 2152 fecit,
1122 2086 1325 2156 inquit,
1369 2085 1552 2140 lumen
1585 2094 1638 2140 et
1670 2085 1996 2154 praeparavit
2037 2096 2188 2139 tene-

597 2180 748 2233 bras.
785 2197 802 2230 ι
870 2177 944 2231 De
1005 2177 1213 2231 lumine
1268 2176 1490 2246 quidem
1551 2175 1944 2228 convenienter
2004 2174 2186 2228 dicit:

596 2272 702 2336 Qui
757 2270 918 2338 fecit;
965 2269 1033 2324 de
1087 2267 1325 2322 tenebris
1372 2278 1578 2330 autem,
1629 2265 1988 2335 Prwparavil.
2045 2263 2190 2319 Sunt

592 2363 741 2415 enim
783 2363 1039 2416 accidens
1066 2360 1341 2431 quoddam
1369 2358 1516 2428 quod
1555 2365 1612 2412 et
1646 2356 1904 2412 consistit
1947 2364 2004 2410 et
2056 2357 2174 2411 dis-

595 2457 856 2510 solvitur.

701 2544 1033 2614 QUIESTIO
1077 2542 1491 2668 CCLI‘IFClpgsel
1510 2613 1521 2685 l
1537 2541 1620 2598 CC
1631 2539 1868 2606 LXXVI,
1913 2540 2082 2596 Taur.

765 2709 942 2775 Quare
973 2708 1114 2776 feras
1145 2715 1195 2759 et
1237 2706 1452 2774 reptilia
1483 2649 1665 2773 fecerit
1700 2704 1839 2758 Deus
1865 2704 2022 2774 (48)?

2297 1909 2587 1979 προφήτης
2610 1909 2704 1961 καὶ
2724 1907 2974 1960 ἐντεῦθεν
3001 1907 3161 1976 ὑμνεί
3181 1906 3272 1958 τὸν
3301 1905 3456 1968 Θεὸν,
3491 1924 3508 1956 ι
3563 1904 3623 1957 '0
3660 1905 3890 1971 ποιήσας

2294 2001 2425 2072 γὰρ,
2462 2001 2620 2070 φησὶ,
2655 2000 2771 2070 φῶς
2801 2003 2897 2054 καὶ
2925 1999 3340 2062 κατασκευάσας
3363 1997 3556 2060 σκότος
3578 2013 3625 2047 ἰ
3668 1997 3764 2048 ἐπὶ
3798 1994 3888 2064 μὲν

2294 2093 2388 2146 τοῦ
2433 2094 2612 2162 φωτὸς
2649 2093 2997 2164 ἁρμοζόντως
3041 2091 3232 2152 εἰπὼν,
3265 2094 3297 2146 ό
3355 2090 3627 2156 ποιήσας
3655 2107 3669 2118 ·
3716 2088 3808 2140 ἐπὶ
3835 2087 3888 2140 δέ

2293 2186 2387 2241 τοῦ
2415 2188 2641 2250 σκότους
2663 2226 2679 2252 ,
2713 2184 3210 2251 κατασκευάσας
3253 2183 3604 2256 συμϐεϐηκὸς
3637 2181 3749 2254 γάρ
3781 2181 3886 2234 ἐστι

2300 2283 2700 2353 συνιστάμενον
2723 2283 2817 2336 καὶ
2843 2281 3214 2352 διαλυόμενον.

2827 2546 3168 2599 ΕΡΩΤΗΣΙΣ
3195 2546 3370 2600 ΣΝΑ¹.

2293 2705 2456 2758 Atat!
2490 2702 2561 2756 τὰ
2591 2703 2766 2770 θηρία
2804 2702 2904 2756 καὶ
2932 2705 3004 2757 τὰ
3025 2701 3240 2771 ἑρπετὰ
3267 2719 3602 2770 πεποιηκεν
3644 2707 3680 2759 ὀ
3710 2706 3880 2772 Θεός;

938 2799 1084 2848 Edita
1110 2814 1137 2848 a
1165 2797 1290 2847 Maio
1326 2799 1383 2860 (Ι.
1420 2811 1463 2847 c.
1499 2811 1531 2859 p
1576 2797 1682 2857 117,
1720 2797 1829 2858 118,
1863 2812 1913 2860 q.
1939 2797 2076 2862 2350).
2113 2827 2175 2836 —
2208 2799 2285 2850 De
2319 2797 2438 2847 leris
2467 2804 2521 2845 et
2545 2795 2808 2860 reptilibus
2835 2811 2862 2844 a
2895 2796 3005 2846 Deo
3035 2799 3229 2845 creatis.
3255 2797 3380 2846 Gen.
3411 2809 3446 2855 ι,
3469 2796 3551 2845 20.

666 2888 830 2945 Pueri
885 2896 1000 2942 tum
1048 2885 1543 2950 terriculamentis,
1603 2895 1716 2938 tum
1748 2886 1914 2938 etiam
1961 2885 2097 2940 loris
2143 2895 2199 2940 et

601 2983 774 3053 virgis
808 2981 1077 3050 indigent.
1115 2979 1182 3032 Et
1214 2993 1311 3047 per
1343 2978 1434 3030 illa
1465 2977 1686 3046 quidem
1727 2977 1877 3046 ipsos
1904 2987 2198 3041 terremus,

600 3092 697 3146 per
733 3075 848 3129 haec
876 3086 1059 3128 autem
1089 3070 1396 3126 erudimus.
1431 3069 1544 3125 Nos
1580 3085 1712 3140 ergo
1750 3071 1932 3126 sciens
1960 3069 2103 3126 Deus
2132 3071 2198 3125 ad

604 3167 964 3223 indolentiam
1000 3178 1326 3235 propensos,
1360 3162 1508 3217 sicut
1541 3161 1819 3218 funiculus
1848 3163 2119 3233 quosdam
2149 3172 2203 3218 et

2367 2887 2548 2938 Δεῖται
2589 2884 2660 2937 τὰ
2697 2883 2887 2937 παιδία
2925 2884 3017 2936 καὶ
3065 2882 3478 2954 μορμολυκείων
3518 2883 3614 2936 καὶ
3651 2884 3881 2952 ἱμάντων

2298 2977 2396 3030 καὶ
2445 2976 2659 3046 ῥάϐδων
2692 2990 2705 3004 ⁸
2745 2977 2983 3039 καὶτοῖς
3029 2976 3128 3045 μὲν
3158 2975 3297 3028 αὐτὰ
3344 2975 3729 3044 δεδιττόμεθα,
3782 2977 3880 3036 τοῖς

2299 3067 2356 3120 δε
2413 3066 2506 3119 καὶ
2563 3065 2918 3134 παιδεύομεν.
2969 3065 3078 3118 Καὶ
3112 3065 3264 3133 ἡμᾶς
3321 3065 3500 3116 τοίνυν
3551 3061 3881 3134 προειδὼςδ

2303 3159 2433 3222 Θεὸς
2463 3159 2539 3222 ὼς
2574 3160 2655 3221 είς
2690 3157 2962 3230 ρᾳθυμίαν
2991 3157 3359 3220 ἐκκλίνοντας.
3401 3149 3514 3208 οἷον
3540 3157 3774 3225 ἱμάντας
3808 3171 3876 3206 τι-

604 3260 870 3317 terricula
926 3258 1072 3312 feras
1119 3257 1282 3312 nobis
1337 3256 1666 3327 praeparavit
1711 3264 1770 3310 ut
1815 3256 1884 3310 ab
1929 3255 2038 3311 illis
2085 3263 2193 3311 ter—

2302 3253 2397 3318 νὰς
2426 3252 2458 3322 ἢ
2486 3251 2860 3323 μορμολύκεια
2893 3252 3404 3319 προκατεσκευάσεν
3435 3253 3569 3320 ἡμῖν
3596 3250 3671 3302 τά
3698 3249 3875 3320 θηρία⁵

606 3354 715 3418 riti,
770 3352 838 3406 ad
889 3351 1042 3405 illum
1087 3349 1434 3404 attrahamus
1485 3357 1541 3403 et
1597 3347 1665 3402 ad
1716 3347 1872 3402 illum
1929 3347 1984 3401 in
2036 3346 2196 3402 auxi-

602 3447 736 3501 lium
804 3445 1116 3498 vocandnm
1193 3457 1593 3510 praeparentur.
1675 3440 1780 3495 Sed
1839 3443 2198 3510 quemadmo-

605 3541 732 3592 dum
791 3536 960 3591 adulti
1029 3534 1310 3588 infantiles
1377 3535 1600 3588 timores
1658 3542 1959 3602 spernunt,
2013 3534 2086 3587 ita
2143 3542 2199 3587 et

605 3629 700 3698 qui
750 3629 804 3680 in
841 3628 1042 3681 virtute
1089 3623 1401 3678 continuati
1455 3633 1584 3678 sunt
1634 3623 1875 3678 ferarum
1923 3639 2032 3678 non
2067 3639 2195 3694 per-

606 3722 902 3775 timescunt
950 3720 1228 3773 incursus.
1288 3715 1500 3770 Etenim
1559 3725 1687 3770 ante
1730 3716 1998 3771 Adamum
2049 3726 2197 3772 asta-

606 3815 745 3870 bant
777 3813 925 3877 ferae,
969 3820 1098 3864 ante
1132 3817 1447 3880 peccatum,
1477 3809 1796 3865 servitutem
1833 3826 1990 3865 suam
2023 3813 2197 3866 conli-

606 3914 806 3967 tentes,
840 3911 895 3958 et
943 3918 1067 3956 cum
1100 3901 1210 3956 Noe
1239 3901 1291 3955 in
1332 3916 1460 3955 arca
1506 3901 1822 3956 habitabant
1846 3913 1900 3955 et
1927 3918 2050 3957 cum
2087 3903 2196 3958 Da-

608 3996 719 4049 niel
750 3996 800 4047 in
835 3994 984 4047 fossa
1022 3994 1205 4046 leones
1239 4007 1552 4063 quanquam
1585 3993 1704 4048 dira
1739 3991 1882 4047 fante
1927 3995 2194 4062 cruciati;

605 4089 790 4158 vipera
820 4088 1007 4150 etiam,
1039 4086 1285 4157 Apostoli
1322 4101 1488 4139 manu
1520 4084 1778 4140 dentibus
1813 4096 2061 4157 arrepta,
2095 4103 2196 4143 nec

605 4176 812 4240 peccati
851 4175 1122 4230 llarcitate
1171 4187 1225 4228 et
1271 4173 1502 4228 mollitie
1553 4173 1794 4238 inventa,
1829 4189 1953 4228 sese
1992 4183 2191 4228 statum

604 4268 793 4337 dejicit
826 4279 879 4324 et
906 4269 958 4322 in
999 4266 1177 4330 ignem
1212 4263 1397 4329 irruit,
1428 4265 1586 4335 quasi
1625 4265 1943 4334 sibimetipsi
1973 4281 2192 4334 pmnam

603 4365 858 4433 inﬂigens
885 4378 949 4414 ex
983 4377 1050 4414 eo
1081 4358 1227 4429 quod
1252 4361 1305 4414 in
1340 4376 1540 4429 corpus
1573 4377 1678 4413 non
1713 4361 2047 4415 conveniens
2075 4375 2196 4415 sese

605 4453 913 4520 iujecisset.
948 4450 1120 4505 Nobis
1162 4466 1294 4521 ergo
1325 4451 1598 4505 enervatis
1630 4452 1945 4520 providens,
1977 4450 2193 4505 deserta

603 4546 724 4614 illis:
757 4546 876 4598 loca
925 4553 980 4598 et
1022 4544 1208 4598 noctis
1251 4555 1463 4612 tempus
1516 4545 1754 4612 partitus
1799 4557 1905 4597 est.
1958 4543 2190 4614 Iteptilia

2305 3345 2391 3397 ἵνα
2441 3343 2655 3406 τούτοις
2703 3345 2855 3414 ἡμᾶς
2897 3343 3288 3413 δεδιττόμενος,
3343 3342 3480 3412 πρὸς
3529 3342 3724 3395 ἐαυτὸν
3761 3341 3874 3410 ἕλκῃ

2300 3436 2394 3488 καὶ
2425 3434 2610 3487 καλεῖν
2634 3434 2795 3488 αὑτὸν
2826 3434 2902 3495 είς
2941 3433 3260 3503 συμμαχίαν
3287 3431 3711 3504 παρασκευάζῃ.
3753 3427 3877 3485 Ἀλλ’

2298 3525 2448 3579 ῶσπε
2458 3543 2487 3595 ρ
2511 3528 2558 3577 οἱ
2583 3525 2774 3578 τέλειοι
2798 3525 2907 3578 τῶν
2933 3525 3198 3578 παιδικῶν
3221 3525 3496 3594 δειμάτων
3521 3523 3878 3596 καταφρονοῦ-

2303 3637 2408 3683 σιν,
2457 3620 2599 3674 οὕτω
2637 3620 2730 3672 καὶ
2777 3620 2827 3672 οἱ
2873 3618 2973 3688 τῆς
2996 3618 3195 3690 ἀρετῆς
3225 3618 3482 3692 τρόφιμοι
3509 3617 3610 3682 τὰς
3645 3618 3754 3671 τῶν
3790 3616 3874 3684 θη-

2303 3713 2434 3785 ρίων
2474 3715 2534 3766 οὐ
2560 3713 2900 3782 δειμαίνουσι
2933 3709 3239 3782 προσϐολάς
3265 3728 3278 3741 ·
3334 3710 3565 3780 καὶγὰρ
3601 3709 3682 3781 τῷ
3723 3709 3876 3776 Ἀδάμ

2299 3805 2410 3876 πρὸ
2448 3805 2548 3876 τῆς
2592 3805 2870 3876 ἁμαρτίας
2915 3805 3276 3877 παρειστήκει
3323 3807 3391 3858 τά
3420 3805 3588 3874 θηρία
3641 3805 3740 3874 τὴν
3766 3803 3871 3855 δοτ-

2297 3897 2450 3951 λείαν
2496 3897 2864 3966 ὁμολογοῦντα
2895 3913 2909 3926 ·
2955 3899 3050 3951 καὶ
3086 3897 3165 3968 τῷ
3198 3897 3322 3950 Νῶε
3369 3897 3704 3968 συνῳκίζετο
3728 3899 3781 3950 ἐν
3816 3896 3869 3962 τῇ

2298 3991 2538 4063 κιϐωτῷ
2572 3993 2668 4044 καὶ
2693 3992 2771 4061 τῷ
2799 3990 2996 4062 Δανιὴλ
3025 3993 3081 4044 ἐν
3107 3991 3186 4061 τῷ
3213 3991 3400 4062 λάκκῳ
3423 3993 3474 4044 οἱ
3505 3991 3741 4053 λέοντες,
3772 3986 3874 4042 καί·

2295 4105 2380 4141 τοι
2401 4087 2522 4140 λίαν
2545 4085 2909 4157 λιμώττοντες
2948 4105 2960 4116 ·
3005 4088 3096 4140 καὶ
3129 4089 3157 4140 ὁ
3217 4085 3333 4156 ἔχις
3359 4085 3416 4139 δὲ
3451 4089 3516 4156 τῇ
3562 4083 3868 4138 Ἀποστόλου

2299 4179 2444 4251 χειρὶ
2495 4180 2624 4243 τοὺς
2672 4178 2890 4243 ὀδόντας
2941 4177 3197 4249 ἐμϐαλὼν
3232 4181 3326 4231 καὶ
3366 4181 3466 4248 τῆς
3509 4178 3784 4249 ἁμαρτίας
3821 4175 3871 4227 τὸ

2297 4270 2500 4342 χαῦνον
2529 4272 2624 4326 καὶ
2643 4271 2881 4342 χαλαρὸν
2901 4271 3000 4341 οὐχ
3024 4270 3201 4343 εὑρὼν
3227 4271 3550 4341 ἀπεπήδησε
3577 4269 3870 4342 παραυτίκα

2297 4364 2392 4417 καὶ
2458 4364 2602 4418 κατὰ
2649 4367 2750 4435 τῆς
2790 4366 2969 4435 πυρᾶς
3015 4365 3204 4436 ἥλατο,
3267 4363 3458 4435 ὥσπερ
3501 4363 3660 4426 δίκας
3699 4361 3869 4416 ἑαυτὸν

2297 4457 2763 4526 εἰσπραττόμενος
2785 4458 2865 4511 ὃτι
2906 4457 2984 4528 τῷ
3014 4457 3329 4529 μηδαμόθεν
3361 4459 3695 4529 προσήκοντι
3714 4471 3865 4526 προσ-

2297 4548 2454 4601 έϐαλε
2486 4547 2722 4618 σώματι,
2781 4551 2888 4603 Καὶ
2918 4550 3075 4620 ἡμῶν
3116 4551 3173 4604 δὲ
3203 4549 3594 4622 ῥᾳθυμούντων
3615 4550 3760 4620 ὅμως
3786 4565 3870 4616 κη·

603 4647 784 4692 autem
813 4635 1066 4690 cavernis
1101 4636 1405 4705 assignavit
1439 4643 1498 4688 ut
1551 4635 1772 4688 nonnisi
1804 4635 2093 4690 diﬂiculter
2124 4637 2193 4691 ab

2297 4640 2524 4709 δόμενος
2553 4641 2582 4693 ὁ
2627 4640 2781 4705 Θεὸς,
2825 4641 2952 4704 τοὺς
3007 4642 3382 4713 ἐρημοτέρους
3419 4642 3652 4702 ἐκείνοις
3689 4641 3868 4697 τόπους

603 4732 713 4786 illis
749 4731 1034 4785 hominum
1081 4746 1256 4798 genus
1303 4731 1710 4782 vulneraretur.
1759 4729 1971 4784 Accidit
2013 4741 2196 4784 autem

607 4824 908 4894 aliquando
940 4823 1210 4892 quosdam
1241 4821 1310 4876 ab
1348 4821 1454 4874 illis
1488 4821 1750 4882 sauciari,
1792 4830 1851 4875 ut
1883 4823 2198 4890 lunusquis~

602 4932 710 4986 que
756 4917 954 4970 timens
1013 4929 1082 4968 ne
1135 4913 1315 4968 simile
1346 4913 1608 4967 damnum
1644 4913 1884 4981 patiatur
1934 4913 2002 4967 ad
2046 4914 2220 4967 illum'

603 5007 696 5075 qui
757 5013 937 5076 potest
985 5006 1199 5058 salvare
1248 5004 1323 5067 (id
1378 5005 1485 5072 est)
1545 5003 1610 5056 ad
1661 5003 1831 5056 Deum
1891 5004 2195 5072 confugiat,

603 5096 836 5149 Aliunde
871 5106 925 5149 et
967 5095 1057 5149 illa
1103 5096 1170 5148 ad
1218 5095 1390 5149 multa
1425 5094 1691 5149 salutaria
1736 5094 1976 5148 remedia
2014 5094 2192 5148 inscr-

601 5187 778 5242 viunt.
807 5185 981 5240 Nemo
1011 5201 1144 5256 ergo
1177 5185 1323 5241 feras
1359 5185 1605 5255 singulas
1635 5184 1993 5239 considerans
2021 5185 2193 5238 Crea-

603 5291 775 5336 torem
826 5282 1195 5351 reprehendat
1251 5281 1345 5336 sed
1395 5280 1612 5333 illarum
1665 5278 1959 5347 utilitatem
2005 5279 2194 5346 requi-

603 5382 707 5426 rat.
760 5371 974 5427 Etenim
1031 5382 1086 5426 et
1137 5387 1342 5440 corpus
1395 5371 1695 5424 humanum
1752 5368 1980 5421 multam
2031 5368 2196 5423 habet

603 5465 832 5533 gratiam
889 5474 944 5518 et
973 5464 1320 5518 harmoniam
1372 5472 1421 5517 et
1475 5461 1763 5515 utilitatem
1815 5460 1869 5513 in
1919 5461 2192 5530 partibus.

602 5559 695 5612 sed
733 5558 900 5613 habet
939 5558 1103 5612 etiam
1135 5557 1384 5626 pituitam
1416 5564 1470 5610 et
1506 5554 1572 5608 ad
1625 5553 1770 5608 illius
1821 5553 2182 5608 secretioncm

601 5662 874 5715 recessus,
909 5660 965 5705 et
1015 5651 1154 5704 male
1187 5649 1423 5704 olentem
1469 5647 1717 5702 odorem.
1760 5643 1955 5698 Nullus
2003 5652 2184 5698 autem

2301 4733 2396 4786 xui.
2429 4732 2528 4800 τῆς
2557 4734 2750 4796 νυκτὸς
2790 4733 3155 4805 ἀπεκλήρωσε
3201 4734 3294 4786 τὸν
3321 4733 3535 4804 καιρὸν,
3570 4735 3684 4796 τοῖς
3717 4733 3866 4801 ἑρπε-

2298 4827 2409 4887 τοῖς
2429 4824 2484 4876 δὲ
2513 4826 2639 4888 τοὺς
2664 4825 2722 4877 ἐν
2748 4827 2814 4896 τῇ
2853 4829 2923 4896 γῇ
2955 4827 3244 4896 κατένειμε
3275 4825 3584 4896 χηραμοὺς,
3618 4825 3764 4885 ὅπως
3801 4819 3865 4891 μὴ

2301 4916 2430 4986 ῥᾷον
2461 4916 2554 4968 ὑπ’
2601 4917 2801 4982 αὐτῶν,
2847 4917 2956 4970 τῶν
2987 4918 3292 4989 ἀνθρώπων
3339 4917 3667 4987 πημαίνοιτο
3697 4915 3754 4968 τὸ
3786 4912 3866 4982 γέ·

2297 5025 2386 5070 νος
2414 5025 2428 5039 ο
2471 5013 2746 5081 συγχωρεῖ
2791 5011 2845 5063 δὲ
2883 5010 2998 5064 ἔσθ’
3036 5012 3126 5064 ὅτε
3153 5012 3328 5075 τινὰς,
3365 5009 3458 5064 ὑπ’
3487 5011 3670 5065 αὐτῶν
3704 5022 3858 5079 παρα·

2300 5098 2633 5153 ϐλάπτεσθαι
2665 5117 2678 5130 ·
2709 5100 2787 5163 ὡς
2829 5102 2894 5155 ἂν
2931 5103 3164 5166 ἕκαστος
3201 5103 3388 5166 δεδιὼς
3427 5103 3561 5172 μήτι
3595 5099 3866 5173 παραπλή-

2295 5206 2407 5242 σιον
2433 5191 2585 5264 πάθῃ
2607 5233 2621 5256 ,
2665 5193 2804 5262 πρὸς
2833 5195 2925 5246 τὸν
2963 5194 3264 5264 δυνάμενον
3310 5194 3505 5258 σώζειν
3554 5193 3688 5245 Θεὸν
3720 5205 3864 5244 κατα-

2293 5279 2474 5350 φεύγῃ
2502 5295 2516 5310 ⁸
2547 5282 2720 5344 ἄλλως
2752 5301 2812 5334 τε
2851 5283 2908 5336 δέ
2940 5283 3112 5338 ταῦτα
3142 5286 3236 5337 καὶ
3265 5285 3400 5356 πρὸς
3421 5284 3595 5337 πολλὰ
3631 5284 3738 5336 τῶν
3761 5279 3864 5332 άλεο

2293 5367 2532 5432 ξικάκων
2574 5371 2884 5442 φαρμάκων
2943 5372 3205 5427 συντελεῖ.
3261 5371 3469 5442 Μηδεὶς
3521 5373 3700 5424 τοίνυν
3751 5362 3866 5420 αὐτὸ

2294 5463 2418 5515 καθ’
2465 5463 2627 5517 ἑαυτὸ
2676 5465 2735 5518 τὸ
2787 5465 2976 5537 θηρίον
3021 5465 3314 5532 ἐξετάζων,
3369 5461 3764 5533 ἐπιμεμφέσθω
3797 5454 3863 5522 τῷ

2297 5556 2526 5626 Ποιητῇ,
2570 5557 2706 5610 ἀλλὰ
2748 5559 2846 5628 τὴν
2900 5561 3090 5630 χρείαν
3137 5559 3499 5628 ἐπιζητείτωο
3530 5557 3654 5613 ἐπεὶ
3696 5546 3863 5606 καὶτὸ

2297 5645 2456 5713 σῶμα
2486 5647 2547 5702 τὸ
2569 5649 2910 5720 ἀνθρώπινον
2933 5651 3132 5724 πολλὴν
3153 5651 3266 5723 ἔχει
3289 5650 3381 5704 καὶ
3415 5649 3566 5721 ὥραν
3598 5648 3690 5702 καὶ
3715 5645 3863 5716 ἁρμο·

2119 5735 2332 5791 NOT/E

697 5831 811 5902 (48)
871 5832 966 5888 Est
1033 5832 1359 5890 Theodoreti
1422 5833 1566 5890 fetus
1613 5849 1670 5904 q.
1737 5831 1801 5885 l8
1864 5831 1915 5887 in
1977 5831 2175 5886 (leues.
2219 5831 2323 5884 col.
2361 5831 2447 5884 98.
