4136 6434
372 334 523 399 1057

1207 327 1302 385 AD
1341 324 1935 385 AMPHILOCHIUM
1974 324 2318 396 QUIESTIO
2366 327 2553 401 (ΞΟΠ,
2604 327 2825 387 CCLII.

3526 332 3661 398 1058

365 450 504 504 νίαν
541 445 639 499 καὶ
668 442 778 499 τῶν
818 439 1027 514 μορίων
1053 438 1156 510 τὴν
1192 440 1387 509 χρείαν
1414 455 1429 468 ·
1464 437 1582 491 ἀλλ’
1607 437 1724 508 ἔχει
1753 437 1850 492 καὶ
1882 439 1973 492 κό-

2077 453 2248 494 sanus
2278 454 2346 493 ex
2373 440 2475 494 hoc
2508 441 2675 494 vitam
2720 439 3029 496 accusabit.
3063 440 3197 496 Sine
3226 440 3378 497 enim
3432 443 3543 501 illis
3580 449 3664 502 vi-

372 539 555 614 ρυζαν
588 534 685 589 καὶ
720 532 951 587 πτύελον
982 534 1078 588 καὶ
1108 529 1320 601 δυσώδη
1367 531 1573 598 κόπρον
1599 546 1615 562 ο
1662 528 1779 582 ἀλλ’
1801 529 1977 594 οὐδεὶς

370 632 447 686 εὖ
477 627 694 700 φρονῶν
723 624 835 680 ἀπὸ
868 625 1079 686 τούτων
1115 621 1361 677 διαϐάλοι
1397 622 1458 674 τὸ
1487 621 1626 685 ζῶον
1660 639 1674 653 ο
1711 621 1835 692 δίχα
1868 622 1979 692 γὰρ

370 723 589 777 τούτων
612 717 826 789 βιῶναι,
858 716 971 769 τῶν
993 716 1270 769 ἀδυνάτων
1295 727 1310 742 ⁶
1343 713 1433 766 διὰ
1457 714 1565 783 γὰρ
1587 712 1793 765 τούτων
1821 712 1978 783 ἀρδό-

377 826 552 879 μενον
586 805 803 875 τέθηλε,
840 807 937 857 καὶ
969 806 1200 875 αἵματος
1226 804 1322 857 καὶ
1354 803 1664 871 φλέγματος
1695 803 1789 855 καὶ
1814 802 1978 873 χολῆς

374 900 678 970 ἑκατέρας·
704 897 822 952 ἀλλ’
849 897 1039 966 ὥσπερ
1072 895 1162 949 διὰ
1184 895 1391 949 τούτων
1419 894 1770 963 συνέστηκεν,
1804 892 1979 957 οὕτως

374 992 475 1045 διὰ
492 992 699 1044 τούτων
721 990 841 1053 ἐνὸς
867 988 979 1043 τῶν
1008 987 1322 1058 εἰρημένων
1352 986 1746 1049 πλεονάσαντος
1770 984 1984 1055 ἢέλλεί-

375 1083 587 1151 ψαντος
613 1081 881 1135 διόλλυται
905 1095 921 1111 ο
949 1080 1044 1134 καὶ
1082 1078 1377 1133 σκυταλίδα
1406 1079 1567 1140 εἴτις
1606 1078 1836 1149 ἐκτέμοι
1865 1076 1977 1131 τῶν

374 1172 668 1225 δακτύλων
710 1168 1100 1242 δψεταιαύτὴν
1149 1168 1431 1231 παντελῶς
1472 1169 1765 1239 ἄχρηστον.
1805 1169 1983 1240 Προσ-

380 1263 516 1331 ήκει
582 1262 642 1315 δὲ
682 1262 773 1314 διὰ
815 1259 979 1314 τοῦτο
1032 1258 1129 1313 καὶ
1173 1260 1321 1331 ἡμᾶς
1359 1257 1439 1329 μὴ
1476 1258 1610 1313 αὐτὸ
1651 1258 1774 1312 καθ’
1823 1256 1986 1311 ἑαυτὸ

379 1352 826 1423 ἀπομερίζοντας
867 1350 967 1405 τοῦ
1000 1350 1200 1416 παντὸς
1232 1351 1464 1407 ἕκαστον
1503 1351 1671 1424 μέρος
1702 1348 1980 1415 ἐξετάζειν

377 1446 485 1516 τῆς
512 1446 744 1510 κτίσεως
770 1462 783 1475 ·
823 1445 960 1501 ἀλλά
988 1445 1171 1516 ζητεῖν
1197 1445 1293 1499 καὶ
1321 1446 1643 1500 ἐπισκοπεῖν
1670 1445 1719 1497 εἰ
1757 1443 1834 1515 τῷ
1861 1460 1977 1497 κοι-

376 1536 464 1608 νῷ
500 1538 689 1608 χρείαν
706 1536 828 1591 τινὰ
862 1537 1123 1591 συντελεῖ.
1167 1537 1277 1590 Καὶ
1302 1536 1371 1590 τὰ
1404 1537 1571 1608 θηρία
1604 1536 1836 1590 αἰδεῖται
1873 1535 1975 1606 μὲν

2076 546 2206 586 vere
2236 531 2577 600 impossibile
2604 543 2715 600 est;
2755 548 2822 588 ex
2858 533 2963 589 hoc
2997 533 3145 589 enim
3176 533 3356 589 oritur
3385 536 3534 605 quod
3579 553 3667 593 re-

2077 620 2304 690 irigerat
2328 628 2382 675 et
2407 622 2731 691 sanguinem
2762 629 2818 677 et
2850 623 3130 688 ardorem,
3168 632 3225 679 et
3249 624 3417 679 bilem
3452 636 3666 681 utram-

2077 726 2203 780 que.
2242 710 2349 765 Scd
2395 711 2539 765 sicut
2574 726 2670 780 per
2702 711 2791 765 illa
2821 714 3097 777 consistit,
3128 712 3206 768 ita
3247 729 3312 768 ex
3345 713 3507 770 dictis
3552 730 3666 768 uno

2077 802 2164 856 vel
2196 802 2705 872 superabundante,
2740 803 2826 858 vel
2856 804 3144 861 deﬁciente
3176 806 3408 876 deperit.
3449 805 3509 861 Si
3541 807 3667 877 quis

2079 894 2227 948 enim
2263 910 2429 949 unam
2462 895 2618 966 digiti
2665 903 2875 965 partem
2911 897 3230 963 absciderit,
3270 898 3548 954 videbitur
3574 898 3664 952 illa

2080 986 2310 1040 omnino
2341 986 2590 1053 inutilis;
2620 986 2876 1042 convenit
2907 1002 3039 1058 ergo
3069 1003 3170 1044 nos
3199 1004 3309 1045 non
3348 990 3666 1061 singulatim

2082 1093 2535 1148 unamquamque
2588 1080 2759 1135 totius
2794 1088 3003 1151 partem
3065 1082 3365 1140 creationis
3413 1083 3668 1140 conside-

2081 1184 2249 1235 rare,
2306 1171 2403 1226 sed
2469 1187 2716 1242 quaerere
2764 1183 2821 1229 et
2864 1174 3141 1245 inspicere
3200 1184 3387 1231 utrum
3440 1175 3665 1231 utilitati

2082 1261 2365 1315 communi
2401 1261 2588 1333 aliquo
2635 1263 2801 1320 modo
2848 1256 3173 1321 inserviant.
3205 1265 3356 1321 Ferae
3384 1267 3665 1321 hominem

2082 1349 2500 1418 pertimescunt,
2542 1362 2765 1422 propter
2802 1361 3128 1424 potestatem
3172 1353 3250 1409 illi
3282 1370 3448 1427 super
3475 1354 3599 1410 illas
3631 1369 3667 1410 a

2086 1444 2360 1513 principio
2396 1446 2601 1501 datam.
2634 1445 2772 1511 Quia
2806 1456 2991 1501 autem
3011 1447 3184 1516 legem
3210 1446 3451 1501 divinam
3482 1454 3666 1502 trans-

2104 1549 2327 1603 gressus
2361 1538 2483 1603 iuit,
2517 1537 2812 1607 aliquando
2838 1539 2988 1592 illum
3023 1546 3311 1608 spernunt.

376 1631 477 1685 τὸν
504 1629 792 1702 ἄνθρωπον
819 1630 909 1684 διὰ
931 1630 1030 1700 τὴν
1052 1628 1112 1697 ἐξ
1145 1630 1322 1701 ἀρχῆς
1355 1628 1505 1699 αὺτῷ
1531 1629 1780 1684 δοθεῖσαν
1816 1625 2067 1694 ἐξουσίαν
2100 1630 2222 1682 κατ’
2292 1629 2476 1683 αὐτῶν
2498 1646 2512 1659 ·
2546 1628 2997 1701 παραϐεϐηκότος
3052 1629 3110 1684 δὲ
3170 1628 3263 1684 τὸν
3299 1628 3442 1683 θεῖον
3500 1626 3666 1699 νόμον

376 1722 538 1777 ἐστιν
572 1723 662 1777 ὅτε
692 1722 1037 1795 καταφρονεῖ.

911 1837 1252 1891 ΕΡΩῚἩΣῘΣ
1282 1837 1451 1891 ΣΝΒσ.

383 1927 515 1983 Τίνι
539 1929 574 1983 ὁ
600 1927 747 1993 Θεὸς
780 1928 1013 1996 εἴρηκε·
1051 1944 1071 1979 s
1105 1927 1461 1994 Ποιήσωμεν
1487 1923 1806 1996 ἄνθρωπον
1846 1921 1974 1975 κατ’

560 1999 767 2053 εἰκόνα
794 2000 1088 2067 ἡμετέραν
1116 1997 1216 2050 καὶ
1246 1997 1378 2051 καθ’
1404 1995 1732 2065 ὀμοίωσιν;
1781 2010 1801 2043 ι

2575 1828 2913 1896 ΟΠᾸΕΞΤΙΟ
2963 1829 3163 1886 CCL".

2082 1920 2316 1975 Cuinam
2352 1919 2494 1975 Deus
2518 1922 2718 1994 disperit
2744 1938 2763 1976 :
2789 1920 3080 1994 Faciamus
3106 1923 3370 1994 hominem
3381 1922 3455 1994 ad
3473 1923 3665 1994 imagi-

2298 2007 2416 2045 nem
2465 2002 2513 2044 et
2559 1993 2970 2046 similitudinem
3019 2002 3258 2047 nostram
3288 1992 3444 2064 (49)?

1044 2111 1187 2162 Edita
1221 2124 1249 2161 a
1279 2111 1405 2161 Maio
1438 2109 1497 2170 (l.
1523 2122 1567 2159 c.
1591 2122 1642 2171 p.
1670 2106 1783 2167 118,
1814 2106 1928 2165 119,
1951 2118 2002 2169 q.
2023 2104 2161 2169 251).
2197 2133 2260 2143 ——
2297 2107 2594 2169 Explanatio
2623 2110 2676 2158 in
2699 2109 2824 2159 Gen.
2849 2124 2886 2167 ι,
2914 2108 2993 2158 26.

458 2194 715 2267 Δηλονότι
760 2195 841 2267 τῷ
866 2196 1140 2267 δμοουσίῳ
1188 2198 1285 2250 καὶ
1315 2196 1613 2263 ταυτοφυεῖ
1636 2192 1762 2247 Υίεῖ
1789 2207 1806 2221 '
1843 2191 1971 2245 τού-

2144 2190 2439 2248 Evidenter
2485 2208 2587 2250 suo
2656 2194 3114 2251 consubstantiali
3164 2201 3221 2250 et
3276 2193 3527 2265 ejusdem
3569 2210 3663 2250 na-

382 2306 494 2343 των
522 2289 632 2361 γὰρ
663 2290 758 2343 καὶ
786 2290 885 2360 μία
910 2289 1133 2343 δύναται
1155 2286 1414 2357 γενέσθαι
1445 2283 1632 2340 εἰκών.
1651 2286 1716 2339 Οἰ
1752 2282 1811 2337 δὲ
1837 2282 1975 2355 πρὸς

383 2382 513 2444 τοὺς
531 2380 797 2450 ἀγγέλους
822 2381 1071 2454 εἰρῆσθαι
1096 2379 1255 2435 τοῦτο
1287 2379 1785 2452 παραληρήσαντες
1821 2377 1977 2448 αἱρε-

384 2473 552 2541 τικοί,
586 2474 681 2527 κα)⁸
704 2474 841 2545 πρός
866 2489 930 2542 γε
959 2473 1086 2537 τοὺς
1115 2472 1379 2543 δαίμονας
1414 2473 1477 2525 τὸ
1506 2468 1834 2540 ἀθεώτερον,
1856 2467 1979 2523 λίαν

390 2566 530 2620 εἰσὶν
558 2568 777 2638 ἀνόητοι
810 2583 825 2598 ·
865 2566 987 2620 τίνα
1015 2566 1126 2638 γὰρ
1170 2565 1456 2620 κοινωνίαν
1500 2564 1615 2635 ἔχει
1647 2562 1812 2617 εἰκὼν
1842 2561 1979 2616 Θεοῦ

382 2661 482 2714 καὶ
511 2660 758 2729 ἀγγέλων
796 2660 1119 2731 ἢδαιμόνων
1144 2674 1161 2726 ;
1203 2653 1306 2712 ’Ὧν
1336 2657 1445 2727 γὰρ
1474 2656 1634 2711 οὐσία
1661 2655 1981 2727 ἀσυγκρίτῳ

382 2749 531 2821 λόγῳ
554 2751 852 2821 διενήνοχε,
875 2748 958 2811 τίς
982 2748 1198 2819 μηχανὴ
1228 2746 1436 2801 τούτων
1464 2745 1562 2818 τὴν
1591 2745 1762 2816 αὐτὴν
1793 2745 1979 2798 εἰκόνα

385 2842 678 2913 ἐννοῆσαι;
753 2841 1026 2895 Ἰουδαίων
1078 2842 1187 2911 γάρ
1224 2840 1291 2895 ἄν
1335 2855 1420 2904 τις
1459 2840 1558 2891 καὶ
1596 2838 1848 2907 γελάσειε
1877 2836 1979 2907 τὴν

388 2935 576 2989 ἄνοιαν
600 2946 616 2965 ⁵
648 2933 786 3005 πρὸς
817 2932 1010 2988 ἐαυτὸν
1037 2933 1145 3004 γάρ
1168 2931 1331 2985 τοῦτο
1354 2932 1445 2985 τὸν
1471 2930 1609 2984 Θεόν
1636 2945 1804 2998 φασιν
1841 2930 1979 2982 ἀπο·

390 3025 683 3097 φήνασθαι,
718 3025 886 3090 ,κατά
932 3041 1057 3077 τινα
1112 3024 1347 3095 μίμησιν
1391 3024 1502 3075 τῶν
1543 3022 1723 3075 καίτοι
1771 3021 1821 3073 εἰ
1882 3021 1980 3073 καὶ

388 3114 772 3186 πληθυντικῶς
805 3113 899 3167 καὶ
936 3112 999 3165 τὸ
1043 3113 1377 3180 κελεύομεν
1407 3110 1503 3164 καὶ
1546 3111 1608 3162 τὸ
1629 3106 1980 3177 ποιήσωμεν

388 3204 745 3276 προφέρεται,
791 3202 909 3258 ἀλλ’
939 3197 1033 3256 οὖν
1073 3201 1275 3271 πολλὴν
1312 3201 1428 3271 ἔχει
1475 3200 1609 3271 πρὸς
1640 3200 1847 3270 ἄλληλα
1876 3201 1977 3270 τὴν

387 3297 652 3368 διαφορὰν
685 3312 700 3329 ο
726 3295 788 3349 τὸ
823 3295 935 3367 μὲν,
961 3294 1068 3367 γὰρ
1107 3292 1487 3363 ποιήσωμεν,
1516 3291 1705 3365 ὥσπερ
1733 3292 1826 3346 ἐπὶ
1858 3309 1975 3345 κοι-

388 3388 557 3458 νωνία
612 3386 715 3456 τῆς
783 3385 1038 3455 πράξεως
1102 3385 1194 3436 τὸν
1246 3383 1484 3453 ἰσότιμον
1544 3382 1701 3435 καλεῖ
1730 3398 1745 3413 ν
1806 3379 1866 3434 τὺ
1916 3378 1975 3434 δὲ

387 3479 718 3547 κελεύομεν
744 3476 778 3546 ἢ
812 3474 1138 3545 πράφομεν,
1177 3475 1227 3526 εί
1271 3472 1369 3527 καὶ
1405 3470 1782 3546 πληθυντικῶς
1807 3471 1972 3540 ἐσχη-

2084 2287 2224 2337 turaa
2252 2280 2429 2351 Filio;
2480 2284 2699 2340 illorum
2745 2286 2892 2342 enim
2945 2302 3056 2343 una
3086 2295 3266 2358 potest
3297 2288 3411 2344 ﬁeri
3455 2287 3661 2359 imago.

2082 2371 2339 2431 Haeretici
2373 2383 2557 2431 autem
2591 2378 2687 2446 qui
2727 2377 2862 2433 illud
2896 2378 2966 2434 ad
2993 2379 3218 2450 angelos
3244 2380 3454 2435 dictum
3487 2379 3665 2436 fuisse

2082 2467 2252 2537 inepti
2290 2476 2642 2538 putaverunt,
2671 2478 2728 2525 et
2764 2469 2835 2526 ad
2870 2470 3180 2538 daemones,
3213 2470 3360 2541 quod
3396 2473 3659 2542 majorem

2082 2557 2293 2613 redolet
2359 2557 2745 2628 impietatem,
2817 2561 3045 2615 omnino
3112 2569 3244 2615 sunt
3315 2561 3657 2631 insipientes.

2082 2648 2387 2717 Quamnam
2421 2651 2569 2707 enim
2618 2652 2819 2708 habeat
2863 2653 3313 2707 communitatem
3358 2654 3538 2723 imago
3568 2653 3662 2708 Dei

2081 2752 2137 2799 et
2185 2744 2504 2814 angelorum
2549 2752 2605 2801 et
2655 2745 3009 2800 dmmonum?
3056 2745 3302 2812 Quorum
3354 2746 3663 2802 substantia

2080 2832 2155 2888 ita
2215 2832 2443 2898 diii'ert,
2497 2842 2559 2889 ut
2613 2834 2765 2890 nullo
2800 2836 2964 2891 modo
3033 2835 3175 2891 inter
3237 2851 3299 2893 se
3351 2836 3663 2907 comparari

2080 2926 2331 2997 possint.
2373 2928 2657 2997 quomodo
2702 2928 2923 2984 illorum
2965 2930 3155 2984 eadem
3206 2929 3389 3001 imago
3433 2930 3664 3002 cogitari

2079 3018 2294 3088 possit?
2339 3018 2656 3075 Judteorum
2708 3019 2980 3076 insaniam
3039 3036 3201 3077 nemo
3250 3032 3336 3078 est
3392 3023 3486 3092 qui
3550 3037 3660 3077 non

2078 3108 2350 3176 derideat,
2390 3109 2460 3165 ad
2500 3109 2859 3179 semetipsum
2896 3112 3042 3166 enim
3085 3112 3279 3167 dicunt
3308 3113 3477 3167 Deum
3526 3113 3664 3169 illud

2077 3198 2323 3255 locutum
2355 3200 2549 3267 fuisse,
2588 3201 2876 3272 proferens
2906 3203 3172 3269 faciamus
3199 3204 3268 3260 ad
3295 3205 3660 3262 imitationem

2077 3286 2298 3342 illorum
2333 3304 2457 3359 quae
2492 3289 2626 3345 dicit
2662 3292 2829 3346 etiam
2874 3292 2930 3348 in
2976 3293 3175 3360 plurali
3218 3310 3474 3363 numero,
3509 3313 3663 3351 man-

2076 3378 2308 3445 damus;
2367 3379 2461 3435 sed
2522 3381 2680 3437 adest
2728 3381 2873 3438 inter
2925 3383 3015 3438 illa
3072 3400 3271 3454 magna
3327 3386 3659 3445 differentia.

2079 3469 2317 3527 Verbum
2346 3471 2491 3528 enim
2520 3472 2783 3545 faciamus
2817 3475 2975 3547 quasi
3005 3477 3074 3533 ad
3104 3478 3375 3536 actionem
3406 3494 3663 3537 commu-

391 3573 671 3644 μάτισται,
702 3567 818 3621 ἀλλ’
848 3562 1101 3637 οὐδαμῶς
1129 3565 1317 3638 ἐτέρου
1345 3565 1535 3635 κλῆσιν
1565 3564 1646 3627 είς
1684 3562 1973 3635 συνεργίαν

2083 3579 2206 3620 nem
2238 3567 2505 3636 aequalem
2537 3576 2719 3634 vocat,
2774 3585 3099 3625 maneamus
3141 3580 3326 3627 autem
3354 3574 3443 3629 vel
3476 3575 3661 3630 decer-

387 3664 607 3717 δξδωσιν
633 3662 840 3715 ἐννοεῖν
865 3678 878 3692 ·
909 3658 1092 3722 ἄλλως
1121 3674 1184 3711 τε
1204 3656 1266 3711 τὸ
1302 3656 1401 3727 μὲν
1427 3653 1733 3725 γράφομεν
1754 3655 1850 3709 καὶ
1876 3670 1974 3708 κε-

387 3756 672 3824 λεύομεν,
705 3751 819 3821 ἔχει
868 3752 1158 3821 πρόσωπον
1194 3747 1427 3817 φανερὸν
1460 3745 1597 3816 πρὸς
1635 3745 1663 3797 δ
1702 3744 1925 3813 λέγεται
1958 3758 1973 3773 ⁶

388 3847 550 3917 δῆλον
601 3845 712 3915 γὰρ
744 3842 821 3905 ὡς
859 3841 998 3909 πρὸς
1038 3839 1129 3892 τὸν
1163 3836 1503 3901 ὑπεξούσιον·
1562 3834 1799 3897 ἐνταῦθα.
1827 3834 1881 3887 δὲ
1912 3832 1975 3887 τὸ

391 3937 761 4007 ποιήσωμεν,
791 3932 1029 4005 μάλιστά
1088 3947 1153 3999 γε
1212 3929 1300 3983 διὰ
1364 3929 1464 3997 τὴν
1516 3927 1816 3997 ἐπαγωγὴν
1875 3923 1974 3979 τοῦ

392 4029 521 4085 κατ’
553 4029 783 4092 εἰκόνα,
812 4020 1066 4094 οὐδαμῶς
1105 4020 1291 4075 δίδωσι
1335 4018 1631 4090 πρόσωπον
1662 4016 1790 4072 ἄλλο
1820 4014 1975 4085 παρά

388 4122 483 4177 τὸν
504 4122 633 4175 Υἱδν
659 4119 753 4174 καὶ
777 4117 836 4171 τὸ
869 4116 1135 4183 πανάγιον
1158 4112 1387 4183 Πνεῦμα
1416 4112 1637 4175 ἐννοεῖν,
1672 4109 1771 4170 τὰς
1804 4108 1974 4179 μεγά-

389 4215 488 4278 λας
567 4210 957 4279 πιστευόμενον
1050 4204 1247 4274 ἀρχὰς,
1334 4202 1383 4257 οἳ
1464 4202 1647 4271 λέγειν
1712 4200 1973 4255 εἰώθεσαν

389 4305 741 4371 κελεύομεν,
775 4300 868 4353 καὶ
898 4297 1220 4369 γράφομεν,
1249 4295 1344 4348 καὶ
1376 4292 1845 4363 προστάττομεν,
1879 4291 1975 4344 καὶ

388 4399 457 4453 τά
506 4392 671 4466 ὃμοια
694 4412 709 4425 ο
741 4392 920 4447 καίτοι
941 4392 1011 4443 τά
1041 4388 1268 4442 πλεῖστα
1317 4386 1512 4448 ἑνικῶς
1545 4386 1580 4456 ἡ
1618 4384 1739 4438 θεία
1778 4382 1974 4455 Γραφὴ

390 4491 658 4563 προφέρει
694 4485 920 4556 λέγοντα
960 4482 1051 4536 τὸν
1077 4480 1185 4534 τῶν
1231 4481 1367 4535 ὅλων
1391 4478 1544 4533 Θεόν’
1578 4496 1598 4529 t
1627 4476 1833 4547 Καιρδς
1864 4476 1972 4545 γάρ

390 4581 591 4643 παντὸς
626 4579 753 4649 ἣκει
783 4575 1023 4631 ἐναντίον
1051 4571 1241 4643 ἐμοῦ-ι
1272 4571 1388 4633 καὶ,
1428 4587 1447 4621 t
1473 4566 1842 4638 Ἐνεθυμήθην
1890 4566 1975 4618 ὃτι

390 4673 623 4743 ἐποίησα
644 4669 736 4723 τὸν
753 4670 1057 4739 ἀνθρωποψ
1072 4683 1089 4716 ι
1125 4662 1243 4725 καὶ,
1284 4659 1627 4728 «Ἀπαλείψω
1654 4657 1747 4711 τὸν
1766 4655 1975 4727 ἀνθρω-

390 4781 545 4819 πονοι
570 4764 686 4824 καὶ,
714 4780 731 4811 ι
760 4760 874 4812 Οὐκ
887 4757 1099 4810 ἔσονται
1121 4753 1234 4806 θεοὶ
1269 4753 1449 4822 ἕτεροι
1480 4750 1621 4821 πλὴν
1652 4749 1844 4821 ἐμοῦοι
1878 4748 1974 4802 καὶ

394 4856 582 4928 μυρία’
602 4852 850 4920 ὀλιγάκις
875 4848 931 4902 δὲ
954 4844 1338 4918 πληθυντικῶς
1373 4842 1699 4914 σχηματίζει
1730 4840 1841 4894 τῶν
1872 4841 1972 4910 τῆς

2079 3657 2274 3722 nimus,
2300 3660 2555 3728 quamvis
2581 3658 2776 3728 plurali
2802 3674 3032 3716 numero
3066 3662 3301 3731 prolata,
3321 3665 3473 3719 nullo
3495 3666 3661 3723 modo

2077 3749 2252 3804 alium
2288 3749 2359 3805 ad
2396 3750 2667 3807 actionem
2716 3766 3067 3807 communem
3101 3755 3291 3809 vocari
3321 3768 3659 3827 supponunt.

2076 3839 2250 3896 Aliter
2314 3850 2497 3897 autem
2557 3843 2786 3899 verbum
2841 3846 3175 3901 decernimus
3225 3859 3280 3902 et
3340 3850 3661 3903 mandamus

2074 3933 2225 3988 clare
2258 3944 2485 4003 apparet
2507 3933 2575 3989 ad
2605 3935 2739 4004 quid
2770 3936 3049 3999 dicantur,
3080 3938 3363 3995 evidenter
3399 3940 3547 3995 enim
3592 3939 3661 3995 ad

2076 4022 2405 4090 subjectum.
2442 4023 2545 4080 Hic
2564 4034 2747 4080 autem
2779 4028 3006 4082 verbum
3037 4029 3325 4098 faciamus,
3353 4035 3659 4101 praesertim

2075 4119 2301 4181 propter
2324 4113 2456 4169 illud
2482 4113 2633 4183 quod
2657 4114 2919 4185 adjicitur
2954 4116 3026 4170 ad
3054 4118 3361 4188 imaginem,
3394 4121 3530 4174 nihil
3559 4122 3661 4176 ab-

2076 4206 2256 4261 solute
2300 4205 2396 4261 dat
2435 4204 2861 4276 excogitandum
2908 4208 3015 4265 nisi
3052 4208 3250 4264 Filium
3286 4219 3342 4265 et
3386 4209 3653 4279 Spiritum

2075 4304 2328 4351 sanctum
2353 4295 2555 4365 quibus
2592 4296 3018 4353 committuntur
3044 4300 3299 4355 maximae
3326 4309 3657 4371 potestates,

2075 4386 2168 4458 qui
2196 4387 2382 4442 dicere
2404 4396 2828 4454 consueverant,
2862 4389 3185 4445 mandamus
3218 4399 3274 4446 et
3300 4390 3655 4459 decernimus,

2073 4486 2130 4534 et
2160 4476 2421 4544 iubemus,
2473 4486 2530 4531 et
2574 4477 2681 4534 alia
2728 4478 2780 4534 id
2813 4495 3006 4550 genus.
3040 4481 3295 4536 Attamen
3336 4482 3660 4552 plerumque

2074 4580 2263 4627 sancta
2309 4570 2598 4642 Scriptura
2648 4571 2872 4627 exhibet
2919 4570 3094 4628 Deum
3139 4573 3195 4627 in
3241 4572 3508 4642 singulari
3550 4590 3658 4628 nu-

2074 4679 2231 4721 mero
2280 4666 2594 4737 loquentem
2644 4683 2660 4718 :
2708 4682 2729 4718 ‹
2776 4664 3019 4735 Tempus
3065 4666 3211 4720 enim
3276 4665 3459 4720 omnis
3506 4674 3658 4720 venit

2076 4765 2206 4812 ante
2236 4772 2343 4813 me.
2382 4777 2402 4811 ι
2433 4788 2504 4799 -—
2533 4776 2554 4812 ι
2591 4756 2677 4815 Me
2704 4758 2936 4828 paenitet
2969 4757 3099 4828 quia
3138 4757 3240 4812 feci
3273 4758 3589 4823 hominem;
3628 4776 3650 4809 ›

2077 4857 2129 4902 et
2162 4864 2177 4902 :
2215 4867 2235 4900 ‹
2270 4847 2477 4904 Delebo
2512 4848 2823 4915 hominem;
2859 4866 2879 4901 ι
2914 4858 3014 4902 et:
3051 4866 3072 4900 ι
3104 4846 3219 4902 Non
3253 4856 3419 4901 erunt
3454 4846 3527 4901 dii
3562 4847 3658 4901 alii

390 4927 623 5019 Τριάδος
645 4942 954 5013 προσώπων
972 4937 1252 5009 ἐμφαίνων
1279 4936 1369 4989 τὸν
1386 4933 1637 5006 ἀριθμόν.
1658 4932 1870 5003 Ὥσπερ
1886 4931 1970 4998 τὸ,

2077 4949 2271 5009 printer
2326 4955 2437 5006 me,
2473 4958 2495 4992 ι
2538 4949 2594 4994 et
2639 4940 2745 4994 alia
2793 4940 2988 4994 multa.
3020 4939 3330 5008 Aliquando
3369 4948 3549 4994 autem
3599 4940 3658 4995 in

397 5058 415 5092 ι
445 5038 632 5103 Δεῦτε,
661 5035 758 5091 καὶ
782 5032 1115 5095 καταϐάντες
1147 5028 1467 5100 συγχέωμεν
1511 5025 1611 5089 τὰς
1646 5023 1918 5095 γλώσσας·
1950 5041 1969 5075 s

391 5129 488 5183 ml.
506 5126 634 5198 περὶ
671 5120 733 5180 οὗ
755 5124 851 5178 νῦν
882 5124 911 5175 ό
941 5121 1100 5190 λόγος
1130 5136 1145 5151 ·
1172 5120 1266 5172 καὶ
1296 5118 1404 5189 γάρ
1429 5117 1667 5172 ἐνταῦθα
1698 5118 1888 5189 ἐπειδὴ
1914 5115 1975 5169 τὸ

392 5219 612 5287 λογικὸν
642 5216 780 5281 ζῶον
805 5212 1120 5269 διέπλαττεν
1143 5212 1171 5266 ό
1210 5211 1343 5274 Θεός
1363 5226 1377 5241 ·
1406 5209 1435 5264 ὃ
1464 5211 1559 5263 καὶ
1604 5210 1976 5273 ἀνακαινίζειν

397 5313 539 5383 μετὰ
563 5307 763 5371 πολλάς
788 5305 1012 5378 ἔμελλεν
1053 5302 1249 5373 γενεὰς
1284 5304 1405 5367 ταῖς
1431 5302 1531 5372 τῆς
1556 5301 1721 5371 ἁγίας
1746 5301 1973 5371 Τριάδος

394 5402 717 5473 ἐπικλήσεσι
771 5397 1170 5471 τελεσιουργῶν
1218 5396 1281 5449 τὸ
1336 5395 1603 5463 πανάγιον
1664 5394 1967 5465 βάπτισμα,

397 5494 611 5568 μέλλων
633 5491 986 5563 δημιουργεῖν
1002 5490 1102 5561 τὴν
1125 5488 1310 5541 ἐκεῖνα
1330 5484 1399 5539 τὰ
1419 5484 1696 5556 μυστήρια
1723 5485 1971 5554 παραλη-

2075 5028 2272 5100 plurali
2325 5044 2561 5085 numero
2591 5028 2825 5099 loquens
2878 5044 3166 5084 numerum
3201 5026 3488 5083 Trinitatis
3528 5043 3657 5099 per-

2074 5136 2335 5177 sonarum
2367 5122 2605 5193 ﬁgurare
2642 5122 2881 5189 videtur,
2926 5131 2988 5177 ut
3024 5138 3148 5178 cum
3172 5123 3305 5178 dicit
3334 5140 3350 5177 :
3379 5140 3400 5175 ί
3436 5122 3656 5187 Venite,

2073 5211 2476 5267 descendamus
2521 5218 2576 5267 et
2605 5209 3013 5267 confundamus
3042 5210 3259 5282 linguas
3285 5225 3499 5278 eortttn,
3535 5229 3554 5264 ι
3599 5222 3656 5265 et

2072 5303 2301 5357 verbum
2336 5304 2402 5359 de
2438 5318 2552 5373 quo
2598 5303 2804 5374 agitur.
2838 5304 2939 5359 Hic
2967 5303 3113 5358 enim
3156 5318 3283 5357 cum
3330 5303 3658 5357 rationabile

2077 5393 2280 5448 animal
2307 5403 2551 5450 creasset
2569 5393 2736 5462 Deus,
2760 5394 2903 5465 quod
2926 5401 2981 5449 et
3001 5402 3370 5449 renovaturus
3395 5400 3515 5447 erat
3535 5402 3659 5461 post

2079 5486 2280 5543 multas
2329 5487 2732 5558 generationes,
2775 5488 2831 5543 in
2882 5486 3105 5543 nomine
3138 5496 3344 5543 sancta:
3371 5485 3658 5540 Trinitatis

1908 5596 2146 5652 NOTAE.

468 5702 577 5772 (49)
608 5698 731 5772 Πίεο
769 5696 1032 5772 quaestio,
1075 5709 1198 5764 qua:
1227 5710 1297 5772 ex
1330 5691 1677 5772 Theodoreto
1702 5707 1755 5763 q.
1804 5691 1871 5746 19
1915 5691 1969 5745 iu
2010 5691 2208 5748 Cenes.
2247 5706 2299 5761 p.
2363 5691 2465 5746 102
2505 5692 2788 5763 desumpta
2822 5701 2929 5759 est,
2964 5692 3114 5748 deest
3138 5692 3191 5747 in
3216 5691 3384 5746 Coisl.
3407 5698 3459 5745 et
3486 5689 3657 5745 Taur.

394 5764 627 5840 Qu‘od'et
648 5771 716 5825 de
752 5764 965 5823 duabus
990 5766 1349 5834 sequentibus
1380 5764 1542 5820 valet.

741 5865 1015 5926 PATnOL.
1066 5863 1183 5924 Gn.
1223 5861 1325 5922 Cl.

3267 5849 3339 5911 3's
