4136 6424
542 330 684 395 1059

1639 324 1906 387 ΡΗΟΤΙΙ
1940 322 2447 385 ΡΑΤΒΙΛΗΟΗᾸῖ
2478 324 2589 385 CP.

3671 317 3833 389 1060

534 446 837 503 conticiens
890 442 1305 499 sanctissimum
1358 441 1668 513 baptisma,
1714 443 2113 512 generationem

2226 441 2474 512 ψομένην
2517 439 2701 511 φύσιν,
2754 438 3173 511 αἰνιγματωδῶς
3239 438 3336 494 καὶ
3378 440 3443 493 τδ
3485 441 3696 494 ταυτὸν
3738 442 3849 512 τῆς

536 549 828 597 creaturus
857 553 981 609 qua
1010 538 1116 593 ista
1140 535 1403 609 mysteria
1429 535 1722 605 acciperet,
1752 537 1807 590 in
1836 538 2128 608 anigmate

537 644 592 689 et
625 633 892 687 unitatem
937 630 1261 686 substantia
1308 638 1366 683 et
1422 643 1714 687 numerum
1762 643 2127 699 personarum

536 725 901 779 demonstrat.
949 722 1088 777 Cum
1136 723 1284 775 enim
1323 720 1477 787 dicit,
1512 718 1667 774 Dixit
1716 719 1881 782 Deus,
1927 722 2128 777 divina

535 826 747 874 natura
799 815 1257 870 communitatem
1304 813 1655 880 manifestat;
1690 813 2001 884 adiiciendo
2033 830 2127 870 au-

536 918 647 962 tem
671 906 956 975 faciamus,
986 920 1348 975 personarum
1381 904 1843 976 multiplicitatem
1861 906 2123 962 declarat.

540 1000 746 1054 lterum
770 998 1007 1053 dicendo
1050 1012 1288 1053 numero
1315 998 1577 1068 singulari
1609 997 1895 1069 imaginem
1925 999 2125 1056 identi-

538 1100 706 1147 tatem
753 1100 966 1146 natura
992 1090 1277 1155 exhibuit;
1311 1099 1553 1144 nostram
1602 1100 1787 1147 autem
1816 1092 2126 1163 adjiciendo

536 1180 922 1254 hypostasium
964 1179 1451 1249 multiplicitatem.
1485 1180 1684 1235 Omnia
1724 1180 1871 1235 enim
1924 1182 2126 1252 pravi-

534 1276 672 1331 dens
705 1274 853 1329 Deus
881 1280 937 1328 et
970 1271 1251 1341 Uuigeniti
1287 1271 1375 1326 sui
1415 1270 1879 1340 incarnationem,
1914 1273 2127 1329 scilicet

533 1367 685 1437 quod
717 1367 878 1422 istam
904 1374 1161 1419 naturam
1186 1379 1254 1419 ex
1283 1363 1634 1419 sanctissima
1669 1364 1882 1434 virgine
1906 1381 2126 1421 assum-

534 1471 730 1532 pturus
749 1468 890 1525 erat,
916 1460 1114 1514 merito
1135 1459 1282 1513 illam
1306 1459 1681 1530 generationis
1704 1458 2123 1517 fundamentum

536 1551 749 1607 honore
780 1565 984 1621 magno
1008 1550 1269 1621 dignatus
1291 1560 1396 1605 est.
1420 1549 1663 1606 Primum
1695 1551 1916 1622 quidem
1938 1554 2124 1609 consi-

535 1644 673 1700 lium
718 1642 1020 1717 creationis
1062 1642 1364 1712 praeposuit
1406 1649 1469 1697 ut
1523 1644 1893 1699 creandarum
1938 1660 2122 1700 rerum

536 1738 808 1793 rationem
847 1736 1319 1807 prasignilicaret.
1351 1734 1549 1791 Postea
1586 1752 1950 1807 personarum
1977 1739 2124 1795 divi-

2230 534 2420 596 οὐσίας
2457 534 2661 587 καὶτὸν
2687 532 2798 586 τῶν
2823 530 3131 604 προσώπων
3153 531 3543 603 παρεδήλωσεν
3566 533 3844 605 ἀριθμόν·

2227 628 2318 684 διὰ
2370 629 2471 700 μὲν
2508 629 2618 701 γὰρ
2645 628 2743 683 τοῦ
2788 629 2985 693 εἰπεῖν,
3025 623 3218 682 Εἶπεν
3258 631 3291 682 ό
3320 628 3463 693 Θεὸς
3487 666 3502 690 ,
3536 627 3597 680 τὸ
3647 626 3849 680 κοινὸν

2228 722 2331 793 τῆς
2363 720 2515 785 θείας
2546 720 2817 791 δεδήλωκε
2842 718 3080 790 φύσεως·
3118 719 3418 789 ἐπαγαγὼν
3444 718 3502 771 δέ
3530 719 3615 785 τὸ,
3644 718 3847 785 Ποιή-

2229 831 2471 884 σωμεν,
2508 813 2740 884 ἐνέφηνε
2780 812 2891 868 τῶν
2926 811 3239 884 προσώπων
3272 812 3366 865 τὸν
3398 811 3631 881 ἀριθμόν
3671 826 3690 843 ⁸
3735 811 3848 865 πά-

2229 906 2313 959 λιν
2369 904 2541 958 εἰπὼν
2590 904 2787 969 ἑνικῶς
2837 904 3046 959 εἰκόνα
3095 904 3159 957 τὸ
3199 904 3398 959 ταυτὸν
3453 904 3553 974 τῆς
3603 903 3845 972 φύσεως

2228 996 2431 1061 ἔδειξεν
2459 1013 2473 1027 ·
2516 996 2813 1065 ἡμετέραν
2853 996 2911 1050 δὲ
2960 994 3244 1069 προσθεὶς,
3290 996 3385 1049 τὸν
3425 994 3535 1050 τῶν
3579 995 3845 1050 ὑποστά·

2229 1107 2373 1145 σεων
2416 1089 2651 1163 ἀριθμόν
2686 1105 2701 1123 ’
2763 1090 2983 1144 ἅπαντα
3022 1091 3134 1162 γὰρ
3164 1089 3415 1163 προορῶν
3440 1092 3469 1144 ὀ
3495 1090 3605 1144 τῶν
3649 1091 3842 1145 ἀπάν-

2227 1205 2339 1241 των
2363 1187 2497 1251 Θεὸς
2525 1189 2619 1242 καὶ
2647 1186 2749 1259 τὴν
2773 1184 2868 1240 τοῦ
2899 1182 3243 1254 Μονογενοῦς
3269 1182 3718 1253 ἐνανθρώπησιν,
3760 1182 3844 1247 ὡς

2227 1280 2438 1351 ταύτην
2465 1280 2567 1352 τὴν
2607 1280 2770 1351 φύσιν
2800 1280 2867 1333 ἐκ
2897 1277 3176 1346 πανάγνου
3206 1276 3306 1347 τῆς
3342 1275 3624 1348 Παρθένου
3659 1275 3842 1346 λήψε-

2229 1391 2343 1437 ται,
2402 1372 2549 1443 μάλα
2598 1372 2827 1436 εἰκότως
2876 1372 2973 1425 καὶ
2997 1370 3169 1442 αὐτὴν
3196 1368 3291 1422 τοῦ
3336 1368 3527 1438 γένους
3564 1369 3669 1439 τὴν
3705 1385 3842 1440 κρη‹

2227 1466 2358 1519 πῖδα
2386 1462 2553 1536 τιμῆς
2600 1464 2865 1536 μεγίστης
2892 1463 3118 1533 ἠξίωσε.
3164 1462 3390 1533 Πρῶτον
3415 1462 3514 1532 μὲν
3545 1460 3659 1532 γὰρ
3706 1460 3838 1531 βοψ

2225 1556 2327 1626 λὴν
2356 1556 2457 1627 τῆς
2503 1556 2865 1627 δημιουργίας
2911 1555 3233 1627 προέταξεν,
3287 1554 3376 1607 ἵνα
3428 1553 3522 1606 τοῦ
3554 1554 3836 1624 δημιουρ-

2226 1647 2499 1717 γουμένου
2535 1647 2597 1700 τὸ
2644 1646 2863 1716 λογικὸν
2902 1646 3236 1718 προσημάνῃ
3276 1662 3293 1678 ·
3317 1642 3438 1699 εἶτα
3485 1644 3599 1697 τῶν
3643 1660 3831 1714 προσ-

2225 1738 2393 1793 ώπων
2419 1737 2521 1809 τῆς
2553 1738 2820 1810 Θεότητος
2851 1739 3207 1811 παρεδήλωσε
3236 1738 3328 1792 τὸν
3363 1738 3621 1809 ἀριθμὸν,
3650 1738 3744 1791 ἵνα
3766 1739 3835 1793 τά

533 1830 725 1886 uitatis
770 1805 1061 1885 numerum
1110 1827 1507 1894 manifestavit,
1556 1805 1617 1884 uit
1650 1828 1921 1887 formatus
1956 1832 2113 1888 homo

2224 1830 2323 1900 τῆς
2354 1805 2638 1899 θεολογίας
2749 1805 3125 1901 πλαττόμενος
3157 1805 3450 1901 ἄνθρωπος
3486 1805 3635 1902 λάϐῃ
3683 1831 3831 1885 αἰνί-

533 1922 821 1992 theologia
863 1929 1079 1975 secreta
1121 1928 1365 1975 sumeret
1404 1930 1457 1974 et
1486 1920 1582 1989 qui
1630 1929 1824 1977 sancto
1850 1922 2125 1991 baptismo

532 2013 787 2083 dignatus
819 2018 924 2076 est,
954 2010 1101 2066 clare
1144 2017 1443 2079 cognoscat
1466 2010 1613 2080 quod
1647 2013 1745 2079 qui
1778 2011 2038 2068 formavit
2070 2022 2124 2069 et

537 2102 655 2173 ipse
705 2101 956 2167 salvavit,
1014 2108 1070 2155 et
1122 2100 1219 2170 qui
1281 2100 1514 2155 saltavit
1569 2112 1624 2155 et
1678 2102 1794 2171 ipse
1839 2101 2120 2159 formavit.

532 2193 802 2249 Praeterea
867 2202 928 2247 ut
972 2201 1170 2247 auctor
1213 2189 1564 2248 formationis
1622 2190 1827 2261 factus,
1882 2194 2124 2250 ostendit

532 2289 863 2343 immensum
914 2299 1041 2357 erga
1095 2284 1200 2339 hoc
1259 2284 1473 2354 plasma
1528 2298 1814 2353 amorem;
1872 2287 1967 2342 sed
2022 2302 2124 2343 nec

531 2394 731 2434 manus
781 2377 984 2432 habere
1031 2374 1381 2430 Diviuitatem
1412 2376 1690 2442 dicimus,
1735 2391 1838 2432 nec
1887 2378 2120 2434 consilio

529 2472 792 2542 quodam,
818 2470 901 2524 vel
928 2468 1255 2540 pravisione
1277 2470 1546 2541 indigere,
1567 2480 1649 2535 ut,
1668 2471 1973 2526 secundum
1995 2471 2121 2526 Pla-

533 2564 677 2617 tonis
709 2562 896 2628 verba,
939 2562 1007 2616 ad
1048 2560 1340 2631 cogitatam
1379 2561 1613 2615 formam
1637 2560 1911 2617 facturam
1961 2576 2117 2617 suam

531 2661 867 2723 prapararet
899 2669 913 2705 :
947 2649 1043 2707 sed
1070 2651 1303 2705 istorum
1323 2652 1760 2722 unumquodque
1784 2652 2115 2709 immensam

530 2742 626 2798 Dei
662 2758 793 2812 erga
820 2750 1109 2798 creaturas
1142 2741 1573 2797 sollicitudinem
1603 2743 1971 2800 demonstrat.

1021 2831 1354 2900 QUIESTIO
1391 2834 1625 2891 CGLIII.

708 2927 850 2992 Quid
889 2925 1150 2997 signiﬁcet
1184 2940 1205 2979 :
1240 2944 1258 2977 ι
1288 2925 1372 2979 Ad
1402 2926 1685 2997 imaginem
1713 2945 1732 2978 ι
1769 2925 1883 2997 (50)
1914 2926 1939 2980 ?

2223 1935 2433 1990 γματα,
2475 1922 2567 1975 καὶ
2599 1922 2629 1975 ό
2668 1920 2766 1975 τοῦ
2794 1923 3064 1992 παναγίου
3095 1921 3473 1993 βαπτίσματος
3495 1923 3831 1995 ἀξιούμενος

2221 2011 2473 2085 γινώσκῃ
2501 2014 2691 2083 σαφῶς
2724 2014 2807 2068 ὅτι
2833 2016 2862 2069 ό
2885 2015 3100 2079 πλάσας
3125 2015 3225 2069 καὶ
3255 2015 3506 2081 διέσωσε,
3532 2016 3631 2070 καὶ
3660 2018 3692 2069 6
3722 2014 3831 2069 σώ-

2222 2122 2322 2169 σας
2351 2105 2514 2170 αύτὸς
2540 2108 2637 2162 καὶ
2661 2107 2919 2162 διέπλασε
2946 2122 2964 2140 ο
2992 2108 3129 2179 πρὸς
3147 2108 3203 2162 δὲ
3225 2106 3434 2171 τούτοις
3461 2108 3557 2162 καὶ
3586 2101 3708 2161 οἷον
3729 2108 3830 2161 αύ-

2220 2216 2315 2253 του
2324 2199 2452 2272 ργδς
2475 2198 2577 2271 τῆς
2590 2200 2935 2265 διαπλάσεως
2950 2202 3266 2272 γενόμενος,
3287 2199 3455 2265 ἔδειξε
3478 2201 3578 2270 τὴν
3595 2199 3825 2254 πλείονα

2224 2292 2358 2365 περί
2380 2292 2503 2346 τόδε
2527 2293 2591 2346 τδ
2621 2294 2849 2365 πλάσμα
2880 2294 3269 2365 φιλοστοργίαν
3288 2310 3303 2325 ο
3332 2293 3450 2347 ἀλλ’
3474 2293 3601 2347 οὔτε
3624 2296 3825 2365 χεῖρας

2222 2386 2371 2457 ἔχειν
2394 2386 2456 2440 τὺ
2489 2386 2644 2440 Θεῖόν
2690 2403 2873 2458 φαμεν
2907 2386 3033 2441 οὔτε
3066 2387 3275 2442 δεῖσθαι
3304 2387 3503 2459 βουλῆς
3546 2405 3698 2453 τινος
3728 2390 3823 2442 καὶ

2220 2476 2591 2548 προθεωρίας,
2623 2477 2710 2531 ἵνα
2764 2478 2909 2532 κατά
2938 2478 3066 2541 τοὺς
3098 2477 3385 2547 Πλάτωνος
3420 2478 3626 2549 μύθους
3682 2477 3823 2550 πρὸς

2216 2569 2319 2639 τὴν
2345 2568 2446 2641 τῆς
2472 2569 2825 2641 ἐνθυμήσεως
2875 2569 3021 2624 ἰδέαν
3052 2570 3441 2642 κατασκευάσῃ
3474 2572 3537 2625 τὸ
3562 2572 3782 2643 ποίημα
3801 2585 3816 2599 ’

2223 2660 2361 2715 ἀλλά
2391 2660 2489 2715 καὶ
2515 2662 2722 2716 τούτων
2761 2662 2990 2716 ἕκαστον
3016 2662 3117 2732 τὴν
3144 2661 3373 2717 πλείονα
3402 2663 3498 2717 τοῦ
3519 2662 3659 2717 Θεοῦ
3688 2661 3821 2733 περὶ

2220 2752 2285 2805 τὸ
2320 2750 2459 2818 ζῶον
2483 2753 2814 2825 κηδεμονίαν
2834 2752 3005 2824 δηλοῖ.

2745 2848 3084 2902 ΕΡΩΤΗΣῙΣ
3118 2849 3287 2903 ΣΝΓ⁹.

2583 2938 2647 2993 Τί
2675 2938 2808 2993 ἐστι
2843 2937 2912 2992 τὸ
2946 2957 2965 2990 t
3001 2940 3143 2993 Κατ’
3176 2939 3383 2994 εἰκόνα
3404 2954 3453 3005 ;t

1609 3020 1755 3071 Edita
1778 3035 1806 3071 a
1832 3022 1958 3072 Maio
1994 3022 2052 3083 (l.
2084 3037 2131 3074 c.
2158 3039 2206 3089 p.
2234 3028 2343 3091 119,
2374 3029 2478 3091 121,
2508 3044 2558 3094 q.
2584 3032 2718 3094 251).

598 3109 833 3178 Quidam
859 3122 928 3165 tta
959 3107 1397 3164 invisibilitatem
1436 3109 1634 3163 anima
1657 3108 1850 3165 referri
1877 3110 2010 3164 illud
2040 3111 2112 3165 ad

2286 3117 2446 3181 Τινὲς
2482 3118 2547 3173 τὸ
2569 3118 2801 3193 ἀόρατον
2827 3120 2931 3191 τῆς
2956 3120 3138 3192 ψυχῆς
3165 3121 3229 3174 τὸ
3256 3123 3386 3176 κατ’
3418 3123 3628 3175 εἰκόνα
3665 3121 3817 3192 εἰρήο

526 3202 814 3273 imaginem
854 3199 1152 3257 dixerunt:
1179 3198 1275 3255 sed
1300 3198 1347 3255 si
1376 3199 1451 3253 ita
1486 3198 1582 3264 sit,
1618 3199 1793 3252 multo
1842 3198 2016 3268 magis
2042 3199 2111 3254 ad

526 3294 818 3366 imaginem
869 3300 1058 3348 essent
1106 3289 1585 3361 angeli:quidam
1645 3300 1828 3344 autem
1882 3291 2112 3345 omnino

524 3386 695 3439 stulte
757 3382 952 3439 dicunt
1002 3382 1409 3437 humanitatem
1479 3380 1549 3436 ad
1595 3382 1893 3454 imaginem
1970 3383 2114 3437 divi-

524 3493 650 3533 nam
711 3477 910 3533 factam
974 3474 1168 3533 fuisse.
1257 3474 1472 3544 decepti
1537 3488 1608 3528 ex
1649 3488 1716 3529 eo
1770 3474 1917 3544 quod
1967 3488 2113 3543 saepe

522 3572 742 3627 dicatur
790 3570 846 3624 in
887 3568 1172 3639 Scriptura
1222 3582 1384 3623 sacra
1441 3567 1510 3622 de
1547 3565 1706 3621 Deo:
1746 3566 1928 3632 Oculi,
1988 3582 2111 3622 ma-

521 3679 651 3729 nus,
702 3670 756 3717 et
795 3662 1021 3727 similia,
1051 3674 1163 3715 non
1219 3659 1589 3729 intelligentes
1631 3660 1780 3730 quod
1818 3660 1962 3716 Deus
2008 3661 2110 3716 lto-

522 3758 701 3813 mines
757 3771 855 3825 per
892 3754 1033 3809 alios
1072 3754 1327 3808 homines
1388 3753 1698 3823 alloquens,
1762 3754 2106 3809 audientium

522 3847 888 3905 imbecillitati
932 3861 1219 3902 sermones
1242 3846 1494 3911 metitur,
1534 3857 1591 3901 et
1614 3846 1745 3917 quia
1784 3862 1883 3916 per
1913 3847 2108 3903 oculos

520 3958 624 3998 nos
640 3941 919 4007 videmus,
955 3939 1190 3995 visionis
1211 3938 1527 3995 facultatem
1551 3941 1607 3995 in
1645 3940 1739 3996 illo
1769 3940 1963 3997 oculos
2002 3956 2108 3995 no-

520 4037 770 4101 minavit,
829 4037 976 4092 sicut
1026 4043 1082 4090 et
1109 4050 1296 4102 aures,
1365 4034 1624 4091 audiendi
1650 4033 1996 4103 facultatem,
2052 4046 2109 4092 et

519 4128 779 4201 loquendi
803 4143 888 4186 os.
915 4131 1173 4184 Attamen
1222 4129 1651 4184 immensitatem
1676 4128 1773 4183 Dei
1818 4143 1884 4184 ex
1918 4130 2109 4186 multis

520 4223 820 4292 Scriptura
838 4220 974 4276 locis
1003 4220 1219 4275 discere
1246 4218 1408 4274 facile
1434 4229 1536 4275 est.
1560 4220 1795 4287 Quidam
1829 4235 1961 4291 ergo
1990 4236 2109 4277 ma-

518 4313 673 4382 gistri
691 4315 766 4368 ita
794 4312 1167 4378 intelligebanl
1193 4310 1349 4379 illud,
1381 4329 1400 4363 t
1425 4313 1493 4366 ad
1513 4313 1806 4384 imaginem
1836 4323 1890 4368 et
1909 4314 2107 4369 simili-

520 4406 764 4460 tudinem
794 4417 1060 4470 nostram,
1081 4404 1311 4467 scilicet,
1328 4424 1346 4458 ι
1370 4405 1515 4475 quod
1536 4420 1661 4460 cum
1682 4414 1964 4462 creaturas
1984 4422 2105 4463 sen-

2218 3224 2380 3263 κασιν
2417 3226 2434 3243 ·
2483 3210 2600 3266 ἀλλ’
2626 3212 2676 3264 εἰ
2727 3210 2908 3277 τοῦτο,
2947 3212 3129 3284 πολλῷ
3181 3212 3385 3283 μᾶλλον
3433 3212 3563 3267 κατ’
3604 3215 3815 3269 εἰκόνα

2218 3304 2466 3377 ὑπῆρχον
2511 3306 2581 3362 ἂν
2615 3307 2665 3360 οἱ
2702 3305 2926 3377 ἄγγελοι
2952 3324 2967 3339 ’
3007 3309 3155 3373 τινὲς
3193 3310 3252 3363 δέ
3304 3309 3423 3364 λίαν
3469 3310 3720 3382 ἀνοήτως
3754 3310 3814 3364 τδ

2216 3401 2557 3473 ἀνθρώπινον
2636 3406 2759 3458 κατ’
2813 3406 2999 3458 εἰκόνα
3060 3405 3214 3460 θείαν
3254 3405 3587 3478 γεγενῆσθαί
3620 3424 3810 3477 φασιν,

2214 3494 2597 3565 ἀπατηθέντες
2646 3499 2710 3551 ἐκ
2755 3497 2851 3551 τοῦ
2895 3498 3076 3567 λέγειν
3106 3498 3369 3563 πολλάκις
3399 3500 3494 3553 ἐπὶ
3526 3500 3667 3553 Θεοῦ
3713 3500 3810 3571 τὴν

2216 3586 2367 3639 θείαν
2394 3587 2617 3659 Γραφὴν
2640 3588 2951 3661 ὀφθαλμοὺς
2976 3590 3073 3644 καὶ
3097 3594 3285 3660 χεῖρας
3312 3593 3405 3646 καὶ
3427 3593 3495 3646 τά
3525 3592 3714 3662 ὃμοια,
3736 3592 3808 3664 μὴ

2216 3679 2522 3745 συνιδόντες
2544 3680 2619 3745 ὼς
2639 3680 2953 3753 ἀνθρώποις
2992 3681 3062 3736 δι’
3086 3682 3394 3756 ἀνθρώπων
3424 3682 3807 3755 διαλεγόμενος

2212 3771 2397 3843 ὁβεὺς
2429 3774 2499 3844 τῇ
2531 3773 2641 3826 τῶν
2683 3773 2993 3827 ἀκουόντων
3030 3772 3287 3846 ἀσθενείᾳ
3317 3774 3443 3838 τοὺς
3481 3775 3677 3843 λόγους
3714 3791 3806 3845 με·

2211 3865 2374 3935 τρεῖ·
2407 3864 2502 3918 καὶ
2542 3865 2732 3938 ἐπειδὴ
2761 3865 2828 3919 δι’
2878 3864 3174 3936 ὀφθαλμῶν
3215 3866 3432 3937 ὁρῶμεν
3476 3867 3667 3937 ⁴ἡμεῖς,
3709 3865 3803 3937 τὴν

2211 3957 2446 4027 ὁπτικὴν
2468 3957 2634 4012 αὑτοῦ
2670 3956 2903 4030 δύναμιν
2919 3958 3233 4031 ὀφθαλμοὺς
3261 3960 3519 4031 ὀνομάζει
3552 3976 3566 3990 ·
3594 3960 3802 4031 ὥσπερ

2210 4051 2306 4105 καὶ
2350 4045 2467 4105 ὦτα
2494 4051 2556 4105 τὸ
2586 4052 2914 4106 ἀκουστικόν
2938 4068 2953 4083 ·
2998 4052 3097 4106 καὶ
3121 4053 3184 4106 τὸ
3222 4053 3557 4123 πρόσταγμα
3586 4052 3763 4124 στόμα
3784 4066 3799 4080 '

2211 4144 2391 4198 καίτοι
2413 4144 2481 4197 τὸ
2506 4143 2888 4216 ἀπερίγραφον
2914 4143 3009 4199 τοῦ
3046 4144 3183 4198 Θεοῦ
3217 4145 3487 4215 πολλαχοῦ
3520 4144 3622 4216 τῆς
3658 4145 3800 4218 Γρα-

2210 4236 2320 4308 φῆς
2361 4236 2512 4290 ἐστιν
2556 4236 2853 4307 ἐκμαθεὶνο
2889 4237 3037 4300 τινὲς
3083 4236 3265 4291 τοίνυν
3306 4237 3415 4291 τῶν
3462 4236 3798 4291 διδασκάλων

2209 4330 2382 4396 οὕτως
2416 4331 2648 4403 ἐνόησαν
2684 4330 2769 4394 τὸ,
2807 4332 2969 4386 «κατ’
2997 4330 3184 4384 εἰκόνα
3225 4330 3503 4401 ἡμετέραν
3546 4330 3644 4383 καὶ
3679 4328 3798 4382 καθ’

2209 4422 2491 4490 ὁμοίωσιν,
2517 4440 2537 4473 ι
2566 4423 2649 4475 ὅτι
2668 4422 2769 4493 τὴν
2799 4423 2976 4476 κτίσιν
2998 4421 3096 4493 τὴν
3114 4422 3379 4493 αἰσθητήν
3396 4439 3455 4475 τε
3479 4422 3576 4475 καὶ
3602 4421 3796 4491 νοητὴν

517 4498 714 4555 tientes
749 4503 803 4550 et
829 4495 1124 4550 rationales
1159 4494 1379 4550 fecisset
1408 4495 1501 4566 qui
1535 4506 1618 4552 est
1651 4498 1899 4553 omnium
1927 4497 2096 4567 Deus,

2216 4514 2525 4586 πεποιηκὼς
2558 4517 2588 4568 ό
2621 4490 2735 4569 τῶν
2767 4516 2906 4570 ὅλων
2935 4490 3068 4579 Θεὸς
3098 4516 3191 4570 τδν
3239 4490 3530 4588 ἄνθρωπον
3568 4518 3794 4571 διέπλαο

517 4590 793 4645 ltominem
840 4588 1035 4644 ultimo
1100 4589 1221 4644 loco
1270 4588 1423 4653 fecit,
1473 4592 1618 4647 sicut
1682 4590 1978 4661 quamdam
2018 4593 2104 4648 sui

514 4682 693 4753 ipsius
720 4681 1016 4753 imaginem
1041 4696 1248 4752 ponens
1278 4682 1332 4736 in
1353 4681 1535 4737 medio
1568 4693 1951 4737 creaturarum
1983 4684 2106 4738 ina-

513 4778 849 4831 nimatarum
876 4783 931 4829 et
954 4774 1293 4830 sensibilium
1325 4783 1379 4829 et
1406 4774 1815 4829 rationabilium
1852 4784 1911 4829 ut
1948 4790 2105 4832 crea-

512 4878 651 4923 tura
671 4868 928 4923 animata
957 4876 1011 4922 et
1036 4866 1351 4922 inanimata
1386 4866 1458 4921 illi
1500 4868 1642 4922 sicut
1681 4868 1957 4939 quoddam
2002 4871 2101 4925 tri-

510 4963 705 5017 butum
745 4960 1035 5017 utilitatem
1062 4959 1370 5016 conferant.
1410 4961 1692 5016 Creatura
1714 4972 1897 5017 autem
1924 4964 2097 5018 ratio-

509 5056 662 5111 nales
693 5053 771 5109 illi
801 5052 1138 5124 providendo
1166 5067 1323 5108 suam
1365 5067 1492 5123 erga
1537 5051 1803 5108 factorem
1852 5054 2099 5110 benevo-

508 5147 730 5203 lentiam
771 5146 1089 5201 ostendunt.
1143 5143 1380 5210 Quidam
1407 5153 1591 5200 autem
1625 5146 1793 5200 verba
1835 5146 1903 5201 ad
1954 5147 2095 5200 ima-

506 5241 682 5311 ginem
717 5238 811 5293 Dei
844 5237 912 5292 ad
967 5235 1270 5308 imperium
1330 5236 1535 5293 factum
1589 5239 1766 5295 fuisse
1809 5241 2091 5296 hominem

508 5329 822 5402 significare
854 5328 1150 5385 dicebant:
1180 5329 1383 5396 adjecit
1415 5330 1586 5395 enim,
1625 5332 1881 5402 inquiunt
1909 5350 1924 5386 :
1972 5352 1992 5386 ι
2023 5334 2093 5390 Et

505 5425 692 5495 prasit
724 5423 966 5495 piscibus
997 5424 1190 5484 maris.
1232 5442 1251 5476 ι
1284 5434 1341 5479 et
1371 5425 1604 5496 reliqua.
1644 5426 1797 5481 Sicut
1828 5428 1975 5483 enim
2000 5428 2094 5484 ille

503 5520 670 5577 habet
694 5521 941 5576 omnium
1002 5522 1328 5590 potentiam,
1361 5522 1437 5578 ita
1482 5531 1539 5578 et
1584 5523 1733 5580 dedit
1772 5522 2092 5580 hominibus

503 5611 560 5664 in
582 5621 864 5669 creaturas
894 5612 1240 5669 irrationales
1266 5614 1585 5683 potentiam.

2205 4625 2296 4661 σεν
2326 4607 2553 4677 ἔσχατον
2590 4625 2605 4640 ·
2633 4603 2744 4664 οἷόν
2784 4625 2910 4662 τινα
2938 4609 3123 4662 εἰκόνα
3150 4609 3317 4663 αὐτοῦ
3354 4612 3412 4664 ἐν
3444 4612 3596 4683 μέσῳ
3622 4614 3795 4667 τεθει-

2202 4699 2314 4763 κὼς
2345 4698 2457 4753 τῶν
2487 4699 2712 4771 ἀψύχων
2750 4702 2846 4755 καὶ
2874 4701 3154 4775 αἰσθητῶν
3194 4702 3291 4756 καὶ
3318 4704 3527 4771 νοητῶν
3564 4724 3578 4738 ·
3605 4706 3694 4759 ἴνα
3725 4706 3792 4759 τά

2204 4791 2305 4862 μὲν
2351 4792 2537 4863 ἀψυχά
2574 4810 2635 4846 τε
2664 4793 2758 4847 καὶ
2798 4793 3017 4865 ἔμψυχα
3060 4793 3235 4865 τούτῳ
3283 4796 3573 4868 προσφέρῃ
3601 4796 3791 4867 ὥσπερ

2199 4884 2324 4939 τινὰ
2368 4885 2535 4955 φόρον
2586 4885 2687 4957 τὴν
2738 4886 3134 4958 χρείανοαίδέ
3158 4891 3349 4958 νοηται
3396 4888 3591 4955 φύσεις
3638 4891 3697 4944 ἐν
3725 4894 3790 4960 τῇ

2206 4978 2336 5049 περὶ
2381 4977 2570 5031 τοῦτον
2622 4978 2944 5050 κηδεμονίᾳ,
2991 4982 3091 5050 τὴν
3132 4980 3264 5051 περί
3308 4980 3404 5033 τόν
3451 4982 3789 5053 πεποιηκότα

2205 5071 2542 5127 δεικνύουσιν
2574 5071 2809 5131 εὖνοιαν.
2848 5073 3003 5137 Τινὲς
3041 5073 3099 5126 δὲ
3146 5072 3208 5127 τὸ
3241 5074 3371 5127 κατ’
3406 5074 3615 5128 εἰκόνα
3652 5075 3783 5127 Θεοῦ

2204 5165 2345 5219 κατά
2367 5166 2427 5219 τὺ
2470 5166 2697 5237 ἀρχικὸν
2734 5167 3067 5238 γεγενῆσθαι
3096 5169 3189 5223 τὸν
3218 5169 3507 5243 ἄνθρωπον
3528 5172 3736 5241 ἔφησαν
3763 5184 3782 5201 ⁸

2202 5260 2452 5329 ἐπήγαγε
2475 5261 2612 5332 γὰρ,
2622 5262 2783 5331 φασίν
2800 5276 2813 5290 ⁸
2827 5262 2864 5328 ἓ(
2877 5262 2985 5317 Καὶ
3007 5263 3326 5334 ἀρχέτωσαν
3342 5264 3452 5318 τῶν
3474 5263 3674 5335 ἰχθύων
3690 5264 3782 5335 τῆς

2203 5349 2500 5423 θαλάσσης,
2527 5372 2545 5403 ι
2570 5371 2625 5408 κ.
2651 5371 2701 5408 τ.
2734 5353 2786 5409 λ.
2816 5355 3031 5427 Ὥσπερ
3062 5355 3170 5426 γὰρ
3198 5356 3363 5420 αὐτὸς
3388 5355 3629 5427 ἐχειτῶν
3651 5356 3784 5410 ὅλων

2199 5441 2300 5513 τὴν
2327 5444 2663 5511 δεσποτείαν,
2700 5444 2845 5501 οὕτω
2884 5448 2982 5501 καὶ
3010 5447 3213 5502 δέδωκε
3243 5446 3322 5520 τῷ
3366 5447 3647 5521 ἀνθρώπῳ
3677 5447 3780 5503 τῶν

2199 5534 2411 5604 ἀλόγων
2434 5533 2534 5605 τὴν
2566 5534 2836 5599 ἐξουσίαν.

577 5798 689 5870 (50)
712 5798 851 5857 Cum
877 5801 981 5858 hac
1005 5804 1330 5873 quastione,
1355 5819 1521 5879 quam
1539 5820 1570 5862 e
1593 5805 1939 5863 Theodoreto
1972 5714 2431 5878 quliféenes.
2466 5808 2741 5881 decerpsit
2763 5820 2979 5880 auctor,
3011 5810 3205 5868 confer
3232 5822 3431 5883 quast.
3464 5810 3707 5869 XXXVI.
