4136 6438
392 424 526 488 1061

1185 423 1283 482 AD
1318 419 1916 483 AMPHILOCHIUM
1949 421 2295 493 QUEESTIO
2337 424 2590 496 CCLIII,
2637 424 2872 485 CCLIV.

3515 425 3652 485 1111ῒὲ

466 543 622 594 Ἐστι
655 538 841 609 μέντοι
887 538 984 592 καὶ
1033 535 1170 592 ἄλλα
1208 538 1390 608 εὑρεῖν
1417 537 1494 599 ὡς
1533 536 1843 606 ἀρχετύπου
1888 553 2008 604 μιη

2149 534 2381 590 Possent
2395 536 2561 589 etiam
2592 535 2823 590 inveniri
2853 535 2957 590 alia
2983 535 3138 607 quasi
3165 535 3442 606 archetypi
3467 553 3652 592 exem-

390 635 625 704 μήματα
653 646 671 664 ⁶
695 633 1020 702 δημιουργεῖ
1056 629 1165 699 γὰρ
1187 630 1280 683 καὶ
1303 629 1590 700 ἄνθρωπος
1617 630 1760 682 κατά
1797 628 1970 700 μίμη-

391 745 478 779 σιν
503 723 597 777 τοῦ
632 724 998 792 πεποιηκότος
1035 721 1172 773 Θεοῦ
1213 720 1306 773 καὶ
1345 721 1523 784 οίκίας
1553 723 1649 774 καὶ
1681 721 1836 791 τείχη
1875 722 1971 774 καὶ

393 820 578 880 πόλεις
605 817 699 870 καὶ
728 816 974 886 λιμένας,
1006 812 1238 886 οὐρανοῦ
1270 813 1662 885 ἐκτυπώματα,
1697 815 1791 868 καὶ
1819 814 1970 884 ἡλίου

391 911 488 964 καὶ
523 908 752 978 σελήνης
782 907 876 960 καὶ
907 906 1154 976 ἀστέρων
1186 906 1281 960 καὶ
1308 906 1612 978 ἀνθρώπων
1638 907 1732 960 καὶ
1761 906 1972 974 ἀλόγων

391 1003 551 1068 ζώων
579 1001 796 1064 εἰκόνας
831 1016 845 1029 ’
871 1001 920 1053 εί
958 1000 1053 1053 καὶ
1082 1001 1143 1053 τὸ
1173 1001 1271 1070 τῆς
1302 997 1664 1069 δημιουργίας
1717 998 1974 1070 διάφορον

390 1097 638 1164 ἄφατον,
689 1093 804 1148 ἀλλ’
834 1094 985 1163 ὅμως
1035 1092 1387 1164 δημιουργῶν
1434 1095 1462 1146 6
1495 1092 1783 1163 ἄνθρωπος
1830 1095 1975 1163 ἀμη-

391 1187 561 1256 γέπη,
614 1186 707 1239 τὸν
751 1187 950 1239 οίκεῖον
1001 1188 1248 1255 μιμεῖται
1311 1185 1544 1255 ποιητὴν
1591 1183 1666 1247 ὡς
1708 1184 1871 1238 είκὼν
1915 1187 1976 1240 τὸ

391 1280 705 1351 ἀρχέτυπον
733 1294 746 1307 °
775 1277 870 1332 καὶ
897 1278 1004 1347 γὰρ
1030 1280 1062 1348 ἡ
1096 1277 1261 1330 εἰκὼν
1299 1277 1412 1347 ἔχει
1451 1277 1521 1330 τὰ
1543 1276 1636 1330 τοῦ
1664 1277 1974 1348 ἀρχετύπου

397 1375 698 1442 ίνδάλματα
741 1389 755 1404 ·
798 1374 934 1427 ἀλλά
976 1373 1040 1426 τὸ
1099 1374 1197 1443 μὲν
1229 1374 1339 1426 τῶν
1387 1373 1594 1445 μορίων
1632 1370 1774 1438 εἶδος
1817 1375 1930 1446 ἔχει
1957 1417 1973 1440 ,

391 1468 495 1530 τάς
533 1467 592 1520 δέ
631 1465 910 1538 ἐνεργείας
940 1466 1040 1518 οὐκ
1086 1465 1219 1536 ἔχει’
1246 1465 1531 1537 ἐστέρηται
1559 1465 1668 1537 γὰρ
1699 1466 1877 1537 ψυχῆς
1908 1467 1976 1520 δι’

395 1555 464 1630 ἧς
488 1561 719 1612 κινεῖται
764 1559 824 1612 τὸ
881 1559 1076 1630 σῶμαο
1122 1558 1266 1614 οὕτω
1304 1558 1466 1614 πάλιν
1506 1559 1601 1612 καὶ
1646 1558 1919 1628 βασιλεύει
1947 1559 1978 1612 6

397 1654 688 1723 ἄνθρωπος
730 1654 826 1708 καὶ
857 1653 1035 1724 κρίνει
1078 1653 1220 1707 κατὰ
1275 1654 1510 1725 μίμησιν
1555 1654 1650 1708 τοῦ
1697 1655 1806 1708 τῶν
1839 1654 1977 1708 ὅλων

399 1745 536 1800 Θεοῦ
561 1763 576 1778 ο
607 1746 723 1800 ἀλλ’
752 1745 780 1798 ὁ
813 1746 912 1815 μὲν
942 1746 1038 1799 καὶ
1077 1743 1372 1816 μαρτύρων
1397 1748 1491 1800 καὶ
1519 1746 1843 1817 κατηγόρων
1871 1747 1979 1800 δεῖ·

399 1855 491 1890 ται
521 1835 616 1891 καὶ
646 1836 860 1907 μυρίων
888 1836 1063 1888 ἄλλων
1091 1836 1148 1888 ἐν
1185 1839 1250 1907 τῇ
1289 1836 1573 1907 συγκρίσει
1607 1853 1622 1868 ο
1663 1840 1691 1891 6
1719 1838 1799 1902 δὲ,
1832 1839 1980 1892 οὐδε-

2081 623 2289 694 plaria:
2325 623 2455 679 fecit
2494 623 2640 679 enim
2677 625 2862 690 homo,
2915 626 3168 696 exemplo
3226 627 3320 682 Dei
3353 629 3652 692 creatoris,

2078 726 2133 772 ct
2157 715 2350 770 domos
2375 725 2430 770 et
2467 730 2662 770 muros
2705 727 2759 771 et
2785 716 2950 772 urbes
2983 727 3037 772 et
3094 727 3307 787 portus,
3339 719 3462 773 coeli
3495 719 3653 772 simi-

2078 807 2358 869 litudines,
2388 815 2443 861 et
2464 806 2599 862 solis
2625 815 2682 862 et
2715 807 2858 862 lunae
2885 817 2939 862 et
2977 817 3251 864 astrorum
3285 819 3339 865 et
3368 810 3655 864 hominum

2078 911 2132 955 et
2194 899 2598 954 irrationalium
2649 899 2975 954 animalium
3045 901 3334 973 imagines.
3389 901 3657 967 Quamvis

2080 991 2367 1046 ineﬂ‘ahilis
2401 990 2472 1044 sit
2494 991 2547 1043 in
2569 990 2850 1060 operando
2879 989 3200 1056 dill’erentia,
3227 1001 3464 1044 attamen
3491 990 3658 1043 homo

2083 1086 2270 1156 aliquo
2305 1083 2470 1140 modo
2502 1099 2700 1140 creaus
2734 1100 2893 1139 suum
2925 1084 3186 1138 factorem
3230 1084 3474 1138 imitatur
3514 1084 3658 1138 sicut

2084 1180 2268 1248 imago
2296 1194 2458 1234 suum
2504 1177 2882 1247 archetypum.
2915 1175 3129 1231 Etenim
3161 1177 3340 1246 imago
3371 1177 3536 1232 habet
3563 1191 3657 1229 ar—

2083 1272 2298 1342 chetypi
2323 1270 2707 1340 apparentias;
2738 1271 2979 1340 partium
3001 1270 3221 1340 quidem
3243 1270 3448 1324 formas
3470 1269 3656 1333 habet,

2081 1365 2343 1420 virtutem
2376 1373 2559 1418 autem
2601 1377 2708 1418 non
2735 1362 2940 1417 habet:
2977 1362 3162 1417 anima
3185 1362 3332 1416 enim
3374 1377 3482 1430 qua
3535 1374 3661 1415 sese

2085 1464 2267 1512 movet
2285 1470 2485 1522 corpus
2509 1454 2776 1524 privatur.
2810 1452 2901 1508 Sic
2927 1453 3126 1508 iterum
3169 1461 3361 1522 regnat
3413 1451 3577 1505 homo
3607 1460 3663 1504 et

2081 1547 2291 1619 iudicat
2321 1546 2768 1602 adimitationem
2796 1545 2942 1600 illius
2967 1545 3062 1615 qui
3093 1555 3176 1601 est
3208 1545 3454 1600 omnium
3491 1544 3658 1599 Deus.

2085 1642 2178 1696 Ille
2208 1640 2429 1711 quidem
2486 1639 2718 1695 testibus
2773 1647 2830 1694 et
2879 1640 3299 1694 accusatoribus
3349 1638 3551 1707 indiget
3605 1647 3662 1692 ct

2087 1734 2277 1789 multis
2327 1734 2451 1790 aliis
2495 1732 2563 1788 ad
2618 1731 3016 1802 iudicandum:
3076 1731 3166 1786 hic
3213 1739 3419 1794 autem,
3481 1730 3658 1785 nullo.

2090 1827 2287 1883 Omnia
2317 1827 2462 1882 enim
2498 1835 2792 1895 antequam
2829 1824 2970 1880 facta
2992 1825 3105 1879 sint
3135 1825 3444 1895 cognoscit.
3487 1824 3579 1880 Sic
3607 1835 3662 1878 et

399 1927 494 1989 v6;
519 1943 536 1958 ο
567 1929 743 1981 πάντα
775 1927 874 1996 γὰρ
912 1927 1007 1980 καὶ
1037 1927 1166 1996 πρὶν
1211 1927 1464 1995 γενέσθαι
1489 1923 1630 1981 οἶδεν
1653 1943 1668 1958 ⁸
1717 1927 1860 1982 οὕτω
1883 1929 1977 1982 καὶ

2091 1922 2255 1978 homo
2277 1921 2423 1975 Deus
2459 1921 2764 1990 appellatus
2789 1928 2894 1985 est,
2924 1921 3054 1990 quia
3104 1929 3159 1975 et
3207 1921 3384 1989 imago
3431 1928 3660 1974 vocatus

405 2021 527 2084 θεὸς
548 2022 587 2073 '6
614 2020 902 2092 ἄνθρωπος
931 2019 1222 2090 ὠνομάσθη
1249 2035 1263 2049 ⁸
1296 2020 1432 2074 διότι
1470 2021 1562 2074 καὶ
1584 2021 1746 2075 εἰκὼν
1773 2022 1976 2093 ἐκλήθη

405 2109 542 2165 Θεοῦ
559 2125 575 2142 ⁶
605 2111 699 2165 καὶ
736 2112 844 2181 γὰρ
866 2113 893 2164 6
917 2109 1130 2174 Παῦλός
1155 2128 1318 2181 φησιν
1343 2126 1360 2142 ⁸
1403 2129 1422 2164 ι
1459 2110 1625 2182 Ἀνὴρ
1646 2111 1748 2165 οὐκ
1773 2111 1979 2180 ὀφείλει

410 2202 928 2258 κατακαλύπτεσθαι
960 2204 1060 2273 τὴν
1087 2202 1350 2274 κεφαλὴν,
1377 2202 1542 2256 είκὼν
1576 2205 1670 2258 καὶ¹
1689 2203 1814 2268 δόξα
1843 2204 1979 2257 Θεοῦ

408 2298 672 2367 ὑπάρχων
700 2311 715 2328 ο
752 2315 771 2348 ι
813 2296 947 2349 ἀλλὰ
991 2296 1153 2350 πάλιν
1185 2296 1213 2348 6
1242 2296 1342 2365 μὲν
1373 2295 1505 2358 Θεὸς
1535 2295 1632 2349 καὶ
1676 2295 1777 2365 τὴν
1819 2297 1982 2365 φύσιν

409 2391 557 2445 ἐστὶν
576 2391 712 2460 ὅπερ
733 2389 978 2442 καλεῖται
1001 2406 1014 2419 ·
1034 2390 1062 2442 6
1083 2389 1139 2442 δέ
1159 2388 1255 2442 ἀνθ
1266 2406 1443 2456 ρωπος
1465 2387 1541 2449 ὡς
1563 2388 1727 2442 είκὼν
1743 2386 1982 2457 τούνομα

410 2481 571 2554 μόνον
615 2480 767 2550 ἔχει’
831 2480 994 2532 πάλιν
1052 2479 1429 2549 ἀπερίγραφον
1473 2477 1678 2548 κυρίως
1732 2477 1833 2546 μὲν
1891 2479 1985 2531 καὶ

405 2577 624 2650 ἀληθῶς
651 2578 680 2630 6
715 2575 876 2637 Θεός·
914 2576 1163 2646 μιμεῖται
1197 2574 1254 2626 δέ
1286 2573 1420 2626 αὐτό
1450 2590 1569 2636 πως
1599 2574 1694 2626 καὶ
1716 2574 1744 2626 6
1771 2573 1983 2642 ἀνθρώο

409 2689 564 2734 πινος
587 2669 846 2738 λογισμός
875 2683 889 2698 ο
919 2669 976 2720 ἐν
1006 2667 1206 2736 ἀκαρεῖ
1232 2665 1342 2736 γάρ
1367 2667 1680 2738 περινοστεῖ
1698 2665 1767 2719 τά
1784 2681 1843 2717 τε
1873 2664 1986 2735 ἐῷα

407 2764 505 2818 καὶ
541 2762 609 2817 τά
648 2763 878 2830 ἑσπέρια
922 2761 1019 2814 καὶ
1056 2760 1124 2813 τά
1153 2759 1302 2814 νότια
1342 2759 1435 2812 καὶ
1461 2760 1532 2812 τά
1568 2759 1757 2829 βόρεια
1793 2759 1890 2812 καὶ
1921 2759 1987 2831 δὴ

409 2858 505 2911 καὶ
545 2857 614 2910 τά
646 2855 873 2924 οὐράνια
915 2855 1010 2908 καὶ
1051 2853 1121 2907 τά
1157 2851 1453 2922 ὐποχθόνια
1495 2867 1510 2882 ·
1542 2852 1658 2905 ἀλλ’
1691 2852 1720 2905 6
1766 2851 1868 2922 μέν
1917 2854 1986 2922 τῇ

2086 2025 2171 2088 est
2191 2013 2304 2068 Dei.
2332 2014 2538 2070 Paulus
2569 2015 2714 2070 enim
2748 2014 2949 2070 dicitzc
2973 2014 3147 2069 Homo
3173 2029 3282 2069 non
3313 2014 3476 2069 debet
3499 2027 3665 2084 caput

2087 2115 2393 2184 cooperire.
2425 2129 2550 2169 cum
2601 2114 2676 2168 sit
2727 2113 2912 2186 imago
2939 2122 2994 2170 et
3033 2116 3207 2185 gloria
3263 2115 3354 2169 Dei
3388 2115 3452 2168 ⁸³.
3499 2135 3516 2166 ι
3555 2113 3661 2168 Sed

2090 2208 2237 2263 Deus
2275 2207 2578 2265 secundum
2622 2218 2875 2264 naturam
2907 2225 3064 2265 suam
3093 2209 3173 2265 sic
3202 2221 3460 2274 vocatur;
3495 2210 3665 2263 homo

2089 2311 2269 2356 autem
2306 2301 2451 2357 sicut
2472 2301 2652 2372 imago
2685 2317 2886 2357 nomen
2920 2311 3128 2357 tantum
3161 2303 3344 2358 habet.
3381 2304 3514 2360 Item
3540 2320 3666 2359 vere

2091 2403 2145 2449 et
2177 2393 2397 2450 realiter
2439 2395 2948 2465 incircumscriptus
2997 2405 3083 2452 est
3115 2396 3258 2453 Deus
3289 2416 3302 2454 :
3335 2399 3441 2454 hoc
3481 2411 3663 2456 autem

2093 2486 2279 2554 aliquo
2300 2485 2464 2540 modo
2493 2487 2739 2542 imitatur
2764 2487 3120 2558 intelligentia
3149 2491 3388 2546 humana
3412 2511 3425 2559 ;
3455 2493 3508 2546 in
3543 2510 3665 2547 mo-

2093 2587 2280 2633 mento
2303 2578 2448 2632 enim
2489 2587 2543 2633 et
2574 2578 2841 2634 orientem
2877 2588 2932 2634 et
2960 2581 3297 2636 occidentem
3327 2590 3380 2637 et
3416 2593 3664 2639 austrum

2092 2679 2146 2726 et
2179 2671 2602 2739 septentrionem
2655 2679 2711 2726 et
2741 2671 2983 2728 coelestia
3021 2683 3076 2728 et
3132 2674 3485 2729 subterranea
3538 2693 3667 2746 per-

2095 2772 2268 2827 currit
2298 2791 2310 2826 :
2351 2767 2445 2826 sed
2473 2767 2562 2820 hic
2589 2765 2810 2835 quidem
2857 2767 2971 2822 sola
3006 2769 3202 2821 mentis
3239 2768 3668 2838 imaginatione;

2099 2861 2243 2918 Deus
2278 2869 2461 2916 autem
2494 2857 2800 2915 substantia
2833 2867 2887 2913 et
2909 2859 3177 2928 sapientia
3206 2869 3261 2913 et
3304 2861 3543 2928 potentia
3580 2860 3669 2914 in-

408 2949 505 3003 τοῦ
549 2946 812 3017 λογισμοῦ
854 2946 990 3017 μόνῃ
1027 2944 1300 3014 φαντασίᾳ
1320 2961 1333 2976 ο
1361 2943 1493 3006 Θεὸς
1528 2943 1584 2997 δὲ
1611 2944 1705 2997 καὶ
1733 2945 1800 3013 τῇ
1831 2943 1990 3014 οὐσίᾳ

2098 2953 2552 3022 circumscriptus
2605 2961 2708 3008 est.
2773 2951 3008 3006 lnveniri
3055 2951 3220 3005 etiam
3280 2961 3459 3021 potest
3524 2952 3672 3006 aliud

411 3040 509 3094 καὶ
537 3041 604 3108 τῇ
645 3039 808 3108 σοφία
841 3037 935 3090 καὶ
968 3039 1034 3105 τῇ
1075 3036 1301 3105 δυνάμει
1332 3035 1392 3088 τὸ
1418 3035 1798 3106 άπερίγραφον
1837 3034 1986 3104 ἔχει·

2098 3046 2413 3115 exemplum
2443 3045 2578 3100 satis
2594 3043 2896 3115 perfectum
2928 3046 2980 3098 in
3000 3044 3182 3098 anima
3203 3043 3447 3098 hominis
3475 3061 3488 3096 :
3511 3043 3677 3098 habet

412 3129 564 3198 εὖροι
590 3127 635 3180 δ’
677 3128 744 3182 ἄν
769 3144 853 3190 τις
882 3126 975 3179 καὶ
1011 3127 1203 3197 ἑτέραν
1239 3125 1471 3197 μίμησιν
1501 3125 1900 3197 ἀκριϐεστέραν
1932 3128 1990 3178 ἐν

2101 3141 2246 3194 enim
2281 3141 2373 3195 illa
2407 3140 2462 3194 in
2503 3141 2681 3212 scipsa
2724 3148 2779 3195 ct
2807 3139 2972 3194 vitam
3009 3139 3333 3192 rationalem
3360 3147 3413 3192 et
3459 3139 3676 3192 anima-

411 3222 479 3290 τῇ
519 3220 662 3290 ψυχῇ
707 3218 799 3272 τοῦ
833 3216 1124 3286 ἀνθρώπου
1161 3233 1177 3248 ·
1230 3217 1345 3286 ἔχει
1395 3217 1507 3288 γὰρ
1541 3218 1680 3286 αὐτὴ
1733 3219 1791 3270 ἐν
1822 3219 1988 3287 ἑαυτῇ

2102 3233 2206 3287 lem
2237 3251 2253 3298 ;
2283 3245 2335 3289 et
2385 3249 2542 3289 mens
2570 3233 2715 3302 parit
2740 3233 2966 3287 verbum
3004 3249 3017 3286 :
3053 3233 3220 3286 verbo
3261 3242 3443 3286 autem
3480 3242 3677 3302 praeest

413 3310 508 3364 καὶ
534 3309 595 3362 τὸ
620 3309 835 3377 λογικὸν
857 3311 950 3363 καὶ
981 3309 1041 3362 τὸ
1064 3309 1295 3374 ζωτικόν
1322 3323 1338 3338 ο
1369 3310 1460 3362 καὶ
1489 3311 1657 3379 γεννᾷ
1688 3309 1787 3379 μὲν
1811 3310 1840 3361 6
1868 3309 1992 3372 νοῦς

2098 3324 2347 3395 Spiritus,
2373 3339 2480 3379 non
2522 3333 2814 3394 generatus
2852 3325 2994 3380 sicut
3024 3324 3274 3389 verbum,
3322 3325 3416 3379 sed
3458 3340 3678 3394 semper

413 3402 506 3456 τὸν
537 3399 694 3470 λόγον
727 3418 742 3434 ο
769 3401 1099 3472 συμπρόεισι
1132 3401 1189 3453 δέ
1229 3398 1306 3470 τῷ
1333 3399 1476 3470 λόγῳ
1511 3399 1751 3469 πνεῦμα,
1781 3399 1842 3453 οὐ
1871 3415 1996 3466 γεν-

414 3491 656 3564 νώμενον
699 3491 951 3560 καθάπερ
979 3489 1007 3542 6
1035 3489 1223 3557 λόγος,
1273 3487 1775 3560 συμπαρομαρτῶν
1801 3489 1844 3540 δ’
1881 3488 1992 3544 ἀεί.

426 3584 590 3638 Ἀλλά
627 3584 803 3638 ταῦτα
837 3583 911 3646 ὡς
940 3585 998 3635 ἐν
1040 3583 1208 3636 εἰκόνι
1251 3582 1514 3652 πρόσεστι
1558 3581 1637 3652 τῷ
1674 3580 1949 3651 ἀνθρώπῳ
1977 3595 1994 3610 ·

413 3675 496 3729 διὸ
530 3676 900 3738 ἀνυπόστατός
933 3677 1049 3729 ἐστι
1097 3674 1192 3728 καὶ
1230 3674 1259 3728 6
1292 3673 1450 3742 λόγος
1489 3673 1584 3726 καὶ
1628 3671 1690 3726 τὸ
1736 3671 1954 3742 πνεῦμα
1977 3685 1996 3703 ⁸

417 3765 513 3820 ἐπὶ
560 3767 618 3821 δέ
649 3768 749 3837 τῆς
791 3768 951 3836 ἁγίας
979 3767 1214 3837 Τριάδος
1253 3769 1407 3837 τρεῖς
1442 3766 1676 3837 νοοῦμεν
1721 3765 1820 3828 τὰς
1859 3765 1995 3819 ὐποο

419 3858 640 3920 στάσεις
678 3860 771 3911 καὶ
801 3857 1124 3928 ἀσυγχύτως
1159 3859 1447 3929 ἡνωμένας
1491 3858 1586 3912 καὶ
1624 3857 1748 3910 καθ’
1791 3856 1994 3921 ἐαυτάς

419 3947 761 4019 ὑφεστώσας.

925 4061 1260 4116 ΕΡΩἹῊΣΙΣ
1309 4060 1475 4114 XNA'.

429 4155 680 4223 Ἀγαθὸν
702 4154 808 4208 τὸν
839 4155 987 4209 Θεὸν
1015 4152 1422 4222 ὀνομάζοντες,
1469 4154 1596 4220 πῶς
1635 4153 1796 4219 αὐτῷ
1830 4171 1989 4222 περι-

2091 3417 2385 3472 comitans.
2425 3415 2554 3473 iizec
2576 3427 2756 3472 autem
2789 3428 2915 3472 sunt
2935 3416 2989 3470 in
3017 3416 3260 3483 homine,
3293 3418 3437 3472 sicut
3467 3417 3519 3471 in
3539 3417 3677 3471 ima-

2095 3511 2241 3580 gine,
2313 3512 2498 3579 itaque
2558 3509 2929 3564 inconsistens
2989 3517 3073 3564 est
3120 3511 3348 3564 verbum
3417 3511 3561 3565 sicut
3615 3519 3674 3564 et

2095 3617 2272 3657 mens.
2315 3600 2372 3655 in
2404 3609 2594 3657 sancta
2626 3609 2810 3656 autem
2845 3600 3111 3656 Trinitate
3141 3609 3252 3658 tres
3277 3603 3550 3658 credimus
3579 3605 3677 3675 hy-

2098 3704 2348 3764 postases
2379 3702 2434 3748 et
2492 3693 2902 3748 indivisibiliter
2933 3693 3116 3749 unitas
3148 3702 3204 3748 et
3232 3693 3286 3748 in
3318 3709 3378 3749 se
3425 3694 3670 3764 singula-

2094 3787 2228 3843 riter
2258 3785 2645 3842 subsistentes.

2580 4063 2908 4131 QUIESTIO
2961 4063 3182 4119 CCLIV.

2101 4157 2307 4211 Bonum
2337 4173 2444 4210 esse
2467 4156 2636 4210 Deum
2659 4157 3045 4219 existimantes,
3083 4158 3342 4224 quomodo
3365 4158 3448 4211 illi
3468 4169 3672 4213 tantum

2171 4228 2479 4281 attribuatis
2533 4224 3240 4280 severitatem?Crudelitas
3279 4238 3357 4280 est
3427 4231 3564 4281 enim
3625 4241 3674 4282 et

2173 4299 2376 4351 duritia
2407 4307 2610 4350 tantam
2657 4306 2871 4364 propter
2931 4312 3150 4362 parvam
3205 4299 3674 4352 manducutimmu

2175 4369 2369 4436 inferre
2393 4383 2622 4428 poenam,
2675 4383 2778 4418 non
2827 4366 3165 4437 solumdillis
3194 4368 3284 4437 qui
3310 4380 3674 4437 peccaverunt,

2177 4435 2270 4491 sed
2299 4446 2348 4491 et
2373 4437 2586 4490 illorum
2613 4437 2914 4505 posteritati
2942 4435 3073 4504 (51).

485 4225 700 4302 ᾀπτετε
719 4225 1025 4302 τοσαύτην
1035 4225 1416 4302 ρξοτομὶανί
1443 4226 1734 4302 Ὧμότητα
1751 4225 1859 4292 γὰρ
1890 4225 1990 4302 καὶ

487 4295 784 4361 ἀπήνειαν
800 4295 862 4346 τὸ
894 4293 990 4347 διὰ
1013 4293 1250 4362 ,βρῶσιν
1298 4293 1514 4362 ὀλίγην
1549 4296 1854 4361 τοσαύτην
1883 4295 1990 4346 ἐπ-

485 4363 756 4432 ενεγκεῖν
800 4364 1100 4444 τιμωρίαν,
1137 4366 1208 4418 οὐ
1225 4363 1350 4429 τοῖς
1384 4367 1758 4431 ἡμαρτηκόσι
1777 4365 1992 4431 μόνον,

487 4434 647 4489 ἀλλὰ
676 4433 772 4487 καί
809 4450 935 4500 τοις
958 4434 1027 4498 ἐξ
1053 4433 1302 4488 ἐκείνων
1314 4435 1831 4502 βεϐλαστηοιόσιν.

511 4553 655 4603 Edita
679 4569 705 4603 a
729 4553 853 4602 Malo
887 4551 945 4613 (1.
972 4564 1016 4601 c.
1076 4585 1091 4599 .
1116 4550 1225 4611 121,
1251 4550 1358 4611 122,
1391 4565 1441 4614 q.
1465 4550 1599 4610 255).
1620 4578 1683 4590 -
1702 4550 1778 4602 De
1798 4565 1937 4664 paret:

2088 4551 2249 4662 ῗὲςὶῐῖιῗ
2279 4566 2305 4602 a
2333 4552 2438 4602 Deo
2466 4553 2517 4601 in
2549 4550 2784 4600 Adamum
2817 4556 2873 4600 et
2903 4551 3014 4610 ejus
3041 4557 3267 4614 posteros
3297 4556 3580 4604 constituta.

494 4698 716 4770 Πρῶτον
746 4698 1014 4769 προσήκει
1044 4697 1335 4751 πεπεῖσθαι
1372 4698 1498 4760 τοὺς
1523 4698 1769 4751 εὐσεϐεῖν
1795 4715 1994 4769 προαι-

2171 4695 2358 4750 Primo
2386 4696 2985 4766 convenitpersuasum
3012 4711 3134 4751 esse
3183 4697 3291 4752 illis
3335 4697 3428 4766 qui
3483 4699 3668 4767 pietati

422 4787 716 4862 poupévou;
746 4786 820 4851 ὡ,
877 4788 985 4840 πᾶν
1007 4785 1186 4840 ὁτιοῦν
1245 4785 1349 4838 ὐπὸ
1386 4785 1480 4839 τοῦ
1542 4786 1679 4839 Θεοῦ
1710 4788 1818 4839 τῶν
1865 4786 2004 4842 ὅλων

2104 4788 2346 4844 colendae
2401 4788 2646 4853 student,
2704 4787 2849 4856 quod
2896 4787 3260 4856 quodcunque
3293 4788 3364 4842 ab
3418 4789 3672 4858 omnipo-

417 4880 705 4950 γινόμενον
745 4879 778 4946 ἢ
807 4871 1160 4948 κελευόμενον
1209 4877 1306 4932 καὶ
1343 4878 1488 4931 ὅσιον
1540 4879 1636 4931 καὶ
1660 4878 1869 4932 δίκαιον
1908 4879 2005 4932 καὶ

2105 4889 2252 4936 lente
2275 4879 2387 4934 Deo
2413 4879 2614 4934 factum
2650 4880 2733 4935 vel
2759 4880 3074 4933 mandatum
3104 4879 3196 4942 sit,
3245 4887 3300 4932 et
3331 4890 3580 4934 sanctum
3617 4890 3675 4934 et

420 4971 624 5040 ἀγαθὸν
650 4973 745 5024 καὶ
763 4968 1147 5039 φιλάνθρωπον
1175 4985 1190 5001 ο
1222 4968 1416 5022 ἔπειτα
1445 4968 1642 5022 εἰδέναι
1664 4968 1770 5040 χρὴ
1796 4968 1872 5033 ὡς
1893 4971 2002 5032 πᾶς

2095 4972 2304 5041 justum
2333 4980 2388 5027 et
2430 4971 2633 5025 bonum
2681 4977 2737 5025 et
2779 4969 3284 5040 philanthropicum
3311 4980 3414 5025 est.
3467 4971 3674 5026 Deinde

422 5062 585 5130 νόμος
639 5061 689 5114 εί
742 5059 838 5113 καὶ
901 5061 1031 5131 περὶ
1080 5059 1293 5130 μικρῶν
1331 5077 1492 5113 τινων
1535 5059 1866 5131 διαγορεύει,
1901 5059 2001 5131 τὴν

2101 5063 2242 5118 scito
2274 5077 2413 5131 opus
2452 5070 2535 5117 est
2567 5076 2782 5116 omnem
2817 5061 3011 5131 legem,
3046 5063 3298 5128 quamvis
3330 5064 3394 5116 de
3425 5064 3672 5118 minimis

423 5149 546 5222 Panv
589 5149 704 5220 ἔχει
732 5149 1054 5220 δύναμιντῷ
1083 5150 1151 5203 τὰ
1185 5151 1414 5219 μέγιστα
1433 5150 1706 5204 κελεύοντι
1732 5151 1996 5222 δρᾷν,καὶ

2105 5155 2271 5209 rebus
2289 5163 2509 5216 statuat,
2542 5155 2802 5223 aequalem
2827 5154 3027 5208 habere
3062 5153 3316 5208 virtutem
3344 5169 3409 5209 ac
3434 5155 3521 5208 illa
3549 5171 3672 5225 quae

419 5242 786 5310 διαφερόντως
819 5242 949 5295 ὅταν
996 5241 1137 5306 θεῖος
1176 5240 1266 5314 ᾖό
1312 5242 1476 5312 νόμος
1518 5259 1532 5273 ο
1566 5242 1764 5296 αὐτίκα
1805 5241 1938 5310 γοῦν
1969 5243 1998 5294 6

2104 5247 2343 5302 maxima
2375 5245 2554 5302 facere
2575 5247 2750 5315 jubet,
2803 5254 2858 5300 et
2884 5247 3189 5301 eminenter
3222 5248 3444 5316 quando
3490 5249 3671 5316 agitur

421 5331 844 5401 περιτέμνεσθαι
889 5331 1126 5385 κελεύων
1157 5372 1172 5395 ,
1225 5331 1483 5402 οὐδεμίαν
1525 5332 1998 5402 παραϐαινόμενος

2097 5337 2164 5391 de
2191 5337 2306 5406 lege
2329 5338 2533 5392 divina.
2591 5337 2674 5391 Sit
2704 5338 2757 5391 in
2797 5337 3102 5407 exemplum
3153 5337 3236 5392 lex
3268 5353 3390 5408 qua:
3434 5339 3673 5392 circum-

426 5418 504 5488 τῷ
538 5418 706 5483 πέλας
737 5418 1090 5490 ἐξεργάζεται
1120 5421 1322 5491 βλάϐην
1351 5436 1368 5452 ο
1409 5421 1524 5473 ἀλλ’
1583 5422 1734 5490 ὅμως
1770 5423 1798 5474 6
1833 5438 1996 5491 νομο-

2097 5425 2204 5480 cidi
2239 5441 2430 5480 omnes
2463 5426 2636 5494 jubet,
2672 5441 2838 5496 quam
2867 5426 2911 5481 si
2934 5427 3451 5496 quistransgressus
3480 5425 3667 5492 fuerit,

421 5508 585 5578 θέτης
611 5511 796 5578 φησὶν,
819 5511 974 5566 ιὌτι
1003 5514 1112 5575 πᾶς
1134 5512 1308 5582 ἄρσην
1336 5512 1708 5582 ἀπερίτμητος
1728 5511 1786 5574 ὃς
1816 5511 1877 5563 οὐ
1901 5527 2002 5564 πε-

2099 5517 2307 5572 nnllam
2335 5517 2584 5586 proximo
2613 5517 2969 5571 oﬂ‘ensionem
2996 5526 3206 5580 eausat,
3234 5526 3470 5572 attamen
3504 5518 3671 5588 legis--

424 5602 825 5672 ριτμηθήσεται
843 5605 906 5674 τῇ
933 5604 1121 5676 ἡμέρᾳ
1147 5606 1212 5675 τῇ
1229 5604 1411 5676 ὀγδόῃ,
1436 5603 1949 5676 ἐξολοθρευθήσεται
1983 5620 1998 5636 ο

2103 5606 2238 5660 lator
2265 5607 2399 5660 dixit
2431 5625 2443 5661 :
2516 5624 2533 5657 ι
2564 5607 2716 5672 Quod
2745 5621 2908 5662 omne
2951 5607 3318 5663 masculinum
3374 5608 3672 5664 incircum-

493 5713 538 5746 “
563 5714 582 5768 1
611 5714 738 5768 Cor.
776 5729 854 5780 XI,
888 5714 942 5769 7.

1923 5783 2130 5841 ΆΟΤᾹΕ
2141 5827 2153 5839 .

496 5875 607 5946 (iii)
644 5875 967 5934 Theodoreti
999 5887 1124 5934 sunt
1154 5877 1264 5934 fere
1293 5881 1473 5936 omnia
1509 5879 1583 5951 (ιι.
1613 5881 1678 5935 '57
1702 5880 1754 5935 in
1787 5881 1982 5936 Gencs.
2023 5898 2074 5951 p.
2109 5881 2250 5951 l5l).
