4136 6486
518 386 675 452 10δὸ

1491 388 1589 448 AD
1629 388 2217 447 AMPHILOCHIUM
2244 386 2589 456 QUrESTIO
2626 386 2828 448 CCLV.

3684 376 3818 444 1006

541 506 711 576 μεστή
784 505 875 563 ἵνα
905 505 1015 576 γὰρ
1037 509 1245 578 μισήσῃ
1272 503 1370 575 τὴν
1393 504 1670 575 ἁμαρτίαν
1698 505 1760 556 τὸ
1786 504 1896 557 τῶν
1919 503 2128 575 ἀνθρώ-

2234 504 2429 572 agendi
2491 503 2757 573 sapientia
2806 503 3024 572 plenus.
3091 500 3166 556 Ut
3212 501 3357 557 enim
3408 506 3691 570 peccatum
3722 515 3819 552 ex-

538 616 655 650 πων
702 601 858 666 γένος
893 597 970 661 ὡς
1020 598 1200 651 αἰτίαν
1256 597 1487 650 θανάτου
1532 595 1927 666 γεγενημένην,
1985 595 2123 665 μετὰ

538 689 639 756 τὴν
685 686 1000 758 παράϐασιν
1039 688 1139 757 τῆς
1181 687 1403 757 ἐντολῆς
1446 687 1697 758 ἐπιφέρει
1746 685 1841 740 τοῦ
1894 686 2123 741 θανάτου

537 778 637 847 τὴν
662 777 843 848 ψῆφον
872 778 900 830 6
934 777 1232 849 πάνσοιρος,
1268 778 1426 833 τοῦτο
1448 778 1548 848 μὲν
1574 779 1633 831 τὸ
1666 780 1795 850 περὶ
1821 780 1919 849 τὴν
1940 780 2124 851 ἀμαρ-

516 896 517 899 η
539 867 661 920 τίαν
687 868 1078 938 μηχανώμενος
1107 872 1285 940 μῖσος,
1321 868 1771 941 προευτρεπίξων
1790 872 1847 924 δέ
1874 872 1953 942 τῷ
1978 873 2125 941 γένει

516 960 640 1030 ’τῆς
702 960 978 1029 σωτηρίας
1023 960 1083 1014 τὸ
1132 961 1445 1033 φάρμακον,
1491 963 1591 1035 τὴν
1648 962 1746 1018 τοῦ
1786 964 2125 1033 Μονογενοῦς

541 1048 955 1119 ὲνανθρώπησιν
982 1064 997 1080 '
1032 1052 1098 1104 δι’
1121 1047 1189 1124 ἧς
1211 1055 1343 1124 ἡμῖν
1377 1056 1410 1123 ὴ
1458 1055 1523 1107 ἐκ
1561 1055 1775 1126 νεκρῶν
1827 1054 2127 1118 ἀνάστασις

541 1144 638 1196 καὶ
662 1144 982 1212 ήάθανασία
1008 1145 1595 1217 διαπεπραγμάτευται
1623 1165 1639 1180 ο
1678 1148 1733 1201 τί
1779 1146 1836 1200 δὲ
1873 1147 1967 1200 καὶ
2007 1148 2119 1201 άπ-

537 1235 667 1304 ηκοὲς
696 1238 729 1305 ἡ
758 1237 1030 1305 ἀπόφασις
1048 1237 1193 1308 ἔχεις
1225 1238 1332 1307 «Γῆ
1357 1237 1427 1305 εἷ,
1444 1239 1539 1291 καὶ
1559 1239 1639 1302 είς
1664 1239 1768 1309 γῆν
1784 1238 2119 1313 ἀπελεύσῃ.»

554 1327 689 1379 Ἀπὸ
724 1326 830 1395 γῆς
888 1345 969 1394 σε,
1003 1330 1189 1397 φησὶν,
1227 1331 1305 1392 εἰς
1358 1330 1568 1398 ἀμείνω
1593 1328 1773 1400 πολλῷ
1801 1328 1962 1398 φύσιν
1992 1346 2125 1399 μετ-

540 1419 814 1472 εσκεύασα
849 1437 862 1450 ·
919 1420 1042 1473 ἐπεὶ
1079 1421 1137 1473 δὲ
1192 1421 1423 1491 φυλαξαι
1473 1438 1576 1491 μου
1634 1420 1736 1492 τὴν
1774 1420 1994 1492 ἐντολὴν
2022 1421 2126 1474 οὐκ

537 1510 828 1582 ἠθέλησας,
885 1513 1023 1583 πρὸς
1061 1510 1160 1584 τὴν
1214 1511 1493 1584 προτέραν
1527 1510 1869 1583 ἐπανελεύσῃ
1911 1509 2074 1579 φύσιν
2105 1526 2120 1542 ο

536 1604 760 1656 ἀνθότου
785 1602 841 1655 δὲ
876 1604 971 1656 καὶ
998 1605 1229 1674 σμικρὸν
1246 1599 1389 1657 εῖναι
1413 1603 1564 1656 δοκεῖ
1593 1601 1655 1655 τὸ
1679 1601 2021 1674 άμάρτημα;
2064 1600 2123 1654 Ὅ

541 1696 643 1765 μὲν
702 1695 919 1749 πάντων
988 1696 1160 1749 ἔδωκε
1212 1696 1311 1766 τὴν
1358 1694 1635 1759 ἐξουσίαν,
1678 1694 1797 1757 ἐνὸς
1849 1694 1905 1746 δὲ
1957 1694 2122 1764 μόνου

535 1786 800 1858 ἀπεῖρξεν
836 1801 851 1816 ⁶
875 1788 903 1840 ό
929 1786 987 1839 δὲ
1014 1784 1334 1840 καταλιπὼν
1355 1785 1595 1851 ἅπαντα,
1619 1784 1807 1838 τοῦτον
1834 1784 1929 1837 καὶ
1958 1782 2122 1853 μόνον

2236 595 2578 650 horresceret
2636 594 2918 649 hominum
2994 609 3169 665 genus
3222 604 3282 648 ut
3343 607 3567 648 causam
3624 592 3818 645 mortis

2234 688 2460 755 factum,
2493 695 2615 759 post
2647 688 3143 759 transgressionem
3192 687 3437 741 mandati
3485 684 3680 739 mortis
3725 684 3820 737 de-

2234 790 2444 835 cretum
2482 781 2587 849 qui
2606 788 2691 835 est
2720 780 2947 834 omnino
2974 781 3217 850 sapiens,
3247 779 3449 843 intulit,
3492 777 3679 832 ethoc
3699 776 3820 845 qui-

2234 872 2360 927 dem
2408 872 2594 927 odium
2628 872 2840 940 peccati
2880 870 3137 936 moliens,
3176 871 3491 925 hominibus
3514 877 3698 923 autem
3727 883 3816 929 sa-

2232 964 2465 1019 lutarem
2512 962 2843 1019 medicinam
2892 979 3227 1033 praeparans,
3276 964 3505 1030 scilicet,
3538 960 3815 1032 Unigenili

2234 1057 2317 1112 sui
2378 1057 2833 1121 incarnationem,
2898 1071 2993 1125 per
3026 1071 3189 1126 quam
3254 1056 3413 1111 nobis
3476 1070 3543 1109 ex
3584 1054 3817 1109 mortuis

2232 1149 2567 1206 resurrectio
2614 1157 2669 1203 et
2697 1149 3085 1203 immortalitas
3142 1158 3421 1217 Operatur.
3457 1146 3599 1213 Quid
3632 1157 3815 1202 autem

2232 1242 2452 1299 crudele
2476 1241 2640 1295 habet
2666 1240 2771 1294 hoc
2787 1238 3135 1293 deeretum‘h
3164 1236 3332 1291 Terra
3359 1254 3438 1303 es,
3465 1247 3519 1291 et
3537 1238 3590 1290 in
3618 1248 3816 1291 terram

2233 1332 2525 1388 reverteris
2556 1332 2600 1363 ¹⁸
2632 1350 2652 1384 ι
2689 1347 2720 1386 e
2740 1338 2886 1385 terra
2913 1340 2986 1396 te,
3008 1330 3209 1399 inquit,
3239 1330 3305 1384 ad
3336 1330 3511 1382 multo
3534 1329 3814 1383 meliorem

2232 1433 2487 1479 naturam
2516 1421 2843 1492 praeparavi,
2877 1422 3006 1491 quia
3047 1430 3232 1475 autem
3259 1436 3371 1475 non
3414 1420 3636 1474 voluisti
3661 1436 3818 1474 man-

2231 1518 2417 1571 datum
2444 1529 2627 1569 meum
2665 1529 2906 1580 servare,
2964 1514 3031 1568 ad
3064 1513 3296 1583 primam
3340 1522 3594 1566 naturam
3633 1528 3820 1567 rever-

2234 1606 2385 1672 teris,
2419 1619 2590 1674 quare
2615 1612 2797 1658 autem
2843 1617 3072 1671 parvum
3123 1615 3245 1655 esse
3301 1599 3558 1653 videatur
3617 1612 3813 1668 pecca-

2232 1700 2387 1759 tum?
2428 1697 2521 1753 Ille
2574 1697 2795 1766 quidem
2844 1695 3091 1749 omnium
3119 1694 3273 1753 dedit
3317 1692 3657 1763 potentiam,
3708 1706 3819 1745 uno

2233 1789 2579 1845 solummodo
2618 1786 2901 1842 interdixit
2928 1804 2942 1853 ;
2976 1786 3068 1840 hic
3099 1794 3281 1839 autem
3304 1784 3565 1839 omnibus
3588 1783 3818 1848 relictis,

537 1875 633 1927 καὶ
656 1875 875 1947 πρῶτον
909 1877 1179 1948 ἐτρύγησε
1210 1877 1302 1930 τὸν
1335 1877 1548 1947 καρπόν
1577 1892 1593 1907 ·
1624 1875 1785 1929 τοῦτο
1813 1875 1923 1947 γὰρ
1981 1873 2128 1944 αἱ)τῷ

2233 1882 2388 1938 illum
2425 1891 2481 1937 et
2514 1882 2691 1936 solum
2732 1889 2788 1935 et
2815 1880 3064 1949 primum
3088 1878 3297 1947 carpsit
3350 1876 3614 1931 fructum.
3656 1894 3674 1927 ι
3705 1873 3821 1930 IIoc

542 1967 634 2020 καὶ
663 1970 690 2020 ό
717 1969 996 2039 Δεσπότης
1023 1970 1332 2039 ἐμέμψατο.
1352 1970 1447 2033 Τίς
1467 1972 1598 2045 γάρ,
1624 1968 1811 2039 φησὶν,
1835 1965 2129 2038 άνήγγειλέ

543 2076 625 2111 σοι
643 2059 725 2113 ὅτι
747 2060 952 2129 γυμνὸς
976 2056 1044 2125 εἷ,
1071 2062 1127 2113 Δεί
1150 2061 1225 2132 μὴ
1249 2061 1358 2114 ἀπὸ
1382 2059 1476 2114 τοῦ
1511 2060 1668 2125 ξύλου
1686 2051 1746 2112 οὗ
1767 2058 2127 2128 ἐνετειλάμην

534 2167 619 2203 σοι
645 2150 834 2204 τούτου
860 2152 1035 2221 μόνον,
1057 2152 1132 2224 μὴ
1166 2156 1392 2222 φαγεῖν,
1422 2154 1516 2207 ἀπ’
1540 2152 1708 2206 αὐτοῦ
1745 2150 1987 2220 ἐφαγεςς
2022 2151 2113 2205 δε-

524 2242 750 2312 δήλωκε
777 2242 834 2296 δὲ
869 2244 964 2296 καὶ
1011 2245 1042 2297 6
1073 2244 1324 2309 διάϐολος
1385 2247 1461 2316 μὴ
1520 2245 1715 2313 φαγεῖν
1767 2242 1969 2306 αὐτοὺς
2017 2242 2126 2295 ἀπό

532 2350 677 2396 τινος
704 2333 866 2387 ἄλλου
894 2334 1076 2399 ξύλου.
1106 2334 1184 2387 Δι’
1221 2330 1296 2391 ὧν
1324 2334 1429 2406 ἔφη
1467 2338 1534 2406 τῇ
1570 2334 1685 2406 Εὕα
1710 2351 1721 2363 ·
1755 2335 1821 2387 Τί
1855 2335 1939 2388 ὅτι
1970 2327 2125 2388 εἶπεν

528 2428 561 2480 6
592 2426 747 2503 Θεὸς,
773 2426 847 2480 Ού
885 2426 961 2498 μὴ
999 2427 1213 2497 φάγητε
1243 2427 1351 2480 ἀπὸ
1381 2428 1586 2490 παντὸς
1615 2426 1776 2492 ξύλου
1804 2428 1902 2480 τοῦ
1939 2429 1997 2480 ἐν
2015 2443 2124 2479 πα-

510 2507 802 2587 ’ραδείσῳς
839 2518 887 2570 εἰ
915 2518 1023 2586 γὰρ
1047 2513 1190 2571 οἶδεν
1216 2517 1561 2588 ἐδηδοκότας,
1584 2517 1684 2571 ούκ
1711 2517 1778 2572 ἂν
1804 2516 1960 2588 ᾠήθη
1989 2517 2121 2588 περὶ

532 2608 751 2663 πάντων
779 2610 977 2671 αὐτοὺς
1000 2607 1108 2663 τῶν
1130 2608 1363 2680 δένδρων
1397 2608 1678 2680 εἰληφέναι
1707 2609 1806 2680 τὴν
1835 2608 2061 2679 ἐντολήν
2104 2623 2119 2641 ·

512 2701 593 2752 κού
627 2700 799 2773 μικρὰ
828 2701 1007 2755 τοίνυν
1057 2704 1090 2773 ἡ
1126 2702 1441 2772 παράϐασις
1475 2717 1489 2731 ⁸
1540 2700 1760 2773 πρώτου
1822 2699 1934 2770 γὰρ
1990 2717 2123 2771 μετ-

527 2790 747 2857 έλαϐον,
779 2785 840 2846 o6
871 2792 1036 2862 μόνου
1076 2792 1151 2863 μὴ
1175 2796 1467 2864 μετασχεῖν
1501 2792 1927 2865 ἐκελεύσθησαν.

1058 3009 1396 3064 ΕΡΩΤΗΣΙΣ
1429 3010 1595 3066 ΣΝΕ’.

730 3103 904 3169 τινας
945 3102 1117 3168 υἱοὺς
1161 3103 1312 3158 Θεοῦ
1344 3104 1607 3172 κέκληκε
1633 3104 1938 3175 Μωῢσῆς;

2232 1974 2377 2028 enim
2411 1972 2485 2027 illi
2535 1970 2794 2026 Dominus
2822 1969 3194 2039 exprobravit.
3250 1967 3387 2034 Quis
3412 1968 3582 2032 enim,
3618 1967 3818 2035 inquit,

2231 2063 2494 2119 indicavit
2519 2063 2617 2117 tibi
2655 2061 2802 2131 quod
2834 2060 3013 2115 nudus
3038 2074 3215 2125 esses,
3263 2059 3371 2114 nisi
3400 2057 3546 2127 quod
3566 2074 3632 2112 ex
3670 2058 3820 2125 ligno

2230 2157 2297 2212 de
2317 2171 2427 2226 quo
2445 2168 2811 2225 praeceperam
2839 2151 2936 2207 tibi
2956 2166 3024 2205 ne
3043 2150 3360 2207 comederes
3385 2147 3677 2204 eomedisti
3705 2147 3747 2179 "
3763 2146 3814 2201 τι

2228 2247 2629 2304 demonstravit
2682 2254 2867 2300 autem
2907 2252 2962 2298 et
3012 2242 3268 2298 diabolus
3309 2242 3433 2296 illos
3479 2258 3586 2296 non
3638 2253 3819 2294 come-

2227 2342 2375 2397 disse
2400 2342 2471 2395 ah
2499 2340 2606 2395 alio
2641 2339 2883 2409 quodam
2913 2336 3082 2407 ligno.
3138 2335 3329 2404 Itaque
3356 2334 3488 2388 dicit
3522 2333 3646 2387 Erae
3670 2331 3821 2395 :-'Cur

2227 2434 2480 2506 praecepit
2503 2432 2660 2487 vobis
2710 2429 2855 2485 Deus
2908 2440 3101 2484 utnon
3150 2426 3517 2484 comederetis
3569 2426 3638 2479 de
3668 2424 3819 2478 omni

2227 2528 2374 2598 ligno
2428 2524 2713 2596 paradisi?
2749 2522 2806 2577 Si
2845 2523 3003 2577 enim
3033 2521 3156 2576 illos
3183 2519 3499 2575 comedisse
3543 2518 3818 2583 seivisset,

2227 2637 2335 2675 non
2364 2627 2610 2689 putasset
2633 2617 2702 2673 de
2734 2616 2996 2671 omnibus
3016 2614 3311 2669 arboribus
3340 2613 3466 2666 illos
3499 2608 3820 2664 mandatum

2225 2712 2525 2782 accepisse.
2551 2708 2672 2763 Non
2699 2717 2783 2764 est
2800 2723 2967 2778 parva
2986 2721 3115 2776 ergo
3138 2704 3544 2774 transgressio:
3578 2702 3821 2773 primum

2223 2805 2370 2861 enim
2407 2802 2777 2875 apprehendit
2802 2816 2968 2871 quem
2999 2799 3176 2855 solum
3207 2813 3315 2852 non
3342 2798 3611 2867 attingere
3632 2796 3824 2863 jussus

2222 2896 2425 2952 fuerat.

2220 3010 2551 3080 ρυΑιδΤιο
2606 3007 2785 3064 CCLV
2834 3006 3020 3079 [(Ioist.
3069 3004 3268 3069 CCCV,
3310 3006 3473 3058 Taur.
3522 3000 3821 3075 CCXCle

2363 3104 2638 3170 Quasnam
2688 3102 2828 3171 ﬁlios
2875 3101 2970 3155 Dei
3010 3098 3273 3154 vocaverit
3303 3096 3511 3166 Moyses
3543 3095 3681 3165 (52).

1176 3236 1318 3286 Edita
1348 3250 1375 3285 a
1403 3236 1529 3287 Maio
1556 3237 1612 3302 (Ι.
1638 3252 1681 3287 c.
1706 3253 1755 3300 p.
1794 3239 1903 3301 125,
1925 3256 1975 3303 q.
2010 3242 2141 3305 234).
2165 3266 2229 3278 ——
2249 3243 2325 3292 De
2349 3241 2464 3290 ﬁliis
2498 3240 2593 3289 Dei
2620 3241 2673 3288 in
2706 3242 2848 3288 textu
2876 3237 3003 3287 Gen.
3028 3248 3093 3293 vr,
3120 3232 3167 3280 2.

508 3363 513 3369 .
599 3320 666 3373 Ol
701 3318 802 3388 μὲν
854 3320 979 3383 τοὺς
1024 3321 1290 3390 ἀγγέλους
1324 3323 1744 3393 ὑπονοήσαντες,
1805 3328 2110 3396 μαίνονται·

2287 3326 2393 3394 Qui
2418 3325 2637 3397 quidem
2670 3324 2890 3394 angelos
2918 3336 3041 3377 esse
3087 3317 3331 3374 sentiunt
3350 3316 3587 3384 turpiter
3612 3325 3821 3379 errant,

531 3412 680 3473 υἱοὺς
699 3411 756 3464 δὲ
785 3412 1021 3485 κέκληκε
1051 3412 1139 3466 θῦν
1164 3413 1256 3467 τοῦ
1288 3415 1422 3467 Θεοῦ
1444 3416 1571 3480 τοὺς
1597 3418 1661 3471 ὲκ
1684 3418 1779 3472 τοῦ
1823 3420 1931 3491 Σὴθ
1985 3439 2128 3475 κατ-

529 3503 864 3572 αγομένους·
893 3503 1125 3558 εἰποῦσα
1160 3506 1268 3578 γὰρ
1301 3510 1335 3578 ὴ
1363 3508 1553 3581 Γραφὴ
1576 3509 1724 3575 ὅπως
1752 3515 1815 3566 ὲκ
1840 3512 1930 3567 τοῦ
1958 3514 2065 3584 Σὴθ
2097 3517 2126 3568 6

543 3595 713 3660 Ἐνὼς
739 3598 1023 3671 ἐγεννήθη,
1054 3600 1416 3670 προσέθηκεν·
1450 3596 1646 3667 (Οὗτος
1673 3604 1903 3674 ἤλπισεν
1929 3608 2127 3661 ἐπικα-

532 3687 744 3742 λεῖσθαι
761 3689 822 3743 τὸ
844 3690 1014 3760 ὄνομα
1038 3692 1249 3762 Κυρίου
1264 3692 1357 3746 τοῦ
1384 3693 1574 3748 ΘεοῦῚ
1603 3697 1631 3748 ό
1646 3696 1702 3748 δὲ
1718 3697 1949 3761 Ἀκύλας
1968 3699 2122 3769 φησί·

535 3775 681 3830 Τότε
723 3777 952 3846 ἤρξατο
1007 3779 1223 3835 καλεῖν
1269 3781 1340 3835 ἐν
1376 3783 1625 3852 ὀνόματι
1652 3787 1927 3855 Kvpt'ov'r
1956 3789 2127 3841 αἰνίτ-

529 3869 766 3922 τεταιδέ
824 3870 900 3933 ὡς
947 3869 1036 3923 διὰ
1083 3872 1185 3940 τὴν
1242 3873 1527 3939 εὐσέϐειαν
1574 3870 1731 3939 οὗτος
1772 3877 1991 3949 πρῶτος
2023 3879 2126 3949 τῆς

530 3960 683 4025 θείας
719 3962 1091 4033 προσηγορίας
1122 3963 1389 4035 τετύχηκε
1424 3968 1519 4021 καὶ
1568 3968 1675 4022 ὑπὸ
1705 3970 1816 4023 τῶν
1847 3970 2125 4039 συγγενῶν

527 4049 825 4120 ὠνομάσθη
878 4050 1039 4126 Θεόςῇ
1087 4051 1211 4104 ὅθεν
1259 4054 1309 4104 oi
1364 4054 1428 4107 ἐκ
1488 4056 1679 4110 τούτου
1741 4058 1959 4126 φύντες,
2018 4062 2125 4113 υίοὶ

530 4140 669 4194 Θεοῦ
713 4140 1099 4211 ἐχρημάτιζον·
1129 4142 1209 4197 διὸ
1240 4147 1336 4198 καὶ⁵
1372 4148 1401 4200 ό
1433 4147 1636 4218 Κύριος
1668 4148 1758 4202 διὰ
1781 4150 1876 4203 τοῦ
1910 4155 2127 4222 προφή-

508 4245 628 4287 .,του
677 4230 860 4285 Δαϐίδ·
903 4250 924 4284 ‹
970 4232 1112 4301 Ἐγὼ
1142 4229 1272 4288 εῑπα
1302 4252 1316 4267 ·
1347 4237 1471 4291 Θεοί
1500 4238 1627 4292 ἐστε
1666 4241 1763 4294 καὶ
1821 4243 1927 4298 υίοὶ
1965 4242 2124 4314 Ὑψί-

534 4336 660 4374 στου
678 4322 898 4387 πάντεςο
921 4343 939 4375 ι
963 4324 1108 4389 καὶ,‹
1131 4325 1188 4379 '0
1198 4326 1337 4391 Θεὸς
1354 4328 1482 4399 ἐστη
1496 4329 1554 4383 ἐν
1576 4335 1867 4403 συναγωγῇ
1888 4332 2046 4387 θεῶν·
2066 4335 2127 4387 ἐν

536 4412 684 4481 μέσῳ
725 4414 783 4466 δὲ
807 4414 964 4479 θεοὺς
1000 4417 1286 4486 διακρινεῖ’
1328 4438 1346 4473 r
1392 4420 1534 4476 οὕτω
1583 4423 1641 4476 δὲ
1694 4423 1954 4495 ὀνομάζει
1998 4426 2127 4490 τοὺς

511 4503 821 4573 ,ἄρχοντας’
848 4507 945 4561 καὶ
965 4509 1073 4579 γὰρ
1094 4510 1310 4579 ἐπάγει·
1336 4514 1513 4577 ιἘως
1531 4514 1662 4568 πότε
1680 4516 1894 4587 κρίνετε
1912 4516 2127 4571 ἀδικίαν

532 4598 629 4650 καὶ
714 4600 986 4669 πρόσωπα
1022 4603 1367 4672 ἁμαρτωλῶν
1404 4605 1711 4676 λαμϐάνετε
1734 4624 1748 4674 ;
1773 4627 1791 4658 ι
1826 4611 1922 4663 καὶ
1972 4608 2123 4679 ἐξῆςο

2230 3420 2372 3475 ﬁlios
2398 3426 2580 3472 autem
2616 3415 2830 3471 vocavit
2863 3414 2955 3467 Dei
2990 3412 3112 3467 illos
3150 3412 3245 3482 qui
3276 3425 3341 3464 ex
3376 3409 3507 3463 Setli
3541 3410 3646 3463 orti
3672 3418 3822 3464 sunt.

2228 3510 2427 3565 Dicens
2455 3510 2603 3563 enim
2654 3507 2939 3577 Scriptura
2986 3519 3144 3567 sacra
3177 3502 3321 3572 quod
3375 3518 3439 3555 ex
3472 3500 3601 3554 Seth
3636 3500 3821 3556 Enocli

2182 3620 2185 3623 ί
2229 3612 2390 3657 natus
2424 3611 2529 3663 est,
2570 3600 2768 3670 adjecit
2800 3615 2814 3651 :
2866 3616 2886 3649 ι
2926 3597 3035 3652 Iste
3067 3596 3295 3652 conﬁdit
3330 3596 3585 3649 invocare
3626 3611 3822 3648 nomen

2230 3691 2447 3745 Domini
2482 3690 2576 3745 Dei
2599 3692 2667 3743 ³ο.
2706 3709 2724 3741 ι
2776 3688 2972 3758 Aquila
3028 3696 3212 3741 autem
3257 3686 3387 3740 dicit
3421 3703 3434 3738 :
3470 3682 3618 3737 Tunc
3672 3684 3824 3752 coepit

2228 3786 2471 3839 invocare
2500 3800 2686 3837 nomen
2732 3782 2986 3844 Domini;
3020 3778 3262 3836 ostendit
3308 3786 3487 3831 autem
3539 3776 3685 3845 quod
3731 3792 3825 3845 per

2226 3878 2485 3951 pietatem
2507 3878 2612 3933 iste
2637 3875 2846 3946 primus
2868 3874 3110 3928 divinam
3138 3872 3557 3943 appellationem
3584 3870 3827 3925 obtinuit

2225 3978 2281 4023 et
2326 3984 2356 4022 a
2390 3968 2707 4038 parentibus
2754 3966 2901 4020 Deus
2932 3965 3354 4035 cognominatus
3385 3975 3489 4016 est.
3538 3959 3693 4015 Unde
3729 3961 3825 4031 qui

2227 4076 2295 4115 ex
2323 4060 2430 4124 ,illo
2476 4060 2590 4114 nati
2641 4066 2808 4122 sunt,
2862 4056 2955 4109 lilii
3000 4057 3093 4110 Dei
3144 4055 3593 4109 nominabantur.
3639 4052 3826 4122 Itaque

2230 4152 2494 4206 Dominus
2550 4165 2641 4219 per
2673 4148 2995 4217 prophetam
3040 4143 3208 4198 David
3233 4144 3365 4198 dicit
3397 4162 3411 4197 :
3448 4161 3465 4193 ι
3504 4142 3615 4211 Ego
3660 4141 3773 4195 dixi
3807 4159 3820 4194 :

2228 4243 2312 4297 Dii
2344 4242 2478 4298 estis
2525 4248 2581 4296 et
2637 4239 2733 4293 ﬁlii
2779 4238 2992 4293 Excelsi
3044 4252 3237 4291 omnes
3284 4235 3351 4287 ".
3380 4253 3401 4285 ι
3454 4232 3519 4286 Ει
3553 4251 3566 4287 :
3600 4252 3618 4283 ι
3677 4233 3822 4287 Deus

2226 4334 2379 4391 stetit
2410 4335 2466 4388 in
2492 4331 2730 4388 concilio
2762 4330 2992 4384 deorum
3026 4330 3092 4380 ²¹.
3144 4327 3203 4382 In
3238 4326 3417 4381 medio
3462 4333 3643 4378 autem
3686 4325 3819 4380 deos

2224 4426 2452 4497 iudicat.
2498 4442 2516 4474 ι
2552 4423 2644 4478 Sic
2694 4421 2942 4477 nominat
2974 4420 3097 4475 illos
3139 4420 3230 4488 qui
3279 4418 3567 4497 imperant.
3605 4415 3817 4470 Etenim

2226 4496 2460 4585 adjicit:
2495 4532 2516 4567 ι
2559 4513 2854 4583 Usquequo
2907 4511 3164 4582 judiealis
3212 4496 3536 4580 injustitiam
3596 4520 3650 4561 et
3693 4525 3821 4578 per-

2229 4626 2396 4665 sonas
2434 4618 2785 4680 peccatorum
2817 4606 3037 4661 sumitis
3053 4605 3136 4657 ”?
3172 4624 3191 4656 ι
3226 4615 3280 4659 et
3300 4614 3523 4659 caetera.
3558 4602 3619 4656 Et
3646 4604 3727 4658 sie
3765 4602 3819 4655 in

532 4691 627 4743 καὶ
655 4691 923 4763 πολλαχοῦ
971 4694 1069 4766 τῆς
1112 4696 1335 4767 Γραφῆς
1363 4699 1618 4769 εὑρήσεις
1667 4699 1823 4762 θεοὺς
1847 4703 1975 4765 τοὺς
2003 4702 2119 4756 δια-

2228 4704 2412 4758 multis
2458 4701 2757 4771 Scriptura:
2802 4700 2933 4754 locis
2982 4699 3226 4753 invenies
3274 4698 3406 4752 deos
3460 4697 3645 4750 vocari
3699 4696 3820 4750 illos

530 4780 798 4850 φέροντας
826 4782 935 4835 τῶν
978 4785 1188 4838 πολλῶν
1224 4786 1528 4861 ἀνθρώπων
1578 4790 2036 4862 ὀνομαζομένους·
2067 4794 2116 4847 οί

2228 4807 2408 4849 )Innes
2448 4791 2542 4861 qui
2584 4791 2653 4845 ab
2682 4789 2807 4844 aliis
2852 4788 3175 4843 hominibus
3233 4786 3665 4855 distinguuntur.
3713 4780 3818 4850 Qui

529 4870 709 4925 τοίνυν
755 4873 848 4926 τοῦ
878 4875 984 4944 Σὴθ
1012 4876 1269 4945 ἀπόγονοι
1292 4879 1404 4932 εἴτε
1441 4881 1508 4933 ἐκ
1553 4880 1645 4933 τοῦ
1684 4881 1870 4947 Ἐνὼς,
1898 4883 1957 4946 ὃς
1984 4884 2117 4947 Θεὸς

2228 4900 2345 4956 ergo
2365 4900 2432 4939 ex
2450 4884 2581 4939 Seth
2603 4882 2710 4937 orti
2738 4889 2867 4936 sunt
2885 4880 3003 4935 sive
3020 4896 3082 4934 ex
3102 4878 3310 4945 Enoclt,
3335 4879 3427 4947 qui
3452 4877 3596 4930 Deus
3610 4876 3820 4946 primus

529 4963 807 5035 ἐπεκλήθη
839 4966 1074 5037 πρῶτος,
1093 4969 1381 5039 ἐκφύντες,
1408 4972 1521 5024 εἴτε
1543 4972 1730 5036 ἁπλῶς
1752 4974 1827 5038 ὡς
1857 4976 2116 5048 εὐσεϐείᾳ

2228 4984 2473 5037 vocatur,
2510 4972 2621 5027 nati
2658 4973 2789 5038 sint,
2822 4971 2939 5025 sive
2984 4968 3337 5024 solummodo
3366 4968 3570 5037 pietate
3615 4980 3647 5019 a
3692 4964 3819 5017 liliis

508 5054 637 5107 -τῶν
668 5055 732 5106 ἐκ
761 5056 854 5108 τοῦ
909 5058 1051 5112 Κάῖν
1096 5060 1399 5129 τεχθέντων
1427 5061 1799 5135 διαφέροντες,
1845 5067 1951 5118 υίοὶ
1980 5067 2116 5120 Θεοῦ

2228 5066 2353 5119 llain
2383 5062 2721 5127 dili‘erentes,
2781 5060 2878 5115 ﬁlii
2924 5060 3020 5115 Dei
3064 5060 3440 5123 vocabantur,
3479 5068 3533 5111 et
3577 5072 3687 5110 non
3717 5056 3820 5109 mi-

526 5143 836 5212 ἐκαλοῦντο,
863 5149 959 5200 καὶ
980 5149 1082 5201 ούκ
1112 5150 1405 5219 ἐμίγνυντο
1424 5154 1535 5216 τοῖς
1559 5154 1622 5206 ἐκ
1638 5152 1732 5206 τοῦ
1756 5154 1895 5208 Κάϊν
1916 5155 2003 5209 διὰ
2025 5158 2123 5227 τὴν

2228 5158 2521 5214 scebantur
2567 5172 2691 5211 cum
2757 5154 2865 5209 illis
2918 5154 3011 5224 qui
3079 5169 3147 5208 ex
3192 5151 3326 5205 Cain
3394 5150 3815 5211 descendebant,

526 5235 910 5307 ἐπενεχθεῖσαν
936 5242 1087 5312 αύτῷ
1137 5244 1290 5314 παρὰ
1331 5243 1423 5297 τοῦ
1459 5244 1596 5298 Θεοῦ
1621 5245 1732 5300 τῶν
1760 5247 1899 5300 ὅλων
1953 5248 2116 5320 ἀράν

2228 5257 2445 5320 propter
2477 5247 2913 5303 maledictionem
2966 5253 3159 5301 contra
3191 5244 3346 5298 illum
3377 5258 3411 5296 a
3445 5243 3552 5295 Deo
3586 5242 3811 5294 illatam.

522 5330 704 5401 χρόνῳ
728 5330 784 5383 δὲ
818 5331 1043 5403 ὕστερον
1099 5335 1327 5399 εὐειδεῖς
1391 5335 1721 5408 θεασάμενοι
1774 5340 1873 5403 τὰς
1920 5342 1986 5393 ἐκ
2014 5342 2117 5411 τῆς

2228 5335 2510 5407 Temporis
2541 5346 2725 5391 autem
2770 5335 3040 5399 decursu,
3098 5333 3352 5403 pulchras
3396 5334 3639 5386 videntes
3680 5330 3817 5385 tilias

511 5418 623 5472 ιτοῦ
649 5420 787 5473 Κάῖν
812 5424 1131 5492 συγγενείας
1160 5424 1488 5498 θυγατέρας,
1513 5428 1606 5482 καὶ
1628 5429 2111 5499 καταθελχθέντες,

2228 5429 2353 5484 Cain
2383 5441 2432 5483 et
2460 5429 2647 5483 multis
2674 5428 2904 5483 musicis
2931 5426 3317 5482 instrumentis
3342 5426 3411 5479 ab
3438 5426 3549 5480 illis
3581 5425 3815 5479 inventis

525 5510 604 5575 ὡς
656 5512 822 5580 είκὺς,
863 5517 976 5579 τοῖς
1033 5518 1176 5588 παρ’
1225 5519 1405 5573 αὐτῶν
1459 5521 1790 5591 ἐπινοηθεῖσι
1833 5526 2115 5593 μουσικοῖς

2228 5523 2445 5590 leliniti,
2479 5521 2635 5577 Jobal
2673 5521 2817 5576 enim
2866 5536 2931 5574 ex
2968 5520 3075 5574 illis
3106 5529 3263 5574 ortus
3309 5518 3624 5588 psalterium
3653 5527 3709 5572 et
3736 5517 3815 5572 ci-

599 5627 623 5659 ⁸
655 5628 792 5711 Cen.
817 5646 903 5697 ιιι,
950 5632 1037 5687 19.
1126 5635 1169 5666 ¹⁹
1199 5634 1332 5690 ibid.
1370 5636 1458 5691 II.
1550 5638 1597 5670 ’°
1635 5636 1837 5693 Cenes.
1870 5656 1942 5703 tv,
1973 5641 2063 5693 ‘24.

2228 5639 2360 5694 Psal.
2395 5654 2593 5703 Lxxn,
2645 5637 2700 5692 6.
2778 5638 2822 5669 ³³
2860 5636 3007 5691 Psal.
3035 5652 3127 5703 cx,
3158 5636 3209 5689 I.
3288 5635 3332 5667 ³³
3360 5633 3506 5691 Psal.
3538 5647 3725 5697 um,
3750 5632 3806 5685 ‘2-

606 5837 719 5911 (ϐῆ)
753 5839 832 5895 Ex
860 5838 1206 5898 Tlieodoreto
1240 5852 1435 5913 quiest.
1484 5845 1551 5900 47
1590 5847 1645 5900 in
1684 5846 1879 5902 Cenes.
1926 5864 1979 5919 p.
