4136 6492
447 361 579 426 lilii?
1202 366 1205 369 ’
1542 369 1805 431 ΡΗΟΤΙῘ
1835 371 2031 431 PATR

2130 370 2341 431 RCHAZ
2370 369 2479 429 (ΖΡ.
3573 354 3765 420 1063

439 480 651 534 tbaram
685 479 912 549 invenit,
933 490 987 536 et
1031 489 1360 554 acceperunt
1405 480 1528 539 illas
1571 483 1675 539 sibi
1715 498 1939 549 uxores,
1970 494 2024 539 et

2130 483 2376 555 ύργάνοις
2401 484 2451 552 (6
2487 480 2596 552 γάρ
2640 478 2831 535 Ἰωϐἀλ
2875 476 2936 543 ἐξ
2989 472 3171 530 αὐτῶν
3220 473 3461 545 ἀνθήσας
3488 470 3765 544 ψαλτή-

439 574 513 627 ita
544 572 765 628 illorum
795 575 1059 630 honestas
1096 584 1356 645 corrupta
1392 574 1517 641 fuit,
1552 586 1609 632 et
1633 592 1662 630 a
1695 576 1803 633 Deo
1834 593 2023 647 poenas

2130 592 2242 646 ριον
2287 574 2382 628 καὶ
2426 572 2662 644 κιθάραν
2716 568 3072 637 κατέδειξεν),
3105 567 3454 638 ἐπεμίγησαν
3505 566 3767 626 αὑταῖς

2124 668 2218 722 καὶ
2262 667 2571 736 διέφθειραν
2605 665 2705 736 τὴν
2732 663 2941 718 οίκείαν
2971 660 3272 731 εὐγένειαν,
3318 660 3413 715 καὶ
3441 660 3767 731 θεήλατον

2121 759 2391 829 τιμωρίαν
2424 757 2689 822 ἐδέξαντο,
2707 756 2920 827 καρπὸν
2941 754 3040 825 τῆς
3069 753 3414 824 παρανομίας
3435 752 3536 822 τὴν
3581 767 3765 804 παν-

2122 849 2390 921 ωλεθρίαν
2457 848 2786 919 εύράμενοι’
2845 847 3026 901 ἐκεῖνο
3101 844 3285 915 μέντοι
3358 842 3761 914 ἐπισημήνα-

2124 941 2250 996 σθαι
2305 941 2436 1013 χρὴ,
2469 941 2545 1006 ὡς
2591 942 2689 1012 οὐχ
2749 939 2933 1002 ἁπλῶς
2979 938 3163 992 αὐτῶν
3192 938 3467 1008 ἁμαρτίαν
3493 936 3522 987 6
3566 935 3761 997 Θεῖος

2124 1032 2283 1102 λόγος
2298 1034 2622 1105 κατηγορεῖ,
2643 1032 2779 1088 ἀλλά
2803 1030 2901 1103 τὴν
2935 1029 3053 1103 μετ’
3076 1027 3396 1101 ἐπιμελείας
3418 1025 3514 1080 καὶ
3531 1042 3759 1080 σπουί

2124 1123 2222 1195 δῆς
2260 1125 2629 1197 παρανομίαν·
2659 1123 2817 1177 τοῦτο
2841 1122 2951 1194 γὰρ
2982 1121 3133 1193 δηλοῖ
3171 1120 3252 1185 τὸ,
3310 1122 3425 1184 Πᾶς
3472 1137 3561 1184 τις
3602 1119 3761 1172 δια-

438 664 896 735 transgressionis
925 681 1111 721 causa
1140 666 1445 733 dederunt,
1494 669 1850 737 perditionem
1884 679 2024 725 tota-

441 751 548 804 lem
578 752 942 809 invenientes.
973 755 1111 809 Illud
1141 764 1324 810 autem
1363 757 1593 811 omnino
1628 757 2021 814 advertendum

438 850 520 893 est
548 840 780 920 scilicet,
803 858 910 897 non
930 842 1253 913 simpliciter
1281 846 1385 901 illis
1412 846 1662 902 divinum
1690 850 1915 903 verbum
1937 865 2027 904 ex-

439 932 701 1000 probrare
730 944 1038 1003 peccatum,
1073 936 1167 991 sed
1202 936 1377 993 zelum
1405 946 1460 993 et
1487 938 1738 994 ardorem
1767 939 1818 994 in
1842 948 2026 995 trans-

443 1024 769 1093 grediendo:
820 1027 922 1082 hoc
958 1027 1104 1082 enim
1155 1028 1359 1085 indicat
1404 1028 1581 1086 illud:
1624 1029 1816 1087 Omnis
1841 1032 1933 1101 qui
1970 1032 2026 1087 in

447 1117 611 1172 corde
639 1133 742 1173 suo
769 1119 1014 1175 studiose
1051 1119 1257 1191 cogitat
1286 1120 1491 1177 malum
1531 1123 1786 1180 omnibus
1810 1124 2024 1180 diebus.

442 1208 547 1276 Qui
591 1212 738 1266 enim
778 1214 995 1282 peccati
1033 1214 1322 1270 victoriam
1364 1229 1508 1284 aegre
1542 1214 1762 1280 ferunt,
1806 1224 2029 1286 propter

441 1302 647 1358 mentis
676 1303 1128 1371 imbecillitatem,
1162 1322 1269 1361 non
1305 1316 1489 1361 autem
1527 1321 1594 1361 ex
1619 1306 1827 1361 malitia
1863 1323 2029 1378 supe-

441 1395 573 1462 rati,
604 1405 788 1466 postea
808 1407 987 1453 autem
1018 1398 1207 1453 dolore
1236 1398 1416 1455 affecti
1443 1406 1497 1454 et
1524 1409 1802 1469 gementes
1828 1398 2029 1454 habent

442 1486 830 1543 rationabilem
878 1487 1066 1559 aliquo
1108 1488 1273 1543 modo
1313 1488 1745 1544 excusationem.
1780 1487 1885 1553 Qui
1928 1503 2028 1542 au-

445 1586 555 1632 tem
574 1578 642 1633 ad
668 1578 943 1634 licentiam
963 1587 1018 1635 et
1040 1580 1309 1635 malitiam
1333 1580 1649 1636 omnimodo
1672 1579 2027 1643 inclinantur,

444 1669 519 1724 ita
551 1678 610 1724 ut
635 1685 850 1741 semper
875 1686 1047 1728 novas
1074 1671 1297 1728 malitia:
1318 1671 1470 1729 ideas
1500 1671 1829 1743 excogitent,
1850 1670 2029 1742 qualis

444 1760 620 1817 veniae
642 1761 755 1818 sint
780 1763 964 1834 digni?

588 1964 917 2033 QUA'ISTIO
957 1958 1193 2023 "CCLVI
1247 1966 1441 2040 [σοίιί.
1509 1963 1887 2030 CCLXXVI'I,‘

992 2055 1158 2111 Taur.
1183 2054 1506 2129 CCLXVII].

446 2144 584 2217 Lege
618 2148 851 2202 nondum
886 2147 1225 2219 promulgata
1278 2165 1395 2219 qua:
1428 2148 1583 2219 jubet
1631 2148 1907 2219 honorare,
1934 2161 2032 2219 pa-

512 2231 650 2289 trem
700 2227 750 2272 et
803 2230 1061 2289 matrem,
1102 2217 1384 2289 'quomodo
1428 2218 1597 2274 Citam
1651 2228 1709 2272 ut
1759 2217 2033 2287 parricida

507 2288 789 2358 judicatur
814 2288 925 2358 (55)
950 2288 973 2341 ?

2125 1218 2327 1272 νοεῖται
2351 1218 2410 1271 ἐν
2436 1219 2505 1289 τῇ
2536 1216 2736 1288 καρδίᾳ
2760 1214 2927 1270 αὐτοῦ
2974 1212 3250 1284 ἐπιμελῶς
3274 1212 3367 1267 ἐπὶ
3395 1213 3465 1267 τά
3490 1210 3758 1282 πονηρά

2127 1308 2309 1372 πάσας
2336 1308 2437 1372 τὰς
2468 1308 2704 1379 ἡμέρας·
2735 1309 2785 1361 οἱ
2836 1308 2936 1379 μὲν
2984 1308 3096 1379 γὰρ
3124 1305 3579 1377 δυσχεραίνοντες
3624 1303 3757 1372 τῆς

2127 1398 2402 1470 ἁμαρτίας
2430 1398 2528 1470 τὴν
2557 1397 2884 1470 ὑπερϐολὴν,
2915 1396 3220 1468 ἡττώμενοι
3249 1397 3307 1451 δέ
3336 1397 3425 1450 διὰ
3484 1396 3599 1466 τὴν
3631 1394 3754 1448 τοῦ

2126 1488 2220 1542 νοῦ
2265 1488 2559 1559 ρᾳθυμίαν,
2590 1488 2651 1541 οὐ
2696 1487 2979 1559 πονηρίαν,
3015 1485 3135 1541 εἷτα
3158 1486 3384 1559 ὕστερον
3414 1485 3756 1555 ἀλγοῦντες

2124 1583 2225 1636 καὶ
2253 1580 2531 1644 στένοντες
2560 1579 2742 1650 ἔχουσί
2785 1596 2907 1633 τινα
2933 1580 3161 1652 μετρίαν
3204 1579 3468 1650 ἀμηγέπη
3506 1578 3754 1649 παραί-

2126 1686 2306 1742 τησιν·
2332 1671 2381 1724 οί
2410 1669 2467 1723 δὲ
2495 1670 2577 1732 είς
2602 1668 2899 1723 ἀκολασίαν
2924 1670 3019 1723 καὶ
3051 1669 3319 1741 πονηρίαν
3359 1670 3752 1724 παντάπασιν

2129 1763 2542 1826 ἀποκλίναντες,
2580 1760 2723 1815 ὥστε
2752 1762 2848 1815 καὶ
2871 1764 3251 1834 προσεπινοεῖν
3293 1762 3573 1834 νεωτέρας
3628 1780 3752 1816 κα-

2059 1863 2105 1920 Β
2131 1855 2258 1920 κίας
2290 1856 2454 1924 ἰδέας,
2493 1854 2658 1920 ποίας
2688 1856 2827 1920 ἄξιοι
2860 1853 3235 1925 συγγνώμηςς

2623 1965 2961 2021 crurum:
2993 1964 3177 2034 me".

2134 2145 2249 2200 Τοῦ
2288 2144 2482 2213 νόμου
2510 2212 2517 2213 ί
2530 2141 2616 2211 μή

2200 2214 2312 2269 τὸν
2360 2211 2597 2286 πατέρα
2643 2212 2745 2286 καὶ
2800 2211 2918 2279 τὴν
2965 2211 3213 2284 μητέρα.
3259 2211 3386 2281 πῶς
3420 2217 3453 2269 ό
3475 2211 3617 2286 Χὰιὶ
3649 2211 3743 2281 ὡς

2199 2283 2567 2352 πατραλοίας
2590 2283 2849 2351 κρίνεται
2862 2296 2883 2346 ;

2623 2156 2713 2195 πω
2728 2140 3020 2222 ’τεθᾷντος
3078 2141 3147 2222 ἧς
3176 2140 3747 2222 διαγρρετξεξ,ῖιμᾷν

813 2400 959 2454 Edita
983 2417 1011 2453 a
1045 2402 1173 2453 Malo
1204 2403 1262 2467 (l.
1290 2414 1334 2453 c.
1360 2416 1413 2466 p.
1438 2400 1551 2463 123,
1580 2400 1689 2462 124,
1712 2415 1761 2465 q.
1786 2400 1921 2464 255).
1946 2426 2007 2438 —
2036 2398 2131 2450 Cur
2150 2397 2300 2450 Cbam
2320 2395 2569 2460 parricidii
2590 2408 2710 2446 rens
2721 2395 2985 2459 judicatus.
3019 2396 3143 2448 Gen.
3168 2409 3241 2459 .x,
3262 2398 3341 2448 28.

514 2482 850 2539 Naturaliter
884 2484 940 2539 in
985 2484 1153 2541 corde
1192 2483 1536 2540 necessarias
1576 2484 1723 2552 leges
1753 2482 2032 2552 inscripsit

446 2577 612 2631 Deus.
650 2574 743 2631 Sic
794 2575 931 2631 Cain
977 2575 1380 2633 condemnavit.
1439 2577 1570 2647 quia
1626 2574 1781 2630 illum
1835 2584 2031 2629 natura

445 2670 685 2724 erudivit
738 2669 884 2739 quod
938 2668 1297 2723 homicidium
1344 2679 1428 2725 est
1472 2669 1736 2734 vetitum,
1790 2675 2033 2723 attamen

444 2761 577 2816 dolo
605 2770 763 2815 utens
790 2770 851 2815 ut
894 2759 1214 2829 adiumento
1244 2760 1405 2832 longe
1436 2777 1468 2816 a
1506 2762 1827 2832 parentibus
1862 2761 2037 2816 abdu-

442 2864 578 2907 cens
607 2849 831 2903 fratrem
864 2849 1159 2914 interfecit,
1192 2858 1249 2905 et
1292 2849 1402 2904 Deo
1445 2850 1836 2921 interrogante,
1873 2868 1893 2903 ι
1923 2847 2028 2905 Ubi

444 2949 532 2996 est
549 2940 683 3004 Abel
712 2938 881 2994 frater
906 2948 1031 2994 tuus
1049 2938 1116 3005 “,
1154 2958 1175 2993 ι
1214 2939 1359 2996 scire
1385 2948 1566 3013 negat,
1592 2940 1873 2995 evidenter
1900 2940 2030 3010 quia

446 3030 654 3087 sciebat
686 3030 892 3085 malum
923 3044 1045 3085 esse
1075 3030 1221 3100 quod
1253 3040 1585 3102 patraverat,
1616 3030 1904 3088 convictus
1932 3047 2034 3086 au-

447 3134 558 3177 tem
586 3138 615 3176 a
643 3122 794 3193 justo
817 3119 1010 3177 Iudice
1032 3120 1325 3179 confessus
1356 3131 1439 3179 est
1483 3124 1665 3194 majus
1694 3139 1857 3179 suum
1902 3138 2029 3180 esse

2197 2480 2278 2550 Τῇ
2332 2477 2493 2548 φύσει
2541 2479 2666 2543 τοὺς
2718 2478 3048 2547 ἀναγκαίους
3098 2479 3295 2550 νόμους
3349 2479 3676 2536 ἐντέθεικεν
3708 2483 3741 2537 ό

2127 2569 2281 2635 Θεός·
2312 2570 2457 2624 οὕτω
2510 2570 2601 2625 τὸν
2628 2569 2769 2624 Κάῖν
2807 2570 3147 2641 κατέκρινεν,
3196 2569 3497 2641 ἐπειδήπερ
3549 2570 3736 2624 αὐτὸν

2126 2664 2162 2734 ή
2192 2662 2355 2733 φύσις
2399 2661 2679 2715 ἐδίδασκεν
2718 2660 2797 2726 ὡς
2843 2662 2873 2715 6
2920 2662 3080 2732 φόνος
3131 2663 3467 2733 παράνομον·
3515 2662 3737 2716 αὐτίκα

2129 2758 2262 2827 γοῦν
2292 2756 2430 2828 δόλῳ
2460 2757 2808 2829 χρησάμενος
2847 2755 3116 2827 συνεργῷ,
3147 2757 3337 2828 πόρρω
3366 2756 3479 2811 τῶν
3529 2773 3733 2826 γεγεν-

2130 2849 2377 2923 νηκότων
2427 2849 2660 2919 ἀπάγων
2694 2849 2873 2903 ἀνεῖλε
2903 2848 2995 2901 τὸν
3026 2848 3275 2917 ἀδελφὸν,
3315 2848 3413 2902 καὶ
3443 2848 3543 2901 τοῦ
3576 2847 3733 2901 Θεοῦ

2131 2940 2560 3012 πυνθανομένου,
2599 2958 2618 2992 ι
2645 2939 2756 2994 Ποῦ
2784 2938 2950 2993 ’Δϐελ
2968 2940 2997 2993 ὁ
3025 2940 3253 3010 ἀδελφός
3284 2957 3398 3004 σου,
3427 2957 3445 2991 ι
3474 2938 3727 3010 ἠρνήθη,

2128 3032 2375 3105 δηλονότι
2409 3030 2487 3095 ὡς
2531 3031 2895 3102 ἐπιστάμενος
2921 3032 3090 3087 κακὸν
3126 3030 3266 3085 εἶναι
3297 3031 3358 3084 τὸ
3399 3030 3685 3101 τολμηθὲν
3711 3046 3729 3061 ·

2131 3124 2409 3196 ἐλεγχθεὶς
2459 3123 2518 3178 δὲ
2576 3123 2681 3178 ὑπὸ
2709 3122 2805 3177 τοῦ
2842 3124 3052 3178 δικαίου
3104 3123 3330 3194 Κριτοῦ,
3360 3121 3731 3193 ὡμολόγησεν

446 3223 730 3284 peccatum
754 3228 920 3283 quam
968 3222 1026 3269 ut
1055 3215 1269 3270 veniam
1310 3226 1636 3271 mereretur.
1675 3234 1695 3268 ι
1730 3214 1905 3286 Major
1946 3224 2031 3271 est

2132 3218 2275 3288 ὑπὲρ
2297 3217 2630 3289 συγγνώμην
2651 3218 3053 3289 ἡμαρτηκέναιο
3081 3214 3329 3279 «Μείζων
3346 3214 3455 3286 γὰρ
3473 3216 3507 3285 ἡ
3536 3215 3732 3285 ἀμαρ-

444 3304 590 3360 enim
619 3303 879 3373 iniquitas
922 3319 1038 3359 mea
1085 3320 1251 3374 quam
1300 3314 1358 3360 nt
1389 3306 1605 3361 veniam
1635 3321 1851 3361 merear
1887 3306 1955 3360 ".
2004 3322 2025 3359 ι

2134 3278 2488 3378 τίαΙμουτοῦ
2819 3278 2909 3379 με’
2932 3327 2951 3360 ι
2992 3308 3087 3361 καὶ
3124 3307 3306 3380 μέντοι
3546 3278 3730 3376 ’Ᾰδάμ

446 3395 616 3450 Porro
673 3396 789 3466 ipse
847 3396 1019 3451 Adam
1076 3397 1319 3452 divinam
1371 3398 1718 3468 praesentiam
1786 3398 2032 3453 sentiens

446 3501 566 3541 sese
595 3486 931 3542 abscondere
963 3487 1215 3552 tentavit,
1245 3487 1427 3543 sciens
1457 3496 1606 3543 certe
1637 3487 1785 3558 quod
1820 3485 2030 3542 furtum

446 3579 650 3634 malum
689 3588 795 3635 est.
833 3578 927 3636 Sic
970 3580 1141 3636 Cliam
1176 3580 1456 3651 parricidii
1490 3579 1900 3636 accusationem
1946 3578 2031 3633 in-

444 3671 658 3736 currit,
709 3679 933 3741 propter
984 3672 1120 3742 legis
1185 3671 1456 3727 naturalis
1507 3670 2027 3740 transgressionem.

446 3759 605 3826 Quod
634 3775 763 3815 vero
790 3761 1063 3815 honorare
1086 3770 1338 3830 parentes
1366 3770 1562 3815 natura
1584 3760 1796 3827 edocet,
1823 3768 2035 3816 testan—

447 3862 539 3908 tur
578 3852 751 3908 Cbam
794 3850 995 3909 fratres
1038 3852 1133 3923 qui
1181 3868 1307 3908 cum
1367 3851 1539 3908 multo
1584 3853 1792 3923 pudore
1823 3861 2033 3922 patrem

447 3957 800 4015 operuerunt.

566 4058 897 4129 ρυΑεεΤιο
963 4059 1187 4117 CCLV"
1266 4060 1456 4129 [CoisL
1518 4058 1864 4118 CCLXXVIII
1889 4100 1907 4127 ,

966 4132 1131 4187 Taur.
1180 4129 1525 4204 CCLXVIII].

450 4221 650 4289 Quare,
684 4221 853 4280 Citam
902 4224 957 4278 in
988 4234 1262 4295 peccatum
1288 4223 1466 4295 lapso,
1508 4223 1654 4293 ﬁlius
1682 4222 1832 4279 illius
1860 4223 2031 4279 male.-

1041 4295 1256 4348 dicatur
1284 4294 1396 4365 (55)
1418 4295 1442 4348 ?

2128 3402 2229 3473 τῆς
2259 3400 2411 3464 θείας
2441 3400 2766 3470 ἐπιφανείας
2815 3399 3137 3470 αἰσθόμενος
3193 3398 3459 3470 ἐπειράθη
3509 3398 3726 3462 λαθεῖν,

2130 3494 2225 3546 καὶ
2255 3492 2409 3556 εἰδὼς
2433 3492 2602 3565 ὁτιδὴ
2627 3492 2689 3545 τὸ
2729 3492 2982 3546 κλέπτειν
3023 3490 3213 3545 κακόν
3249 3489 3392 3543 οὕτω
3438 3489 3505 3560 δὴ
3540 3489 3729 3557 ὀΧάμ

2128 3585 2232 3656 τὴν
2260 3583 2356 3640 τοῦ
2388 3585 2720 3658 πατραλοίου
2768 3582 3108 3658 κατηγορίαν
3156 3581 3375 3649 ἐδέξατο
3412 3580 3489 3643 ὡς
3532 3596 3725 3651 παρα-

2132 3674 2235 3739 ϐὰς
2258 3675 2350 3729 τὸν
2395 3676 2497 3747 τῆς
2541 3674 2757 3745 φύσεως
2790 3674 2985 3745 νόμον·
3016 3673 3099 3728 ὅτι
3123 3672 3181 3727 δὲ
3213 3672 3309 3727 καὶ
3346 3671 3409 3726 τὸ
3437 3671 3727 3742 γεραίρειν

2132 3767 2262 3831 τοὺς
2290 3767 2739 3838 γεγεννηκόταςή
2772 3767 2935 3837 φύσις
2963 3765 3233 3829 ἐδίδασκε,
3267 3762 3644 3835 μαρτυροῦσιν
3675 3760 3727 3813 oi

2130 3857 2230 3912 τοῦ
2255 3859 2388 3930 Χάμ
2416 3857 2637 3929 ἀδελφοὶ
2667 3859 2718 3912 οἱ
2754 3857 2895 3929 μετά
2927 3854 3127 3927 πολλῆς
3163 3854 3346 3920 αίδοῦς
3375 3854 3467 3909 τὸν
3501 3853 3726 3924 πατέρα

2134 3950 2605 4023 συγκαλύψαντες.

2652 4066 2993 4127 ΕΡΩΤΗΣῘΣ
3037 4066 3197 4120 ΣΝΖ¹.

2147 4230 2211 4285 Τί
2242 4229 2469 4298 δήποτε
2521 4228 2629 4284 τοῦ
2674 4228 2808 4298 Χὰμ
2836 4225 3211 4298 ἐπταικότος,
3258 4221 3292 4276 ὸ
3312 4218 3558 4275 ἐκείνου
3582 4215 3725 4281 παῖς

2807 4296 2998 4366 ἠρόθη
3013 4312 3034 4363 ς

1006 4409 1149 4460 Edita
1185 4424 1211 4458 a
1246 4407 1374 4460 Maio
1402 4410 1459 4471 (Ι.
1482 4422 1525 4460 c.
1553 4423 1605 4472 p.
1641 4410 1749 4473 124,
1784 4424 1837 4474 q.
1861 4411 1993 4476 256).
2023 4440 2085 4450 --
2106 4414 2184 4466 De
2214 4416 2317 4466 tilio
2338 4414 2533 4467 Cbaami
2566 4410 2845 4478 peccatoris
2881 4407 3148 4460 maledicto

518 4494 723 4551 Omnes
760 4510 890 4562 una,
937 4495 1090 4550 finito
1123 4496 1356 4562 diluvio,
1387 4497 1588 4553 divina:
1633 4498 2031 4556 benedictionis

2208 4504 2378 4574 Κοινῇ
2408 4506 2611 4567 πάντες
2641 4499 2784 4572 μετά
2810 4496 2910 4570 τὴν
2934 4496 3030 4551 τοῦ
3054 4489 3449 4564 κατακλυσμοῦ
3487 4490 3721 4554 παῦλαν,

449 4585 674 4641 fuerunt
697 4587 1012 4657 participes.
1051 4586 1261 4644 Timuit
1296 4604 1427 4659 ergo
1457 4588 1569 4645 Noe
1597 4589 2034 4647 maledictioneni

450 4678 711 4735 inducere
736 4679 790 4734 in
817 4681 1055 4751 aliquem
1081 4683 1176 4751 qui
1205 4680 1403 4736 divinae
1429 4681 1824 4737 benedictionis
1856 4682 2039 4740 fuerat

448 4774 729 4843 particeps
773 4789 788 4827 :
830 4774 991 4844 cujus
1026 4789 1195 4830 causa
1237 4774 1380 4829 banc
1412 4774 1524 4831 lilio
1571 4774 1718 4832 illius
1764 4775 2036 4847 deposuit,

449 4874 503 4919 et
537 4866 652 4920 haec
674 4866 886 4935 punitio
910 4866 1061 4936 jnsta
1088 4878 1192 4923 est.
1227 4866 1365 4934 Quia
1393 4868 1538 4923 enim
1562 4883 1688 4923 cum
1716 4879 1860 4925 esset
1890 4868 2036 4926 ﬁlius

452 4968 664 5027 patrem
692 4958 940 5026 offendit,
972 4974 1071 5029 per
1090 4959 1527 5015 maledictionem
1561 4959 1654 5013 filii
1689 4960 2028 5030 punitionem

451 5050 679 5117 accepit.
729 5050 810 5105 Ad
840 5051 945 5105 hoc
970 5060 1149 5104 autem
1181 5060 1234 5105 et
1282 5050 1418 5105 illud
1467 5050 1925 5107 considerandum
1954 5061 2040 5107 est

449 5141 618 5209 quod,
637 5140 683 5197 si
702 5141 817 5212 ipse
835 5142 1007 5197 Citam
1033 5158 1119 5197 ma
1133 5143 1478 5199 ledictionem
1500 5143 1817 5214 accepisset,
1834 5145 1885 5199 in
1904 5159 2039 5199 om—

450 5248 574 5287 nem
605 5248 760 5289 suam
794 5235 1108 5305 progeniem
1138 5251 1299 5307 poena
1333 5235 1741 5291 extenderetur.
1780 5234 1950 5291 Porro
1970 5252 2037 5292 ex

450 5325 545 5380 illo
574 5328 681 5383 orti
718 5336 847 5384 sunt
873 5327 1157 5400 Ethiopes
1183 5341 1237 5385 et
1269 5327 1508 5399 Egyptii
1540 5338 1594 5385 et
1626 5327 1793 5401 Libya
1826 5337 1935 5385 tota
1983 5339 2039 5384 et

451 5415 1116 5477 thniciaetPalzestina.
1133 5418 1211 5475 Ne
1224 5429 1406 5476 autem
1419 5436 1582 5477 omne
1595 5436 1767 5490 genus
1782 5435 1939 5490 pmna
1953 5429 2035 5475 at-

526 5548 571 5580 ’⁸
596 5550 795 5608 Genes.
826 5567 899 5620 tv,
922 5553 979 5609 9.“
1056 5554 1103 5585 ”
1130 5552 1243 5609 ibid
1305 5553 1392 5608 13.

2135 4594 2234 4666 τῆς
2268 4594 2419 4658 θείας
2455 4592 2749 4665 μετέλαχον
2774 4590 3043 4659 εύλογίας²
3079 4585 3353 4658 τολμηρὸν
3393 4584 3577 4639 τοίνυν
3618 4582 3695 4636 ὑπ

2134 4685 2327 4741 ἐλαϐεν
2356 4689 2385 4741 6
2424 4686 2548 4741 Νῶε
2593 4685 2824 4754 ἐπάγειν
2849 4683 2989 4755 ἀρὰν
3042 4681 3122 4753 τῷ
3161 4680 3261 4751 τῆς
3289 4677 3441 4740 θείας
3471 4676 3721 4745 εὐλογίας

2136 4778 2499 4851 μετειληχὸτιο
2550 4777 2744 4832 τούτου
2798 4776 2959 4847 χάριν
2987 4773 3066 4844 τῷ
3098 4771 3310 4825 ἐκείνου
3340 4769 3495 4824 παιδὶ
3518 4768 3722 4837 ταύτην

2133 4870 2481 4943 περιέθηκενο
2511 4869 2625 4940 ἔχει
2676 4870 2732 4923 δὲ
2770 4869 2805 4939 ή
2853 4866 3094 4940 τιμωρία
3142 4864 3205 4917 τὸ
3266 4862 3496 4917 δίκαιον·
3535 4859 3717 4926 ἐπειδὴ

2138 4967 2250 5035 γάρ
2284 4963 2400 5028 υίὸς
2429 4963 2506 5016 ὢν
2549 4962 2856 5032 ἐξήμαρτεν
2907 4962 2988 5022 είς
3028 4956 3266 5027 πατέρα.
3325 4955 3413 5009 διὰ
3468 4953 3570 5023 τῆς
3627 4949 3716 5004 τοῦ

2137 5056 2326 5121 παιδὸς
2356 5056 2496 5128 ἀρᾶς
2528 5055 2743 5125 δέχεται
2769 5052 3060 5123 τιμωρίαν·
3106 5049 3245 5121 πρὸς
3274 5047 3333 5100 δὲ
3361 5045 3563 5117 τούτῳ,
3595 5058 3719 5097 σκο-

2136 5148 2337 5219 πητέον
2357 5149 2594 5202 κάκεῖνο·
2623 5147 2699 5210 ὠς
2731 5147 2780 5199 εἰ
2810 5145 2969 5207 αὐτὸς
2987 5145 3016 5197 6
3039 5143 3169 5212 Χάμ
3196 5140 3415 5206 ἐδέξατο
3438 5138 3537 5211 τὴν
3560 5135 3715 5207 ἀρὰν,

2135 5240 2215 5301 είς
2244 5238 2364 5292 ὅλον
2394 5239 2461 5292 ἂν
2486 5237 2638 5309 διέϐη
2662 5237 2723 5291 τὸ
2760 5237 2914 5306 γένος
2940 5237 2973 5307 ἡ
3021 5232 3282 5305 τιμωρίαι
3334 5233 3399 5286 ἐκ
3429 5230 3485 5283 δέ
3530 5228 3715 5282 τούτου

2132 5330 2477 5401 ἐϐλάστησαν
2504 5332 2760 5393 Αἰθίοπες
2798 5330 2894 5383 καὶ
2950 5326 3245 5396 Αίγύπτιοι
3284 5326 3380 5379 καὶ
3412 5321 3588 5391 Λιϐύη
3619 5317 3718 5371 πᾶ-

2144 5436 2213 5473 σα
2239 5422 2335 5475 καὶ
2362 5421 2583 5492 Φοινίκη
2612 5421 2705 5474 καὶ
2733 5419 3090 5488 Παλαιστίνη-
3133 5418 3221 5472 ἴνα
3253 5416 3435 5471 τοίνυν
3469 5411 3546 5485 μὴ
3575 5412 3713 5466 ἀπαν

1980 5666 2190 5727 NOTAE
2201 5706 2214 5719 .

532 5780 641 5849 (53)
678 5782 750 5835 Bx
776 5783 1123 5839 'l‘lieocioreto
1150 5801 1205 5857 (ι.
1234 5785 1299 5840 57
1328 5786 1379 5839 in
1410 5786 1607 5841 Cenes.
1640 5800 1689 5853 p.
1727 5783 1846 5840 139.

2207 5783 2318 5853 (Si)
2358 5782 2434 5839 Ex
2470 5781 2818 5839 Theomircto
2847 5795 2902 5852 q.
2936 5779 3005 5834 58
3046 5779 3099 5834 in
3127 5776 3325 5835 Gcnes.
3349 5794 3403 5848 p.
3434 5775 3559 5831 162.
