4136 6392
415 360 550 426 2071
1551 358 1813 419 PlIOTlI
1857 357 2021 417 PAT]

2119 358 2367 419 lRCH/E
2392 358 2481 418 (ΖΡ
2622 390 2629 391 ί
3561 350 3697 415 1072

409 482 604 538 audire
651 480 925 551 potuisses
959 477 1288 542 patriarcha:
1324 475 1613 532 dicentes:
1656 496 1676 528 ι
1705 474 1821 531 Rex
1850 489 1908 529 es
1949 484 2007 529 tu

2119 475 2345 548 Χεϐρὼν
2391 476 2706 531 οἰκούντων·
2744 468 2821 530 ὧν
2873 474 2988 527 ἔστι
3037 475 3175 546 πρὸς
3226 472 3318 527 τδν
3346 472 3700 543 πατριάρχην

412 590 443 629 a
476 573 588 630 Deo
618 573 825 629 missus
875 571 1071 637 nobis;
1140 569 1194 624 in
1237 567 1431 624 electis
1485 568 1755 639 sepulcris
1803 565 2010 622 nostris

2119 570 2338 624 ἱκοῦσαι
2384 569 2675 638 λεγόντων·
2704 585 2723 619 ι
2759 567 3026 628 Βασιλεὺς
3056 560 3107 619 εἷ
3158 566 3223 618 σὺ
3272 564 3426 634 παρὰ
3456 563 3595 617 Θεοῦ
3638 565 3700 617 ἐν

412 667 578 738 sepeli
607 679 811 735 corpus
849 673 1026 718 tuum.
1053 681 1071 714 ι

2119 665 2260 734 ἡμῖν,
2312 664 2371 715 ἐν
2408 664 2523 725 τοῖς
2557 661 2841 724 ἐκλεκτοῖς
2875 658 3170 732 μνημείοις
3214 657 3376 730 ήμῶν
3407 656 3581 728 θάψον
3606 656 3700 710 τὸν

2102 754 2299 827 νεκρόν
2332 771 2450 809 σου.
2488 774 2508 805 ι

619 864 954 934 ρυΑῖδτιο
986 864 1192 921 CCLIX
1226 862 1417 936 [CoisL
1454 861 1787 932 CGLXXX].

414 960 587 1026 Quam
662 961 727 1013 ab
786 975 1007 1014 causam
1077 957 1332 1011 eluctetm
1407 953 1663 1010 adversus
1743 956 2007 1015 Jacobnm

1014 1027 1233 1095 angelus
1263 1026 1398 1097 (56).

2638 868 2977 924 ΕΡΩΤΗΣΙΣ
3000 865 3171 921 ΣΝΘθ.

2146 962 2328 1030 Τίνοςι
2341 962 2554 1018 ἕνεκεν
2580 962 2897 1017 ἐκπαλαίει
2929 957 3009 1025 τῷ
3041 957 3258 1013 Ἰακὼό
3296 959 3330 1012 ὁ
3362 955 3616 1026 ἅγγελος
3641 968 3666 1019 ;

750 1139 892 1189 Edita
915 1150 944 1187 a
975 1134 1101 1185 Maio
1125 1132 1183 1198 (l.
1216 1145 1262 1184 c.
1289 1147 1338 1197 p.
1367 1133 1476 1195 125,
1510 1133 1619 1195 126,
1640 1147 1690 1196 q.
1713 1134 1850 1198 258).
1880 1162 1943 1174 —
1960 1138 2037 1188 De
2060 1140 2229 1202 angeli
2255 1152 2368 1190 cum
2391 1138 2577 1191 Jacobo
2608 1140 2901 1191 certamine.
2934 1136 3063 1189 Gen.
3093 1148 3256 1197 xxxii,
3276 1135 3357 1185 24.

482 1248 623 1305 Cum
660 1246 890 1302 fratrem
932 1246 1153 1301 timeret
1181 1244 1414 1314 angelus
1446 1244 1497 1299 ei
1538 1224 1797 1300 virtutem
1837 1246 2011 1301 addit.

416 1343 618 1399 Eadem
664 1341 832 1396 etiam
885 1338 954 1395 de
984 1352 1153 1394 causa
1197 1338 1329 1392 huic
1373 1336 1664 1392 victoriam
1720 1338 2013 1405 concessit,

418 1436 535 1490 hate
582 1431 976 1505 propemodum
1024 1430 1213 1486 dicens
1252 1446 1267 1483 :
1310 1428 1415 1495 Qui
1463 1444 1552 1484 me
1581 1428 1797 1494 vicisti,
1833 1431 2016 1485 homi-

418 1542 543 1582 nem
574 1525 778 1580 times?
818 1524 899 1579 Ne
954 1537 1089 1578 vero
1144 1522 1236 1578 ille
1280 1520 1592 1592 superbiret
1640 1521 1810 1578 Deum
1867 1538 1899 1578 a
1956 1538 2016 1580 se

419 1617 624 1672 victum
658 1616 831 1671 fuisse
860 1623 1063 1685 putans
1090 1621 1241 1668 tactu
1290 1613 1516 1668 femoris
1542 1614 1770 1685 angelus
1810 1615 2010 1669 volun-

420 1708 615 1762 tariam
657 1706 830 1762 fuisse
872 1705 1086 1761 cladem
1137 1719 1296 1760 suam
1332 1704 1597 1759 ostendit.
1638 1702 1813 1761 Tactn
1861 1705 2008 1761 enim

420 1797 647 1854 femoris
694 1798 771 1853 illi
830 1805 1109 1866 torporem
1166 1796 1411 1851 obducit.
1468 1794 1769 1867 Postquam
1823 1806 2007 1853 autem

421 1891 601 1962 angeli
628 1890 722 1962 qui
752 1890 855 1946 sibi
886 1898 1215 1961 apparuerat
1243 1890 1544 1959 potentiam
1573 1890 1747 1955 novit,
1769 1889 2011 1948 Jacobus

2184 1251 2390 1306 Δεδιότι
2421 1252 2513 1306 τὸν
2533 1250 2766 1321 ἀδελφὸν
2796 1248 2999 1319 θάρσος
3030 1246 3298 1317 ἐντίθησι·
3323 1242 3414 1299 διά
3430 1260 3513 1298 τοι
3538 1239 3705 1295 τοῦτο

2114 1344 2211 1395 καὶ
2246 1342 2349 1413 τῆς
2378 1343 2535 1412 νίκης
2591 1340 2743 1413 αὐτῷ
2788 1336 3255 1413 παρακεχώρηκε*
3302 1334 3586 1406 μονονουχὶ
3618 1331 3705 1384 λέ-

2114 1451 2249 1500 γων·
2279 1434 2411 1506 Ἐμὲ
2433 1434 2748 1505 νενίκηκας,
2773 1434 2869 1488 καὶ
2900 1432 3188 1505 ἄνθρωπον
3217 1430 3499 1490 δέδοικας;
3536 1426 3623 1480 ίνα
3643 1424 3703 1478 δὲ

2118 1528 2194 1601 μὴ
2236 1528 2379 1600 μέγα
2413 1530 2585 1599 φρονῇ
2616 1527 2776 1594 δόξας
2805 1525 3155 1597 νενικηκέναι
3177 1522 3331 1589 Θεὸν,
3362 1523 3430 1592 τῇ
3462 1522 3576 1591 ἀφῇ
3607 1517 3704 1572 τοῦ

2119 1620 2297 1692 μηροῦ
2324 1621 2385 1675 τὸ
2408 1621 2716 1675 ἐθελούσιον
2746 1620 2846 1690 τῆς
2870 1618 3043 1690 ἥττης
3062 1616 3325 1687 ἐδήλωσε·
3355 1616 3423 1686 τῇ
3454 1612 3565 1684 γὰρ
3589 1612 3703 1681 ἀφῇ

2115 1709 2212 1763 τοῦ
2240 1710 2417 1781 μηροῦ
2447 1711 2550 1781 τὴν
2583 1709 2793 1780 νάρκην
2823 1707 3141 1779 εἰργάσατο.
3177 1704 3347 1769 Γνοὺς
3374 1703 3433 1758 δὲ
3455 1703 3551 1756 τοῦ
3578 1703 3705 1755 ἐπι-

2116 1803 2380 1873 φανέντος
2402 1803 2501 1876 τὴν
2527 1802 2780 1875 δύναμιν,
2813 1801 2913 1874 τὴν
2942 1800 3195 1870 εὐλογίαν
3245 1800 3411 1854 αἰτεῖ·
3458 1797 3488 1850 6
3518 1796 3576 1849 δὲ
3611 1794 3707 1848 καὶ

2116 1895 2216 1967 τὴν
2254 1896 2475 1966 αῑτησιν
2518 1895 2705 1949 δίδωσι
2746 1895 2843 1949 καὶ
2896 1894 2994 1967 τὴν
3035 1891 3413 1965 προσηγορίαν
3458 1886 3701 1959 ἀμείϐει·

422 1981 862 2038 benedictionem
911 1981 981 2037 ab
1033 1996 1101 2037 eo
1155 1981 1371 2051 poscit,
1428 1997 1592 2051 quam
1654 1982 1746 2038 ille
1804 1984 2010 2053 petenti

2119 1963 2351 2058 διέμεινε
2373 1963 2433 2041 δὲ
2470 1988 2567 2043 καὶ
2608 1985 2749 2060 μετὰ
2782 1986 2882 2058 τὴν
2920 1963 3252 2057 ἐγρήγορσιν
3292 1985 3320 2037 6
3367 1981 3541 2055 μηρδς
3575 1997 3709 2051 ναρ-

420 2074 654 2140 annuit;
696 2075 928 2145 ejusque
970 2089 1167 2129 nomen
1204 2081 1402 2129 mutat.
1442 2072 1730 2131 Remansit
1771 2073 1855 2131 vel
1890 2083 2014 2145 post

419 2166 665 2237 vigiliam
721 2167 900 2222 femur
952 2167 1076 2238 ejus
1135 2174 1356 2235 torpore
1404 2165 1662 2222 affectum
1720 2183 1784 2223 ac
1822 2167 2016 2223 leviter

421 2259 707 2324 claudum,
741 2275 811 2314 ne
838 2275 1034 2315 vanam
1068 2258 1365 2330 imaginem
1406 2261 1634 2317 duceret
1665 2259 1772 2316 hoc
1813 2261 2013 2317 visum.

421 2352 542 2418 Qua
613 2351 681 2405 de
737 2366 908 2407 causa
972 2367 1099 2408 cum
1160 2352 1564 2423 interrogasset
1611 2367 1723 2422 quo
1786 2351 2017 2422 angelus

420 2442 789 2514 appellaretur
834 2446 1096 2513 nomine,
1147 2459 1258 2500 non
1310 2445 1492 2500 solum
1543 2444 1737 2514 petitio
1768 2459 1877 2498 non
1924 2460 2018 2498 ex-

421 2536 666 2601 auditur,
696 2536 789 2591 sed
822 2536 987 2591 etiam
1014 2537 1129 2606 ipse
1151 2537 1469 2607 increpatur
1491 2576 1507 2602 ,
1539 2543 1600 2591 ut
1631 2545 1844 2591 naturae
1863 2552 2016 2591 men-

420 2643 608 2683 suram
650 2636 1052 2698 transgressus.
1106 2646 1125 2680 t
1153 2627 1286 2695 Cur,
1319 2628 1532 2698 inquit,
1582 2629 1786 2700 quaeris
1818 2645 2016 2685 nomen

423 2736 604 2775 meum
624 2720 686 2775 *°.
706 2741 724 2773 ι
753 2720 1062 2791 Mirumque
1082 2729 1165 2776 est
1188 2728 1352 2790 atque
1377 2721 1467 2776 hic
1491 2722 1771 2777 notatione
1792 2721 2018 2792 dignum

422 2814 572 2882 quod
626 2812 882 2867 eumdem
930 2813 1224 2881 appellavit
1270 2820 1325 2866 et
1378 2813 1662 2867 hominem
1709 2820 1765 2867 et
1814 2811 2016 2879 Deum,

422 2907 560 2962 dixit
610 2907 758 2963 enim
794 2926 809 2961 :
864 2924 883 2958 ι
924 2905 1007 2961 Tu
1047 2907 1140 2977 qui
1179 2915 1375 2961 contra
1427 2904 1600 2961 Deum
1641 2905 1803 2961 fortis
1845 2905 2017 2972 fuisti,

423 3009 616 3054 contra
639 2998 896 3055 homines
943 2998 1291 3069 praevalebis,
1330 3016 1350 3049 ι
1402 2998 1733 3068 vocavitque
1778 2995 2021 3054 Jacobus

424 3106 622 3144 nomen
655 3090 758 3146 loci
788 3089 935 3145 illius
957 3088 1226 3156 Phanuel,
1251 3089 1439 3145 dicens
1466 3108 1480 3144 :
1507 3086 1666 3144 «Vidi
1693 3087 1864 3144 Deum
1884 3088 2024 3145 facie

423 3184 493 3238 ad
544 3184 763 3249 faciem,
794 3194 851 3238 et
907 3182 1059 3238 salva
1105 3184 1247 3238 facta
1277 3191 1364 3238 est
1392 3182 1578 3236 anima
1624 3197 1743 3237 mea
1783 3183 1849 3236 ²⁹.
1896 3200 1914 3234 ι
1952 3212 2023 3222 -

431 3289 454 3323 ο
491 3270 769 3341 Ortusque
796 3281 879 3326 est
908 3270 958 3325 ei
982 3271 1167 3325 statim
1197 3270 1278 3326 sol
1299 3278 1589 3339 postquam
1640 3277 2020 3339 tranSgressus

423 3374 508 3421 est
539 3365 867 3422 Phanuel”.
901 3384 921 3420 ι
971 3365 1119 3433 Quas
1162 3365 1234 3421 ob
1262 3381 1462 3422 causas
1507 3364 1864 3436 intelligimus
1896 3364 2021 3420 uni-

425 3453 670 3522 genitum
708 3451 909 3509 Filium
955 3453 1042 3510 hic
1077 3451 1248 3509 Jacob
1276 3454 1620 3524 apparuisse.

424 3566 759 3637 QUzESTIO
811 3566 994 3624 CCLX
1038 3565 1232 3640 [CoisL
1276 3565 1488 3630 CLXX.
1532 3566 1700 3623 Taur.
1752 3565 2014 3641 CLXIX].

2116 2080 2231 2134 κῶν
2268 2098 2329 2134 τε
2359 2081 2454 2135 καὶ
2479 2079 2830 2145 ὑποσκάζων,
2871 2080 2960 2134 ἵνα
2991 2079 3069 2151 μὴ
3114 2076 3416 2148 φαντασίαν
3453 2072 3707 2144 ὑπολάϐῃ

2116 2169 2216 2241 τήν
2247 2169 2393 2241 ὄψιν·
2425 2170 2513 2224 διὰ
2549 2170 2709 2224 τοῦτο
2738 2171 2834 2224 καὶ
2863 2171 3148 2242 ἐρωτήσας
3173 2168 3297 2221 τίνα
3333 2162 3705 2238 προσηγορίαν

2117 2260 2256 2333 ἔχει,
2290 2264 2349 2316 οὐ
2394 2262 2557 2333 μόνον
2591 2261 2956 2333 διαμαρτάνει
2997 2260 3100 2328 τῆς
3128 2260 3419 2330 αἰτήσεως,
3446 2255 3583 2311 ἀλλὰ
3610 2254 3706 2308 καὶ

2118 2356 2516 2428 ἐπιπλήττεται
2560 2355 2637 2419 ὠς
2689 2353 2940 2426 ὑπερϐὰς
2982 2354 3054 2407 τὰ
3095 2352 3272 2423 μέτρα
3314 2351 3415 2421 τῆς
3461 2348 3703 2420 φύσεως·

2124 2470 2143 2501 ι
2157 2450 2276 2503 Ἵνα
2299 2448 2353 2501 τί
2370 2448 2500 2520 γὰρ,
2525 2448 2714 2520 φησὶν,
2736 2448 2947 2520 ἐρωτᾷς
2967 2446 3029 2500 τὸ
3043 2444 3216 2516 ὄνομά
3234 2461 3336 2515 μου
3363 2460 3410 2509 ς»
3436 2442 3532 2495 καὶ
3546 2439 3708 2495 τοῦτό

2120 2545 2236 2596 ἐστι
2254 2541 2592 2614 θαυμαστόν·
2612 2544 2777 2612 ἐπιση
2788 2539 3020 2612 μαντὲον
3035 2540 3093 2594 δὲ
3110 2536 3391 2592 κάνταῦθα
3404 2536 3487 2590 ὅτι
3503 2534 3597 2588 τὸν
3608 2533 3707 2588 αὖ·

2120 2634 2216 2689 τὸν
2236 2635 2463 2688 ἐκάλεσε
2483 2634 2580 2688 καὶ
2595 2633 2883 2706 ἄνθρωπον
2897 2632 2995 2688 καὶ
3007 2631 3162 2685 Θεόν·
3186 2650 3203 2682 ι
3217 2626 3544 2700 Ἐνισχύσας
3572 2627 3707 2697 γὰρ,

2122 2727 2249 2797 ἔφη,
2276 2726 2416 2797 μετὰ
2430 2725 2566 2780 Θεοῦ
2591 2727 2686 2780 καὶ
2705 2726 2845 2797 μετὰ
2861 2723 3168 2796 ἀνθρώπων
3185 2722 3283 2793 ἔσῃ
3307 2720 3551 2783 δυνατός·
3569 2738 3588 2773 ι
3612 2717 3711 2771 καὶ

2121 2817 2350 2872 ἐκάλεσε
2373 2822 2435 2870 τδ
2459 2816 2632 2889 ὖνομα
2656 2815 2751 2871 τοῦ
2773 2817 2941 2870 τόπου
2959 2814 3190 2868 ἐκείνου·
3217 2809 3370 2875 Εἶδος
3386 2809 3544 2864 Θεοῦ.
3574 2829 3592 2861 t
3617 2804 3712 2863 Εἷ-

2122 2910 2211 2965 δον
2238 2910 2369 2982 γὰρ,
2389 2912 2580 2980 φησὶν,
2602 2910 2737 2965 Θεὸν
2764 2910 3059 2980 πρόσωπον
3086 2906 3227 2977 πρὸς
3254 2905 3570 2976 πρόσωπον·
3614 2902 3711 2956 καὶ

2123 3000 2303 3075 ἐσώθη
2316 3005 2348 3069 ή
2362 3002 2534 3075 ψυχή·
2565 3020 2584 3053 ›
2602 3001 2696 3055 καὶ
2709 3001 2892 3056 πάλιν·
2924 3020 2943 3054 ι
2966 2998 3231 3053 Ἀνὲτειλε
3246 2998 3291 3051 δ’
3306 2995 3455 3063 αὐτῷ
3480 3000 3508 3049 6
3529 2995 3708 3066 ἥλιος,

2124 3093 2289 3165 ἡνίκα
2319 3093 2567 3164 παρῆλθε
2618 3092 2679 3146 τὸ
2718 3087 2860 3156 εἶδος
2885 3089 2982 3145 τοῦ
3012 3087 3149 3144 Θεοῦ
3169 3104 3183 3118 ·
3227 3106 3247 3141 ›
3272 3088 3363 3143 διὰ
3392 3086 3598 3141 τούτων
3652 3085 3713 3138 δὲ

2126 3185 2345 3240 πάντων
2377 3186 2725 3256 μανθάνομεν
2752 3184 2830 3249 ὡς
2861 3186 2890 3237 6
2908 3182 3206 3255 μονογενής
3233 3181 3363 3245 Υἱὸς
3382 3180 3557 3251 ἐφάνη
3576 3178 3711 3233 κάν-

2125 3276 2303 3331 ταῦθα
2333 3277 2411 3349 τῷ
2470 3276 2686 3331 Ἰακώϐ.

2684 3568 3020 3623 ΕΡΩΤΗΣΙΣ
3068 3569 3185 3624 ΣΞ’.

427 3663 539 3719 Cur
580 3664 758 3719 liberis
795 3663 909 3718 suis
950 3662 1277 3716 benediaisse
1325 3659 1563 3732 Jacobus
1593 3661 1851 3732 dicatur,
1892 3677 2014 3714 cum

2119 3660 2249 3729 Πῶς
2284 3660 2619 3731 εὐλογῆσαι
2670 3661 2815 3729 τοὺς
2863 3662 3081 3730 παῖδας
3133 3666 3168 3719 ὁ
3215 3662 3429 3719 Ἰακὼϐ
3474 3663 3711 3732 ,λέγεται

746 3732 1016 3788 nonnullis
1051 3743 1191 3787 certe
1222 3730 1562 3785 maledixerit
1585 3731 1631 3763 ⁸⁰
1657 3731 1749 3800 (57
1762 3731 1840 3800 *).

2551 3732 2739 3797 ἐνίοις
2757 3733 3221 3804 ἐπαρασάμενος
3237 3752 3258 3802 ;

637 3845 778 3899 Edita
799 3860 827 3896 a
848 3846 976 3896 Maio
1007 3844 1155 3908 (Nov.
1180 3844 1306 3897 Coll.
1333 3849 1373 3895 t.
1396 3844 1439 3906 Ι,
1466 3858 1518 3907 ρ.
1541 3843 1637 3893 208
1657 3843 1810 3906 seq.).
1836 3871 1898 3883 -
1922 3844 1998 3895 De
2021 3844 2191 3897 Jacobi
2215 3847 2389 3897 ultima
2411 3845 2639 3898 oratione
2664 3861 2720 3897 ac
2738 3847 3197 3901 benedictionibus.
3224 3852 3351 3902 Gen.
3371 3865 3504 3902 χιιι.

505 3931 551 3984 l.
594 3927 784 3997 Neque
822 3927 958 3982 dirae
1009 3940 1189 3996 neque
1231 3925 1666 3990 benedictiones,
1722 3926 1836 3980 imo
1889 3939 2021 3981 vero

431 4020 693 4077 vaticinia
712 4032 841 4075 sunt
861 4017 1191 4090 patriarchae
1212 4033 1498 4074 sermones
1521 4018 1774 4073 extremi.
1797 4017 2019 4083 Adeste,

431 4116 635 4186 inquit,
687 4122 751 4169 ut
794 4112 1062 4168 certiores
1100 4126 1197 4167 vos
1240 4109 1441 4167 faciam
1487 4110 1619 4182 quid
1672 4111 1881 4182 cuique
1923 4126 2021 4181 po-

2192 3935 2263 3983 α’.
2295 3928 2435 3983 Οὔτε
2464 3930 2600 4000 ἀραί
2630 3931 2770 3984 είσιν
2788 3931 2911 3986 οὔτε
2937 3932 3180 4003 εὐλογίαι
3210 3934 3350 3989 ἀλλὰ
3374 3936 3713 4007 προρρήσεις

2118 4020 2169 4075 οί
2191 4022 2490 4077 τελευταῖοι
2506 4021 2599 4076 τοῦ
2630 4023 2982 4098 Πατριάρχου
2999 4026 3168 4096 λόγοι·
3198 4045 3216 4079 ι
3238 4027 3548 4100 Συνάχθητε
3578 4030 3711 4101 γὰρ,

2120 4116 2309 4186 φησὶν,
2355 4116 2442 4169 ἵνα
2472 4117 2787 4187 ἀναγγείλω
2816 4119 2945 4189 ὑμῖν
2978 4119 3033 4173 τί
3053 4119 3434 4191 ἀπαντήσεται
3468 4122 3597 4191 ὑμῖν
3623 4123 3711 4175 ἐπ’

429 4208 656 4265 strenuis
682 4205 1026 4278 temporibus
1055 4215 1383 4261 eventurum
1425 4204 1519 4260 sit.
1543 4203 1685 4259 Tum
1709 4203 2019 4260 facinorum

2119 4206 2348 4279 ἐσχάτου
2368 4208 2478 4263 τῶν
2491 4210 3033 4283 ήμερῶν·›ἐμνήσθη
3061 4211 3118 4266 δὲ
3144 4212 3239 4266 καὶ
3251 4212 3362 4266 τῶν
3391 4213 3524 4283 παρ’
3552 4213 3713 4269 ἐνίων

430 4317 651 4373 quoque
693 4298 967 4380 meminit.
1020 4312 1144 4369 quae
1192 4297 1443 4353 nonnulli
1473 4306 1862 4368 patraverant;
1903 4312 2016 4352 non

2119 4301 2520 4374 γεγενημένων,
2555 4303 2658 4357 οὐκ
2690 4303 2880 4375 ἐπειδὴ
2932 4303 3086 4368 δίκας
3117 4304 3168 4357 οί
3192 4305 3384 4369 παῖδες
3413 4307 3709 4376 εἰσεπράτ-

429 4396 576 4463 quod
606 4402 824 4462 patrum
860 4389 1070 4444 scelera
1102 4387 1452 4444 vindicentur
1483 4388 1540 4442 in
1570 4387 1720 4453 filiis,
1756 4387 1851 4444 sed
1887 4388 2019 4458 quia

2119 4410 2271 4448 τοντο
2288 4394 2398 4448 τῶν
2421 4396 2708 4468 πατρικῶν
2728 4397 3169 4468 ἁμαρτημάτων,
3193 4397 3330 4453 ἀλλὰ
3356 4399 3713 4471 σχηματίζων

427 4484 566 4541 diris
598 4498 664 4538 ac
703 4480 1184 4538 benedictionibus
1232 4482 1539 4536 orationem
1574 4496 1731 4536 suam
1763 4480 1833 4537 ob
1864 4495 2019 4535 com-

2119 4487 2200 4550 είς
2223 4485 2365 4558 ἀρὰν
2398 4488 2494 4542 καὶ
2545 4486 2798 4557 εὐλογίαν
2849 4490 2977 4553 τοὺς
3020 4488 3217 4558 λόγους
3262 4492 3345 4554 εἰς
3383 4494 3572 4563 κοινὴν
3601 4492 3713 4547 τῶν

428 4592 652 4632 munem
682 4574 978 4646 legentium
1013 4572 1305 4628 utilitatem
1336 4574 1552 4643 ligurat.
1580 4572 1701 4628 Jam
1738 4589 1869 4629 vero
1902 4572 2019 4627 Ru-

2124 4578 2521 4647 ὲντευξομὲνων
2550 4580 2839 4651 ὠφέλειαν.
2897 4581 3005 4635 Καὶ
3032 4580 3115 4651 τῷ
3161 4582 3263 4653 μὲν
3306 4581 3534 4654 Ῥουὸὶμ
3576 4583 3709 4637 αὐθ-

431 4621 652 4632 ...,...,,...
682 4621 978 4646 .ν,,--.----.-
1016 4621 1305 4628 --πη-η---
1336 4621 1552 4643 --ο-η-.
1581 4621 1701 4628 η.--
1751 4621 1866 4629 ,νη
1902 4621 1985 4627 ---

431 4671 598 4727 benio
634 4668 1011 4739 arrogantiam
1036 4666 1335 4736 exprobrat
1363 4674 1417 4720 et
1442 4665 1702 4720 ferociam
1732 4665 2017 4736 patrisque

2124 4621 2519 4647 -..--,-.........
2551 4621 2839 4651 ...τυηυηη
2898 4621 3005 4635 ..νη
3044 4621 3114 4651 ..γ
3161 4621 3261 4653 ,ην
3322 4621 3534 4654 "ww.
3576 4621 3709 4637 ...ιυ-

2126 4670 2315 4725 άδειαν
2344 4671 2721 4743 ἐπιμέμφεται
2755 4673 2849 4726 καὶ
2887 4672 3205 4743 θρασύτητα
3244 4674 3340 4727 καὶ
3368 4673 3467 4747 τὴν
3495 4675 3576 4737 είς
3603 4691 3713 4728 πα-

428 4763 735 4820 thalamum
769 4760 1035 4815 violatum
1066 4777 1079 4812 :
1110 4768 1471 4829 posterosque
1502 4758 1624 4828 ejus
1661 4774 1867 4828 paucos
1893 4776 2021 4830 pra:-

2121 4763 2305 4834 τρῴαν
2337 4763 2499 4834 εὐνὴν
2545 4765 2916 4837 παρανομίαν·
2960 4760 3023 4820 οὗ
3054 4764 3119 4837 δὴ
3158 4765 3375 4835 ὀλίγους
3419 4766 3587 4819 αὐτοῦ
3629 4783 3715 4833 γε·

428 4855 693 4910 dicit:id
748 4853 896 4908 enim
948 4852 1187 4906 innuunt
1237 4852 1429 4916 verba,
1480 4851 1651 4906 instar
1700 4866 1859 4921 aqua:
1911 4867 2021 4908 non

2132 4854 2384 4924 γενῆσθαι
2398 4855 2524 4920 τοὺς
2543 4856 2843 4924 ἀπογόνους
2863 4856 3144 4926 προλέγει·
3168 4856 3326 4911 τοῦτο
3351 4856 3458 4928 γὰρ
3478 4856 3632 4927 δηλοῖ
3650 4856 3712 4909 τὸ

430 4947 669 5011 ferveas,
722 4946 774 5000 id
826 4954 912 5000 est
964 4946 1031 5000 ad
1083 4944 1475 5000 fecunditatem
1522 4960 1633 4999 non
1692 4944 2018 5002 incalescas.

2124 4966 2141 4998 ι
2169 4946 2255 5009 Ὡς
2278 4945 2420 5014 ὕδωρ
2437 4947 2512 5017 μὴ
2540 4946 2849 5013 ὲκξέσαις,›
2872 4947 2992 5000 ἀντὶ
3016 4944 3132 5013 τοῦ,
3160 4946 3252 5014 Μὴ
3278 4943 3715 5016 ἐκθερμανθείης

428 5038 687 5095 Irascitur
709 5053 932 5109 quoque
966 5038 1213 5093 Simeoni
1244 5046 1411 5108 atque
1442 5038 1690 5104 Levinio,
1739 5036 2019 5094 Sicimita-

2119 5038 2199 5102 εἰς
2238 5037 2585 5107 πολυγονίαν.
2630 5039 2857 5111 Νεμεσᾷ
2895 5039 2954 5093 δὲ
2996 5040 3103 5092 καὶ
3132 5038 3211 5111 τῷ
3240 5037 3457 5109 Σιμεὼν
3513 5038 3607 5091 καὶ
3633 5036 3713 5107 τῷ

428 5148 552 5186 rum
587 5131 848 5202 injustam
886 5144 1076 5185 necem
1117 5130 1439 5200 deplorans;
1473 5130 1801 5199 deprecatur
1830 5140 2014 5185 autem

2125 5130 2277 5195 Λευῖ,
2312 5131 2420 5185 τῶν
2443 5132 2741 5201 Σικιμιτῶν
2769 5132 2863 5187 τὸν
2904 5132 3090 5187 ἄδικον
3121 5131 3341 5203 ὄλεθρον
3363 5130 3709 5200 ὀδυρόμενος,

427 5226 727 5296 quominus
764 5224 998 5294 ipsemet
1043 5223 1209 5278 ullam
1264 5223 1489 5278 sceleris
1521 5221 1641 5289 ejus
1694 5223 2015 5277 societatem

2126 5222 2220 5276 καὶ
2246 5221 2464 5293 εὔχεται
2497 5223 2766 5294 μηδεμίαν
2799 5224 3087 5279 κοινωνίαν
3127 5226 3209 5287 εἰς
3237 5222 3339 5295 τὴν
3364 5220 3713 5295 παρανομίαν

429 5321 701 5390 attingat:
733 5329 848 5373 tum
892 5316 1170 5372 maledicit
1201 5315 1488 5372 affectibus
1517 5330 1709 5372 eorum
1750 5314 2016 5385 improbis

2125 5315 2270 5386 ἔχειν
2290 5318 2525 5388 ἐκείνην·
2554 5319 2827 5389 ἐπαρᾶται
2868 5319 3055 5388 μέντοι
3092 5317 3193 5370 οὐκ
3218 5316 3427 5381 αὐτοῖς,
3445 5314 3581 5369 ἀλλὰ
3600 5316 3713 5378 τοῖς

500 5431 547 5464 ’⁸
574 5431 773 5488 Genes.
798 5446 971 5495 mur,
1010 5430 1103 5485 29.
1178 5430 1225 5463 ’θ
1258 5429 1390 5485 ibid.
1418 5428 1510 5484 28.
1588 5429 1635 5462 ”
1666 5428 1798 5483 ibid.
1851 5426 1922 5483 50
1955 5437 2011 5483 et
2042 5442 2162 5498 seq.

1928 5518 2161 5575 NOTzE.

504 5612 621 5683 (56)
646 5611 780 5686 llaec
793 5611 1053 5686 quaestio,
1084 5628 1207 5682 quae
1241 5612 1305 5686 in
1335 5614 1470 5686 cod._
1509 5611 1743 5667 Taurin.
1778 5612 2014 5686 _deside-
2125 5631 2177 5686 p.
2211 5616 2339 5671 250.

430 5682 608 5748 ratur,
644 5699 709 5736 ex
741 5682 1092 5737 Theodoreto
1124 5700 1180 5752 q.
1230 5685 1301 5739 9'2
1347 5686 1402 5738 in
1433 5684 1635 5739 Genes.
1675 5699 1729 5754 p.
1769 5683 1874 5740 199
1921 5685 2017 5739 tle-

434 5752 854 5827 stttu_pla_fuit.___
967 5821 981 5827 _
1110 5823 1123 5827 _
1270 5823 1290 5827 _
1357 5823 1367 5827 Α
1480 5824 1515 5827 ὼ
1615 5824 1625 5827 _
1798 5823 1815 5827 _

2125 5682 2138 5686 ”
2199 5687 2309 5757 (57)
2351 5685 2485 5742 Fere
2528 5686 2697 5741 verbo
2739 5693 2902 5740 tenus
2943 5699 3008 5740 ex
3045 5683 3390 5741 Thcodorcto
3422 5702 3477 5756 q.
3530 5685 3712 5741 lltiin

2126 5756 2302 5811 Cenes
2351 5773 2403 5827 p.
2442 5756 2568 5811 215.

507 5819 619 5892 (57)
658 5819 755 5878 Est
794 5820 1123 5878 Theodoreti
1164 5838 1220 5892 (ι.
1261 5823 1295 5877 ϐ
1355 5823 1411 5877 in
1479 5824 1652 5878 Exod.
1705 5833 1743 5879 t.
1797 5822 2015 5891 LXXX,

2255 5430 2321 5461 ³ο·
2348 5429 2546 5485 Genes.
2588 5445 2737 5488 XLIX.
2767 5429 2791 5482 1
2832 5446 2987 5501 seqq.
