4136 6464
396 392 532 472 ιιιῖὴ

1205 412 1302 472 ΑΙ)
1333 410 1932 472 AMPHILOCHIUM
1957 409 2303 481 QUASSTIO
2347 410 2588 484 CCLIX,
2625 411 2832 471 CCLX.

3532 406 3669 471 1074

396 523 653 592 πονηροῖς
683 522 864 576 αὐτῶν
895 521 1095 577 πάθεσι
1127 523 1221 577 καὶ
1247 525 1313 593 τῇ
1343 522 1483 594 ὀργῇ
1518 525 1587 593 τῇ
1620 522 1820 592 μήνιδι·
1855 524 1977 575 tm—

2087 522 2285 590 iraaque
2303 522 2524 575 vindici.
2548 520 2613 575 Et
2629 522 2848 591 quidem
2872 519 3189 591 cupiditatis
3217 521 3439 576 nomine
3465 536 3669 579 excan-

395 610 597 681 θυμίαν
618 610 674 663 δὲ
703 610 801 683 τὴν
827 611 998 682 ὀργὴν
1022 611 1303 666 ἐκάλεσεν·
1332 613 1397 665 ὲκ
1417 611 1627 682 ταύτης
1648 611 1757 683 γὰρ
1784 612 1817 681 ἠ
1843 610 1983 682 ὀργὴ

392 705 493 776 τὴν
526 704 887 773 ὲτυμολογίαν
937 704 1050 773 ἔχει
1072 720 1087 735 ·
1122 703 1379 774 ὀρέγεται
1411 704 1522 775 γὰρ
1554 705 1583 756 6
1627 702 1983 775 ὀργιζόμενος

396 797 706 868 ἀμύνασθαι
772 798 865 850 τὸν
924 796 1138 867 ἐχθρόν·
1197 797 1298 850 καὶ
1352 796 1491 864 αὐτὴ
1542 796 1599 850 δὲ
1655 796 1690 865 ἡ
1742 794 1983 864 τιμωρία

398 889 706 960 πρόρρησις
724 884 813 959 ἦν·
846 907 864 940 ι
890 887 1171 957 Διαμεριῶ
1193 888 1302 957 γὰρ
1329 886 1528 950 αὐτοὺς
1559 888 1617 941 ἐν
1648 885 1870 950 Ἰακὼϐ,
1889 886 1985 938 καὶ

395 980 674 1051 διασπερῶ
700 980 897 1043 αὐτοὺς
925 980 983 1033 ὲν
1016 979 1251 1051 Ἰσραήλ·
1291 997 1309 1031 ι
1347 979 1518 1051 ἀλλ’ή
1546 979 1641 1032 τοῦ
1670 977 1806 1032 Λευῒ
1840 978 1983 1048 φυλὴ

394 1070 481 1125 διά
497 1072 596 1142 τὴν
618 1072 793 1142 ἄκραν
815 1072 1080 1144 διεσπάρη
1099 1074 1290 1145 τιμήν·
1312 1073 1453 1127 ὥστε
1474 1072 1583 1144 γὰρ
1603 1072 1810 1144 ἑκάστῃ
1840 1070 1983 1141 φυλῇ

397 1163 630 1215 συνεῖναι
652 1162 887 1227 Λευϊτας
902 1164 997 1217 καί⁹
1025 1164 1205 1235 ἱερέας
1229 1165 1324 1219 καί
1341 1164 1441 1236 τὴν
1470 1164 1604 1235 παρ’
1629 1162 1810 1217 αὐτῶν
1834 1163 1983 1231 ὠφέ-

394 1251 546 1306 λειαν
593 1254 957 1325 καρποῦσθαι,
983 1258 1084 1310 οὐκ
1131 1256 1324 1311 ἕλαὸον
1355 1257 1489 1310 ἴδιον
1518 1258 1741 1328 κλῆρον,
1777 1255 1892 1310 ἀλλ’
1926 1258 1986 1309 ὲν

396 1348 602 1423 ἑκάστῃ
650 1349 790 1421 φυλῇ
841 1367 988 1414 τινες
1055 1351 1243 1414 αὐτοῖς
1295 1351 1727 1421 ἀπενεμήθησαν
1776 1350 1983 1414 πόλεις,

396 1440 489 1492 καὶ
516 1440 615 1508 τῆς
648 1442 975 1510 προαστείου
1008 1442 1111 1511 γῆς
1137 1442 1442 1514 ὡρισμένος
1473 1444 1696 1513 πήχεων
1726 1441 1981 1513 ἀριθμός·

396 1537 492 1587 καὶ
520 1537 552 1606 ἡ
581 1535 675 1589 τοῦ
699 1536 911 1607 Σιμεὼν
936 1537 1079 1607 φυλὴ
1111 1537 1212 1590 οὐκ
1263 1530 1375 1605 εἶχε
1405 1536 1608 1607 κλῆρον
1634 1532 1986 1605 κεχωρισμέ-

395 1643 506 1691 νον,
542 1627 676 1680 ἀλλὰ
702 1632 843 1682 κατά
871 1628 969 1700 τὴν
1002 1627 1097 1681 τοῦ
1149 1629 1493 1698 πατριάρχου
1547 1627 1854 1699 πρόρρησιν
1891 1642 1988 1696 με-

394 1716 528 1782 ταξὺ
553 1720 661 1772 τῶν
692 1719 868 1775 ἀλλων
893 1721 1079 1791 φυλῶν
1106 1721 1535 1791 διεσπαρμένον.

466 1898 533 1969 β’.
594 1897 701 1950 Τοῦ
753 1898 810 1951 δὲ
873 1899 1045 1952 Ἰουδα
1092 1898 1320 1962 πολλοὺς
1388 1898 1645 1962 ἐπαίνους
1700 1898 1974 1962 διέξεισιν.
2012 1869 2059 1929 Β

398 2009 419 2042 ι
460 1991 652 2053 Ἰούδα,
709 1991 769 2043 σὲ
798 1991 1117 2045 αίνέσαισαν
1142 1992 1189 2045 οἱ
1246 1990 1467 2061 ἀδελφοί
1524 2008 1641 2045 σου·
1686 1993 1742 2045 αἱ
1796 1992 1975 2063 χεῖρές

395 2100 488 2137 σου
530 2082 625 2134 ἐπὶ
667 2082 840 2136 νώτου
884 2084 993 2137 τῶν
1022 2082 1235 2153 ἐχθρῶν
1272 2098 1385 2135 σου·
1420 2082 1863 2153 προσκυνήσουσί
1896 2099 1978 2136 σοι

390 2174 440 2228 οἱ
475 2174 580 2227 υἱοὶ
613 2171 708 2225 τοῦ
755 2173 961 2244 πατρός
1006 2188 1120 2226 σου·
1154 2171 1397 2243 σκύμνος
1424 2171 1639 2236 λέοντος
1692 2172 1883 2238 Ἰούδα,
1913 2174 1978 2226 ὲκ

395 2264 647 2335 βλαστοῦ,
684 2266 770 2318 υἱέ
807 2284 933 2336 μου,
961 2264 1182 2336 ἀνέσης.
1219 2282 1239 2316 ι
1282 2264 1445 2318 Ἀλλά
1470 2264 1680 2319 τούτων
1709 2266 1863 2318 οὐδὲν
1898 2265 1978 2335 τῷ

403 2356 578 2411 Ἰούδα
631 2358 914 2428 ἁρμόττει,
959 2357 1096 2411 ἀλλά
1133 2358 1201 2429 τῇ
1269 2357 1335 2410 ἐκ
1376 2355 1571 2411 τούτου
1624 2356 1981 2432 βλαστησάσῃ

394 2448 555 2519 φυλῇ·
612 2448 865 2519 βασιλικὴ
917 2450 1027 2520 γὰρ
1085 2444 1156 2521 ἦν
1218 2448 1383 2519 αὕτη,
1446 2448 1667 2520 πρώτου
1732 2449 1833 2519 μὲν
1883 2451 1981 2505 τοῦ

392 2542 555 2596 Δαὸὶδ
577 2542 1019 2613 βασιλεύσαντος,
1039 2538 1161 2597 εἶτα
1186 2541 1295 2596 τῶν
1319 2543 1378 2609 ἐξ
1409 2542 1641 2605 ἐκείνου,
1670 2543 1765 2596 καὶ
1787 2544 1982 2599 πασῶν

391 2636 449 2691 δὲ
486 2636 595 2690 τῶν
624 2636 802 2692 ἄλλων
833 2637 1018 2707 φυλῶν
1047 2633 1116 2709 ἦν
1154 2638 1527 2707 δυνατωτάτη’
1551 2639 1645 2693 καὶ
1677 2639 1785 2709 γάρ
1816 2640 1982 2710 ἡνίκα

390 2727 557 2781 Δαόὶδ
583 2729 611 2780 6
651 2727 904 2799 βασιλεὺς
933 2728 1310 2802 ἀριθμηθῆναι
1360 2729 1664 2799 προσέταξε
1708 2731 1800 2785 τὸν
1826 2731 1980 2797 λαὸν,
2028 2748 2030 2750 ⁷

390 2820 752 2891 τετρακοσίας
775 2821 1020 2892 χιλιάδας
1049 2822 1143 2875 τοῦ
1184 2818 1363 2875 Ἰούδα
1384 2814 1537 2894 εὗρε,
1569 2821 1681 2875 τῶν
1722 2822 1779 2876 δὲ
1806 2823 1983 2877 ἄλλων

392 2912 578 2982 φυλῶν
624 2914 995 2977 ὲννεακοσίας·
1029 2914 1123 2967 καὶ
1152 2913 1337 2984 μέντοι
1371 2915 1475 2968 κάν
1512 2916 1579 2986 τῇ
1613 2915 1805 2987 ἐρήμῳ
1859 2917 1983 2985 ἀρι-

390 3004 721 3076 θμηθέντες,
741 3004 964 3069 πλείους
986 3004 1250 3076 ὤφθησαν
1277 3006 1387 3059 τῶν
1421 3005 1597 3059 ἄλλων
1614 3005 1818 3075 φυλῶν·
1848 3006 1983 3060 ἀλλὰ

389 3093 454 3154 τὸ
485 3093 710 3170 ἀκριϐὲς
735 3097 836 3166 τῆς
868 3098 1230 3166 προρρήσεως
1268 3093 1369 3164 τὴν
1407 3092 1632 3145 ἔκϐασιν
1666 3093 1859 3146 ἐλαϐεν
1890 3093 1984 3147 ἐπὶ

390 3190 487 3246 τοῦ
513 3191 784 3244 Δεσπότου
809 3187 1068 3259 Χριστοῦ,
1098 3187 1158 3251 ὃς
1180 3187 1247 3240 ὲκ
1271 3184 1508 3256 βλαστοῦ
1550 3184 1720 3239 Ἰούδα
1740 3185 1982 3239 ἀνέτειλε

391 3283 535 3337 κατά
559 3283 650 3335 τὸν
686 3282 1033 3353 πατριάρχην
1077 3278 1295 3344 ’1ακὼ6,
1340 3278 1436 3333 καὶ
1465 3279 1609 3332 κατά
1645 3279 1737 3331 τὸν
1771 3278 1980 3349 προφή-

391 3392 492 3447 την
520 3375 770 3428 Ἡσαΐαν·
803 3392 820 3426 ι
844 3371 1066 3443 Ἐξῆλθε
1089 3372 1286 3443 ῥάὅδος
1304 3373 1370 3425 ἐκ
1384 3372 1485 3440 τῆς
1505 3372 1660 3442 ῥίζης
1676 3370 1867 3435 Ἰεσαὶ,
1886 3371 1979 3425 καὶ

392 3467 553 3530 ἄνθος
576 3469 639 3519 ὲκ
668 3466 770 3536 τῆς
802 3464 957 3536 ῥίζης
986 3465 1211 3536 ἀνέδηοι
1241 3464 1389 3534 αὐτῷ
1408 3464 1465 3516 δὲ
1496 3464 1591 3516 καὶ
1615 3463 1677 3515 τὸ
1707 3482 1725 3514 ι
1751 3462 1983 3517 Ἀναπε-

394 3558 507 3612 σὼν
550 3558 625 3620 ὡς
655 3556 795 3610 λέων
837 3556 1133 3626 ἐκοιμήθη,
1182 3554 1469 3625 ἁρμόττει,
1498 3553 1594 3607 καὶ
1625 3553 1701 3616 ὡς
1742 3551 1981 3622 σκύμνος

391 3650 629 3711 λέοντος.
664 3668 681 3701 ,
705 3647 893 3718 ὥσπερ
917 3646 1022 3718 γὰρ
1050 3646 1079 3699 6
1108 3646 1245 3699 λέων
1267 3645 1550 3699 καθεύδων
1581 3646 1701 3698 ἐστὶ
1725 3645 1981 3718 φοϐερὸς,

393 3742 569 3806 οὕτως
616 3743 645 3794 6
666 3724 992 3804 Δεσποτικὸς
1022 3738 1254 3803 θάνατος
1303 3739 1399 3793 καὶ
1429 3737 1509 3808 τῷ
1539 3737 1756 3809 θανάτῳ
1786 3738 1984 3810 καὶτῷ

393 3834 627 3905 διαϐόλῳ
665 3834 981 3903 γεγένηται·
1025 3831 1217 3884 λέοντα
1261 3830 1370 3902 γὰρ
1404 3830 1567 3884 αὑτὸν
1616 3831 1711 3885 καὶ
1744 3829 1986 3900 σκύμνον

393 3929 608 3992 λέοντος
629 3928 901 3998 κέκληκεν
921 3925 995 3988 ὡς
1020 3924 1257 3979 Βασιλέα
1278 3924 1373 3978 καὶ
1395 3922 1672 3987 Βασιλέως
1705 3924 1859 3987 Υίὸν,
1890 3924 1986 3978 καὶ

396 4023 529 4077 Θεὸν
566 4022 661 4075 καὶ
683 4019 821 4074 Θεοῦ
842 4019 971 4073 Υίόν
1003 4035 1018 4050 ·
1042 4018 1140 4073 καὶ
1161 4017 1304 4071 κατά
1320 4017 1382 4071 τὸ
1402 4017 1773 4090 ἀνθρώπινον·
1800 4020 1867 4072 ὲκ
1888 4017 1983 4071 τοῦ

398 4114 565 4169 Δαϐὶδ
604 4114 712 4185 γὰρ
738 4112 1064 4183 ἐϐλάστησε·
1096 4111 1189 4164 καὶ
1220 4110 1297 4174 ὡς
1334 4110 1468 4174 Θεὸς
1498 4110 1606 4181 πρὸ
1629 4109 1741 4163 τῶν
1770 4108 1986 4165 αἰώνων

398 4210 462 4262 ἐκ
482 4208 577 4262 τοῦ
594 4206 809 4278 Πατρὸς
840 4203 1127 4275 ἐγεννήθη·
1158 4202 1255 4256 κα)⁸
1276 4203 1358 4266 τὸ,
1382 4220 1400 4253 ι
1425 4202 1522 4265 Τίς
1544 4202 1727 4273 εγερεί
1753 4201 1981 4268 αὐτῶν

397 4300 497 4372 τὴν
550 4300 759 4368 ἄφατον
815 4294 983 4350 αὑτοῦ
1038 4294 1281 4348 δείκνυσι
1346 4293 1597 4364 δύναμιν·
1668 4293 1833 4357 αὐτὸς
1877 4293 1989 4365 γάρ

400 4391 593 4446 ἑαυτὸν
609 4388 874 4459 ἀνέστησε
901 4386 1041 4439 κατὰ
1056 4385 1156 4455 τὴν
1182 4384 1350 4439 αὑτοῦ
1370 4386 1678 4457 πρόρρησιν
1696 4401 1744 4436 οι
1768 4384 1987 4440 Λύσατε

394 4485 490 4540 τὸν
517 4484 643 4538 ναὸν
669 4481 879 4545 τοῦτον,
913 4499 932 4532 ι
961 4478 1056 4533 καὶ
1080 4476 1227 4549 ἑξῆς.

2085 614 2420 670 deseeutiam
2483 614 2761 683 appellat:
2795 614 2945 669 illiue
2992 614 3196 685 quippe
3242 614 3467 670 ducitur
3503 631 3673 670 voea-

2086 706 2201 761 buli
2236 705 2680 760 excandescentia
2706 708 2883 771 ratio;
2914 708 3068 761 ardet
3087 707 3234 761 enim
3263 708 3672 763 excandescens

2087 798 2373 853 inimicum
2424 797 2729 852 ulciscendi
2779 798 3103 868 cupiditate.
3153 800 3334 868 Atque
3383 799 3499 854 haec
3551 799 3671 868 ipsa

2086 892 2225 947 ultio
2264 890 2587 945 vaticinium
2622 899 2765 945 erat.
2805 908 2823 941 ι
2860 890 3102 944 Dividam
3134 892 3335 960 quippe
3358 904 3455 945 eos
3481 891 3537 944 in
3576 887 3672 944 Ja-

2087 985 2213 1050 cob,
2261 984 2570 1055 dispergam
2619 984 2673 1038 in
2710 982 2897 1039 Israel.
2936 1001 2953 1033 ι
3005 983 3217 1052 Reapse
3250 992 3431 1038 tamen
3462 981 3673 1037 Levinii

2088 1078 2268 1133 tribus
2319 1076 2521 1133 summi
2560 1076 2790 1131 honoris
2826 1076 3001 1145 gratia
3037 1075 3286 1145 dispersa
3327 1074 3432 1130 luit
3468 1092 3483 1129 :
3513 1090 3673 1129 nam-

2089 1186 2197 1240 que
2222 1180 2281 1224 ut
2314 1170 2369 1225 in
2404 1168 2640 1240 singulis
2671 1168 2922 1224 tribubus
2948 1166 3150 1221 Levitas
3179 1176 3364 1221 essent
3398 1182 3465 1221 ac
3492 1181 3675 1222 sacer-

2087 1263 2265 1330 dotes,
2314 1262 2670 1332 indidemque
2722 1261 3014 1316 utilitatem
3064 1259 3411 1329 perciperent
3433 1259 3502 1323 “,
3564 1273 3673 1312 non

2088 1365 2172 1412 est
2201 1356 2310 1411 illis
2340 1355 2621 1425 assignata
2652 1352 2951 1423 peculiaris
2984 1350 3287 1423 possessio,
3317 1349 3413 1406 sed
3444 1349 3499 1403 in
3534 1365 3676 1403 una-

2089 1462 2311 1519 quaque
2342 1446 2486 1501 tribu
2516 1444 2768 1515 quaedam
2804 1445 2967 1501 urbes
2994 1443 3275 1498 attributa:
3305 1456 3431 1495 cum
3473 1442 3677 1498 subur-

2089 1537 2219 1593 bani
2248 1536 2352 1590 soli
2382 1534 2611 1590 deﬁnito
2654 1534 2969 1589 cubitorum
3012 1547 3268 1586 numero.
3305 1529 3444 1584 Tum
3477 1545 3545 1584 ne
3586 1528 3677 1583 Si-

2089 1629 2305 1685 meonis
2330 1628 2551 1699 quidem
2594 1627 2772 1682 tribus
2806 1626 3091 1695 proprium
3119 1638 3311 1695 agrum
3341 1622 3535 1677 sortita
3570 1631 3676 1683 est,

2088 1723 2185 1779 sed
2238 1733 2299 1777 ut
2355 1721 2668 1792 patriarcha
2725 1720 3072 1790 praedixerat,
3123 1717 3266 1772 inter
3305 1715 3442 1771 alias
3500 1714 3678 1769 tribus

2086 1817 2337 1887 dispersa
2362 1816 2427 1868 “.

2154 1911 2210 1963 ‘2.
2251 1908 2361 1979 Age
2397 1921 2523 1961 vero
2544 1903 2699 1960 Iudae
2725 1902 2989 1973 plurimas
3014 1901 3200 1957 laudes
3222 1899 3432 1954 recitat.
3471 1914 3491 1948 ι
3514 1895 3676 1962 Juda,

2083 1998 2308 2054 laudent
2354 2005 2405 2051 te
2452 1994 2656 2049 fratres
2702 1993 2819 2057 tui;
2868 2004 3065 2044 manus
3120 1998 3227 2043 tua:
3277 1988 3330 2042 in
3370 1986 3676 2042 cervicibus

2082 2093 2323 2149 hostium
2357 2099 2616 2154 tuorum;
2648 2086 2742 2141 lilii
2775 2085 2955 2155 patris
2982 2083 3061 2138 tui
3089 2084 3318 2137 adorent
3344 2089 3416 2134 te.
3449 2078 3677 2134 Catulus

2080 2185 2255 2247 leonis
2286 2182 2455 2238 Judas
2485 2199 2499 2248 ;
2536 2196 2601 2235 ex
2631 2180 2894 2250 germine,
2927 2176 3001 2230 lili
3026 2174 3122 2239 mi,
3155 2173 3474 2228 ascendas.»
3510 2169 3674 2240 Atqui

2078 2278 2219 2334 nihil
2249 2278 2445 2331 horum
2472 2272 2628 2329 Juda:
2661 2270 2933 2341 congruit,
2965 2268 3061 2325 sed
3101 2275 3235 2321 orta:
3263 2281 3331 2321 ex
3373 2278 3441 2319 eo
3476 2261 3666 2321 tribui,

2080 2387 2203 2443 quas
2248 2368 2449 2438 regalis
2500 2365 2695 2428 evasit,
2763 2362 2966 2416 Davide
3021 2375 3149 2430 rege
3208 2359 3420 2428 primo,
3470 2355 3666 2411 deinde

2080 2462 2321 2535 posteris
2355 2460 2498 2531 ejus.
2533 2455 2661 2512 Haec
2698 2453 2946 2509 omnium
2995 2451 3236 2506 tribuum
3288 2445 3672 2518 potentissima

2082 2555 2231 2610 fuit:
2273 2568 2401 2607 nam
2456 2559 2664 2603 etcum
2721 2562 2815 2601 rex
2869 2543 3037 2598 David
3096 2540 3371 2595 numerari
3410 2538 3675 2609 populum

2078 2647 2275 2719 jussit,
2312 2642 2713 2713 quadringenta
2749 2637 2921 2691 millia
2965 2633 3280 2689 Iudaeorum
3319 2634 3561 2702 reperit;
3609 2645 3679 2685 ex

2084 2741 2208 2796 aliis
2266 2753 2398 2793 vero
2456 2733 2696 2792 cunctim
2754 2730 3007 2786 tribubus
3073 2734 3344 2796 tiongeuta
3422 2722 3676 2777 millia”.

2083 2836 2197 2890 lmo
2228 2838 2285 2887 et
2341 2830 2397 2884 in
2459 2828 2677 2883 deserto
2737 2839 2863 2878 cum
2922 2836 3123 2877 census
3173 2826 3446 2888 ageretur,
3497 2814 3681 2885 plures

2083 2926 2258 2983 Judaei
2289 2924 2501 2979 caeteris
2537 2918 2796 2975 tribubus
2825 2912 3093 2984 comperti
3128 2919 3280 2967 sunt.
3311 2906 3573 2962 Vaticiuii
3594 2917 3680 2960 ta-

2085 3035 2210 3075 men
2250 3022 2509 3071 accurata
2568 3011 2711 3065 ratio
2758 3016 2918 3063 nacta
2974 3012 3059 3060 est
3104 3002 3310 3058 exitum
3361 3000 3414 3054 in
3459 2997 3683 3053 Christo

2086 3110 2343 3172 Domino,
2371 3108 2467 3179 qui
2494 3105 2562 3161 de
2586 3103 2739 3159 Juda:
2772 3099 3023 3171 germine
3045 3096 3293 3159 emersit,
3324 3103 3489 3163 prout
3515 3089 3680 3145 Jaco-

2085 3203 2189 3257 bus
2223 3199 2535 3271 patriarcha
2589 3204 2644 3250 et
2689 3192 2860 3248 Isaias
2909 3188 3175 3260 propheta
3230 3185 3678 3241 alIirmaveruut:

2085 3292 2234 3347 Exiit
2261 3290 2409 3358 virga
2434 3288 2502 3343 de
2529 3286 2710 3341 radice
2735 3282 2946 3347 Jesszei,
2978 3291 3032 3337 et
3054 3279 3155 3336 llos
3180 3279 3248 3332 de
3280 3278 3463 3331 radice
3490 3289 3684 3330 ascen-

2083 3386 2181 3442 dit.
2217 3383 2440 3442 Christo
2489 3389 2753 3452 praaterea
2799 3377 2967 3433 verba
3008 3379 3346 3443 congruunt,
3414 3386 3434 3419 ι
3486 3365 3557 3422 Ut
3596 3367 3683 3421 leo

2084 3478 2453 3553 procumbens
2515 3473 2744 3544 quievit,
2800 3485 2860 3524 ιιι
2916 3467 3093 3523 leonis
3127 3462 3424 3521 catulus“.
3468 3479 3490 3514 ι
3544 3459 3680 3514 Nam

2086 3551 2251 3629 sicuti
2288 3566 2615 3625 leo-cubans
2656 3561 2917 3618 terribilis
2958 3568 3061 3625 est,
3108 3558 3183 3611 ita
3214 3570 3368 3610 mors
3397 3551 3683 3608 Dominica

2086 3662 2251 3720 morti
2284 3677 2349 3717 ac
2385 3659 2599 3715 diabolo
2636 3654 2832 3711 terrori
2867 3651 2990 3707 luit.
3031 3651 3272 3705 Leonem
3313 3647 3491 3717 ipsum
3524 3652 3686 3699 catu-

2088 3758 2314 3827 lumque
2347 3753 2522 3809 leonis
2555 3749 2813 3821 appellat,
2857 3759 3052 3814 nempe
3096 3751 3158 3796 ut
3199 3754 3383 3812 regem
3428 3737 3687 3808 regisque

2090 3851 2284 3915 lilium,
2306 3848 2585 3915 Deumque
2632 3841 2724 3894 Dei
2763 3838 2983 3893 Filium.
3020 3834 3238 3891 Etenim
3270 3840 3328 3885 ut
3358 3832 3544 3892 homo,
3578 3828 3688 3882 Da-

2087 3942 2213 3997 vide
2242 3949 2399 3994 ortus
2425 3945 2544 4003 est;
2582 3945 2641 3989 ut
2673 3934 2839 3998 Deus,
2892 3937 3018 3984 ante
3050 3926 3252 3983 saecula
3284 3938 3312 3976 a
3344 3920 3510 3976 Patre
3533 3918 3689 3990 geni—

2089 4043 2203 4090 tus.
2222 4030 2343 4087 Jam
2361 4029 2528 4085 verba
2551 4047 2569 4079 ι
2595 4026 2733 4092 Quis
2750 4021 3041 4080 suseitabit
3060 4034 3211 4085 eum,
3233 4035 3251 4068 ι
3276 4015 3546 4070 maximas
3566 4010 3687 4080 ejus

2088 4126 2235 4181 vires
2263 4122 2646 4178 demonstrant
2680 4136 2693 4172 :
2724 4116 2841 4185 ipse
2864 4113 3011 4169 enim
3040 4116 3215 4167 semet
3237 4116 3401 4177 prout
3426 4102 3689 4175 praedixe-

2089 4227 2178 4274 rat
2222 4212 2583 4272 exsuscitavit
2632 4229 2645 4266 :
2706 4228 2724 4261 ι
2769 4208 2978 4263 Solvite
3042 4203 3305 4273 templum
3357 4200 3499 4265 hoc;
3557 4214 3577 4248 ι
3631 4205 3687 4249 et

2092 4312 2326 4383 reliqua.

472 4536 946 4647 χέηροαγορεύει
986 4572 1045 4624 δὲ
1071 4536 1313 4640 καὶ-*τῆς
1337 4568 1661 4639 ἐπιφανείας
1690 4569 1856 4624 αὑτοῦ
1887 4571 1980 4625 τὸν

2164 4556 2220 4613 3.
2254 4551 2437 4625 Pergit
2469 4559 2689 4619 tempus
2720 4545 2883 4602 etiam
2920 4539 3238 4615 prmdicere,
3278 4551 3390 4608 quo
3419 4536 3511 4591 ille
3553 4549 3687 4589 ven-

402 4669 610 4742 καιρόν·
634 4687 653 4720 ι
673 4670 789 4722 Οὐκ
804 4665 1046 4737 ἐκλείψει
1062 4665 1170 4736 γὰρ
1187 4664 1372 4735 ἅρχων
1389 4662 1449 4729 ἐξ
1478 4663 1667 4730 Ἰούδα,
1693 4684 1712 4718 ι
1733 4665 1827 4719 καὶ
1840 4664 1988 4736 ἑξῆς·

402 4765 629 4835 σημεῖον
664 4759 967 4835 γὰρᾼτοῦτο
1003 4761 1105 4830 τῆς
1150 4756 1246 4811 τοῦ
1279 4756 1486 4828 Κυρίου
1530 4757 1835 4828 παρουσίας
1891 4774 1991 4811 σα·-

400 4831 689 4925 φέστατον·
743 4831 991 4915 ἐξέλιπον
1039 4847 1151 4919 γὰρ
1188 4847 1297 4900 τῶν
1334 4846 1608 4901 Ἰουδαίων
1629 4846 1731 4917 οὐχ
1760 4848 1811 4901 οι
1835 4844 1993 4918 βασι-

399 4949 516 5011 λεῖς
575 4946 736 5017 μόνον
766 4943 903 4997 ἀλλά
942 4943 1035 4995 καὶ
1083 4941 1134 4993 οἱ
1180 4940 1462 5012 ἀρχιερεῖς
1487 4940 1583 4994 καὶ
1609 4940 1661 4993 οἱ
1689 4941 1989 5011 προφῆται·

398 5036 495 5091 τοῦ
533 5038 643 5107 γὰρ
675 5034 926 5106 Σωτῆρος
967 5030 1126 5102 ἡμῶν
1159 5029 1444 5102 μέλλοντος
1471 5029 1777 5095 τίκτεσθαι,
1823 5030 1985 5084 ἀλλύ-

402 5130 559 5201 φυλοι
589 5127 769 5182 αὐτῶν
798 5126 1110 5197 ἐκράτησαν
1147 5121 1410 5192 βασιλεῖς,
1447 5121 1535 5175 ἵνα
1564 5122 1593 5175 6
1636 5121 1854 5186 αἰώνιος
1881 5123 1990 5176 δει-

401 5223 504 5295 χθῇ
536 5219 799 5283 Βασιλεὺς
826 5219 860 5290 ή
890 5216 1000 5269 τῶν
1029 5214 1201 5269 ἐθνῶν
1248 5212 1570 5285 προσδοκία·
1608 5214 1704 5267 καὶ
1731 5213 1841 5283 γὰρ
1894 5213 1989 5267 καὶ⁹

400 5314 481 5385 τῷ
531 5311 784 5384 Ἀϐραὰμ
814 5310 908 5363 καὶ
937 5307 1015 5380 τῷ
1057 5306 1247 5361 Ἰσαὰκ
1267 5307 1361 5360 καὶ
1390 5305 1467 5376 τῷ
1500 5304 1697 5358 Ἰακὼῦ
1722 5306 1991 5376 ὑπέσχετο

401 5410 431 5461 6
464 5408 595 5471 Θεὸς
627 5407 684 5458 ὲν
734 5404 814 5476 τῷ
865 5404 1141 5473 σπέρματι
1201 5399 1381 5453 αὐτῶν
1432 5397 1752 5469 εὐλογήσειν
1814 5398 1995 5451 πάντα

402 5501 473 5554 τὰ
500 5499 628 5569 ἔθνη
650 5497 751 5566 τῆς
785 5496 909 5567 γῆς’
941 5492 1100 5548 τοῦτο
1120 5493 1176 5546 δὲ
1196 5491 1292 5545 καὶ⁹
1320 5489 1556 5544 ἐνταῦθα
1600 5489 1925 5560 παραδηλῶν
1967 5490 1996 5542 6

418 5591 634 5656 Ἰακὼϐ,
668 5590 822 5661 φησί·
849 5608 867 5641 ι
895 5589 1009 5641 Οὐκ
1024 5585 1263 5655 ἐκλείψει
1295 5585 1534 5656 ἀρχων,›
1562 5585 1657 5638 καὶ
1679 5581 1831 5652 ὲξῆς·
1863 5581 1993 5647 ἓως,

414 5702 433 5734 ι
455 5685 565 5736 Καὶ
579 5684 737 5746 αὐτὸς
756 5681 1051 5753 προσδοκία
1067 5678 1257 5733 ἐθνῶν·
1283 5697 1301 5730 ι
1319 5679 1416 5731 καὶ
1430 5675 1703 5731 Ἰουδαίων
1723 5675 1996 5729 συστάντα

482 5799 525 5830 δι
553 5795 711 5852 Num.
767 5811 933 5855 xxxv.
963 5796 1017 5850 4.
1122 5793 1167 5827 ³’
1195 5790 1313 5850 Jos.
1344 5805 1459 5858 xxx,
1488 5789 1543 5846 9.

414 5866 457 5899 "
483 5869 680 5925 lienes.
713 5882 861 5934 xm,
897 5866 981 5921 10.

1642 5788 1689 5822 ⁸⁸
1714 5788 1733 5844 l
1762 5789 1941 5845 Paral.
1972 5804 2088 5856 ut,
2122 5788 2192 5857 5;
2222 5785 2383 5843 Num.
2425 5799 2465 5851 ι,
2516 5780 2607 5841 9.7.

2088 4662 2251 4709 turus
2286 4655 2447 4704 erat:
2483 4663 2503 4697 ι
2550 4641 2671 4697 Νοιι
2699 4639 2916 4695 deﬁciet
2960 4638 3217 4707 princeps
3248 4647 3316 4687 ex
3342 4628 3519 4695 Juda;
3564 4646 3584 4681 ι
3632 4637 3689 4682 et

2092 4745 2326 4815 reliqua.
2355 4740 2469 4796 Hoc
2513 4736 2661 4793 enim
2700 4732 2966 4789 indiciqu
3014 4728 3118 4783 fuit
3150 4724 3363 4799 Christi,
3403 4721 3697 4791 praesentis

2091 4813 2592 4908 exploratissimum
2631 4846 2646 4883 :
2681 4839 2924 4894 namque
2949 4820 3091 4891 apud
3117 4817 3336 4874 Judaeos
3369 4813 3695 4869 defecerant

2092 4948 2202 4989 non
2240 4944 2394 5001 reges
2430 4919 2837 4983 tantummodo,
2868 4915 2963 4973 sed
2997 4914 3162 4969 etiam
3204 4908 3494 4981 pontiﬁces
3525 4915 3693 4975 atque

2096 4997 2396 5095 prophetae.
2429 5016 2642 5072 Etenim
2671 5010 2979 5068 Servatoris
3010 5004 3185 5061 nostri
3214 5004 3455 5058 instante
3492 4997 3700 5054 nativi-

2098 5127 2231 5184 tate,
2260 5114 2579 5185 alienigenae
2610 5124 2766 5182 reges
2795 5104 3242 5167 dominabantur,
3277 5110 3339 5154 ut
3386 5114 3484 5155 rex
3528 5106 3695 5151 aeter-

2101 5228 2205 5269 nus
2258 5208 2724 5268 manifestaretur,
2772 5200 3012 5272 gentium
3044 5192 3401 5265 exspectatio.
3447 5187 3584 5243 Nam
3634 5195 3691 5240 et

2100 5302 2418 5361 Abrahamo
2443 5310 2497 5354 ct
2530 5296 2715 5353 lsaaco
2741 5303 2797 5348 et
2830 5290 3034 5347 Jacobo
3077 5287 3408 5358 promiserat
3432 5281 3599 5343 Deus,
3633 5278 3692 5333 iu

2095 5396 2307 5454 semine
2355 5406 2548 5447 eorum
2608 5386 3024 5443 benedicturum
3075 5398 3135 5437 se
3171 5386 3360 5451 gentes
3418 5385 3596 5429 terrae.
3631 5371 3697 5424 ιιι

2095 5488 2276 5558 ipsum
2319 5484 2425 5538 hoc
2451 5483 2571 5536 loco
2602 5478 2888 5534 declarans
2916 5473 3154 5529 Iacobus
3187 5470 3303 5524 ait:
3344 5484 3363 5519 ι
3402 5463 3524 5558 Non
3552 5461 3689 5558 deli-

2095 5553 2204 5636 ciet
2230 5576 2484 5649 princeps
2508 5588 2525 5639 ;
2555 5591 2573 5623 ι
2601 5580 2657 5628 et
2675 5569 2905 5638 reliqua,
2928 5579 3103 5635 usque
3120 5562 3188 5617 ad
3211 5558 3376 5615 verba
3398 5574 3411 5612 :
3445 5572 3464 5607 ι
3490 5553 3555 5608 Et
3572 5553 3699 5623 ipse

2096 5673 2201 5729 erit
2238 5667 2576 5741 exspectatio
2607 5663 2854 5737 gentium
2882 5679 2896 5717 :
2924 5680 2943 5713 ι
2979 5657 3352 5731 populumque
3400 5649 3700 5706 Judaicum

2712 5777 2757 5810 ”
2788 5775 2896 5835 lsa.
2947 5789 3020 5840 xt,
3057 5774 3108 5827 7.
3205 5769 3249 5802 ⁸³
3279 5764 3437 5822 Joan.
3504 5778 3563 5830 ιι,
3600 5763 3684 5818 l9:
