4136 6502
435 421 574 487 1075

1512 403 1777 467 PHOTII
1817 392 2329 461 PATRIARCIL‘E
2365 392 2478 451 ΟΡ.

3572 366 3747 436 1076

425 531 745 590 constituet.
778 526 1041 593 Alligans,
1075 521 1275 591 inquit,
1309 516 1405 573 viti
1435 516 1648 572 asinam
1686 527 1864 578 suam,
1897 507 2024 563 vitis

2154 495 2611 568 .αόν.‹Δεσμεύων
2631 492 2767 564 πρὸς
2796 491 3043 562 ἄμπελον
3069 484 3168 559 τὴν
3189 486 3312 541 δνον
3342 482 3532 549 αὐτοῦ,
3552 482 3750 554 φησιν

429 640 586 680 remo
614 622 817 692 pullum
848 618 1017 672 asinae
1043 628 1176 670 suae.
1209 611 1365 678 Quod
1395 609 1618 679 quidem
1646 609 1774 662 vitis
1802 604 2027 660 nomine

430 718 719 772 denotetur
753 711 939 775 Israel,
987 708 1192 779 passim
1249 704 1528 775 pr0phetae
1569 701 1790 757 docent.
1828 697 2028 768 Utique

432 810 601 864 David
652 809 757 862 ait:
816 825 833 857 ι
879 804 1102 858 Vineam
1147 817 1216 856 ex
1255 798 1492 871 Egypto
1548 792 1873 850 transtulisti
1894 793 1963 847 ³⁷.
2001 808 2022 844 ι

433 902 573 957 Tum
649 899 914 956 Dominus
976 898 1027 951 in
1068 893 1426 962 Evangeliis:
1486 909 1505 941 ι
1559 885 1740 943 Homo
1800 886 2026 956 quidam

435 996 653 1047 vineam
724 990 1072 1063 plantavit”.
1117 1008 1137 1040 ι
1201 985 1418 1039 Pullum
1484 982 1621 1038 dicit
1673 979 2026 1035 etlmicorum

436 1086 700 1157 populum
722 1126 738 1150 ,
788 1093 972 1153 utpote
1002 1082 1183 1136 adhuc
1214 1077 1502 1134 indocilem
1537 1084 1594 1132 et
1631 1075 1902 1131 domitore
1933 1087 2029 1127 ca-

437 1189 670 1234 rentem.
708 1176 823 1233 Hoc
851 1177 970 1247 ipse
995 1174 1262 1229 Dominus
1317 1170 1518 1235 innuit,
1577 1184 1704 1226 cum
1752 1166 2033 1222 mandavit

436 1276 729 1347 discipulis
763 1275 899 1329 utin
934 1273 1223 1328 adversum
1254 1269 1535 1325 castellum
1570 1269 1734 1334 irent,
1765 1267 2033 1321 vinctam-

437 1386 547 1440 que
591 1371 803 1425 asinam
836 1368 1110 1423 solverent
1139 1380 1264 1420 cum
1306 1363 1455 1434 pullo
1502 1362 1643 1433 ejus,
1675 1377 1840 1433 quem
1871 1374 2033 1414 nemo

442 1464 643 1529 adhuc,
682 1454 880 1532 inquit,
923 1460 1196 1516 insederat
1214 1459 1281 1513 ⁸⁹.
1314 1458 1447 1513 Nam
1479 1474 1658 1529 neque
1697 1459 2032 1529 patriarcha,

445 1572 622 1625 neque
652 1556 950 1623 legislator,
974 1569 1150 1623 neque
1184 1552 1448 1624 propheta
1474 1552 1669 1609 salutis
1685 1553 2031 1608 ethnicorum

446 1664 635 1703 curam
660 1659 963 1718 gesserant.
997 1646 1115 1702 Divi
1138 1656 1322 1702 autem
1353 1647 1585 1716 apostoli
1614 1646 1833 1702 erudire
1854 1646 2037 1701 ethni-

447 1755 541 1794 cos
571 1739 713 1807 jussi
754 1739 1034 1795 solverunt
1090 1739 1322 1802 asinam,
1357 1737 1409 1791 id
1444 1745 1528 1792 est
1558 1738 1843 1793 hominum
1874 1745 2039 1792 natu-

449 1848 566 1887 ram
607 1841 956 1901 peccatorum
987 1831 1117 1885 loris
1164 1837 1325 1883 antea
1351 1828 1661 1885 devinctam
1694 1844 1709 1881 :
1752 1828 2038 1885 solverunt
2068 1850 2113 1910 Β

446 1934 503 1977 ct
536 1923 765 1993 pullum,
801 1923 1198 1993 germinantem
1237 1921 1446 1977 scilicet
1489 1937 1557 1976 ex
1598 1937 1663 1976 ea
1720 1922 1981 1991 papulum
2020 1939 2034 1976 :

452 2016 830 2087 impositisque
856 2017 903 2071 ei
931 2016 1271 2071 vestimentis
1300 2016 1437 2078 suis,
1466 2014 1518 2069 id
1547 2024 1651 2078 est,
1685 2031 1850 2085 quam
1882 2031 2042 2071 acce-

453 2118 665 2177 perant,
704 2109 877 2176 gratia
932 2110 1081 2179 (nam
1124 2118 1392 2178 quotquot
1427 2108 1481 2162 in
1518 2106 1740 2163 Christo
1780 2108 2040 2178 baptizati

454 2212 615 2263 sunt,
678 2200 955 2255 Christum
1012 2200 1388 2269 induerunt“)
1452 2199 1685 2254 docilem
1744 2200 2045 2255 ellecerunt

452 2306 614 2357 eum,
664 2291 758 2361 qui
814 2299 935 2345 erat
997 2299 1154 2346 antea
1197 2290 1377 2360 pullus
1427 2291 1770 2358 indomitus,
1830 2294 2045 2365 ipsique

457 2385 748 2440 Dominum
784 2385 1185 2456 imposuerunt.
1236 2383 1375 2440 Tum
1415 2389 1668 2441 eumdem
1707 2386 1802 2443 viti
1853 2389 2047 2455 alliga-

458 2489 677 2543 verunt,
719 2478 771 2534 id
803 2489 887 2534 est
915 2479 1136 2534 sibimet
1166 2480 1301 2550 ipsis
1339 2498 1352 2534 :
1402 2496 1529 2535 nam
1569 2478 1776 2537 Iudaeis
1824 2483 2047 2538 oriundi

456 2572 716 2644 apostoli.
767 2571 953 2642 Neque
1023 2572 1286 2641 apostolis
1342 2581 1589 2638 tantum,
1640 2590 1829 2630 verum
1881 2580 2047 2632 etiam

462 2666 660 2720 horum
711 2665 997 2736 discipulis
1044 2666 1281 2720 devincti
1332 2665 1519 2722 ﬁdeles
1566 2679 1744 2723 sunt:
1798 2669 1851 2724 id
1901 2670 2050 2741 quod

460 2758 776 2828 patriarcha
829 2759 1133 2829 prazvidens
1180 2761 1257 2814 ait
1300 2774 1316 2814 :
1369 2761 1614 2831 Alligans
1665 2762 1763 2817 viti
1832 2765 2051 2819 asinam

463 2868 642 2918 suam,
678 2868 939 2923 ramoque
970 2852 1095 2908 vitis
1126 2853 1334 2923 pullum
1363 2854 1530 2909 asina:
1560 2870 1693 2910 suae.

2127 591 2222 645 καὶ
2237 592 2304 660 τῇ
2335 588 2477 642 ἕλικι
2501 587 2600 656 τῆς
2618 583 2866 656 ἀμπέλου
2888 581 2979 635 τὸν
3004 579 3183 632 πῶλον
3205 577 3308 649 τῆς
3331 577 3456 631 όνου
3483 573 3699 629 αὑτοῦ·
3716 588 3740 621 ι

2124 685 2208 738 ὅτι
2235 682 2292 736 δὲ
2324 680 2569 753 ἄμπελος
2606 680 2636 732 ὁ
2694 675 2914 747 Ἰσραὴλ
2962 672 3319 744 ὠνομάζετο,
3360 669 3565 728 πάντες
3617 666 3750 736 μὲν

2124 776 2176 828 οί
2213 775 2492 844 προφῆται
2512 771 2850 826 διδάσκουσι·
2876 766 2972 820 καὶ
3001 765 3165 818 Δαϐίδ
3197 777 3356 833 φησι·
3383 781 3401 813 ι
3431 758 3749 830 Ἄμπελον

2126 870 2185 937 ἐξ
2210 868 2487 939 Αἰγύπτου
2521 866 2787 937 μετῆρας·
2816 881 2834 912 ι
2859 860 2955 915 καὶ
2977 861 3007 913 ὁ
3034 857 3239 928 Κύριος
3259 856 3320 910 δὲ
3339 855 3526 917 ἐντοῖς
3550 852 3756 916 Εὐαγ-

2127 962 2349 1032 γελίοις·
2376 978 2395 1012 ι
2419 956 2737 1029 Ἄνθρωπός
2749 970 2833 1017 τις
2849 951 3146 1021 ἐφύτευσεν
3158 946 3483 1019 ἀμπελῶνα·
3498 963 3516 995 ι
3539 940 3755 995 πῶλον

2127 1054 2185 1108 δὲ
2218 1054 2310 1107 τὸν
2346 1049 2603 1116 ὲξὲθνῶν
2630 1042 2890 1116 ὀνομάζει
2925 1041 3079 1108 λαὸν,
3129 1040 3205 1104 ὡς
3248 1037 3562 1108 ἀδάμαστον
3589 1032 3753 1085 ὄντα

2130 1146 2225 1199 καὶ
2275 1142 2636 1212 νπωλοδάμνην
2683 1139 2788 1192 οὐκ
2849 1134 3144 1206 ἐσχηκότα·
3184 1131 3348 1185 τοῦτο
3402 1128 3513 1199 γάρ
3566 1124 3678 1180 καὶ
3717 1122 3755 1173 ὁ

2134 1234 2337 1308 Κύριος
2388 1232 2613 1303 ᾐνίξατο
2662 1231 2779 1292 τοῖς
2827 1225 3152 1287 ἀποστόλοις
3200 1214 3589 1294 προστεταχὼς
3648 1215 3755 1274 εἰς

2131 1306 2233 1399 τὴν
2259 1328 2522 1381 ἀπέναντι
2565 1321 2760 1393 κώμην
2792 1318 3049 1375 ἀπελθεῖν
3103 1317 3199 1370 καὶ
3248 1314 3413 1367 λῦσαι
3449 1311 3551 1382 τὴν
3599 1306 3755 1360 ὄνον

2132 1424 2233 1493 τὴν
2274 1418 2568 1490 δεδεμένην
2596 1413 2807 1470 καὶτὸν
2832 1413 3040 1483 ταύτης
3072 1409 3272 1473 πῶλον,
3308 1406 3394 1476 ἔφ’
3433 1404 3513 1469 ὃν,
3562 1399 3749 1471 φησὶ,

2133 1514 2312 1575 οὐδεὶς
2356 1510 2663 1580 ἀνθρώπων
2720 1504 2972 1561 ἐκάθισε·
3014 1502 3140 1556 οὕτε
3187 1502 3297 1572 γὰρ
3354 1495 3757 1569 πατριάρχης.

2135 1604 2261 1659 οὔτε
2286 1601 2613 1674 νομοθέτης.
2643 1597 2771 1653 οὕτε
2794 1597 3085 1669 προφήτης
3106 1594 3246 1665 (58),
3277 1592 3379 1662 τῆς
3408 1589 3518 1643 τῶν
3554 1586 3753 1641 έθνῶν

2139 1697 2423 1769 ἐφρόντισε
2473 1692 2781 1764 σωτηρίας·
2813 1691 2864 1744 οἱ
2905 1690 2963 1744 δὲ
3002 1689 3139 1743 θεῖοι
3193 1684 3489 1741 ἀπόστολοι
3547 1694 3749 1753 προσ-

2139 1768 2438 1862 ταχθέντες
2504 1784 2844 1859 μαθητεῦσαι
2895 1784 2967 1836 τά
3028 1780 3181 1849 ἔθνη,
3238 1776 3436 1830 ἔλυσαν
3487 1772 3588 1845 μὲν
3630 1768 3757 1840 τὴν

2140 1884 2284 1948 ὄνον,
2326 1881 2576 1935 τουτέστι
2619 1878 2727 1933 τῶν
2762 1875 3070 1949 ἀνθρώπων
3100 1871 3200 1943 τὴν
3231 1870 3395 1940 φύσιν
3442 1866 3543 1937 τὴν
3581 1864 3753 1917 δεδε-

2145 1976 2315 2047 μένην
2353 1975 2478 2037 ταῖς
2526 1972 2622 2042 τῆς
2667 1968 2946 2041 ἁμαρτίας
3005 1967 3235 2038 σειραῖς·
3288 1962 3488 2015 ἔλυσαν
3542 1958 3601 2011 δὲ
3639 1956 3757 2010 καὶ

2142 2066 2233 2119 τὸν
2280 2064 2461 2117 πῶλον
2489 2063 2582 2117 τὸν
2634 2063 2700 2115 ὲκ
2735 2060 2942 2130 ταύτης
2997 2056 3409 2129 βεϐλαστηκότα
3435 2050 3585 2105 λαόν·
3640 2048 3757 2102 καὶ

2145 2159 2426 2222 ἐπιθέντες
2455 2154 2607 2226 αὐτῷ
2631 2154 2701 2208 τὰ
2758 2154 2947 2224 ἱμάτια
2980 2152 3050 2205 τά
3082 2148 3318 2213 ἑαυτῶν,
3354 2144 3604 2200 τουτέστι
3633 2141 3753 2211 τὴν

2145 2252 2309 2325 χάριν
2327 2246 2396 2324 ἧς
2417 2249 2608 2319 ἔτυχον
2635 2247 2773 2319 (ὅσοι
2801 2245 2911 2316 γάρ
2930 2247 3011 2308 είς
3031 2241 3269 2313 Χριστὸν
3295 2234 3750 2305 ἐϐαπτίσθησαν,

2147 2344 2383 2416 Χριστὸν
2397 2338 2738 2408 ὲνεδύσαντο)
2753 2338 2990 2408 ,εὐήνιον
3008 2336 3298 2405 ἀπέφηναν
3312 2331 3403 2384 τὸν
3425 2330 3753 2399 ἁδάμαστον

2149 2435 2446 2502 πῶλον,καὶ
2473 2432 2812 2487 ὲπεκάθισαν
2834 2430 2983 2501 αὐτῷ
3016 2429 3109 2484 τὸν
3130 2426 3430 2495 Δεσπότην,
3451 2423 3548 2477 καὶ
3572 2437 3726 2492 προσ

2151 2529 2352 2601 έδησαν
2414 2526 2577 2581 αὑτὸν
2625 2528 2693 2597 τῇ
2755 2524 3009 2593 ἀμπέλῳ,
3064 2520 3350 2574 τουτέστιν
3403 2517 3640 2576 ἑαυτοῖς·
3681 2511 3754 2577 ἐξ

2164 2621 2439 2677 Ἰουδαίων
2476 2620 2586 2690 γὰρ
2622 2619 2673 2673 οί
2707 2616 3025 2681 ἀπόστολοι,
3072 2612 3133 2666 ού
3162 2611 3324 2683 μόνον
3355 2609 3414 2663 δὲ
3452 2608 3567 2670 τοῖς
3604 2606 3752 2659 ἀπο-

2156 2715 2365 2779 στόλοις
2398 2712 2754 2784 συνήφθησαν
2779 2710 2829 2762 οἱ
2856 2705 3310 2773 πεπιστευκότες,
3337 2700 3475 2757 ἀλλά
3509 2699 3605 2752 καὶ
3628 2699 3754 2760 τοῖς

2153 2808 2266 2861 τῶν
2310 2806 2626 2861 ἀποστόλων
2692 2802 2961 2875 μαθηταῖς
2988 2816 3003 2830 ·
3063 2797 3159 2852 καὶ
3203 2794 3363 2849 τοῦτο
3415 2789 3670 2864 προορῶν
3720 2789 3754 2840 ὁ

2156 2898 2509 2970 πατριάρχης
2536 2895 2641 2965 ἔφη
2665 2910 2679 2925 ·
2700 2911 2719 2944 t
2743 2891 3036 2962 Δεσμεύων
3056 2885 3195 2960 πρὸς
3217 2882 3464 2957 άμπελον
3494 2881 3596 2949 τὴν
3624 2879 3753 2932 δνον

2157 2991 2347 3057 αὐτοῦ,
2376 2991 2470 3043 καὶ
2498 2990 2568 3060 τῇ
2594 2986 2736 3040 ἕλικι
2758 2983 2859 3054 τῆς
2885 2980 3136 3053 ἀμπέλου
3166 2979 3258 3032 τὸν
3278 2976 3459 3029 πῶλον
3494 2972 3593 3046 τῆς
3622 2971 3754 3025 ὄνου

2158 3080 2345 3137 αὑτοῦ.
2383 3097 2405 3131 ι

538 3168 592 3223 4.
652 3168 786 3222 Exin
830 3168 1142 3239 passionem
1190 3186 1411 3242 quoque
1439 3173 1725 3243 praedicit:
1769 3194 1787 3228 ι
1825 3174 2052 3234 Lavabit

2230 3176 2292 3229 δ’.
2326 3169 2461 3226 Εἶτα
2490 3172 2585 3225 καὶ
2625 3170 2687 3224 τὸ
2711 3168 2881 3231 πάθος
2922 3165 3210 3238 προλέγει·
3248 3180 3269 3215 ι
3300 3161 3496 3214 Πλυνεῖ
3532 3160 3589 3212 ὲν
3624 3156 3756 3228 οῐνῳ

466 3266 596 3320 vino
633 3264 829 3318 stolam
870 3278 1052 3327 suam,
1103 3264 1372 3334 sanguine
1409 3281 1529 3321 uvae
1571 3267 1802 3337 pallium
1840 3286 2000 3326 suum
2040 3290 2057 3328 :

468 3359 672 3413 hilares
710 3357 852 3412 oculi
891 3358 1013 3425 ejus
1057 3372 1091 3412 a
1121 3359 1281 3423 vino,
1335 3362 1554 3418 candidi
1594 3365 1804 3420 dentes.
1847 3363 2060 3436 Corpus

468 3452 687 3522 quidem
721 3452 843 3522 ejus
878 3450 1033 3505 stolae
1066 3453 1289 3506 nomine
1323 3453 1573 3524 indigitat
1598 3494 1614 3519 ,
1670 3456 1781 3512 vini
1838 3459 2064 3515 nomine

469 3543 830 3613 sanguinem:
865 3559 989 3597 nam
1012 3555 1399 3601 consecratum
1432 3546 1616 3599 vinum
1639 3550 1863 3620 sanguis
1891 3550 2061 3616 est“,

473 3644 612 3690 teste
642 3633 953 3689 Servatoris
975 3648 1249 3691 sermone.
1277 3630 1415 3687 Tum
1439 3634 1829 3703 evangelistam
1862 3636 2068 3692 docen-

473 3736 583 3781 tem
613 3726 903 3790 audimus,
937 3724 1087 3794 quod
1138 3740 1263 3779 cum
1298 3724 1499 3787 militis
1531 3725 1723 3782 lancea
1773 3727 1914 3785 latus
1942 3729 2065 3798 ejus

472 3816 735 3873 effossum
762 3825 866 3880 est,
895 3817 1119 3887 sanguis
1151 3825 1206 3871 et
1234 3832 1374 3886 aqua
1414 3817 1660 3886 eruperit
1678 3817 1723 3849 ’δ’
1755 3836 1770 3874 :
1799 3834 1921 3889 qua:
1941 3836 2065 3875 sca-

476 3908 646 3963 tebras
661 3921 787 3961 cum
816 3909 869 3960 in
900 3920 1101 3976 corpus
1126 3907 1455 3973 dillluerent,
1500 3906 1708 3963 idcirco
1754 3909 1872 3962 ait:
1912 3928 1931 3961 ι
1956 3909 2063 3965 La-

476 3999 625 4053 vabit
683 3999 811 4053 vino
866 4000 1062 4053 stolam
1110 4014 1289 4064 suam,
1344 4014 1463 4054 uvae
1517 4000 1784 4071 sanguine
1841 4003 2064 4072 pallium

475 4090 720 4147 suum“.
754 4111 772 4141 ›
808 4090 1011 4146 Deinde
1048 4093 1346 4147 ostendens
1382 4103 1701 4149 exorturum
1742 4110 1774 4150 e
1808 4097 2069 4165 passione

476 4184 767 4257 gaudium,
794 4185 1281 4255 «Hilares,inquit,
1311 4187 1454 4240 oculi
1474 4186 1594 4257 ejus
1616 4202 1648 4243 a
1669 4187 1797 4243 vino
1835 4205 1850 4243 :
1880 4207 1899 4240 ι
1939 4205 2065 4244 nam

481 4276 665 4331 laatitia
699 4276 849 4331 orbis
880 4274 1189 4331 Servatoris
1220 4279 1405 4346 passio
1432 4285 1538 4333 est.
1566 4278 1720 4344 Quod
1747 4288 1931 4335 autem
1965 4283 2070 4337 hac

483 4370 657 4441 ﬁgura
683 4369 996 4439 passionem
1019 4370 1333 4439 patriarcha
1355 4370 1744 4442 designaverit,
1773 4375 1928 4429 testis
1952 4376 2069 4445 ipse

2162 3266 2262 3336 τὴν
2288 3264 2479 3336 στολὴν
2502 3262 2694 3329 αὐτοῦ,
2721 3262 2815 3316 καὶ
2845 3264 2903 3314 ὲν
2927 3260 3120 3329 αἵματι
3156 3254 3435 3325 σταφυλῆς
3459 3252 3559 3322 τὴν
3594 3267 3751 3320 περι-

2164 3361 2326 3434 ϐολὴν
2391 3357 2599 3413 αὐτοῦ·
2667 3354 2956 3427 χαροποιοὶ
3012 3352 3061 3404 οἱ
3110 3348 3382 3420 ὀφθαλμοὶ
3427 3344 3598 3399 αὑτοῦ
3646 3343 3748 3399 ἀπὸ

2164 3453 2310 3508 οἴνου
2338 3468 2353 3482 ·
2426 3449 2522 3504 καὶ
2596 3445 2784 3501 λευκοὶ
2864 3446 2914 3498 οἱ
2963 3441 3175 3504 ὀδόντες
3232 3439 3402 3494 αὐτοῦ
3429 3456 3443 3471 ·
3495 3456 3513 3489 ι
3554 3438 3645 3492 καὶ
3687 3437 3745 3488 τὸ

2168 3547 2268 3620 μὲν
2334 3544 2496 3614 σῶμα
2552 3539 2719 3595 αὑτοῦ
2773 3538 2967 3608 στολὴν
3033 3532 3337 3606 ὀνομάζει·
3392 3532 3456 3586 τὸ
3514 3532 3571 3585 δὲ
3612 3528 3744 3600 αίμα

2165 3637 2311 3695 οἶνον
2345 3654 2359 3672 ·
2395 3634 2581 3708 ἐπειδὴ
2605 3635 2702 3689 καὶ
2732 3635 2824 3686 τὸν
2856 3629 3118 3703 μυστικὸν
3144 3625 3289 3681 οἶνον
3318 3622 3457 3697 αἷμα
3487 3624 3751 3689 κέκληκεν

2166 3733 2195 3786 ὁ
2220 3730 2497 3801 Δεσπότης
2531 3727 2668 3800 (59)·
2699 3726 2975 3796 ἀκούομεν
2997 3723 3055 3777 δὲ
3090 3723 3188 3776 καὶ
3232 3720 3328 3775 τοῦ
3366 3713 3753 3787 εὐαγγελιστοῦ

2168 3825 2510 3886 διδάσκοντος
2569 3820 2645 3884 ὡς
2690 3818 2786 3873 τοῦ
2809 3814 3143 3889 στρατιώτου
3197 3815 3267 3885 τῇ
3299 3812 3467 3882 λόγχῃ
3501 3809 3756 3877 νύξαντος

2169 3916 2338 3973 αὐτοῦ
2362 3917 2462 3987 τὴν
2490 3913 2759 3985 πλευρὰν,
2802 3910 3028 3981 ἐξῆλθεν
3062 3902 3205 3979 αἷμα
3234 3906 3332 3961 καὶ
3366 3905 3511 3976 ὕδωρ
3540 3921 3554 3935 ·
3612 3894 3757 3957 οὗτοι

2168 4011 2227 4064 δὲ
2264 4011 2314 4063 oi
2340 4007 2561 4081 κρουνοὶ
2603 4005 2692 4061 διά
2741 4004 2837 4059 τοῦ
2888 4002 3145 4074 σώματος
3194 3998 3629 4071 κατερρύησαν·
3672 3994 3760 4049 διὰ

2170 4103 2331 4159 τοῦτο
2369 4103 2463 4157 καί
2494 4114 2653 4171 φησι·
2698 4119 2716 4151 ι
2748 4098 2950 4152 Πλυνεί
2986 4098 3046 4150 ὲν
3072 4095 3203 4163 οἴνῳ
3219 4091 3321 4164 τὴν
3343 4090 3538 4162 στολὴν
3568 4087 3759 4152 αὐτοῦ,

2170 4197 2266 4251 καὶ
2329 4196 2387 4248 ὲν
2448 4193 2644 4264 αἵματι
2698 4188 2981 4260 σταφυλῆς
3034 4186 3136 4257 τὴν
3163 4183 3460 4256 περιϐολὴν
3510 4179 3703 4237 αὐτοῦ.
3738 4198 3758 4233 ι

2172 4284 2306 4341 Εῐτα
2361 4286 2576 4347 δεικνὺς
2630 4281 2730 4353 τὴν
2782 4280 2893 4334 ἀπὸ
2942 4276 3037 4333 τοῦ
3104 4276 3314 4340 πάθους
3386 4272 3764 4345 γενησομένην

2173 4378 2535 4451 εὐφροσύνην·
2574 4394 2593 4429 t
2628 4374 2951 4447 Χαροποιοὶ,
2981 4373 3169 4443 φησὶν,
3201 4371 3252 4423 οἱ
3293 4368 3569 4439 ὀφθαλμοὶ⁵
3601 4364 3766 4420 αὐτοῦ

484 4465 749 4519 Dominus
778 4464 966 4519 dicens
998 4480 1012 4517 :
1051 4461 1273 4528 «Pater,
1322 4464 1368 4519 si
1413 4464 1533 4519 ﬁeri
1562 4475 1763 4535 potest,
1818 4475 2052 4522 transeat

2174 4472 2284 4526 ἀπὸ
2306 4469 2450 4524 οἴνου
2470 4486 2517 4521 ἰ
2548 4465 2862 4538 εὐφροσύνη
2906 4464 3018 4534 γάρ
3070 4462 3172 4533 τῆς
3210 4460 3543 4532 οἰκουμένης
3568 4459 3633 4512 τὸ
3665 4474 3771 4511 σω-

483 4572 514 4609 a
560 4570 649 4610 me
699 4555 842 4611 calix
903 4557 1009 4611 iste
1038 4556 1104 4610 “.
1156 4574 1175 4607 ι
1229 4553 1371 4609 Τυιιι
1424 4556 1593 4611 etiam
1650 4557 1897 4614 Zebedati
1938 4560 2052 4615 lilii:

2175 4569 2365 4640 τήριον
2394 4564 2589 4628 πάθος.
2620 4537 2743 4616 Ὀτι
2781 4560 2840 4615 δὲ
2875 4559 3019 4613 οὓτω
3051 4559 3111 4613 τὸ
3145 4558 3318 4621 πάθος
3341 4555 3596 4618 ἐκάλεσε,
3628 4555 3773 4626 μάρ-

482 4647 712 4704 aiebat:
769 4668 788 4701 ι
824 4648 1136 4706 Potestisne
1185 4649 1372 4705 bibere
1441 4649 1671 4705 calicem
1741 4666 1907 4721 quem
1971 4667 2071 4723 ego

486 4742 759 4798 bibiturus
789 4743 1011 4798 sum"?
1048 4762 1068 4796 ι
1103 4742 1249 4815 Ergo
1285 4743 1576 4800 oculorum
1602 4744 1855 4801 hilaritas
1883 4761 2076 4802 conse-

485 4847 668 4892 cutam
711 4853 743 4895 e
791 4839 1046 4907 passione
1097 4838 1341 4893 lmtitiam
1396 4840 1641 4894 denotat.
1676 4837 1924 4910 Namque
1951 4850 2074 4910 post

488 4932 799 4999 passionem
819 4932 973 4988 missi
1003 4943 1133 4987 sunt
1164 4934 1218 4986 in
1254 4934 1570 4988 universum
1598 4934 1789 4989 orbem
1817 4935 2074 5005 discipuli

483 5024 715 5079 salutem
764 5026 1016 5081 fidelibus
1060 5027 1297 5081 allaturi.
1333 5024 1454 5081 Jam
1483 5028 1750 5085 doctrinae
1783 5032 2074 5101 puritatem

484 5115 900 5188 claritatemque
946 5120 1355 5176 candidissimis
1405 5122 1660 5177 dentibus
1713 5125 2073 5191 comparavit.

492 5228 511 5260 ι
543 5209 796 5277 Candidi,
829 5212 1027 5283 inquit,
1058 5214 1247 5270 dentes
1276 5214 1397 5285 ejus
1436 5231 1545 5285 prae
1572 5217 1712 5272 lacte
1728 5216 1795 5271 "°.
1840 5235 1861 5270 ι
1903 5216 2081 5289 Atque

489 5302 756 5359 hactenus
780 5306 1094 5375 patriarcha
1132 5306 1331 5363 Judam
1359 5312 1784 5367 commendavit.

2169 4679 2269 4726 τυς
2300 4660 2465 4723 αὐτὸς
2510 4659 2539 4713 ό
2590 4654 2797 4728 Κύριος
2838 4654 3053 4723 λέγων·
3111 4670 3129 4704 ι
3162 4652 3369 4724 Πάτερ,
3424 4651 3475 4704 εί
3519 4647 3771 4714 δυνατὸν,

2172 4752 2491 4823 παρελθέτω
2519 4750 2582 4803 τὸ
2616 4753 2878 4818 ποτήριον
2914 4746 3072 4800 τοῦτο
3099 4745 3196 4799 ἀπ’
3230 4742 3366 4816 ἐμοῦ
3395 4760 3410 4775 ·
3444 4761 3463 4794 ι
3499 4741 3645 4796 οὕτω
3676 4739 3776 4793 καὶ

2169 4851 2284 4912 τοῖς
2316 4847 2451 4907 υἱοῖς
2483 4844 2590 4915 ἔφη
2621 4841 2909 4897 Ζεϐεδαίου
2932 4856 2945 4869 ·
3000 4856 3019 4890 t
3048 4837 3290 4892 Δύνασθε
3328 4838 3478 4890 πιεῖν
3514 4835 3577 4888 τὸ
3608 4833 3777 4903 ποτή-

2177 4958 2290 5011 ριον
2313 4939 2342 4993 ὃ
2370 4937 2482 5007 ὲγὼ
2516 4937 2696 5009 μέλλω
2730 4936 2874 4987 πιεῖν
2897 4952 2911 5001 ;
2938 4953 2957 4985 ι
3017 4933 3077 4985 τὸ
3101 4931 3286 4985 τοίνυν
3316 4928 3618 5001 χαροποιὸν
3667 4926 3776 4980 τῶν

2182 5030 2503 5102 ὀφθαλμῶν,
2530 5029 2629 5100 τὴν
2681 5028 2819 5099 μετά
2872 5027 2934 5078 τὸ
2986 5024 3165 5088 πάθος
3203 5023 3551 5094 εὐφροσύνην
3580 5019 3775 5091 δηλοῖ·

2189 5124 2330 5195 μετά
2358 5123 2466 5193 γὰρ
2500 5121 2563 5174 τὸ
2592 5120 2764 5183 πάθος
2791 5118 2886 5172 καὶ
2944 5117 3043 5188 τὴν
3091 5117 3414 5180 ἀνάστασιν,
3469 5115 3549 5177 εἰς
3596 5114 3780 5167 πᾶσαν

2186 5215 2577 5286 ἀπεστάλησαν
2600 5213 2701 5285 τὴν
2724 5211 3056 5282 οἰκουμένην
3105 5212 3154 5263 οί
3188 5208 3433 5281 μαθηταὶ
3464 5207 3567 5278 τὴν
3598 5223 3781 5276 σωτη-

2193 5310 2313 5383 ρίαν
2341 5308 2750 5379 προσφέροντες
2807 5307 2923 5368 τοῖς
2968 5303 3290 5356 πιστεύουσι
3318 5317 3332 5333 ·
3386 5302 3487 5371 τῆς
3517 5299 3575 5353 δέ
3610 5317 3674 5368 γε
3702 5298 3786 5352 δι-

562 5449 619 5523 "_
638 5450 799 5523 Psal._
817 5467 1000 5523 1.3m,
1034 5454 1087 5509 9.
1168 5453 1213 5486 ³⁸
1243 5453 1377 5510 Luc.
1405 5472 1496 5517 xx.
1534 5457 1587 5512 9.
1666 5459 1710 5489 ³⁹
1742 5459 1875 5516 Luc.
1930 5481 2045 5523 XIX.

2155 5509 2170 5522 ,
2246 5465 2292 5498 ιο
2318 5462 2498 5519 Galat,
2530 5472 2617 5521 ιιι,
2666 5452 2800 5523 27η
2836 5448 2879 5479 ⁵⁸
2917 5442 3107 5500 Matth.
3143 5455 3295 5523 xvvt,
3352 5437 3444 5492 ‘28.
3523 5438 3567 5470 δ’
3605 5435 3777 5492 Marc.

490 5534 546 5584 κ,
590 5519 679 5574 38.
754 5521 802 5551 “
833 5506 1166 5589 Genusum,
1201 5506 1648 5585 llihuuhiatth.
1705 5506 2045 5598 £6755?"

2154 5506 2617 5599 ilattliféal:
2689 5524 2733 5555 "°
2762 5519 2965 5577 Gcncs.
3004 5529 3153 5577 χιιι,
3189 5512 3275 5565 12.

1987 5673 2224 5732 ΝΟΤΛΣ.

567 5804 680 5939 ἔξω
707 5806 911 5875 Excipe
941 5818 1121 5893 tamen
1155 5821 1301 5867 certe
1330 5811 1521 5867 Jonam
1548 5814 1612 5867 ad
1643 5804 1895 5873 ethnicos
1919 5815 2190 5875 Ninivitas
2218 5820 2471 5876 missum.

596 5872 684 5939 09)
715 5875 915 5936 Recole
937 5880 1117 5938 i’hotn
1154 5885 1517 5939 quaestionem
1554 5886 1645 5939 75.

596 5872 684 5945 59)
715 5872 915 5936 Recole
937 5880 1117 5938 i’hotii
1154 5885 1517 5953 quaestionem
1554 5886 1645 5941 75.
