4136 6428
365 377 499 442 1077

1342 384 1442 443 AD
1473 385 2066 447 AMPHILOCIIIUM
2124 390 2474 460 QUJESTIO
2510 391 2719 453 CCLX.

3484 387 3620 449 1078

356 491 652 555 δασκαλίας
699 490 760 545 τὸ
801 490 994 554 διειδές
1048 491 1140 544 καὶ
1183 490 1245 545 τδ
1290 491 1550 560 διαφανὲς
1598 493 1948 560 λευκοτάτοις
1997 496 2214 550 ὀδοῦσιν
2243 501 2516 553 ἀπείκασε
2545 518 2558 532 ·
2591 521 2610 553 ι
2644 501 2848 554 Λευκοὶ
2874 499 3015 571 γάρ,
3066 497 3253 570 φησὶν,
3299 496 3348 550 οί
3409 495 3622 558 ὀδόντες

355 585 588 655 αύτοῦῆ
650 585 813 655 γάλα.
857 603 874 637 ι
930 584 1180 638 Τοσαῦτα
1206 584 1306 654 μὲν
1357 584 1690 654 προείρηκεν
1741 587 1770 638 ὁ
1829 587 2177 658 πατριάρχης
2208 590 2448 658 εὐλογῶν
2475 591 2570 644 τὸν
2638 591 2861 648 Ἰούδαν,

425 679 488 734 ε’.
533 677 639 731 Τοῦ
693 679 751 731 δέ
806 675 1094 731 Ζαϐουλὼν
1153 677 1456 748 προείρηκε
1507 676 1604 748 τὴν
1675 678 1942 748 παράλιον

2115 681 2170 738 5.
2224 683 2337 752 Age
2395 697 2532 737 vero
2574 682 2869 738 Zabulonis
2929 683 3262 738 maritimum
3325 682 3618 738 incolatum

353 771 567 842 οἴκησιν
593 787 608 802 ο
647 770 741 823 τοῦ
767 771 823 823 δὲ
869 769 1088 840 Ἰσάχαρ
1138 769 1238 839 τὴν
1267 769 1560 842 γηπονίαν·
1588 769 1682 822 τοῦ
1713 770 1772 822 δέ
1804 769 1935 837 Δάν,

354 863 496 916 κατά
532 862 634 931 μέν
669 878 840 923 τινας,
882 862 950 914 τὰ
973 861 1079 914 ὑπὸ
1105 861 1201 914 τοῦ
1257 860 1498 930 Σαμψὼν
1555 862 1932 931 γεγενημένα

355 951 417 1002 ἐκ
444 949 645 1017 ταύτης
677 948 786 1018 7&9
813 944 880 1018 ἦν
912 950 1011 1018 τῆς
1046 949 1220 1018 φυλῆς
1248 966 1265 982 ο
1320 949 1722 1021 συνηρίθμηται
1755 949 1812 1002 δὲ
1842 950 1938 1004 καὶ

354 1042 466 1104 τοῖς
491 1042 720 1110 Κριταῖς
740 1055 753 1069 ⁶
786 1041 880 1093 καὶ
907 1040 995 1094 διά
1025 1041 1206 1105 τοῦτο,
1229 1043 1414 1110 φησὶν,
1435 1041 1558 1111 ἔφη·
1585 1061 1604 1093 ι
1631 1043 1739 1095 Δάν
1763 1044 1940 1114 κρινεῖ

353 1132 445 1184 τὸν
471 1131 666 1184 ἐαυτοῦ
699 1132 827 1185 λαὸν
853 1132 985 1185 ώσεὶ
1012 1133 1108 1187 καὶ
1144 1133 1244 1203 μία
1267 1134 1376 1203 (60)
1406 1133 1545 1204 φυλὴ
1568 1136 1624 1186 ἐν
1650 1135 1890 1205 Ἰσραήλ·
1909 1152 1927 1186 ι

355 1221 484 1276 ἔνιοι
511 1223 568 1276 δέ
596 1239 729 1292 φασι
756 1224 826 1276 τά
851 1224 992 1278 κατὰ
1035 1223 1134 1296 τὴν
1163 1225 1406 1280 Λάῖσσαν
1434 1227 1535 1297 τὴν
1565 1224 1662 1280 νῦν
1691 1227 1939 1281 Πανεάδα

354 1317 697 1387 καλουμένην
760 1316 1202 1387 προσαγορεῦσαι
1235 1332 1251 1347 ⁸
1320 1317 1581 1387 ἐξαπίνης
1631 1317 1741 1388 γάρ
1793 1334 1940 1383 τινες

353 1409 464 1464 ἀπὸ
496 1409 700 1480 ταύτης
737 1409 1053 1481 ὁρμώμενοι
1093 1412 1194 1480 τῆς
1229 1409 1424 1479 φυλῆς,
1467 1410 1641 1481 ταύτῃ
1691 1411 1939 1481 προσϐα-

356 1501 538 1564 λόντες
562 1505 628 1574 τῇ
665 1503 840 1567 πόλει,
871 1499 1014 1556 είλόν
1047 1521 1106 1556 τε
1141 1504 1283 1556 κατὰ
1310 1502 1514 1573 κράτος
1562 1503 1659 1556 καὶ
1707 1503 1939 1574 ῷκισαν,

357 1593 454 1647 καὶ
487 1594 585 1663 τὴν
637 1594 848 1648 οἰκείαν
885 1596 1023 1664 αὐτῇ
1075 1595 1453 1665 προσηγορίαν
1501 1596 1788 1650 ἐπέθεσαν.
1836 1596 1943 1650 Δάν

357 1683 467 1753 7&9
494 1683 663 1753 αὐτὴν
688 1686 955 1738 ἐκάλεσαν
978 1701 992 1716 ·
1048 1686 1158 1752 ἐγὼ
1184 1685 1239 1738 δὲ
1265 1679 1425 1755 οἶμαι
1451 1685 1511 1738 τὸ
1544 1685 1684 1738 θεῖον
1716 1686 1943 1757 Πνεῦμα

359 1776 548 1847 ὥσπερ
585 1777 653 1830 τὰ
679 1779 809 1848 περὶ
834 1778 928 1830 τοῦ
954 1777 1209 1851 Σωτῆρος
1255 1779 1437 1848 ὴμῶν,
1481 1777 1628 1832 οὕτω
1672 1780 1773 1832 καὶ
1815 1781 1945 1851 περὶ

358 1866 454 1918 τοῦ
527 1867 901 1937 Ἀντιχρίστου
958 1867 1046 1920 διὰ
1089 1869 1184 1920 τοῦ
1226 1867 1569 1939 πατριάρχου
1623 1870 1689 1921 ἐκ
1739 1869 1946 1940 ταύτης

359 1956 550 2027 δηλοῦν
575 1954 693 2028 [cod
707 1997 721 2011 .
741 1955 939 2028 δηλῶν]
961 1957 1056 2027 τῆς
1077 1959 1455 2029 προρρήσεως.
1469 1977 1487 2010 ι
1508 1958 1614 2012 Δάν
1642 1958 1772 2029 7&9,
1787 1962 1942 2031 φησὶ,

361 2050 539 2116 κρινεῖ
550 2048 642 2101 τὸν
661 2047 855 2102 ἑαυτοῦ
881 2047 1009 2102 λαὸν
1030 2049 1163 2102 ώσεὶ
1189 2050 1282 2102 καὶ
1308 2050 1447 2120 φυλὴ
1467 2051 1564 2121 μία
1583 2052 1641 2104 ἐν
1668 2051 1905 2122 Ἰσραήλ.
1922 2070 1940 2104 ι

366 2139 576 2212 Ὠσπερ
598 2139 728 2208 γὰρ,
761 2140 914 2210 φησὶ.
946 2142 1010 2194 ὲκ
1032 2141 1131 2212 τῆς
1161 2140 1254 2194 τοῦ
1288 2141 1459 2197 ἰούδα
1491 2141 1665 2211 φυλῆς
1699 2145 1729 2196 ά
1757 2144 1948 2212 Σωτὴρ

366 2229 673 2300 βλαστήσας
700 2232 955 2295 διασώζει
992 2233 1092 2301 τὴν
1118 2231 1472 2302 οἰκουμένην,
1519 2231 1696 2296 οὕτως
1731 2233 1797 2286 ἐκ
1847 2233 1948 2302 τῆς

363 2321 457 2374 τοῦ
489 2322 594 2375 Δὰν
619 2322 793 2393 φυλῆς
823 2322 947 2392 ὄφις
972 2322 1217 2393 ὀλέθριος
1241 2321 1585 2386 ἐξελεύσεται
1611 2339 1626 2354 ο
1657 2321 1816 2376 τοῦτο
1839 2324 1948 2394 γὰρ

364 2415 532 2482 λέγει·
576 2433 594 2466 ι
626 2415 736 2467 Καὶ
767 2415 1055 2485 γενηθήτω
1081 2416 1190 2468 Δάν
1219 2414 1342 2483 δφις
1369 2415 1454 2483 ἐφ’
1484 2414 1607 2467 ὁδοῦ
1633 2414 1949 2485 καθήμενος

365 2507 458 2560 ἐπὶ
487 2507 672 2577 τρίϐου
712 2507 924 2561 δάκνων
977 2510 1215 2577 πτέρναν
1248 2507 1417 2560 ἵππου
1445 2523 1460 2538 ·
1491 2508 1584 2560 καὶ
1612 2510 1864 2562 πεσεῖται
1920 2509 1951 2562 ὁ

367 2597 563 2659 ἱππεὺς
587 2597 685 2668 τὴν
708 2597 981 2667 σωτηρίαν
996 2597 1285 2667 ἀναμένων
1306 2596 1534 2666 Κυρίου·
1567 2615 1585 2648 ›
1614 2598 1807 2668 ἐπειδὴ
1841 2598 1950 2668 7&9

366 2687 605 2750 ἀπάταις
665 2689 1033 2750 παντοδαπαῖς
1100 2687 1441 2758 κεχρημένος
1512 2692 1773 2759 πειρᾶται
1824 2690 1952 2753 τοὺς

367 2781 827 2850 φενακιζομένους
858 2780 1113 2853 ἀγρεύειν
1146 2781 1230 2843 είς
1256 2779 1501 2851 ὄλεθρον,
1550 2782 1674 2850 ὄφει
1700 2781 1811 2835 τινὶ
1840 2783 1953 2834 αύ-

365 2872 456 2925 τὺν
485 2873 774 2937 ἀπεικάζει
802 2873 955 2944 παρά
992 2889 1098 2926 τινι
1144 2871 1318 2942 τρίϐῳ
1361 2871 1658 2939 φωλεύοντι
1714 2873 1808 2926 καὶ
1839 2874 1953 2936 τοῖς

369 2964 627 3036 παριοῦσι
660 2964 1044 3035 λυμαινομένῳ
1061 2981 1074 2993 ⁸
1110 2964 1277 3016 ῖππον
1306 2962 1365 3015 δὲ
1389 2958 1545 3033 οἶμαι
1571 2963 1760 3017 καλεῖν
1784 2963 1951 3017 αὐτὸν

367 3057 430 3110 τὸ
456 3056 638 3124 σῶμα,
671 3055 938 3125 ἐπιϐάτην
957 3056 1014 3108 δὲ
1036 3057 1137 3124 τὴν
1165 3057 1345 3126 ψυχήν
1371 3068 1387 3085 ⁶
1425 3056 1487 3108 τδ
1520 3055 1574 3107 δὲ
1604 3057 1686 3118 είς
1707 3055 1954 3110 τούπίσω

368 3149 580 3212 πεσεῖν,
618 3145 894 3198 τουτέστιν
923 3144 1112 3200 ὕπτιον
1141 3145 1356 3200 κεῖσθαι
1381 3145 1472 3198 τὸν
1506 3145 1737 3198 θάνατον
1771 3162 1954 3216 παρα-

369 3237 554 3308 δηλοῖ⁸
589 3237 798 3290 τοιοῦτο
828 3236 938 3307 7&9
963 3236 1074 3290 τῶν
1101 3235 1416 3291 τεθνεώτων
1472 3235 1536 3288 τὸ
1593 3233 1782 3304 σχῆμα
1802 3251 1817 3266 °
1867 3236 1955 3289 διὰ

2038 773 2325 842 praedixit;
2363 771 2602 828 lsachari
2639 773 2972 842 agricolandi
3015 774 3290 839 studium;
3330 772 3496 828 Danis
3524 773 3624 825 cle-

2039 867 2228 936 nique,
2261 874 2320 920 ut
2358 866 2582 936 quidam
2613 874 2921 928 autumant,
2955 881 3078 934 quae
3121 865 3374 920 Samsoni
3409 866 3624 918 accide-

2038 967 2188 1013 runt.
2209 957 2287 1011 Ex
2311 959 2413 1012 hac
2437 958 2581 1011 enim
2603 958 2648 1012 is
2679 957 2822 1011 tribu
2854 956 2976 1019 fuit,
2994 956 3244 1026 idemque
3265 957 3319 1010 in
3339 955 3624 1010 Iudicibus

2039 1059 2483 1106 connumeratur.
2521 1049 2868 1119 Quapropter
2895 1049 3134 1103 dicitur:
3187 1068 3206 1099 ι
3247 1048 3357 1101 Dan
3416 1048 3626 1117 judica-

2040 1143 2119 1197 bit
2139 1142 2398 1212 populum
2422 1158 2611 1204 suum.
2632 1142 2808 1196 instar
2837 1139 2998 1194 unius
3015 1139 3189 1194 tribus
3209 1140 3260 1193 in
3280 1140 3481 1193 Israele
3500 1139 3565 1192 ⁸⁷.
3599 1156 3618 1190 ι

2040 1232 2146 1287 Alii
2199 1232 2388 1288 dicunt
2468 1231 2884 1288 commemorari
2944 1246 3009 1285 ca
3084 1246 3205 1299 quae
3281 1230 3626 1298 contigerunt

2043 1323 2246 1379 Laissaa
2287 1340 2434 1380 nunc
2485 1322 2726 1378 Paneadi
2781 1324 2956 1378 dictae.
3017 1321 3259 1392 Repente
3303 1322 3448 1376 enim
3484 1337 3624 1375 non-

2043 1415 2176 1469 nulli
2203 1430 2266 1469 ea
2297 1415 2442 1468 tribu
2472 1413 2689 1469 oriundi
2717 1413 2902 1467 urbem
2935 1413 3075 1467 hanc
3099 1413 3297 1477 adorti,
3329 1411 3380 1465 vi
3410 1420 3625 1480 captam

2044 1506 2148 1576 ipsi
2180 1507 2561 1570 incoluerunt,
2619 1520 2890 1575 suumque
2941 1505 2991 1560 ei
3043 1521 3240 1559 nomen
3293 1504 3623 1568 indiderunt,

2047 1598 2161 1651 Dan
2193 1598 2401 1654 scilicet
2431 1598 2758 1652 vocitantes.
2796 1596 2908 1666 Ego
2933 1613 3064 1652 vero
3099 1597 3354 1652 existimo
3377 1595 3626 1648 divinum

2047 1686 2312 1757 Spiritum
2345 1689 2504 1742 sicuti
2536 1704 2623 1741 res
2658 1687 2967 1742 Servatoris
2996 1687 3192 1753 nostri,
3235 1686 3308 1738 ita
3346 1699 3433 1738 res
3488 1699 3628 1752 quo-

2047 1794 2153 1848 que
2174 1778 2490 1832 Antichristi
2513 1779 2615 1832 hoc
2653 1777 2909 1831 vaticinio
2941 1776 3272 1846 patefacere;
3301 1795 3318 1826 ‹
3344 1774 3457 1828 Dan
3479 1775 3631 1828 scili-

2048 1880 2155 1933 cet,
2184 1871 2382 1940 inquit,
2412 1869 2678 1939 judicabit
2716 1870 2973 1938 populum
3017 1884 3213 1933 suum,
3261 1869 3434 1921 instar
3464 1865 3631 1920 unius

2048 1960 2224 2013 tribus
2268 1958 2322 2013 in
2377 1957 2592 2012 lsraele.
2627 1976 2646 2009 ›
2681 1957 2855 2012 Siculi
2887 1958 2954 2012 de
2983 1957 3135 2012 Judae
3183 1957 3327 2010 tribu
3371 1955 3632 2010 Servator

2051 2051 2326 2122 pullulans
2361 2049 2624 2104 mundum
2680 2049 2948 2113 servabit,
3007 2050 3081 2102 ita
3135 2048 3200 2102 de
3262 2046 3425 2100 Danis
3482 2045 3630 2099 tribu

2047 2146 2314 2200 exitiosus
2343 2145 2534 2212 anguis
2557 2143 2791 2198 exsiliet.
2815 2142 2871 2197 Id
2903 2141 3046 2197 enim
3075 2141 3238 2195 verba
3259 2141 3512 2203 immunt,
3536 2139 3631 2191 ﬁat

2048 2236 2162 2292 Dan
2194 2252 2419 2306 serpens
2448 2237 2501 2289 in
2533 2236 2618 2289 via
2639 2276 2654 2302 ,
2706 2236 2979 2304 projectus
3014 2235 3065 2287 in
3098 2234 3287 2288 semita
3309 2270 3324 2296 ,
3372 2231 3630 2284 mordens

2048 2329 2176 2399 equi
2208 2329 2529 2383 calcaneum
2572 2347 2584 2380 :
2619 2336 2731 2380 tum
2760 2335 2979 2380 corruet
2999 2341 3184 2395 eques,
3211 2325 3304 2394 qui
3336 2338 3364 2376 a
3399 2321 3630 2376 Domino

2050 2416 2392 2487 exspectabit
2427 2415 2680 2470 salutem.
2737 2413 3008 2480 Quoniam
3056 2412 3426 2466 Antichristus
3454 2409 3632 2463 omni-

2050 2509 2229 2562 modis
2269 2507 2410 2562 dolis
2469 2514 2628 2559 utens
2685 2505 2890 2559 illectos
2949 2504 3265 2572 pertrahere
3319 2500 3522 2554 nitetur
3576 2499 3630 2552 in

2053 2599 2370 2662 interitum,
2414 2597 2559 2650 hunc
2587 2595 2814 2649 colubro
2863 2601 3145 2661 comparat
3185 2592 3342 2659 juxta
3379 2589 3628 2643 semitam

2052 2689 2322 2753 latitanti,
2376 2688 2790 2756 viatoribusque
2832 2686 3061 2739 exitium
3105 2682 3381 2737 inferenti.
3421 2681 3631 2749 Equum

2053 2779 2160 2834 dici
2189 2795 2219 2832 a
2247 2779 2557 2848 patriarcha
2590 2793 2791 2846 corpus
2821 2791 3048 2840 censeo;
3081 2775 3343 2843 equitem,
3369 2773 3630 2826 animam.

2054 2870 2212 2938 Quod
2236 2878 2420 2925 autem
2454 2880 2600 2924 retro
2631 2868 2852 2934 decidit,
2876 2866 2930 2920 id
2957 2875 3040 2920 est
3063 2865 3292 2933 supinus
3326 2861 3635 2931 projicitur,

2055 2976 2208 3018 mors
2247 2961 2506 3016 nimirum
2541 2959 2786 3014 innuitur
2813 2977 2826 3013 :
2881 2957 2970 3013 hic
2999 2967 3083 3012 est
3115 2955 3260 3009 enim
3292 2951 3636 3006 exanimato-

2055 3070 2181 3109 rum
2210 3054 2448 3108 habitus.
2483 3052 2756 3107 Calcaneo
2785 3051 3016 3117 denique
3043 3047 3291 3101 fraudem
3325 3043 3594 3112 signiﬁcat
3619 3059 3634 3107 ;

2057 3148 2185 3216 quia
2239 3145 2494 3200 videlicet
2547 3143 2920 3197 Antichristus
2984 3140 3120 3194 alios
3172 3137 3439 3205 decipiet,
3499 3135 3638 3188 alios

2058 3233 2432 3288 acerbissimis
2480 3231 2760 3301 suppliciis
2806 3227 3099 3284 cruciabit.
3154 3227 3343 3295 Equo,
3392 3235 3452 3278 ut
3499 3224 3636 3289 dixi,

370 3329 425 3381 δέ
458 3331 558 3399 τῆς
591 3329 829 3399 πτέρνης
879 3327 976 3398 τὴν
1025 3327 1241 3398 ἀπάτην
1287 3329 1509 3400 ᾐνίξατο
1538 3343 1552 3356 ·
1599 3327 1787 3398 ἐπειδὴ
1815 3328 1948 3391 ’τοὺς

2058 3338 2259 3392 corpus
2293 3323 2571 3387 innuitur;
2615 3337 2725 3390 quo
2762 3322 2889 3375 laeso
2928 3329 2984 3374 et
3012 3328 3289 3387 corrupto,
3319 3331 3468 3370 mors
3502 3331 3640 3369 con-

373 3419 470 3488 μέν
505 3418 772 3487 ἐξαπατᾷ,
810 3419 923 3480 τοῖς
976 3416 1035 3470 δέ
1071 3416 1449 3487 παγχαλέποις
1495 3415 1747 3484 ἐπιφέρει
1795 3413 1955 3468 κολά-

373 3526 486 3574 σεις
516 3527 531 3542 ο
562 3510 649 3563 διὰ
679 3509 736 3563 δὲ
767 3509 862 3562 τοῦ
904 3509 1074 3562 ἵππου
1099 3510 1160 3561 τὸ
1189 3508 1348 3579 σῶμα
1375 3508 1616 3579 ᾐνίξατο,
1662 3497 1723 3559 οὗ
1761 3505 1956 3559 δακνο-

2063 3415 2346 3484 sequitur:
2383 3429 2504 3484 qua:
2536 3421 2718 3467 tamen
2753 3411 2986 3467 fortibus
3015 3409 3129 3480 spei
3166 3409 3401 3462 fructum
3437 3407 3636 3461 affert:

2060 3506 2224 3575 hujus
2251 3521 2379 3561 vero
2404 3505 2520 3576 spei
2541 3504 2774 3570 fructus,
2811 3505 2981 3559 salus.

376 3604 540 3673 μένου
602 3603 695 3656 καὶ⁸
718 3601 1192 3673 διαφθειρομένου,
1223 3601 1455 3665 θάνατος
1479 3600 1712 3670 γίνεται,
1743 3602 1870 3667 τοὺς
1907 3600 2009 3672 τῆς
2064 3601 2280 3665 ἐλπίδος
2322 3602 2434 3664 τοῖς
2464 3601 2798 3670 ὑπομένουσι
2838 3595 3078 3668 κομίζων
3116 3594 3361 3665 καρπούς
3383 3611 3396 3625 ·
3429 3594 3642 3664 καρπὸς

372 3698 428 3751 δὲ
460 3697 558 3767 τῆς
585 3695 843 3765 τοιαύτης
869 3694 1084 3757 ἐλπίδος
1107 3697 1140 3765 ἡ
1174 3694 1439 3765 σωτηρία.

448 3788 522 3852 ς’.
559 3786 817 3858 Προλέγει
846 3785 922 3856 τῷ
946 3787 1052 3840 Γὰδ
1095 3786 1193 3848 τὰς
1219 3784 1483 3855 ἐσομένας
1499 3782 1648 3854 αύτῷ
1669 3782 1823 3855 παρὰ
1846 3781 1956 3836 τῶν

373 3877 680 3950 λῃστρικῶν
735 3876 940 3944 ἐφόδων
1005 3873 1298 3936 ἐπιϐουλάς
1336 3890 1351 3904 ·
1407 3874 1567 3927 τοῦτο
1617 3875 1726 3943 7&9
1781 3872 1955 3939 λέγει,

384 3987 404 4020 ι
450 3967 815 4037 Πειρατήριον
846 3963 1166 4036 πειρατεύει
1196 3963 1390 4016 αὐτόν·
1435 3981 1453 4014 ι
1498 3962 1865 4033 προαγορεύει
1900 3962 1957 4014 δὲ

372 4063 470 4116 καὶ⁹
506 4063 606 4134 τὴν
635 4060 899 4130 ἐσομένην
948 4056 1114 4111 αὐτοῦ
1158 4057 1353 4127 νίκηνο
1396 4075 1415 4109 ‹
1449 4057 1560 4110 Καὶ
1602 4057 1765 4118 αὐτὸς
1824 4057 1954 4124 7&9,

374 4153 533 4225 φησὶ,
574 4151 920 4222 πειρατεύσει
950 4147 1112 4202 αὐτὸν
1141 4148 1284 4201 κατά
1314 4147 1479 4210 πόδας
1499 4164 1514 4179 ο
1560 4166 1578 4200 ι
1607 4146 1870 4209 ὡσαύτως
1899 4147 1956 4200 δέ

375 4246 470 4298 καὶ
496 4242 590 4296 τοῦ
608 4242 772 4313 Ἀσὴρ
795 4241 892 4310 τὴν
920 4239 1204 4310 σιτοφόρον
1242 4237 1455 4309 χώραν·
1485 4237 1580 4291 καὶ
1613 4237 1707 4290 τοῦ
1732 4236 1955 4305 Νεφθα-

373 4337 502 4407 λεὶμ
528 4336 626 4406 τὴν
661 4335 740 4396 είς
770 4332 972 4402 πλῆθος
1002 4330 1271 4383 ἐπίδοσιψ
1303 4329 1460 4383 τοῦτο
1480 4329 1589 4398 7&9
1617 4328 1743 4398 ἐφη·
1787 4347 1805 4380 ι
1825 4327 1956 4380 Στέο

373 4430 530 4499 λεχος
557 4426 838 4496 ἀνειμένον
867 4423 1132 4486 ἐπιδιδοὺς
1160 4423 1218 4475 ἐν
1233 4422 1311 4492 τῷ
1335 4422 1649 4491 γεννήματι
1683 4420 1880 4482 κάλλος
1903 4437 1949 4471 ἰ

2127 3777 2182 3833 6.
2208 3775 2360 3832 Gado
2387 3772 2602 3827 futuras
2627 3786 2656 3824 a
2681 3770 2958 3824 latronum
2984 3766 3392 3822 incursionibus
3415 3763 3644 3818 insidias

2054 3869 2353 3926 ominatur.
2391 3865 2448 3917 ιιι
2476 3863 2621 3916 enim
2653 3859 2809 3914 aiunt
2838 3858 3028 3923 verba,
3059 3856 3330 3926 «direptio
3351 3871 3474 3909 eum
3513 3854 3648 3908 diri-

2056 3959 2190 4029 piet.
2215 3975 2234 4010 ›
2264 3955 2402 4009 Tum
2438 3953 2605 4007 etiam
2637 3948 2920 4004 victoriam
2945 3947 3176 4016 spondet
3209 3963 3223 4000 :
3264 3945 3410 4015 ipse,
3445 3945 3644 4013 inquit,

2056 4064 2186 4104 mox
2241 4044 2464 4113 diripiet
2524 4041 2701 4094 illum.
2758 4039 2932 4091 Asero
3001 4036 3253 4091 similiter
3321 4033 3644 4104 frugiferum

2057 4152 2248 4208 agrum
2277 4133 2559 4205 praedicit;
2595 4128 2942 4198 Nephtalimo
2963 4127 3169 4182 sobolis
3199 4126 3598 4180 incrementum
3630 4147 3644 4180 :

2057 4233 2136 4287 sic
2171 4228 2316 4284 enim
2354 4223 2734 4291 intelliguntur
2766 4219 2928 4273 verba
2953 4258 2969 4283 ,
3003 4218 3214 4272 caudex
3251 4216 3489 4271 emissus
3516 4255 3532 4279 ,
3579 4231 3645 4270 ex

2059 4337 2120 4376 se
2149 4319 2375 4389 gignens
2402 4309 2829 4384 pulchritudinis
2860 4322 3102 4378 germen.
3148 4306 3353 4360 Deinde
3375 4303 3642 4358 infensam

2057 4410 2295 4480 Josepho
2327 4406 2590 4461 invidiam
2630 4402 2920 4470 variasque
2949 4399 3192 4469 pandens
3228 4397 3482 4461 insidias,
3505 4397 3645 4450 divi-

373 4485 496 4577 εἶτα
525 4520 620 4576 τοῦ
661 4485 856 4590 ’ίωσὴφ
898 4519 991 4572 τὸν
1031 4517 1246 4588 φθόνον,
1282 4485 1398 4568 ,καὶ
1451 4485 1551 4577 τάς
1605 4513 1948 4576 παντοδαπάς

2064 4519 2188 4560 nam
2221 4499 2463 4556 celebrat
2493 4493 2921 4556 Providentiam,
2960 4485 3068 4562 qna
3100 4499 3275 4545 tectus
3302 4487 3645 4544 adversarios

373 4613 647 4678 ἐπιδείξας
705 4578 1014 4674 ἐπιϐουλὰς,
1043 4578 1157 4679 ’τὴν
1204 4578 1359 4660 θείαν
1406 4605 1566 4675 ὑμνεῖ
1609 4604 1948 4674 κηδεμονίαν1

2069 4612 2200 4655 suos
2253 4590 2553 4663 superavit.
2619 4607 2638 4640 ι
2688 4585 2924 4642 Contriti
2982 4592 3148 4646 sunt,
3206 4582 3424 4650 inquit,
3486 4595 3649 4633 arcus

373 4707 443 4759 δι’
496 4675 575 4776 ἧς.
614 4675 740 4766 τοὺς
791 4675 1246 4770 πεπολεμηκτότας
1302 4695 1543 4766 ἐνίκησε.
1604 4711 1622 4745 ι
1665 4692 1948 4765 Συνετρίϐτ

2063 4702 2291 4753 eorum;
2320 4683 2513 4753 dilapsi
2542 4689 2670 4736 sunt
2698 4678 2850 4733 nervi
2883 4675 3229 4731 brachiorum
3275 4686 3649 4740 manuumque

374 4763 693 4867 7&9,.ipqcl,
721 4763 866 4864 patri
902 4763 1140 4863 κράτους
1170 4789 1240 4842 τὰ
1278 4787 1412 4851 τόξα
1443 4763 1633 4840 ἀὐτῶν
1655 4826 1670 4850 ,
1728 4763 1846 4838 καὶὴ
1876 4785 1948 4848 ἐξ·

2065 4796 2280 4845 corum,
2313 4793 2409 4848 per
2440 4790 2662 4829 manum
2704 4769 2946 4841 potentis
3003 4767 3192 4823 Jacob.
3229 4766 3385 4820 Illinc
3435 4763 3529 4834 qui
3593 4772 3649 4817 te

768 4854 1070 4955 βραχιόνων
1101 4878 1304 4950 χειρῶν
1339 4876 1540 4941 αὐτῶν,
1575 4875 1663 4929 διά
1692 4877 1848 4945 χεῖρα
1877 4875 1948 4927 δυ-

2066 4877 2293 4930 roborat
2324 4870 2488 4926 Israel
2530 4883 2561 4921 a
2595 4866 2703 4920 Deo
2749 4863 2926 4918 Patris
2953 4861 3050 4914 tui.
3081 4857 3390 4927 Opitulatus
3421 4865 3504 4910 est
3548 4854 3648 4908 tibi

373 4943 572 5037 νάστόυ
638 4943 851 5032 Ἰακώϐ·
876 4943 1135 5029 ’.ἐκεῖθενν
1169 4943 1207 5025 ὁ.
1246 4969 1583 5038 κατισχύσας
1646 4943 1723 5020 σεῦ
1751 4943 1948 5036 ’ίσραὴί

2067 4966 2211 5019 Deus
2241 4975 2395 5016 meus
2429 4977 2443 5013 :
2480 4953 2760 5012 benedixit
2793 4951 2886 5006 tibi
2914 4946 3292 5004 benedictione
3321 4943 3445 4998 coeli
3487 4943 3650 4996 desu-

376 5078 529 5148 παρὰ
559 5073 694 5128 Θεοῦ
728 5072 824 5126 τοῦ
855 5067 1070 5139 Πατρός
1099 5082 1216 5119 σουο
1247 5065 1341 5118 καὶ
1361 5060 1627 5130 ὲϐοήθησέ
1661 5078 1742 5113 σοι
1776 5062 1801 5112 ό
1827 5060 1962 5124 Θεὸς

374 5171 406 5222 ό
431 5168 580 5238 ἐμός·
617 5166 711 5220 καὶ
737 5161 1001 5232 εῦλόγησέ
1031 5176 1090 5212 σε
1125 5154 1383 5224 εὐλογίαν
1443 5150 1677 5222 ούρανοῦ
1726 5152 1954 5238 ἀνωθεν,

377 5237 474 5316 καί
496 5258 745 5329 εὐλογίαν
773 5256 878 5326 γῆς
910 5251 1138 5324 ἐχούσης
1167 5248 1368 5308 πάντα,
1407 5263 1425 5296 ι
1458 5245 1554 5298 καὶ
1583 5243 1710 5315 ἑξῆς
1736 5260 1749 5272 ·
1786 5244 1854 5296 δι’
1880 5237 1957 5297 ὧν

2066 5074 2188 5129 per,
2236 5065 2502 5122 terraeque
2535 5047 2911 5106 benedictione
2942 5042 3126 5098 omnia
3157 5037 3486 5094 continentis
3500 5035 3582 5099 ⁸⁸ς
3625 5051 3648 5085 ι

2065 5159 2119 5205 et
2148 5148 2379 5218 reliqua.
2416 5143 2627 5211 Quibus
2655 5138 2911 5193 omnibus
2949 5133 3130 5188 verbis
3168 5130 3336 5184 Deum
3373 5141 3532 5182 suum
3563 5139 3652 5179 ce-

2065 5244 2318 5307 lebravit,
2343 5239 2434 5311 qui
2467 5253 2524 5295 se
2551 5235 2706 5291 fratri
2749 5229 3065 5288 adversario
3105 5225 3441 5296 superiorem
3469 5218 3653 5274 reddi-

449 5404 492 5435 "
523 5401 639 5458 Jos.
669 5416 782 5466 xix,
813 5398 902 5452 4'7.
976 5395 1020 5427 ⁸⁸
1060 5391 1257 5448 Genes.
1290 5404 1437 5455 ηις,
1466 5388 1560 5451 24,
1586 5385 1676 5440 25.

1880 5519 2108 5575 ΝΟΤᾸΞ.

2071 5656 2276 5710 Textus
2307 5661 2488 5722 tamen
2520 5650 2639 5704 Lat.
2693 5648 2944 5722 vulgatus
2979 5643 3152 5722 habet
3178 5642 3308 5704 alia,
3341 5640 3469 5711 quia
3511 5638 3578 5692 lci
3600 5647 3655 5722 ta

2069 5728 2176 5854 :nil
2233 5726 2290 5778 in
2323 5721 2592 5778 llcbraico
2643 5716 2938 5788 archetypo
2988 5716 3247 5770 vicesima
3316 5728 3414 5784 pro
3460 5720 3658 5781 quarta

2092 5800 2266 5852 ittera.

457 5681 570 5748 (60)
617 5678 696 5732 lta
732 5678 934 5729 habent
975 5669 1113 5748 _[_.XX
1145 5671 1492 5748 interpretes,
1522 5680 1666 5736 quos
1701 5661 1957 5748 sequitur

383 5741 647 5814 Ph‘otius;
700 5761 875 5814 neque
938 5741 1472 5814 ullam_varietatem
1523 5751 1623 5805 ego
1668 5741 1861 5814 lrepert
1907 5747 1958 5784 Ill

389 5802 739 5879 llolniiesiana
762 5802 1098 5871 diversarum
1126 5810 1420 5867 lectionum
1449 5802 1641 5878 magna
1666 5802 1962 5873 farragine.
