4136 6438
554 352 695 417 1079

1686 348 1950 409 PHOTII
1987 348 2494 409 PATRIARCHIE
2532 352 2640 413 ΟΡ.

3703 352 3856 416 1080

556 468 675 521 dit:
720 464 1006 535 liliumque
1038 466 1242 535 pariter
1282 479 1483 529 sumn,
1532 472 1724 519 contra
1780 477 1944 533 quem
1995 470 2148 516 tanta

2261 461 2523 517 ἁπάντων
2577 463 2789 536 ὕμνησε
2839 466 2931 519 τὸν
2987 468 3187 520 οίικεῖον
3220 465 3356 520 Θεὸν
3382 506 3398 533 ,
3455 465 3511 530 ὃς
3566 465 3662 520 καὶ
3688 466 3864 520 αὑτὸν

553 558 786 611 fratrum
832 557 986 610 turba
1027 555 1434 623 conjuraverat.
1468 552 1641 618 lianc,
1679 556 1883 624 inquit,
1920 552 2147 607 tutelam

552 662 749 707 nactus
771 664 831 705 es
860 658 1082 721 propter
1115 658 1271 701 tuum
1311 663 1441 719 erga
1471 656 1727 718 parentes
1759 647 2023 703 studium.
2058 646 2171 721 Sic

548 745 699 799 enim
732 744 1002 811 intelligas
1035 741 1202 798 verba
1235 759 1248 795 :
1284 750 1507 811 propter
1547 741 1986 797 benedictionem
2018 739 2151 794 ube—

551 852 673 891 rum
705 845 760 890 et
792 836 986 901 vulvae,
1022 834 1461 891 benedictionem
1486 833 1658 903 patris
1688 833 1990 903 matrisque
2020 841 2145 886 tu:e.

553 928 604 981 Is
630 928 774 983 enim
806 928 954 984 senis
983 927 1156 997 patris
1193 926 1485 983 sollicitam
1522 940 1712 981 curam
1744 925 1912 996 gessit
1940 941 1953 976 :
1990 924 2150 994 quid-

552 1021 682 1090 quid
709 1028 890 1075 autem
922 1022 1061 1089 patri
1089 1018 1239 1083 fecit,
1272 1019 1324 1073 id
1358 1019 1579 1088 utrique
1610 1017 1824 1089 parenti
1855 1032 2149 1085 commune

553 1112 754 1166 dicitur
784 1129 797 1165 :
834 1127 1071 1181 namque
1098 1120 1153 1166 et
1190 1122 1363 1166 mater
1419 1112 1667 1167 eamdem
1714 1127 1906 1166 curam
1954 1110 2150 1165 fuisset

553 1212 798 1273 experta,
829 1203 932 1258 nisi
963 1205 1126 1258 citius
1149 1205 1257 1258 vita
1285 1204 1632 1259 excessisset.
1669 1202 1871 1258 Deinde
1897 1211 2150 1271 precatur

551 1298 601 1349 ei
646 1297 960 1365 praeclaram
999 1296 1222 1361 famam,
1262 1304 1427 1365 atque
1461 1304 1521 1349 ut
1552 1296 1695 1364 apud
1748 1310 1942 1351 omnes
1971 1296 2146 1350 incla-

556 1401 732 1443 rcscat
760 1408 771 1441 :
800 1408 817 1439 ι
848 1388 1176 1459 Exsuperes,
1205 1390 1404 1459 inquit,
1433 1390 1843 1445 benedictioues
1874 1390 2144 1444 montium

557 1481 947 1546 immobilium,
983 1481 1429 1551 desideriumque
1454 1482 1723 1536 clivorum
1753 1489 2142 1536 aeternorum.»

554 1573 678 1628 Haec
704 1574 831 1627 [ient
867 1575 920 1628 in
950 1575 1129 1644 capite
1157 1572 1402 1643 Iosephi,
1440 1574 1495 1628 in
1531 1574 1735 1629 vertice
1763 1588 1999 1644 quorum
2031 1574 2149 1644 ipse

552 1668 665 1720 dux
690 1677 775 1721 est
802 1666 1057 1722 fratrum.
1089 1664 1243 1721 Haud
1273 1668 1599 1722 vocabulum
1631 1667 1782 1729 θίνας
1807 1666 2024 1737 Aquila,
2053 1665 2146 1720 sed

554 1758 775 1826 βουνοὺς
821 1758 1026 1828 posuit.
1074 1758 1245 1813 Sicuti
1304 1774 1437 1830 ergo
1484 1758 1673 1828 procul
1730 1757 2149 1827 conspiciuntur

2256 557 2544 623 κρείττονα
2574 555 2673 608 τοῦ
2727 556 3179 627 πεπολεμηκότος
3244 558 3532 627 ἀπέφηνεν
3586 555 3859 626 ἀδελφοῦ,

2256 646 2354 698 καὶ
2380 645 2473 699 τὸν
2510 648 2628 699 υἱὸν
2656 646 2868 717 ἄμαχον
2901 647 3071 715 ἔδειξε
3097 647 3253 720 παρὰ
3278 648 3553 702 τοσούτων
3601 649 3863 718 ἀδελφῶν

2256 739 2733 795 ἐπιϐουλευθέντα.
2759 741 2975 812 Ταύτης
2999 742 3077 804 δὲ,
3103 742 3263 812 φησὶ,
3289 742 3391 813 τῆς
3413 742 3741 813 κηδεμονίας
3764 760 3862 795 τε·

2255 832 2522 904 τύχηκας,
2547 834 2642 905 τῆς
2664 834 2745 897 είς
2764 834 2892 897 τοὺς
2917 835 3319 904 γεγεννηκότας
3343 834 3638 907 θεραπείας
3660 834 3862 905 μισθὸν

2257 926 2646 994 κομισάμενοςο
2671 925 2831 978 τοῦτο
2852 925 2963 997 γὰρ
2982 925 3432 994 λέγει,ι”Ενεκεν
3457 926 3710 995 εὐλογίας
3743 942 3861 995 μα-

2259 1017 2403 1070 σθῶν
2429 1018 2525 1070 καὶ
2559 1020 2793 1088 μήτρας,
2834 1018 3088 1085 εὐλογίας
3120 1018 3329 1090 πατρός
3368 1035 3462 1071 σου
3514 1019 3610 1071 καὶ
3639 1018 3860 1088 μηιτρός

2257 1126 2352 1161 σον
2370 1126 2385 1142 ο
2399 1127 2418 1160 ι
2444 1126 2515 1179 γη
2524 1112 2774 1180 ρωκόμος
2803 1110 2911 1183 γὰρ
2932 1110 3028 1164 τοῦ
3047 1111 3259 1182 πατρὸς
3279 1110 3566 1173 σπουδαῖος
3582 1109 3859 1180 ἐγεγόνει’

2255 1204 2323 1254 τά
2338 1202 2489 1266 δέείς
2503 1202 2667 1256 αὐτὸν
2684 1203 3050 1275 γεγενημένα,
3074 1205 3229 1258 κοινὰ
3250 1203 3416 1257 αὑτοῦ
3432 1221 3491 1258 τε
3512 1207 3607 1257 καὶ
3622 1204 3726 1274 τῆς
3751 1221 3864 1274 μη-

2254 1293 2383 1364 τρὸς
2402 1289 2543 1349 εἶναί
2560 1311 2718 1365 φησν
2737 1295 3061 1367 ταύτηςγὰρ
3081 1295 3146 1349 ἂν
3161 1299 3260 1367 τῆς
3277 1296 3605 1367 κηδεμονίας
3620 1297 3864 1366 κάκείνη

2257 1387 2596 1457 ἀπήλαυσεν,
2624 1389 2672 1441 εί
2700 1389 2776 1459 μὴ
2796 1388 2992 1442 θᾶττον
3018 1388 3211 1461 ἐξῆλθε
3236 1387 3332 1442 τοῦ
3365 1388 3482 1459 βίου
3498 1406 3513 1420 ο
3535 1384 3656 1442 εἶτα
3681 1388 3861 1441 ἐπεύ-

2256 1498 2413 1551 χεται
2443 1480 2593 1553 αὐτῷ
2621 1480 3007 1551 περιφάνειαν,
3038 1481 3185 1534 ὥστε
3212 1480 3470 1550 γενέσθαι
3505 1481 3670 1535 αὐτὸν
3698 1480 3862 1551 παρὰ

2258 1576 2425 1627 πᾶσιν
2446 1574 2769 1645 ὲπίσημον.‹
2792 1573 3223 1646 ’Υπερισχύσαις
3237 1574 3369 1644 γάρ,
3391 1575 3575 1643 φησὶν,
3598 1573 3739 1643 ὑπὲρ
3757 1574 3860 1626 εὐ-

2255 1665 2440 1733 λογίας
2457 1666 2629 1736 όρέων
2647 1665 2895 1736 μονίμων
2924 1668 3017 1720 καὶ
3045 1666 3343 1737 ἐπιθυμίας
3363 1666 3528 1720 θινῶν
3544 1666 3779 1721 αἰωνίων
3799 1683 3816 1697 ·
3831 1684 3854 1719 ι

2255 1757 2471 1813 ἔσονται
2499 1760 2593 1812 ἐπὶ
2616 1759 2860 1829 κεφαλῆς
2876 1760 3096 1831 Ἰωσὴφ,
3127 1761 3223 1813 καὶ
3239 1759 3334 1813 ἐπὶ
3352 1760 3595 1830 κορυφῆς
3617 1752 3691 1813 ὧν
3710 1760 3859 1830 ήγή-

548 1865 646 1907 θηειι
687 1850 853 1905 colles
904 1866 999 1904 seu
1053 1858 1308 1914 montes,
1359 1850 1557 1904 horum
1619 1850 1793 1903 instar
1832 1847 2144 1918 patriarcha

2252 1870 2381 1906 σατο
2395 1853 2660 1921 ἀδελφῶνο
2694 1854 2756 1907 τὸ
2789 1853 2847 1906 δὲ
2877 1853 3048 1918 θῖνας
3067 1856 3096 1907 ὁ
3123 1852 3356 1915 Ἀκύλας
3380 1852 3652 1918 ,ϐουνοὺς
3668 1852 3860 1925 ἡρμή-

551 1952 703 2010 optat
738 1946 1095 2011 conSpicuum
1153 1942 1272 1998 ﬁeri
1344 1941 1643 2014 Josephum
1692 1949 1858 2013 atque
1892 1940 2141 1997 omnium

553 2030 1014 2086 illustrissimum.

616 2204 673 2265 ,7.
722 2207 964 2277 Denique
1018 2206 1403 2277 Benjaminum
1449 2207 1588 2263 dixit
1638 2208 1830 2280 lupum
1883 2224 2142 2278 rapacem

549 2312 769 2371 propter
825 2316 948 2355 eam
996 2316 1120 2371 qua:
1148 2303 1377 2374 contigit
1406 2301 1536 2357 huic
1588 2301 1752 2357 tribui
1783 2302 2020 2358 cladem.
2054 2303 2144 2359 ld-

549 2395 697 2449 υῖα-ρο
755 2394 1004 2463 adjecit:
1068 2412 1087 2445 ι
1123 2394 1278 2450 Mane
1334 2394 1604 2460 comedet,
1656 2409 1887 2464 vespere
1956 2396 2141 2450 cibum

548 2487 926 2541 distribuat".
969 2506 987 2538 ι
1023 2485 1158 2542 Nam
1194 2488 1374 2558 primo
1402 2487 1687 2557 alteroque
1719 2501 2018 2557 congressu
2048 2503 2145 2543 su-

548 2579 794 2649 periores
843 2579 1181 2650 Benjamitaa,
1238 2580 1306 2635 ad
1336 2588 1646 2635 extremum
1678 2578 1929 2636 funditus
1977 2580 2142 2635 deleti

548 2666 791 2733 fuerunt,
829 2672 1017 2739 paucis
1056 2671 1348 2725 admodum
1372 2672 1638 2741 exceptis.
1673 2672 1877 2742 quibus
1904 2672 2143 2728 victores

549 2762 927 2818 misericordia
968 2764 1229 2818 commoti
1263 2763 1498 2819 feminas
1515 2763 1738 2833 quidem
1768 2764 1824 2819 in
1852 2765 2143 2820 matrimo-

548 2855 704 2912 nium
732 2858 805 2913 ob
839 2860 1170 2915 sacramenti
1220 2858 1543 2930 religionem
1604 2874 1716 2916 non
1778 2861 2144 2924 tradiderunt,

549 2950 708 3005 aliter
737 2961 917 3007 tamen
951 2952 1031 3008 eis
1063 2953 1283 3023 nuptias
1309 2953 1766 3009 conciliaverunt.
1818 2953 2007 3025 Neque
2060 2965 2145 3010 ta-

550 3058 674 3100 men
705 3043 1058 3099 nesciendum
1099 3053 1183 3100 est
1228 3047 1527 3102 nonnullos
1570 3048 1671 3103 hoc
1701 3048 2024 3103 vaticinium
2076 3048 2145 3103 ad

2244 1960 2457 1999 νευςεψ
2482 1945 2669 2017 ἐπειδὴ
2691 1946 2871 2000 τοίνυν
2896 1944 3181 2017 πόρῤωθεν
3208 1945 3441 2017 ὁρῶνται
3466 1947 3561 2000 καὶ
3589 1948 3638 1998 oi
3669 1947 3858 2016 βουνοὶ

2244 2042 2341 2095 καὶ
2368 2042 2438 2095 τὰ
2470 2041 2571 2112 ὅρη
2600 2083 2615 2107 ,
2655 2041 2867 2105 τούτοις
2894 2041 3294 2112 παραπλησίως
3320 2041 3538 2111 εὔχεται
3570 2038 3857 2109 γνώριμον

2245 2133 2408 2188 αὐτὸν
2450 2133 2708 2201 γενέσθαι
2735 2133 2829 2185 καὶ
2858 2134 3079 2187 πάντων
3109 2132 3595 2203 περιφανέστατον.

2319 2223 2386 2288 ζ’.
2418 2224 2522 2276 Τὸν
2554 2223 2612 2276 δὲ
2646 2224 2908 2294 Βενιαμὶν
2936 2223 3101 2277 λύκον
3136 2224 3365 2295 ἅρπαγα
3398 2221 3636 2289 κέκληκε
3668 2220 3755 2273 διά
3782 2219 3855 2272 τὸ

2245 2315 2593 2387 συμϐεϐηκὸς
2635 2316 2807 2381 πάθος
2852 2318 2917 2387 τῇ
2964 2315 3159 2368 τούτου
3203 2314 3369 2385 φυλῇ.
3423 2313 3517 2365 Διὸ
3572 2313 3847 2380 ἐπήγαγε·

2250 2431 2270 2465 ι
2306 2412 2381 2465 Τὸ
2410 2409 2650 2477 πρωῖνὸν
2696 2409 2898 2474 ἔδεται,
2953 2410 3051 2462 καὶ
3080 2409 3160 2472 είς
3191 2407 3253 2461 τὸ
3298 2405 3542 2478 ἑσπέρας
3591 2402 3849 2458 διαδώσει

2241 2504 2479 2575 τροφήν⁹
2522 2519 2541 2554 ι
2571 2502 2630 2553 ἐν
2674 2499 2787 2571 γάρ
2819 2503 2888 2571 τῇ
2935 2499 3133 2573 πρώτῃ
3163 2500 3259 2552 καὶ
3286 2498 3519 2568 δευτέρᾳ
3551 2495 3844 2568 συμπλοκῇ

2244 2591 2614 2661 νενικηκότες,
2658 2590 2888 2662 ὕστερον
2916 2589 3087 2661 ἄρδην
3114 2588 3396 2643 ἀπώλοντο
3418 2626 3433 2653 ,
3475 2587 3615 2656 πλὴν
3658 2587 3841 2657 εὐαρι-

2246 2683 2471 2756 θμήτων
2492 2683 2654 2737 τινῶν
2671 2682 2890 2751 ὀλίγων,
2905 2681 2998 2745 οὒς
3011 2682 3061 2734 oi
3080 2680 3430 2751 νενικηκότες
3447 2678 3845 2748 οἰκτείραντες,

2243 2773 2428 2829 δοῦναι
2461 2774 2560 2845 μὲν
2588 2774 2775 2837 αὐτοῖς
2805 2775 3075 2842 γυναῖκας
3102 2771 3194 2825 διὰ
3216 2772 3311 2824 τὸν
3356 2770 3519 2840 ὅρκον
3541 2768 3844 2832 ὑπείδοντο,

2246 2868 2454 2937 ἑτέρως
2487 2867 2532 2920 δ’
2588 2866 2772 2931 αὐτοῖς
2795 2868 2887 2920 τὸν
2928 2867 3106 2936 γάμον
3160 2865 3609 2935 ἐμηχανήσαντο·
3645 2862 3846 2915 εἰδέναι

2244 2960 2304 3015 δέ
2337 2961 2444 3033 χρὴ
2466 2960 2542 3025 ῶς
2570 2978 2716 3025 τινες
2736 2961 2897 3033 τήνδε
2925 2960 3023 3031 τὴν
3053 2959 3362 3031 πρόρρησιν
3421 2960 3501 3021 εἰς
3529 2956 3621 3010 τὸν
3646 2956 3846 3011 θεσπέ-

2235 3070 2366 3109 εσιον
2414 3053 2629 3107 Παῦλον
2672 3054 2934 3108 εἵλκυσαν
2965 3053 3099 3125 (61)”
3156 3051 3326 3105 λύκου
3371 3051 3480 3121 γὰρ
3513 3049 3672 3120 δίκην
3719 3048 3845 3102 ἐλυ-

549 3136 737 3190 divum
779 3135 1005 3192 Paulum
1042 3138 1276 3194 traxisse
1309 3156 1323 3194 :
1357 3138 1449 3194 hic
1466 3140 1614 3197 enim
1647 3139 1759 3210 lupi
1802 3140 1907 3195 ritu
1941 3141 2143 3197 noxius

2252 3146 2475 3217 μαίνετο
2507 3147 2608 3217 τὴν
2677 3147 3009 3218 Ἐκκλησίαν
3060 3146 3202 3199 κατὰ
3255 3143 3383 3207 τοὺς
3421 3143 3605 3206 οἴκους
3651 3144 3842 3195 εἰσπο-

549 3227 807 3282 Ecclesiae
830 3228 934 3282 fuit
958 3228 1012 3282 in
1046 3230 1241 3285 domos
1276 3229 1592 3300 irrumpens
1617 3246 1632 3297 ;
1662 3239 1850 3301 postea
1879 3246 2011 3287 vero
2032 3231 2147 3302 spi-

550 3318 762 3373 ritalem
803 3335 986 3376 escam
1018 3321 1139 3376 orbi
1176 3320 1479 3377 distribuit.
1508 3320 1811 3393 Postquam
1845 3323 1958 3379 hate
1988 3322 2149 3380 Jaco—

549 3409 653 3464 bus
690 3410 942 3477 dixisset,
993 3426 1268 3481 suumque
1290 3413 1503 3467 obitum
1542 3413 1931 3479 nuntiavisset,
1965 3415 2147 3488 pergit

549 3501 732 3557 dicere
756 3501 1054 3559 historicus
1085 3521 1100 3558 :
1132 3504 1394 3560 Collectis
1426 3504 1480 3558 in
1505 3504 1709 3560 lectulo
1746 3504 2001 3575 pedibus,
2034 3506 2150 3560 ani-

550 3607 696 3646 mam
734 3593 864 3663 egit,
891 3603 947 3649 et
970 3594 1038 3649 ad
1090 3595 1354 3665 pepulum
1391 3611 1555 3651 suum
1611 3597 1898 3667 appositus
1947 3606 2055 3652 est.
2090 3598 2146 3653 id

548 3684 729 3753 ipsum
760 3685 1072 3739 Abrahamo
1100 3700 1322 3755 quoque
1340 3685 1557 3739 dixerat
1592 3687 1906 3742 communis
1955 3685 2099 3746 Dens
2134 3706 2147 3743 :

552 3792 575 3823 ι
615 3773 692 3828 'l‘u
741 3790 872 3829 vero
927 3776 1107 3831 abibis
1159 3777 1251 3831 ad.
1285 3785 1471 3847 patres
1526 3785 1671 3843 tuos,
1704 3780 1846 3832 bona
1870 3788 2150 3835 senectute

550 3866 873 3922 nutritus”.
919 3885 938 3919 ι
974 3866 1110 3924 Hine
1161 3868 1328 3923 etiam
1387 3867 1664 3924 Dominus
1718 3868 2148 3926 Saddncaeorum

552 3956 992 4011 incredulitatem
1043 3959 1379 4028 coarguebat
1416 3958 1609 4014 dicens
1645 3976 1660 4014 :
1696 3976 1715 4010 ι
1754 3957 1914 4025 Quod
1963 3969 2147 4016 autem

551 4050 753 4104 mortui
816 4051 1117 4106 surrecturi
1150 4050 1282 4116 sint,
1333 4066 1520 4106 nonne
1567 4050 1820 4123 legistis?
1851 4052 1969 4123 Ego
2004 4053 2150 4112 Deus

550 4143 851 4199 Abrahami
901 4152 957 4199 ct
990 4143 1158 4200 lsaaci
1196 4150 1252 4200 et
1289 4142 1480 4199 Jacobi
1506 4144 1575 4199 ".
1636 4163 1655 4196 ι
1698 4143 1819 4200 Νοη
1861 4156 1947 4201 est
1979 4146 2147 4217 Deus,

552 4243 895 4289 mortuorum
921 4233 1203 4301 Deus,sed
1235 4236 1597 4292 viventium.»
1627 4235 1734 4305 Ipsi
1769 4235 1943 4305 gloria
1965 4237 2020 4292 in
2047 4255 2149 4295 sae-

555 4330 701 4381 cula.
734 4326 931 4382 Amen.

624 4437 953 4506 QUESTIO
990 4439 1194 4497 CCLXI
1246 4441 1840 4514 [οοξριείοριχχχμ
1908 4443 2074 4499 Taur.

1212 4512 1492 4585 CCLXX].

659 4605 803 4671 Quid
831 4606 929 4659 hoc
958 4605 1205 4659 ostendat
1235 4606 1423 4658 rubum
1448 4606 1635 4660 ardere
1666 4622 1759 4660 nec
1780 4607 2034 4664 comburi.

2176 4528 2232 4589 D

2254 3238 2570 3310 ρευόμενος,
2615 3238 2843 3311 ὕστερον
2875 3239 2932 3293 δὲ
2970 3238 3070 3310 τὴν
3105 3237 3488 3307 πνευματικὴν
3542 3234 3753 3305 τροφὴν
3780 3236 3841 3304 τῇ

2247 3333 2546 3406 οἰκουμένῃ
2569 3333 2815 3390 διέδωκε.
2847 3332 3036 3387 Ταῦτα
3064 3333 3158 3387 τοῦ
3176 3331 3373 3386 Ἰακὼϐ
3404 3331 3711 3402 εἰρηκότος,
3744 3329 3837 3383 καὶ

2248 3426 2350 3498 τὴν
2396 3426 2607 3481 οἰκείαν
2658 3424 2916 3495 τελευτὴν
2949 3424 3353 3496 μεμηνυκότος,
3404 3424 3432 3475 ὁ
3487 3421 3831 3491 συγγραφεὺς

2251 3513 2379 3584 ἔφη·
2414 3533 2435 3566 ί
2472 3515 2584 3567 Καὶ
2610 3513 2814 3584 ἐξάρας
2847 3514 2975 3577 τοὺς
3006 3513 3174 3576 πόδας
3209 3510 3378 3565 αὐτοῦ
3409 3510 3504 3563 ἐπὶ
3529 3510 3627 3581 τὴν
3660 3508 3837 3579 κλίνην

2251 3603 2490 3670 ἐξέλιπε,
2512 3603 2609 3658 καὶ
2637 3602 2944 3674 προσετέθη
2980 3602 3118 3674 πρὸς
3146 3602 3238 3654 τὸν
3260 3601 3390 3655 λαὸν
3423 3599 3609 3653 αὐτοῦ’
3638 3617 3657 3650 ι
3690 3596 3843 3651 τοῦτο

2251 3695 2310 3749 δέ
2362 3696 2460 3749 καὶ
2510 3694 2648 3766 πρὸς
2696 3695 2789 3747 τὸν
2830 3693 3085 3766 Ἀϐραὰμ
3128 3694 3157 3745 ὁ
3189 3692 3298 3746 τῶν
3348 3693 3488 3745 ὅλων
3539 3690 3645 3761 ἔφη
3690 3689 3838 3753 Θεός⁶

2235 3796 2276 3841 ἰ
2314 3788 2386 3842 Σὺ
2419 3787 2477 3842 δὲ
2508 3788 2792 3862 άπελεύσῃ
2818 3789 2956 3860 πρὸς
2979 3788 3109 3850 τοὺς
3147 3786 3391 3855 πατέρας
3417 3802 3511 3838 σου
3544 3787 3601 3838 ἐν
3629 3783 3839 3855 εἰρήνῃ,

2250 3881 2484 3952 τραφεὶς
2516 3881 2576 3936 ἐν
2603 3881 2766 3953 γήρει
2790 3880 2964 3950 καλῷο
3004 3899 3024 3933 ι
3057 3877 3309 3932 ἐντεῦθεν
3331 3877 3426 3931 καί
3455 3879 3483 3930 ό
3518 3874 3727 3946 Κύριος
3749 3873 3843 3943 τὴν

2257 3975 2369 4029 τῶν
2400 3974 2777 4030 Σαδδουκαίων
2795 3973 3056 4026 ἀπιστίαν
3077 3969 3358 4043 διήλεγξεν
3377 3967 3638 4040 εἰρηκώς
3670 3984 3689 4018 t
3721 3966 3842 4019 Ὅτι

2250 4067 2307 4121 δὲ
2350 4068 2659 4137 ἐγείρονται
2690 4067 2740 4118 oi
2767 4065 2954 4135 νεκροὶ
2981 4064 3375 4131 ούκὰνέγνωτε
3402 4078 3417 4129 ;
3469 4058 3610 4128 Ἐγὼ
3647 4059 3675 4110 ό
3716 4057 3844 4118 Θεὸς

2265 4159 2518 4231 ’Λϐραάμ
2552 4159 2648 4212 καὶ
2680 4157 2871 4211 Ἰσαὰκ
2894 4158 2990 4210 καὶ
3027 4154 3246 4210 Ἰακώϐ.
3293 4173 3312 4207 ι
3340 4155 3455 4205 Οὐκ
3484 4152 3634 4206 ἔστιν
3661 4150 3689 4203 ό
3716 4148 3845 4211 Θεὸς

2250 4252 2384 4315 Θεὸς
2436 4251 2670 4322 νεκρῶν,
2703 4249 2843 4303 ἀλλὰ
2886 4249 3128 4314 ζώντων.
3179 4245 3345 4317 Αὐτῷ
3392 4247 3426 4317 ἡ
3455 4244 3581 4309 δόξα
3615 4245 3697 4306 είς
3723 4243 3844 4302 τοὺς

2250 4345 2475 4406 αἰῶνας.
2518 4344 2716 4416 Ἀμήν.
3018 4366 3022 4371 ’

2790 4459 3129 4515 ΕΡΩΤΗΣΙΣ
3153 4458 3315 4512 ΣΞΛ’.

2264 4622 2327 4676 Τί
2356 4618 2537 4687 δηλοῖ
2570 4622 2658 4686 τὸ,
2690 4622 2808 4691 τὴν
2837 4621 3035 4691 ⁸βάτον
3084 4622 3358 4677 καίεσθαι
3408 4617 3507 4675 καί
3532 4617 3621 4688 μὴ
3671 4634 3847 4672 κατα-

2900 4690 3177 4746 καίεσυαι
3203 4708 3222 4755 ;

1398 4799 1540 4849 Edita
1570 4813 1597 4848 a
1626 4796 1750 4850 Maio
1785 4800 1929 4863 (Nov.
1959 4802 2086 4853 Coll.
2116 4809 2152 4853 t.
2189 4806 2269 4871 IX,
2302 4825 2352 4875 p.
2392 4812 2528 4873 126).
2564 4838 2622 4847 —
2656 4807 2811 4858 Exod.
2852 4820 2922 4866 ιιι,
2955 4805 3004 4852 2.

623 4884 737 4940 doc
774 4883 867 4938 Dei
918 4885 1221 4955 potentiam
1277 4890 1444 4953 atque
1492 4900 1737 4939 amorem
1787 4889 1843 4939 in
1900 4887 2154 4946 homines

547 4981 855 5052 proclamat
880 4979 1029 5049 quod
1058 4980 1257 5034 rubum
1288 4981 1381 5049 qui
1413 4980 1664 5050 lignosus
1697 4990 1816 5036 erat
1848 4998 1957 5037 non
1994 4996 2153 5039 com-

550 5062 727 5127 bussit
768 5071 1233 5140 iuexstinguibilis
1286 5071 1445 5141 ignis.
1500 5070 1771 5128 Praeterea
1830 5089 2033 5131 censeo
2088 5077 2157 5131 ab

550 5165 657 5222 hoc
689 5166 857 5222 lsrael
922 5165 1303 5235 repraesentari
1357 5166 1450 5235 qui
1506 5166 1575 5220 ab
1622 5165 1896 5237 IEgyptiis
1932 5181 2160 5225 vexatus

544 5250 664 5313 non
697 5271 877 5313 tamen
909 5259 1193 5328 periturus
1218 5266 1359 5325 erat,
1389 5257 1473 5311 vel
1516 5257 1682 5312 etiam
1724 5258 1923 5314 Filium
1956 5259 2156 5333 Unige-

548 5354 729 5407 nitum
759 5353 876 5422 qui,
907 5363 1199 5425 postquam
1229 5361 1482 5405 naturam
1502 5365 1801 5407 humanam
1831 5355 2158 5421 sumpsisset

548 5454 723 5515 atque
752 5445 804 5499 in
823 5445 944 5500 sinu
974 5445 1202 5514 virginis
1229 5443 1612 5504 habitavisset.
1647 5444 1695 5497 ei
1734 5444 2003 5514 integram
2038 5446 2153 5500 vir-

629 5560 675 5594 ⁸⁸
706 5560 887 5617 Judic.
928 5577 1028 5627 xx;
1064 5577 1177 5616 xxi.
1279 5559 1327 5591 “
1352 5556 1552 5613 Genes.
1582 5573 1674 5623 xv,
1709 5557 1797 5613 15.

2327 4896 2440 4970 Τὴν
2455 4895 2550 4950 τοῦ
2566 4892 2702 4949 Θεοῦ
2726 4892 2959 4962 δύναμιν
2978 4892 3075 4944 καὶ
3103 4888 3299 4959 φιλανθ
3310 4888 3525 4960 ρωπίαν
3556 4884 3842 4957 κηρύττει,

2255 4986 2339 5040 ὅτι
2365 4984 2695 5057 φρυγανώδη
2722 4978 2890 5036 οὖσαν
2919 4980 3021 5033 οὐκ
3049 4980 3314 5050 ἀνήλισκε
3344 4978 3404 5032 τὸ
3427 4976 3695 5032 ἄσϐεστον
3719 4973 3850 5044 πῦρ·

2255 5076 2409 5151 οἶμαι
2447 5078 2503 5131 δὲ
2536 5078 2604 5131 δι’
2645 5075 2812 5130 αὑτοῦ
2851 5072 3298 5144 παραδηλοῦσθαι
3324 5070 3420 5123 καὶ
3463 5070 3597 5123 ὅτιὸ
3639 5065 3856 5137 Ἰσραὴλ

2258 5170 2364 5224 ὑπὸ
2400 5169 2509 5223 τῶν
2538 5167 2856 5233 Αἰγυπτίων
2895 5163 3215 5217 ἐπιϐουλευό
3228 5178 3389 5233 μενος
3430 5162 3532 5214 οὐκ
3566 5156 3853 5225 ἀναλωθή-

2264 5278 2442 5316 σεται·
2476 5260 2635 5314 ἔτιδὲ
2664 5260 2763 5313 καὶ
2796 5260 2870 5321 ὡς
2897 5259 2925 5310 ό
2948 5256 3263 5325 Μονογενὴς
3292 5252 3729 5323 ἐνανθρωπήσας
3760 5253 3855 5301 καὶ

2267 5352 2604 5422 παρθενικὴν
2634 5350 2929 5419 ἐνοικήσας
2954 5347 3137 5416 νηδὺν,
3160 5345 3393 5416 φυλάξει
3416 5343 3515 5413 τὴν
3546 5340 3856 5411 παρθενίαν

2259 5447 2559 5516 ἀκήρατονο
2603 5444 2740 5514 φασὶ
2770 5443 2826 5496 δέ
2852 5458 2995 5505 τινες
3023 5443 3081 5494 ἐν
3113 5439 3261 5510 βάτῳ
3293 5438 3534 5508 φανῆναι
3572 5435 3667 5489 τὸν
3696 5433 3855 5495 Θεὸν.

1898 5559 1942 5590 ⁵⁸
1977 5558 2145 5613 Marc.
2186 5574 2287 5624 xu,
2315 5558 2407 5613 96.

2082 5647 2318 5704 ΝΟΤᾸΞ.

544 5744 549 5758 ξ
584 5810 597 5813 _
638 5741 749 5811 (6i)
775 5741 835 5794 In
879 5741 967 5797 his
996 5741 1365 5813 Hieronymus
1391 5757 1478 5813 ep.
1517 5740 1611 5807 '58,
1670 5741 1723 5807 1,
1754 5750 1809 5796 et
1833 5751 2031 5813 quast.
2070 5742 2123 5797 in
2144 5740 2343 5798 Cenes.
2376 5756 2477 5797 nec
2523 5740 2711 5797 nonin
2744 5737 3013 5809 opusculo
3040 5735 3184 5808 quod
3232 5734 3355 5806 ejus
3396 5748 3597 5787 nomen
3655 5729 3851 5799 iactat,

567 5802 656 5866 ea
681 5802 1127 5869 benedictionibus
1149 5802 1340 5867 .ldcob.
