4136 6448
340 390 473 458 1081

1138 384 1238 442 ΑΙ)
1272 378 1870 441 AMPHILOCHIUM
1898 376 2247 450 QUIEST‘IO
2285 379 2853 441 CCLXI-CCLXIII.

3488 375 3626 443 1082

337 505 432 557 καὶ
471 502 572 555 ούκ
608 498 667 553 ἐν
697 496 843 568 ἄλλῳ
872 494 1048 566 φυτῷ,
1082 495 1174 549 διὰ
1200 493 1263 547 τὸ
1293 493 1369 564 μὴ
1406 490 1668 546 δύνασθαί
1700 507 1822 543 τινα
1860 490 1924 541 ἐκ
1953 500 1990 556 Α

2054 489 2311 556 :initatem
2378 493 2636 547 servavit.
2700 491 2900 547 Dicunt
2960 490 3184 562 quidam
3228 491 3437 546 'Deum
3500 493 3624 548 rubi

341 594 505 664 βάτου
555 589 758 659 γλύψαι
808 585 961 637 Θεὸνο
1018 582 1166 645 εἰκὸς
1225 582 1335 651 γὰρ
1392 574 1461 648 ἦν
1508 576 1800 639 Ἰουδαίους
1833 574 1931 628 καὶ

338 684 497 739 τοῦτο
524 684 818 754 τολμῆσαι,
845 678 1006 750 εἴπερ
1036 677 1095 729 ἐν
1126 674 1269 745 ἄλλῳ
1292 671 1449 743 ὤφθη
1471 668 1647 741 φυτῷ.

875 1000 1210 1054 ΕΡΩΤΗΣΙΣ
1234 997 1397 1055 ΣΞΒ.

610 1163 670 1217 Ἠ
698 1162 1003 1232 λέπρωσις
1028 1138 1139 1231 τῆς·
1177 1162 1373 1230 χειρὸς
1401 1160 1460 1213 τί
1484 1155 1700 1227 δηλοῖς

2032 582 2251 652 quidem
2298 598 2407 635 non
2455 591 2636 637 autem
2684 584 2827 639 alius
2854 584 3054 654 planta:
3080 583 3313 637 formam
3363 584 3629 649 induisse,

1952 742 1955 747 η
2031 676 2159 745 quia
2215 692 2323 729 non
2362 684 2543 744 potest
2595 691 2660 730 ex
2706 676 2844 730 rubo
2898 674 3077 730 cazlari
3113 675 3279 731 Deus.
3323 674 3634 732 Verisimile

2033 777 2119 823 cst
2135 768 2353 823 Judaeos
2370 768 2475 822 hoc
2499 775 2708 823 tentare
2737 784 2972 825 ausuros
2999 766 3173 825 fuisse
3198 770 3244 825 si
3272 768 3414 825 Deus
3440 771 3493 824 in
3526 770 3637 824 alia

2041 862 2226 932 planta
2258 862 2412 915 visus
2438 870 2606 916 esset.

2116 973 2447 1043 QUESTIO
2471 973 3344 1118 CCLXILJEgglfLCCLXXXII,
3394 978 3559 1031 Taur.

2326 1132 2635 1207 Leprositas
2691 1152 2876 1191 manus
2903 1137 3029 1207 quid
3068 1138 3349 1208 signiﬁcet.

1272 1275 1416 1323 Edita
1445 1286 1474 1322 a
1508 1270 1635 1322 Maio
1661 1270 1714 1334 (1.
1748 1281 1793 1318 c.
1818 1272 1869 1329 p.‘
1906 1259 1990 1311 126

2054 1271 2092 1320 ι.
2117 1250 2252 1315 2⁸11).
2284 1276 2348 1286 -
2377 1250 2535 1300 Exod.
2564 1262 2631 1308 ιν,
2652 1248 2699 1297 6.
3407 1326 3411 1333 ι

426 1382 512 1435 Ἐν
546 1380 800 1450 εὐσεϐείᾳ
833 1379 1044 1451 τραφὲν
1077 1379 1138 1433 τὸ
1175 1380 1332 1447 γένος
1361 1378 1455 1432 τοῦ
1499 1374 1694 1431 Ἰακευὸ
1723 1376 1802 1438 είς
1831 1373 1932 1444 τὴν

2107 1358 2420 1424 Educatum
2463 1356 2517 1429 in
2549 1356 2749 1423 pietate
2798 1352 2984 1408 Jacobi
3022 1370 3194 1426 genus
3223 1353 3515 1426 Egyptum
3552 1359 3641 1415 iu-

343 1476 619 1541 Αἴγυπτον
677 1444 1043 1544 εἰσελήλυθεν·
1107 1444 1224 1525 ἀλλ’
1284 1473 1407 1525 ἐκεῖ
1457 1469 1566 1522 τῶν
1616 1465 1965 1535 Αἰγυπτίων

2054 1465 2283 1523 gressum
2316 1457 2455 1504 erat.
2486 1444 2596 1513 illic
2628 1460 2760 1500 vero
2784 1444 3166 1516 IEgyptiorum
3203 1448 3400 1503 didicit
3430 1449 3630 1520 impie-

348 1537 622 1638 μετέμαθε
666 1565 767 1636 τὴν
810 1537 1092 1619 ἀσέόειαν·
1150 1564 1254 1634 τῆς
1306 1563 1531 1616 ἐκείνων
1585 1562 1643 1616 δέ
1691 1559 1965 1622 δουλείας,

2059 1554 2235 1610 atem;
2293 1554 2530 1611 quorum
2582 1537 2811 1593 servitio
2860 1539 3152 1592 liberatum
3207 1556 3406 1596 rursus
3434 1542 3629 1597 didicit

345 1626 660 1725 ἀπαλλαγὲν
698 1626 976 1726 μετέμαθε
1012 1654 1109 1708 τὸν
1305 1653 1445 1707 ὅλων
1472 1652 1628 1705 Θεόνο
1664 1649 1936 1721 δεδήλωκε

2054 1629 2279 1688 minium
2334 1645 2519 1685 rerum
2563 1629 2758 1684 Deum.
2813 1626 3068 1684 Ostendit
3125 1629 3313 1699 igitur,
3358 1647 3454 1702 per
3495 1632 3638 1688 hanc

344 1749 526 1801 τοίνυν
551 1722 641 1802 δίἀ
662 1722 762 1818 τῖής
793 1722 1138 1810 ἀλλοιώσεως
1167 1746 1268 1816 τῆς
1297 1746 1501 1816 χειρὺς,
1524 1745 1626 1815 τὴν
1656 1742 1934 1812 λέπρωσιν

2054 1740 2239 1781 manus
2294 1723 2753 1801 immutationem,
2820 1722 3017 1776 laurum
3065 1731 3119 1780 et
3175 1723 3548 1791 leprositatem
3580 1735 3638 1777 et

345 1843 526 1897 αὐτῶν
546 1842 641 1897 καὶ
670 1812 767 1913 τήν
799 1839 1091 1913 κάθαρσιν·
1128 1812 1266 1911 πρδς
1297 1812 1355 1893 δὲ
1379 1812 1593 1900 τούτοις
1626 1836 1723 1889 καὶ
1745 1836 1935 1906 ἕτερον

2054 1819 2437 1884 )urgatiunem.
2496 1812 2876 1883 Praztereaque
2944 1813 3089 1867 aliud
3136 1814 3301 1868 etiam
3347 1817 3640 1871 constituit

344 1934 615 2006 ᾠκονόμει
647 1936 677 1988 ὁ
723 1902 882 2000 beo:
930 1902 1121 2007 ἐπειδὴ
1172 1902 1281 2003 γὰρ
1322 1931 1515 2002 ἔμελλε
1546 1931 1638 1983 τὸν
1666 1902 1936 1999 περὶτῶν

2054 1910 2183 1962 Dens
2226 1925 2241 1962 :
2282 1922 2408 1961 cum
2443 1905 2589 1962 enim
2618 1919 2787 1976 prope
2814 1914 2962 1959 esset
2988 1913 3045 1958 ut
3080 1902 3287 1959 Hebraei
3314 1906 3367 1959 in
3394 1906 3645 1977 IBPI'OSOS

344 2026 564 2099 λεπρῶν
594 2026 802 2083 τιθέναι
838 2028 1002 2101 νόμον
1023 2030 1118 2083 καὶ
1135 2025 1485 2097 ἀκαθάρτους
1520 2022 1747 2085 τούτους
1772 2035 1943 2093 προσο

2054 2014 2215 2070 legem
2244 1996 2453 2054 ferrent
2488 2012 2696 2067 eosque
2754 1996 3071 2051 immundos
3115 1996 3483 2066 declararent,
3531 2000 3642 2065 alia

349 2086 658 2190 αγορεύειν,
713 2122 875 2193 ἕτερα
902 2086 915 2101 ι
942 2123 1032 2177 διὰ
1078 2120 1285 2175 τούτων
1325 2086 1639 2190 ὀἰκονομῶν
1662 2086 1941 2187 ὲλέπρωσε

2054 2086 2191 2144 Deus
2220 2088 2518 2159 providens
2554 2087 2826 2156 leprosam
2846 2086 3027 2141 effecit
3052 2087 3383 2157 legislatoris
3410 2104 3635 2144 manum

346 2215 439 2270 τοῦ
478 2214 774 2285 νομοθέτου
810 2217 911 2286 τὴν
966 2218 1127 2287 χεῖρα
1158 2214 1258 2285 τὴν
1309 2211 1380 2265 τὰ
1423 2212 1607 2265 τέλεια
1638 2210 1943 2263 πεπαιδευ-
1976 2203 1990 2260 Ι

2054 2180 2169 2251 quae
2206 2180 2274 2236 ad
2302 2189 2486 2236 tantas
2510 2194 2598 2234 res
2618 2192 2745 2249 apta
2770 2188 2910 2241 erat,
2939 2180 3145 2234 docens
3167 2180 3305 2234 nihil
3327 2181 3434 2236 tale
3450 2196 3642 2237 revera

351 2273 556 2379 pévnv,‘
598 2273 881 2363 διδάσκων⁵
925 2273 1002 2372 ὼξ
1058 2273 1227 2362 ξοδὲᾷ
1249 2305 1360 2361 τῶν
1411 2304 1671 2359 τοιούτων
1714 2303 1944 2374 τάληθεῖ

2054 2276 2387 2330 immundum
2418 2290 2562 2330 esse.
2592 2273 2712 2340 Quo
2745 2283 2906 2344 pacto
2929 2276 3076 2331 enim
3122 2276 3268 2345 quod
3305 2291 3412 2330 non
3448 2287 3649 2348 sponte.

348 2366 492 2472 λόγῷ
523 2366 860 2474 ἀκάθαρτον*
888 2366 1009 2465 πῶς
1046 2399 1157 2471 γὰρ
1204 2397 1518 2469 ἀκάθαρτον
1548 2395 1610 2449 τὸ
1639 2366 1940 2462 ἀκούσιον;

2054 2367 2101 2422 it
2127 2368 2474 2422 immundum
2511 2367 2622 2423 sit?
2652 2366 2831 2431 Quam
2860 2368 2931 2421 ob
2964 2382 3187 2422 causam
3218 2383 3340 2439 qua:
3367 2377 3446 2423 tot
3477 2370 3647 2428 mira:

349 2461 434 2548 διδ
534 2494 601 2548 τὰ
641 2461 904 2565 θαύματα
931 2461 1138 2548 ἐκεῖνα.
1166 2461 1519 2565 ἐργασαμένη
1556 2489 1730 2557 δεξιὰ,
1764 2486 1943 2557 λεπρὰ

2054 2462 2173 2517 hilia
2204 2471 2511 2531 peregerat,
2542 2462 2658 2515 hate
2685 2461 2877 2516 dextra
2895 2461 3127 2540 leprosa\
3150 2462 3300 2530 prius
3319 2461 3460 2516 facta
3511 2476 3646 2531 ope-

2042 2568 2158 2607 ram
2183 2561 2375 2623 postea
2402 2552 2622 2607 navavit
2646 2551 2912 2623 prodigiis
2935 2552 3160 2605 divinis.
3188 2551 3300 2606 lloe
3317 2567 3534 2623 quoque
3564 2553 3645 2607 le-

2046 2644 2364 2715 gislatorem
2419 2643 2600 2714 ipsum
2655 2643 2801 2698 Deus
2868 2642 3109 2708 edocuit,
3176 2659 3284 2699 non
3332 2645 3644 2715 superbire,

2046 2735 2282 2807 propria!
2314 2742 2528 2793 natura:
2556 2735 2842 2804 scientem,
2869 2734 3186 2806 dextraeque
3217 2744 3377 2791 antea
3412 2737 3654 2807 leprosze.

2049 2828 2194 2883 haud
2228 2828 2635 2883 immemorem.

2110 2942 2444 3011 QUESTIO
2471 2943 2744 3000 CCLXIII.
2782 2943 2976 3011 [CoisL
3013 2943 3397 3011 CCLXXXIII,
3424 2943 3590 2999 Taur.

350 2588 621 2659 πρότερον
684 2588 951 2661 γενομένη
1003 2590 1126 2650 ταῖς
1188 2585 1545 2656 θεοσημείαις
1603 2581 1941 2653 ὑπούργησεο

350 2679 508 2734 τοῦτο
537 2680 596 2733 δὲ
622 2681 717 2735 καὶ
743 2680 835 2735 τὸν
869 2679 1172 2751 νομοθέτην
1199 2678 1493 2732 ἐπαίδευσε
1528 2676 1604 2747 μὴ
1632 2675 1779 2746 μέγα
1806 2689 1943 2744 φρο-
1966 2726 1969 2727 ,

350 2773 488 2836 νεῖν,
518 2771 637 2826 ἀλλ’
666 2773 869 2828 εἰδέναι
918 2773 1019 2844 τὴν
1057 2771 1223 2841 φύσιν
1254 2771 1353 2841 τῆς
1404 2768 1785 2841 λεπρωθείσης
1816 2769 1948 2821 ἀνα-

354 2865 803 2938 μιμνησκόμενον
831 2866 1036 2931 δεξιᾶς.

868 2954 1209 3010 ΕΡΩΤΗΣΙΣ
1243 2951 1411 3007 ΣΞΓ’.

354 3113 517 3166 Διατί
544 3110 855 3181 ἠϐουλήθη
886 3114 919 3165 d
951 3110 1200 3181 ἄγγελος
1234 3109 1479 3164 ἀνελεῖν
1512 3107 1620 3163 τὸν
1645 3108 1950 3178 Μωῠσῆν;

2692 3014 3016 3071 CCLXXII].

2717 3014 2968 3070 'CLXXII
3004 3056 3016 3068 .

2056 3095 2177 3172 Qua
2207 3107 2271 3162 de
2295 3125 2457 3162 causa
2486 3014 3245 3178 voluerifangclu310ccidere
3266 3106 3485 3179 Moysen
3516 3108 3667 3180 (615)r

1258 3222 1407 3273 Edita
1436 3236 1466 3272 a
1492 3222 1623 3272 Maio
1652 3223 1708 3286 (l.
1745 3236 1792 3273 c.
1816 3237 1867 3287 p.
1890 3224 2001 3285 126,
2034 3239 2085 3289 q.
2116 3227 2252 3289 272).
2286 3251 2346 3261 —
2369 3226 2523 3277 Exod.
2558 3238 2626 3287 ιν,
2659 3224 2742 3275 21.

440 3331 506 3383 Ἢ
536 3330 672 3401 γυνὴ
724 3330 821 3401 μὲν
846 3330 1082 3383 ἐτόπασε
1140 3329 1229 3383 διὰ
1253 3329 1314 3383 τὺ
1344 3330 1576 3401 θάτερον
1604 3330 1714 3383 τῶν
1742 3329 1950 3384 παίδων

359 3424 737 3495 ἀπερίτμητον
770 3417 934 3485 εἶναι,
974 3422 1053 3474 διὸ
1091 3422 1187 3477 καὶ
1220 3422 1421 3477 αὐτίκα
1453 3422 1769 3494 περιέτεμε’
1803 3423 1951 3486 τινὲς

360 3516 419 3569 δέ
451 3532 605 3585 φασι,
642 3514 778 3567 διότι
808 3515 895 3566 ἐπ’
936 3512 1225 3583 ἐλευθερίᾳ
1272 3514 1546 3583 πεμφθεὶς
1587 3512 1699 3566 τῶν
1740 3512 1951 3584 ὁμοφύ-

360 3609 491 3671 λων,
525 3606 784 3659 κοινωνὸν
813 3605 917 3675 τῆς
963 3603 1085 3658 ὁδοῦ
1134 3605 1375 3675 ἐπήγετο
1426 3604 1526 3673 τὴν
1551 3604 1822 3676 ὁμόζυγα,
1855 3604 1951 3669 οὓς

363 3701 533 3772 ἐχρῆν
565 3699 797 3752 συνιδεῖν
826 3699 909 3752 ὅτι
947 3698 1137 3752 πεῖσαι
1182 3697 1276 3750 τὸν
1317 3696 1590 3768 κηδεστὴν
1626 3696 1957 3767 βουλόμενος

364 3793 440 3855 ὡς
465 3792 568 3845 οὐκ
622 3790 886 3863 ἀμελήσει
937 3790 1041 3860 τῆς
1075 3789 1357 3860 γυναικὸς,
1412 3789 1521 3843 οὐδ’
1572 3789 1743 3860 αὐτῆς
1791 3789 1958 3861 ἄλλην

366 3884 722 3955 προτιμήσει,
753 3881 961 3952 ταύτην
1005 3880 1330 3953 ἠναγκάσθη
1379 3880 1803 3948 συνεπάγεσθαι,
1841 3880 1957 3934 ἀλλ’

367 3976 427 4028 οὐ
460 3972 949 4045 καταφρονητικῶς
971 3972 1237 4026 διακονῶν
1268 3971 1346 4042 τῷ
1379 3971 1509 4043 θείῳ
1532 3974 1956 4043 προστάγματι·

369 4065 573 4120 αὐτίκα
596 4063 729 4134 γοῦν
754 4062 935 4117 λαϐὼν
969 4063 1068 4135 τὴν
1098 4064 1357 4135 ἀφορμὴν
1401 4061 1498 4115 τοῦ
1537 4062 1799 4130 ἀγγέλου,
1827 4061 1958 4115 ταύ-

366 4175 468 4230 την
499 4157 843 4227 ἀναστρέψαι
878 4154 1017 4227 πρὸς
1053 4155 1181 4217 τοὺς
1225 4155 1458 4217 οἰκείους
1493 4151 1794 4225 προσέταξε
1816 4167 1829 4180 ·
1866 4152 1961 4206 κα)⁸

367 4253 450 4306 an
478 4249 636 4305 τοῦτό
685 4251 834 4303 ἐστιν
881 4247 1102 4318 ἀληθὲς,
1137 4248 1172 4319 ὴ
1226 4246 1439 4318 ἱστορία
1491 4246 1773 4300 διδάσκει·
1820 4243 1962 4315 μετά

369 4344 479 4415 γάρ
511 4341 612 4412 τὴν
660 4339 838 4406 ἔξοδον
868 4340 967 4411 τὴν
1013 4338 1074 4403 ἐξ
1117 4338 1397 4407 Αἰγύπτου
1448 4337 1750 4391 διαὸάντων
1781 4337 1960 4390 αὐτῶν

369 4435 470 4506 τὴν
516 4433 788 4506 Ἐρυθρὰν
818 4432 1094 4486 θάλασσαν
1118 4431 1215 4485 καὶ
1246 4433 1326 4494 είς
1355 4430 1417 4483 τὸ
1451 4430 1666 4484 Σίναιον
1696 4428 1823 4501 ὅρος
1852 4446 1961 4481 πα-

373 4525 752 4599 ραγεγονότων
794 4524 1023 4594 ἀφίκετο
1071 4524 1171 4577 σὺν
1201 4525 1268 4593 τῇ
1316 4521 1542 4591 γυναικὶ
1569 4521 1664 4575 καὶ
1710 4523 1824 4584 τοῖς
1868 4520 1963 4573 δύο

374 4618 565 4673 παισὶν
594 4620 623 4672 ὁ
649 4617 920 4688 κηδεστὴς
966 4616 1105 4687 πρὸς
1136 4615 1333 4669 αὐτόν’
1365 4615 1649 4686 τοιγάρτοι
1692 4613 1821 4668 ἄλλο
1857 4632 1962 4667 κα-

370 4710 731 4775 τασκευάζων
756 4713 784 4764 ὁ
821 4709 1075 4778 ἄγγελος,
1095 4707 1268 4772 ἔδειξε
1302 4706 1403 4777 τὴν
1422 4706 1701 4778 ῥομφαίαν
1721 4708 1959 4778 γυμνήν·

372 4802 563 4873 ἐπειδὴ
594 4802 703 4873 γὰρ
738 4801 767 4854 ὁ
802 4801 979 4873 μέγας
1019 4799 1261 4871 Μωῦσῆς
1294 4798 1485 4852 ἐδεδίει
1518 4797 1609 4851 τὸν
1634 4798 1857 4869 Φαραὼ,
1885 4798 1962 4862 ὡς

372 4893 645 4965 πολλαχοῦ
691 4892 754 4946 τὸ
800 4892 919 4955 δέος
964 4891 1227 4963 ἐδήλωσε,
1278 4890 1376 4946 νῦν
1430 4890 1531 4961 μὲν
1553 4890 1727 4959 λέγων
1754 4908 1769 4922 ο
1807 4910 1824 4943 ι
1866 4892 1962 4955 Τίς

2132 3330 2297 3398 Quia,
2333 3340 2393 3384 ut
2441 3329 2677 3399 coniecit
2715 3326 2915 3400 Moysis
2967 3344 3126 3395 uxor,
3187 3345 3334 3387 unus
3362 3346 3395 3387 e
3433 3331 3669 3387 duobus‘

2060 3423 2246 3492 pucris
2268 3422 2692 3481 incircumcisus
2719 3430 2873 3483 erat;
2905 3419 3026 3477 ideo
3065 3435 3287 3493 quoque
3333 3424 3517 3479 statim
3546 3424 3655 3480 cir-

2059 3515 2501 3581 cumciditeum;
2534 3515 2618 3568 vel
2648 3515 2778 3583 quia
2800 3524 2857 3569 ut
2887 3515 3010 3569 aliis
3040 3517 3235 3586 placet,
3266 3520 3466 3572 missus
3497 3518 3655 3590 Moy-

2061 3620 2150 3659 ses
2203 3603 2271 3658 ad
2320 3604 2747 3673 emaneipandos
2794 3604 3108 3674 populares,
3171 3606 3376 3660 sociam
3434 3608 3655 3664 itineris

2060 3696 2357 3767 conjugem
2402 3711 2589 3751 secum
2632 3696 2811 3751 duxit.
2846 3698 2917 3751 At
2960 3697 3035 3751 illi
3087 3698 3389 3768 intelligere
3425 3700 3654 3754 debuis-

2061 3798 2184 3843 sent
2246 3787 2464 3858 Moysen
2506 3785 2580 3841 ita
2612 3785 2811 3842 fecisse
2847 3795 2907 3841 ut
2954 3803 3149 3843 socero
3176 3805 3282 3844 suo
3323 3805 3651 3860 persuasum

2058 3888 2205 3935 esset
2229 3877 2348 3934 fore
2379 3887 2439 3935 ut
2470 3880 2586 3948 ipse
2642 3880 2874 3935 minime
2927 3896 3158 3936 uxorem
3216 3882 3515 3953 negligeret
3556 3900 3657 3939 nec

2059 3970 2223 4025 aliam
2256 3970 2573 4040 praeferret;
2606 3987 2780 4041 quare
2808 3972 2959 4027 illam
2986 3988 3171 4029 secum
3202 3975 3405 4031 ducere
3428 3987 3658 4032 coactus

2058 4071 2183 4128 est,
2241 4064 2337 4119 sed
2386 4078 2735 4135 nequaquam
2795 4074 3111 4135 contemptu
3166 4066 3337 4121 divini
3386 4069 3655 4125 mandati.

2062 4153 2260 4207 Statim
2328 4153 2516 4223 igitur,
2582 4165 2811 4225 accepto
2856 4157 3034 4226 angeli
3107 4156 3341 4225 impetu,
3396 4161 3657 4228 praecepit

2061 4245 2222 4300 uxori
2253 4254 2312 4300 ut
2336 4246 2403 4300 ad
2440 4256 2652 4316 patrem
2700 4263 2861 4303 suum
2916 4249 3136 4304 rediret.
3178 4249 3335 4315 Quod
3359 4250 3535 4307 fuisse
3562 4268 3663 4307 ve-

2062 4354 2182 4392 rum
2235 4338 2471 4395 historia
2526 4348 2779 4395 testatur.
2846 4339 3103 4409 Etenim,
3152 4351 3273 4411 post
3326 4343 3533 4398 exitum
3589 4359 3667 4398 ex.

2061 4430 2319 4502 Egypto,
2353 4447 2479 4486 cum
2505 4430 2677 4487 Judaei
2710 4432 2956 4487 Rubrum
2981 4448 3132 4488 mare
3165 4434 3666 4505 trajecissentper-1

2061 4525 2446 4595 venissentque
2490 4526 2557 4580 ad
2612 4524 2766 4580 Sinai
2816 4534 3082 4591 montem,
3120 4543 3279 4583 socer
3302 4528 3503 4599 Moysis
3529 4545 3670 4584 cum-

2061 4614 2184 4684 ejus
2225 4615 2453 4670 muliere
2476 4615 2810 4686 duobusque
2842 4617 3026 4687 pueris
3054 4632 3181 4673 eum
3214 4618 3368 4674 adiit.
3419 4618 3673 4676 Proinde

2064 4708 2129 4761 ad
2163 4707 2310 4762 aliud
2349 4720 2619 4778 spectans
2635 4710 2863 4779 angelus
2880 4710 3123 4766 ostendit
3150 4711 3355 4766 nudum
3390 4714 3673 4783 gladium..

2061 4797 2199 4853 Cum
2229 4798 2375 4854 enim
2404 4800 2746 4854 Pharaonem
2776 4800 2996 4855 timeret
3039 4816 3274 4871 magnus
3324 4802 3563 4874 Moyses,
3592 4819 3674 4861 ac-

2065 4901 2267 4947 metum
2313 4906 2561 4963 persaepe
2594 4892 2705 4962 jam
2754 4893 3147 4949 declaravisset
3196 4896 3359 4950 modo
3417 4897 3606 4953 dicens
3638 4914 3667 4952 :-

374 4986 493 5056 είμι
525 4982 636 5053 ἐγὼ
664 4984 746 5036 ὅτι
797 4981 1143 5055 πορεύσομαι
1190 4980 1325 5053 πρὸς
1356 4978 1558 5053 Φαραὼ
1598 4980 1826 5050 βασιλέα
1859 4980 1959 5034 Ai-

2078 5003 2095 5035 t
2121 4982 2262 5049 Quis
2278 4998 2399 5038 sum
2419 4999 2519 5054 ego
2542 4993 2601 5040 ut
2618 4984 2811 5040 vadam
2830 4986 2896 5040 ad
2913 4985 3251 5041 Pharaonem
3273 4985 3671 5059 Egyptiorums

374 5077 588 5147 τύπτου
616 5093 632 5144 ;
676 5094 695 5128 ι
730 5075 828 5130 νῦν
882 5077 977 5131 δέ⁹
1017 5093 1045 5127 e
1075 5073 1432 5146 Ηροχείρισαι
1474 5071 1635 5128 ἄλλον
1668 5072 1968 5143 δυνάμενον

376 5166 437 5218 ὃν
485 5165 900 5230 ἐξαποστελεῖςσ
938 5184 958 5217 ›
1004 5165 1103 5219 καὶ
1153 5163 1349 5217 πάλινο
1393 5180 1413 5214 t
1470 5162 1826 5232 Ἰσχνόφωνος
1872 5163 1968 5217 καὶ

382 5258 799 5331 βραδύγλωσσδς
846 5260 963 5331 είμι
999 5257 1110 5328 ἐγώ
1132 5274 1148 5290 ο
1186 5276 1206 5310 ι
1240 5257 1459 5312 ἀπειλεῖ
1502 5256 1654 5327 αὐτῷ
1692 5256 1969 5329 τιμωρίαν

377 5352 413 5405 ὸ
447 5350 701 5420 ἅγγελος,
733 5351 885 5422 φόὸῳ
933 5350 1107 5421 φόϐον
1134 5348 1462 5414 ἐξελαύνων,
1505 5346 1591 5419 τῷ
1638 5346 1848 5419 μείζονι
1873 5346 1968 5402 τὸν

379 5440 660 5509 ἐλάττονα,
691 5443 976 5514 μονονουχὶ
1020 5441 1196 5511 λέγων
1238 5440 1327 5494 διὰ
1376 5440 1476 5510 τῆς
1528 5438 1965 5511 γεγυμνωμένης

452 5623 499 5656 ⁵³
529 5620 709 5678 Exod.
742 5635 827 5687 tu,
856 5619 917 5675 ll
947 5628 1009 5677 et
1031 5634 1188 5691 seqq.
1261 5620 1308 5652 ⁵⁸
1329 5617 1513 5674 Exod.
1535 5632 1611 5684 tv,
1638 5616 1739 5672 10.

2067 5092 2247 5147 regem
2266 5076 2347 5130 "?
2379 5095 2397 5128 ι
2450 5078 2659 5131 modo:
2718 5095 2737 5128 ι
2798 5076 2950 5147 Elige
2992 5077 3161 5132 alium
3233 5078 3429 5134 fortem
3474 5080 3670 5134 virum:

2066 5181 2230 5236 quem
2256 5167 2497 5235 mittes,»
2526 5184 2829 5239 rursusque
2854 5188 2866 5224 :
2904 5169 3301 5241 «Impeditioris
3319 5181 3375 5227 et
3399 5172 3674 5228 tardioris

2065 5259 2265 5330 linguae
2293 5275 2396 5330 ego
2428 5276 2548 5315 sum
2573 5261 2643 5328 ⁸³,
2675 5280 2695 5312 ι
2748 5262 2820 5317 ab
2853 5260 2949 5317 illo
2985 5278 3176 5333 pinnas
3207 5265 3445 5334 sumpsit
3490 5279 3672 5335 ange-

2065 5352 2176 5418 lus,
2228 5365 2379 5407 metu
2442 5363 2647 5409 metum
2706 5355 3020 5425 expellens,
3078 5356 3287 5427 majore
3342 5358 3671 5424 minorem,

2065 5459 2238 5514 prope
2295 5444 2521 5501 modum
2584 5446 2731 5503 nudo
2761 5448 2944 5518 gladio
2968 5448 3193 5506 dicens:
3254 5448 3669 5505 ePharaoneto

1917 5710 2168 5771 ΝΟΤιιΕ..

452 5815 573 5943 (ἓῖ
630 5815 711 5873 Ex
779 5813 1124 5872 Theodoreto
1182 5829 1241 5885 q.
1304 5811 1374 5868 lo
1432 5812 1488 5867 in
1556 5809 1735 5867 Exod-
1796 5810 1833 5864 Ι.
1907 5826 1969 5866 c.

378 5904 441 5962 ι).
472 5904 598 5944 τοι.

2147 5813 2263 5887 (6⁸5)
2294 5812 2385 5872 Est
2416 5814 2750 5875 Theodoreti
2780 5831 2838 5889 q.
2886 5816 2962 5871 Mi
2986 5816 3037 5871 iu
3074 5813 3247 5871 Exod.
3284 5814 3321 5870 l‘.
3353 5830 3406 5872 c.
3445 5830 3503 5887 p;
3526 5813 3657 5871 2:12.
