4136 6496
464 409 599 471 1083

458 518 641 581 times,
692 515 876 585 potius
928 527 1016 568 me
1068 511 1264 567 timeas
1292 508 1385 575 qui
1426 506 1520 563 tibi
1562 509 1647 562 vel
1690 504 2038 561 invisibiliter
2065 516 2111 569 Α

462 607 686 660 vulnera
717 604 961 675 infligere
992 617 1237 672 possum.
1269 619 1289 652 ι

572 734 895 804 ρυιεδτιο
933 733 1182 789 CCLXIV
1215 730 1405 805 [CoisL
1445 727 1695 789 CCCVII,
1735 726 1905 782 Taur.

1100 824 1403 896 ccxcvn.

569 921 689 986 Qua
736 920 802 974 de
835 934 1002 973 causa
1013 917 1352 1042 lugt'entt'btu
1383 912 1690 983 praceperit
1725 909 1933 979 exsequi

1061 988 1236 1040 asc/ue
1273 986 1461 1055 ferias.

1642 394 1907 458 ΡΙῙΟἸῚΙ
1925 388 2432 455 PATRIARCH/E
2468 387 2577 446 (ΣΡ.

3580 373 3763 442 ιοδι

2142 500 2451 570 ῥομφαίαςο
2487 516 2506 549 ι
2545 498 2607 550 Et
2630 496 2723 549 τὸν
2768 492 2969 565 Φαραὼ
3009 492 3274 558 δέδοικας,
3312 492 3514 564 μᾶλλον
3542 492 3766 545 δεῖσον

2139 592 2241 662 ἐμὲ
2280 592 2373 643 τὸν
2399 589 2494 644 καὶ
2521 590 2771 661 ἀοράτως
2802 605 2883 641 σοι
2914 587 3013 658 τὴν
3056 587 3272 657 πληγὴν
3303 586 3533 654 ἐπάγειν
3560 584 3761 637 δυνά-

2142 698 2323 751 μενον.
2363 698 2381 731 ι

2667 770 3005 826 ΕΡΩΤΗΣΙΣ
3040 768 3196 825 ΣΞΔ’.

2139 951 2301 1005 Δίατί
2321 951 2655 1021 φεύγουσιν
2664 950 3007 1072 ἐπιζελὲσαι
3028 950 3361 1089 ⁴Ξτροσέτιιειε
3380 949 3486 1003 τοῦ
3503 949 3760 1017 Πάσχα

2738 1038 2853 1088 την
2917 1037 3042 1086 apti
3064 1037 3101 1073 ν
3122 1036 3142 1085 ;

2738 1036 2853 1088 την
2884 1036 3101 1088 εορτην
3122 1036 3142 1085 ;

1088 1119 1232 1169 Edita
1253 1131 1282 1167 a
1312 1117 1438 1167 Maio
1467 1117 1527 1182 (1.
1550 1130 1597 1168 c.
1621 1129 1671 1180 p.
1706 1113 1931 1172 127-129,
1962 1127 2014 1176 q.
2038 1113 2176 1180 275).
2209 1141 2271 1152 -
2300 1116 2378 1166 De
2405 1121 2652 1178 praecepto
2682 1114 2841 1166 Exodi
2872 1129 2960 1175 xu,
2994 1112 3072 1162 il.

536 1232 594 1285 In
662 1238 985 1301 perpetuum
1058 1227 1232 1281 voluit
1305 1226 1374 1281 ab
1413 1226 1483 1281 iis
1516 1225 1749 1281 obtineri
1814 1238 2045 1279 conser-

475 1321 714 1376 vationis
783 1319 1149 1383 memoriam,
1210 1318 1441 1387 ideoque
1505 1317 1646 1371 dixit
1708 1315 2039 1384 legislator:

472 1433 490 1465 ι
530 1413 589 1467 Si
640 1409 998 1480 interrogabit
1057 1409 1203 1464 filius
1272 1415 1403 1463 tuus
1448 1407 1641 1462 dicens
1686 1422 1700 1459 :
1763 1404 1906 1471 Quid
1957 1412 2043 1459 est

464 1504 730 1560 Pascha?
799 1501 1167 1571 respondes:
1234 1497 1295 1553 In
1363 1499 1623 1554 hodierna
1702 1496 1790 1552 die
1853 1496 2043 1551 eduxit

467 1605 654 1666 patres
702 1602 919 1649 nostros
964 1592 1231 1647 Dominus
1280 1591 1423 1648 Deus
1465 1590 1533 1646 de
1567 1588 1805 1661 Egypto
1831 1589 1900 1652 ⁸⁸⁸,
1932 1607 1952 1641 ι
1988 1594 2044 1643 et

469 1696 692 1741 caetera.
733 1684 1099 1752 Quamobrem
1136 1682 1399 1751 jubentur
1424 1682 1518 1751 qui
1546 1682 1645 1735 has
1685 1680 1850 1735 ferias
1881 1693 2045 1733 exse-

466 1786 735 1849 quuntur,
772 1776 987 1831 itineris
1019 1783 1171 1829 veste
1192 1772 1545 1828 circumdari.
1579 1791 1597 1824 ι
1632 1770 1812 1826 Renes
1832 1781 2045 1826 vestros

468 1870 857 1942 aecingetis”.
886 1887 903 1920 ι
936 1869 1049 1923 Hoc
1091 1876 1272 1922 autem
1300 1866 1625 1921 vocabulum
1658 1864 1868 1918 Pascha
1892 1863 2047 1917 Philo

468 1966 859 2033 interpretatur
879 1961 1147 2016 sacrificia
1166 1973 1265 2029 pro
1287 1958 1554 2025 transitu;
1574 1955 1847 2028 Josephus
1867 1965 2046 2010 trans-
2076 1999 2118 2054 Β

467 2055 842 2128 gressionem;
873 2052 1236 2127 Symmachus
1263 2051 1768 2123 transgressiones;
1795 2046 2045 2103 Theodo-

470 2144 583 2197 tius
608 2140 835 2206 Phasek,
888 2142 1007 2212 ipso
1038 2139 1309 2195 Hebraico
1340 2156 1473 2195 usus
1509 2139 1699 2205 verbo,
1739 2152 1850 2208 quo
1879 2137 2047 2208 signi-

470 2235 667 2289 ficatur
712 2232 1193 2288 exterminatorem
1217 2247 1247 2286 a
1272 2230 1650 2302 primogenitis
1691 2228 2044 2284 Hebraeorum

469 2325 823 2381 abstinuisse.
852 2323 1001 2379 Jussi
1054 2323 1272 2379 fuerant
1295 2324 1440 2377 enim
1468 2322 1791 2378 fasciculum
1824 2320 2047 2391 hyssopi

472 2432 731 2483 sumere,
798 2424 1163 2485 mactataeque
1247 2416 1367 2470 ovis
1452 2429 1652 2469 cruore
1721 2413 2045 2479 immersis,

473 2515 660 2576 postes
687 2516 740 2561 et
769 2506 934 2560 limen
963 2506 1197 2570 illinere,
1221 2513 1424 2559 utcum
1458 2504 1771 2558 immineret
1791 2502 2051 2558 extermi—

474 2607 634 2652 nator
660 2598 1036 2668 percutiendis
1068 2597 1448 2669 [Egyptiorum
1468 2596 1866 2666 primogenitis,
1885 2610 2048 2650 eruo-

473 2704 589 2743 rem
614 2689 906 2760 aspiciens,
932 2687 1282 2744 Hebraaorum
1310 2687 1506 2742 domos
1550 2687 2045 2756 transgrederetnr.

475 2780 549 2836 lis
575 2780 797 2851 quidem
831 2780 1005 2849 signis
1052 2793 1161 2834 non
1202 2794 1341 2848 OpllS
1380 2786 1499 2833 erat
1550 2779 1759 2848 experti
1801 2776 2049 2847 corporis

473 2874 690 2942 angelo,
722 2870 1064 2939 sedJuda'is
1104 2880 1164 2924 ut
1195 2869 1444 2940 symbolo
1484 2867 1581 2923 Dei
1624 2868 2048 2923 sollicitudinem

475 2967 774 3029 discerent,
805 2980 1017 3036 nosque
1037 2965 1130 3033 qui
1162 2962 1377 3033 Agnum
1396 2962 1520 3017 labe
1542 2970 1820 3017 carentem
1852 2963 2050 3017 immo-

476 3060 678 3125 lantus,
741 3058 888 3113 hunc
927 3058 1120 3128 figuris
1173 3057 1622 3127 praedescriptum
1674 3056 2047 3112 novissemus.

472 3181 547 3194 —-
570 3148 680 3205 Nec
707 3165 773 3205 ex
821 3149 1017 3204 ovibus
1047 3163 1217 3219 agnos
1256 3148 1433 3203 solum
1477 3161 1695 3203 sumere
1733 3146 1915 3217 jubet,
1956 3146 2052 3202 sed

473 3244 641 3298 etiam
664 3258 730 3297 ex
755 3242 938 3312 capris
965 3241 1172 3306 haedos,
1199 3255 1306 3294 non
1333 3248 1391 3295 ut
1414 3246 1724 3294 mactarent
1750 3248 2047 3308 utrumque

475 3335 664 3401 simul,
699 3332 795 3388 sed
826 3341 887 3388 ut
915 3332 1010 3403 qui
1037 3346 1192 3387 ovem
1220 3331 1473 3397 haberet,
1516 3347 1716 3402 agnum
1762 3338 2048 3396 mactaret,
2077 3331 2122 3392 ο

478 3429 575 3498 qui
603 3443 734 3481 vero
770 3441 878 3481 non
925 3426 1172 3491 haberet,
1210 3424 1446 3478 haedum.
1486 3423 1591 3491 Die
1637 3423 1852 3479 decimo
1887 3422 2050 3493 primi

478 3518 686 3574 mensis
735 3518 895 3586 jubet
942 3518 1157 3572 hostias
1197 3516 1487 3571 desumere
1535 3531 1658 3586 qua:
1720 3522 2051 3586 pararentur

477 3616 607 3663 ante
636 3606 862 3675 festum,
910 3615 965 3662 et
997 3616 1195 3677 quarto
1228 3607 1445 3663 decimo
1486 3608 1577 3662 die
1617 3608 1720 3662 sub
1761 3620 2052 3675 vesperum

480 3708 877 3766 mactarentur,
917 3699 1045 3770 quia
1101 3698 1357 3756 Christus
1406 3713 1634 3769 vespere
1681 3697 1890 3752 Judazis
1937 3705 2057 3751 tra-

479 3792 629 3847 ditus
653 3800 771 3857 est;
797 3805 921 3845 cum
955 3789 1309 3846 silvestribus
1340 3790 1562 3860 intybus
1598 3789 1836 3845 hostiam
1871 3802 2059 3845 come-

481 3884 612 3938 dere
654 3882 960 3947 debebant,
1010 3896 1281 3937 memores
1322 3882 1686 3937 amarissima:
1731 3883 1783 3935 in
1817 3880 2055 3952 Egypto

484 3976 634 4030 vitae.
666 3975 873 4045 Azyma
911 3976 1226 4045 significant
1255 3990 1363 4030 non
1391 3975 1572 4030 solum
1604 3975 1819 4029 itineris
1863 3974 2058 4028 celeri-

482 4076 669 4136 tatem,
702 4084 1026 4139 emnamque
1062 4070 1444 4141 improvisam,
1485 4071 1579 4127 sed
1615 4072 1782 4127 etiam
1808 4068 2053 4135 Judazos,

484 4172 544 4214 ut
567 4176 663 4230 par
691 4167 830 4227 erat,
854 4162 991 4216 nihil
1014 4163 1229 4233 vestigii
1251 4178 1284 4218 e
1306 4165 1553 4220 moribus
1575 4161 1847 4234 Egyptiis
1867 4177 2056 4217 secum

482 4254 768 4309 allaturos.
789 4253 882 4308 Sic
908 4255 1053 4309 enim
1080 4254 1348 4311 Dominus
1386 4257 1781 4325 interpretatur
1825 4254 2055 4309 dicens:

488 4362 508 4396 ι
533 4343 733 4400 Cavete
753 4360 786 4400 a
811 4344 1079 4401 fermento
1107 4347 1412 4403 scribarum
1440 4356 1494 4402 et
1532 4348 1929 4418 pharisaeorum
1950 4348 2052 4402 ⁸⁸.»

481 4436 767 4508 Jussitque
799 4453 894 4492 eos
924 4439 1014 4509 qui
1063 4439 1131 4494 ad
1177 4439 1301 4509 agni
1336 4438 1672 4495 sacrificium
1732 4454 1895 4508 pares
1946 4453 2057 4493 non

483 4539 689 4598 essent,
727 4530 935 4587 vicinos
983 4531 1086 4588 sibi
1134 4531 1318 4587 socios
1359 4533 1665 4598 asciscere,
1707 4539 1763 4586 et
1797 4546 1904 4585 una
1932 4544 2058 4585 eum

2224 1225 2577 1296 Ἀείμνηστον
2604 1223 2878 1294 ἡϐουλὴθη
2909 1220 3251 1292 φυλαχθῆναι
3294 1219 3395 1290 τῆς
3443 1219 3757 1290 σωτηρίας

2139 1321 2238 1390 τὴν
2273 1318 2514 1389 μνὴμην⁸
2556 1316 2637 1369 διδ
2660 1316 2756 1368 καὶ
2783 1313 3088 1385 νομοθετῶν
3115 1313 3302 1381 ἔλεγεν
3323 1328 3337 1341 ⁸
3372 1329 3391 1362 ι
3436 1309 3563 1364 Ἐὰν
3583 1312 3756 1381 ἐρω-

2138 1411 2280 1480 τήσῃ
2308 1425 2368 1462 σε
2396 1411 2424 1462 6
2450 1409 2563 1473 υίός
2591 1425 2686 1461 σου
2710 1407 2915 1475 λέγων·
2946 1404 3013 1459 Τί
3042 1408 3157 1458 ὲστι
3199 1404 3259 1456 τὸ
3288 1401 3479 1471 Πάσχα
3504 1418 3518 1468 ;
3552 1403 3747 1471 ἐρεῖς,

2142 1503 2265 1557 Ὅτι
2315 1504 2373 1555 ὲν
2419 1503 2486 1574 τῇ
2534 1503 2774 1573 σήμερον
2817 1500 3001 1572 ἡμέρᾳ
3033 1497 3273 1569 ἐξήγαγε
3303 1497 3430 1559 τοὺς
3478 1494 3752 1565 πατέρας

2144 1595 2304 1666 ἡμῶν
2332 1592 2537 1664 Κύριος
2564 1595 2593 1646 6
2635 1592 2769 1656 Θεὸς
2800 1592 2864 1645 ἐκ
2906 1590 3005 1661 τῆς
3030 1588 3331 1657 Αἰγύπτου,
3371 1604 3389 1637 ι
3425 1586 3521 1639 καὶ
3568 1584 3743 1653 ἑξῆς.

2149 1687 2359 1741 Τούτου
2412 1686 2575 1758 χάριν
2606 1682 3039 1755 παρακελεύεται
3092 1680 3296 1751 ταύτην
3344 1676 3745 1740 ἐπιτελοῦντας

2145 1780 2246 1852 τὴν
2283 1780 2476 1850 ἐορτὴν
2523 1778 2868 1849 περικεῖσθαι
2906 1775 2968 1829 τὸ
3009 1775 3108 1844 τῆς
3135 1772 3444 1841 ὁδοιπορίας
3492 1772 3688 1840 σχῆμα
3720 1785 3742 1799 ⁸

2154 1892 2172 1925 ι
2216 1872 2499 1925 Ἔστωσαν
2529 1869 2637 1940 γὰρ
2686 1870 2741 1923 αί
2772 1856 2972 1939 ὀσφύες
3005 1864 3161 1937 ὑμῶν
3194 1861 3659 1935 περιεζωσμέναι,
3712 1877 3739 1910 ι

2147 1967 2243 2019 καὶ
2269 1964 2428 2034 ἐξῆς’
2458 1963 2519 2016 τὺ
2546 1963 2605 2016 δὲ
2633 1962 2849 2031 Πάσχα
2873 1962 2903 2015 6
2934 1960 3033 2031 μὲν
3070 1957 3242 2012 Φίλων
3261 1958 3575 2027 ἡρμήνευσε
3594 1953 3745 2004 δια-

2148 2057 2415 2127 ϐατήρια
2448 2059 2477 2111 6
2500 2056 2558 2110 δέ
2591 2054 2923 2126 ἰώσηππος,
2956 2049 3293 2121 ὑπερϐάσια
3312 2063 3328 2078 ⁸
3359 2048 3458 2101 ὀδὲ
3490 2045 3742 2116 Σύμμα-

2146 2168 2261 2221 χος,
2284 2148 2675 2218 ὺπερϐάσεις·
2711 2149 2740 2201 6
2769 2147 2823 2199 δὲ
2845 2143 3156 2208 Θεοδοτίων,
3186 2140 3406 2211 φασὲκ,
3436 2137 3602 2208 αὐτὴν
3625 2135 3743 2206 τὴν

2162 2243 2423 2315 Ἐϐραίαν
2478 2238 2743 2305 τεθεικὼς
2770 2238 2991 2309 φωνήν·
3033 2234 3287 2307 σημαίνει
3338 2232 3397 2286 δὲ
3435 2230 3498 2284 τὸ
3529 2231 3736 2300 ὄνομα,

2147 2334 2257 2387 τῶν
2298 2332 2571 2404 Ἐϐραίων
2596 2331 2956 2401 πρωτοτόκων
2996 2328 3096 2397 τὴν
3132 2324 3407 2395 σωτηρίαν
3435 2338 3451 2354 ⁸
3483 2337 3737 2393 παρεκε-

2148 2426 2382 2480 λεύσατο
2407 2425 2516 2496 γὰρ
2543 2424 2749 2493 δέσμην
2784 2418 3037 2474 ὑσσώπου
3063 2417 3250 2472 λαϐεῖν
3284 2416 3380 2469 καὶ
3409 2414 3488 2485 τῷ
3531 2413 3737 2484 αῖματι

2149 2520 2244 2573 τοῦ
2291 2518 2553 2589 θυομένου
2596 2516 2871 2585 προϐάτου
2903 2511 3258 2583 ἐμϐάψαντας
3289 2509 3416 2572 τοὺς
3451 2504 3738 2575 σταθμοὺς

2150 2611 2434 2682 ἐπιχρίσαι
2449 2608 2590 2683 [καὶ]
2610 2608 2707 2679 τὴν
2725 2607 2905 2677 φλιὰν,
2922 2607 3007 2658 ἵνα
3024 2605 3149 2658 ὅταν
3167 2603 3364 2672 ἐπιστῇ
3385 2602 3413 2653 6
3426 2597 3735 2683 ὀλοθρεύων

2151 2682 2483 2769 πατάξαιτᾶ
2504 2701 2824 2773 πρωτότοκα
2840 2696 2947 2752 τῶν
2970 2693 3303 2764 Αἰγυπτίων,
3337 2689 3460 2744 ίδὼν
3480 2688 3542 2742 τὸ
3564 2682 3728 2757 αἷμα,

2153 2796 2367 2868 ὑπερϐῇ
2399 2793 2510 2849 τῶν
2548 2791 2813 2864 Ἐϐραίων
2835 2791 2933 2854 τὰς
2962 2788 3160 2851 οίκίας,
3186 2785 3288 2838 οὐκ
3328 2779 3516 2851 ἐπειδὴ
3546 2777 3729 2833 τοιού-

2150 2907 2259 2945 των
2292 2889 2463 2942 ἐδεῖτο
2506 2885 2747 2957 σημείων
2785 2886 2818 2953 ἡ
2853 2881 3143 2951 ἀσώματος
3172 2875 3357 2947 φύσις,
3391 2873 3507 2928 ἀλλ’
3534 2874 3614 2925 ὅτι
3638 2871 3730 2923 διὰ

2151 2981 2247 3036 τοῦ
2301 2979 2573 3051 συμϐόλου
2617 2978 2727 3032 ἔδει
2755 2974 3039 3037 κάκείνους
3096 2969 3288 3042 μαθεῖν
3328 2968 3429 3038 τὴν
3458 2964 3553 3018 τοῦ
3590 2961 3725 3016 Θεοῦ

2152 3072 2499 3145 κηδεμονίαν,
2527 3073 2621 3125 καὶ
2641 3071 2791 3141 ἡμᾶς
2815 3070 2942 3133 τοὺς
2965 3068 3057 3122 τὸν
3078 3067 3309 3137 ἄμωμον
3344 3060 3540 3130 ’Λμνδν
3568 3057 3726 3110 θύον-

2153 3182 2254 3227 τας
2284 3164 2489 3232 γνῶναι
2526 3162 3005 3234 προδιαγράφοντα
3036 3158 3128 3212 τὸν
3158 3156 3330 3210 τύπον
3355 3167 3369 3183 ’
3402 3154 3501 3207 οὐκ
3532 3152 3597 3203 ἐκ
3619 3148 3725 3201 τῶν

2155 3256 2447 3327 προϐάτων
2483 3256 2541 3309 δέ
2585 3255 2746 3327 μόνον
2785 3254 2954 3325 ἄρνας
2990 3250 3176 3305 λαϐεῖν
3198 3246 3432 3310 κελεύει,
3459 3242 3598 3298 ἀλλὰ
3634 3239 3725 3293 καὶ

2154 3350 2220 3402 ἐκ
2243 3348 2353 3400 τῶν
2378 3348 2551 3415 αἰγῶν
2595 3346 2818 3417 ἐρίφους
2842 3361 2857 3376 ⁸
2884 3344 2984 3414 οὐχ
3008 3343 3095 3396 ἵνα
3123 3340 3266 3395 κατὰ
3288 3337 3486 3393 ταυτὸν
3522 3336 3724 3389 ἐκεῖνον

2154 3441 2413 3506 θύσωσιν,
2449 3439 2566 3494 ἀλλ’
2598 3440 2687 3492 ίνα
2728 3440 2759 3492 6
2798 3437 2899 3510 μὲν
2929 3437 3219 3510 πρόϐατον,
3261 3433 3355 3488 τὸν
3384 3431 3546 3504 ἀρνόν
3566 3446 3581 3461 ⁸
3609 3432 3636 3482 6
3664 3428 3716 3481 δὲ

2156 3534 2234 3606 μὴ
2267 3534 2429 3605 ἔχων,
2457 3534 2551 3587 τὸν
2580 3534 2767 3604 ἔριφον
2789 3532 2927 3602 θύσῃ
2951 3548 2966 3563 ⁸
3088 3529 3290 3602 δεκάτῃ
3309 3527 3367 3580 δὲ
3385 3525 3480 3580 τοῦ
3510 3521 3713 3595 πρώτου

2158 3624 2326 3696 μηνὸς
2355 3624 2646 3695 παρεγγυᾷ
2672 3622 2829 3676 τοῦτο
2851 3623 3035 3675 λαϐεῖν
3070 3621 3137 3675 ἵν’
3169 3619 3467 3692 εὑτρεπίσῃ
3497 3615 3602 3688 πρὸ
3626 3613 3721 3683 τῆς

2156 3717 2353 3790 ἐορτῆς
2370 3734 2384 3749 ⁸
2416 3720 2482 3789 τῇ
2503 3717 2560 3770 δὲ
2576 3715 3142 3786 τεσσαρεσκαιδεκάτῃ
3162 3713 3391 3783 τυθῆναι
3414 3710 3547 3780 πρὸς
3572 3706 3727 3761 ἐσπέ-

2161 3830 2259 3883 ραν
2278 3828 2291 3842 ⁸
2323 3812 2404 3865 ὅτι
2432 3811 2526 3863 καὶ
2553 3810 2582 3863 6
2607 3810 2887 3877 Δεσπότης
2909 3808 3007 3876 τὴν
3035 3806 3275 3877 ἑσπέραν
3301 3807 3414 3867 τοῖς
3454 3801 3726 3862 Ἰουδαίοις

2158 3902 2473 3974 παρεδόθη⁸
2516 3901 2655 3972 μετὰ
2705 3900 2972 3969 πικρίδων
3016 3899 3061 3953 δ’
3115 3896 3249 3955 αὐτὸ
3301 3894 3597 3967 βρωθῆναι,
3650 3893 3726 3953 είς

2157 3994 2466 4064 ἀνάμνησιν
2514 3994 2612 4066 τῆς
2646 3996 2704 4049 ἐν
2741 3993 3003 4062 Αἰγύπτῳ
3057 3990 3388 4060 πικροτάτης
3429 3986 3575 4056 ζωῆς
3600 4004 3615 4017 ⁸
3641 3984 3728 4037 διὰ

2156 4082 2215 4136 δὲ
2238 4082 2346 4136 τῶν
2370 4082 2597 4154 ἀζύμων
2619 4082 2680 4136 οὐ
2717 4083 2876 4154 μόνον
2899 4083 2998 4150 τῆς
3031 4077 3341 4148 ὁδοιπορίας
3370 4074 3432 4127 τὸ
3465 4073 3727 4141 σύντομον

2158 4178 2255 4231 καὶ
2284 4176 2347 4230 τὸ
2386 4176 2488 4246 τῆς
2508 4176 2715 4247 τροφῆς
2752 4173 3121 4245 αὐτοσχέδιον,
3166 4170 3301 4225 ἀλλὰ
3322 4167 3415 4221 καὶ
3447 4166 3529 4218 ὅτι
3562 4180 3732 4235 προσ-

2158 4271 2283 4342 ἡκει
2335 4269 2500 4340 μηδὲν
2546 4268 2690 4339 ίχνος
2729 4268 2829 4335 τῆς
2872 4263 3254 4335 Αἰγυπτιακῆς
3288 4260 3565 4322 πολιτείας
3615 4261 3736 4311 ἐπι-

2160 4362 2424 4433 φέρεσθαι
2443 4378 2456 4391 ⁸
2485 4360 2629 4414 οὓτω
2652 4358 2763 4431 γὰρ
2800 4358 2829 4410 6
2871 4356 3075 4429 Κύριος
3105 4356 3415 4426 ἡρμήνευσε
3439 4367 3455 4383 ⁸
3499 4369 3517 4401 ι
3556 4351 3737 4422 Προσ-

2162 4454 2343 4524 έχετε,
2370 4452 2571 4521 λέγων,
2605 4452 2713 4505 ἀπὸ
2750 4450 2850 4521 τῆς
2887 4449 3067 4519 ζύμης
3099 4446 3209 4500 τῶν
3237 4443 3616 4516 Γραμματέων
3643 4442 3738 4495 καὶ

2160 4544 2472 4617 Φαρισαίων
2493 4559 2509 4575 ⁸
2549 4562 2569 4596 ι
2604 4542 2859 4597 ἐκέλευσε
2890 4542 2949 4595 δὲ
2975 4540 3070 4593 καὶ
3101 4538 3229 4601 τοὺς
3262 4539 3338 4607 μὴ
3377 4536 3737 4607 διαρκοῦντας

485 4623 567 4678 eis
592 4622 860 4679 Pascham
902 4623 1204 4678 immolare.
1245 4622 1338 4677 Sic
1370 4623 1493 4680 illos
1539 4622 1839 4679 fraternam
1870 4622 2056 4678 chari-

2164 4638 2245 4693 είς
2270 4624 2463 4689 θυσίαν
2493 4634 2768 4706 προϐάτου
2819 4630 3161 4701 παραλαϐεῖν
3196 4628 3325 4691 τοὺς
3369 4627 3618 4695 γείτονας
3646 4626 3737 4678 καὶ

486 4724 654 4770 tatem
708 4714 891 4779 docet,
948 4724 1003 4769 et
1058 4715 1114 4769 in
1167 4729 1433 4786 pauperes
1492 4714 2050 4769 commiserationem.

486 4806 694 4863 Idcirco
730 4807 873 4878 jussi
900 4806 1126 4862 fuerunt
1152 4808 1403 4862 carnium
1439 4806 1859 4861 redundantiam
1904 4820 2055 4859 com-

487 4898 706 4962 burere,
754 4904 816 4953 ut
858 4907 1186 4968 cogerentur
1240 4897 1432 4967 inopes
1484 4898 1553 4952 ad
1602 4896 2053 4952 communionem

488 4991 769 5047 feriarum.

560 5191 688 5247 Ilaae
729 5196 913 5246 omnia
948 5204 1263 5247 nostrorqu
1315 5199 1445 5246 sunt
1483 5190 1877 5263 mysteriorum
1929 5189 2064 5245 aani-

490 5294 689 5353 gmata.
723 5283 1132 5339 Linimusenim
1160 5293 1214 5338 et
1242 5298 1341 5338 nos
1360 5297 1558 5338 cruore
1584 5284 1756 5337 nosui
1779 5282 1918 5353 Agni
1952 5297 2061 5337 non

490 5376 667 5432 solum
707 5377 894 5444 limen,
921 5376 1018 5433 sed
1045 5377 1210 5431 etiam
1243 5376 1384 5430 duos
1413 5390 1634 5445 quoque
1661 5384 1885 5444 postes;
1916 5374 2062 5443 figu-

490 5476 608 5521 rate
633 5467 857 5537 quidem
886 5467 1131 5539 linguam
1158 5475 1213 5522 et
1247 5467 1397 5521 labra
1428 5466 1755 5521 mundantes
1784 5472 1843 5520 et
1865 5465 2061 5520 sancti~

562 5644 609 5677 “
643 5642 818 5701 Exod.
870 5660 970 5713 xu,
1013 5648 1101 5703 5|.
1179 5649 1226 5682 ⁵⁸
1267 5647 1398 5703 ibid.
1440 5646 1527 5702 ll.
1603 5643 1649 5675 "
1677 5646 1868 5701 Matth.
1910 5661 2023 5708 xw.
2054 5646 2140 5700 Η.

572 5828 679 5899 ιιι)
708 5829 799 5884 Est
820 5828 1148 5888 Theodoreti
1177 5849 1233 5903 (ι.
1259 5833 1331 5887 24
1364 5834 1415 5889 in
1444 5832 1641 5900 Exod.,
1671 5848 1724 5904 p.
1753 5833 1870 5888 250.

2163 4728 2306 4782 κατὰ
2352 4727 2549 4782 ταυτὸν
2597 4726 2758 4780 θῦσαι
2800 4724 2862 4778 τὸ
2891 4725 3104 4794 Πάσχα,
3144 4719 3495 4792 φιλαδελφίαν
3541 4720 3737 4778 αὐτοὺς

2163 4821 2501 4879 ἐκπαιδεύων
2559 4820 2656 4873 καὶ
2699 4818 2791 4871 τὸν
2848 4818 2930 4881 είς
2973 4815 3103 4878 τοὺς
3144 4813 3383 4882 πένητας
3426 4809 3615 4863 ἐλεονο
3650 4808 3737 4861 διά

2162 4917 2321 4971 τοῦτο
2345 4912 2780 4987 παρακελεύεται
2805 4910 2900 4963 καὶ
2922 4908 2991 4962 τὰ
3014 4904 3403 4978 περιττεύοντα
3426 4902 3534 4955 τῶν
3558 4902 3736 4971 κρεῶν

2164 5004 2579 5070 κατακαίεσθαι,
2626 5003 2799 5073 ταύτῃ
2842 4996 3275 5068 καταναγκάζων
3306 4994 3507 5058 αὐτοὺς
3552 4994 3735 5048 καλεῖν

2159 5101 2288 5163 τοὺς
2326 5097 2614 5167 δεομένους
2638 5096 2718 5159 είς
2746 5094 3031 5148 κοινωνίαν
3052 5094 3152 5163 τῆς
3186 5090 3401 5161 ἑορτῆς.

2231 5189 2421 5245 Ταῦτα
2464 5188 2522 5241 δὲ
2573 5188 2752 5241 πάντα
2793 5184 2902 5238 τῶν
2946 5183 3229 5255 ἡμετέρων
3267 5181 3385 5234 ἐστὶ
3418 5194 3737 5250 μυστηρίων

2161 5281 2464 5350 αἰνίγματα
2488 5296 2503 5310 ⁸
2539 5278 2767 5350 χρίομεν
2794 5275 2904 5347 γὰρ
2954 5276 3050 5329 καὶ
3079 5274 3239 5345 ἡμεῖς
3275 5271 3354 5342 τῷ
3393 5272 3589 5341 αἵματι
3641 5268 3736 5323 τοῦ

2161 5372 2433 5443 ἡμετέρου
2487 5368 2696 5441 Ἀμνοῦ
2724 5370 2786 5423 οὐ
2809 5368 2970 5440 μόνον
2997 5365 3097 5437 τὴν
3132 5365 3294 5435 φλιὰν
3326 5364 3463 5418 ἀλλὰ
3486 5364 3581 5417 καὶ
3610 5364 3737 5424 τοὺς

2160 5466 2254 5519 δύο
2294 5464 2588 5537 σταθμοὺς,
2634 5461 2779 5518 κατὰ
2816 5460 2915 5534 μὲν
2941 5459 3003 5515 τὸ
3031 5457 3306 5532 ὁρώμενον
3352 5456 3450 5529 τὴν
3489 5455 3737 5528 γλῶτταν

2015 5738 2240 5795 ΝΟΉΕ.
