4136 6424
360 351 501 415 1085

1308 345 1407 404 AD
1443 342 2039 403 AMPHILOCHIUM
2073 341 2422 413 QUESTIO
2452 344 2743 409 CCLXIV.

3491 344 3633 409 1086

362 464 459 518 καὶ
484 461 555 515 τὰ
584 459 742 531 χείλη
781 456 1138 530 καθαίροντές
1170 472 1229 509 τε
1282 453 1374 508 καὶ
1430 454 1775 522 άγιάζοντες·
1810 453 1952 507 κατὰ

2068 452 2306 522 [it-antes,
2336 472 2527 512 revera
2567 468 2752 513 autem
2788 473 2890 531 pro
2928 458 3117 515 limine
3144 458 3503 524 intellectum,
3536 475 3633 529 pro

366 559 424 612 δὲ
446 557 507 611 τὸ
540 556 830 626 νοούμενον
860 553 983 606 ἀντὶ
1015 551 1177 620 φλιᾶς
1208 550 1269 602 τὸ
1306 547 1557 615 λογικόν·
1592 547 1714 601 ἀντὶ
1762 546 1821 600 δέ
1843 546 1954 599 τῶν

368 649 463 703 δύο
482 646 761 718 σταθμῶν,
783 644 845 697 τδ
873 641 1157 714 θυμοειδὲς
1179 641 1270 695 καῖ
1298 638 1725 710 ἐπιθυμητικόν·
1752 636 1956 707 ἁρμότ-

362 757 446 793 τει
475 739 531 793 δὲ
554 741 688 809 ήμῖν
719 735 816 788 καὶ
845 734 905 787 τὸ
931 733 1071 803 μήτε
1092 731 1243 802 ὠμά,
1266 730 1404 801 μήτε
1433 727 1704 799 ἐψημένα,
1730 726 1953 791 ἐσθίειν,

364 832 480 886 ἀλλ’
516 830 657 885 ὀπτὰ
680 827 851 898 πυρί·
880 824 1006 879 οὕτε
1035 824 1144 894 γάρ
1179 822 1327 894 μόνῳ
1355 820 1430 892 τῷ
1458 822 1667 892 ὄμματι
1686 816 1957 889 προσϐλέ-

366 939 566 992 πομεν,
602 917 739 973 ἀλλὰ
775 915 876 987 τὴν
904 915 1147 968 διάνοιαν
1180 912 1517 983 ἐρευνῶμεν,
1547 909 1673 964 οὔτε
1710 909 1816 981 μὴν
1856 908 1955 961 άν-

368 1013 677 1086 θρωπίνους
697 1010 996 1080 λογισμοὺς
1026 1009 1142 1070 τοῖς
1166 1006 1332 1068 θείοις
1360 1003 1726 1073 ἐπεισάγομεν
1748 1001 1952 1069 λόγοις·

367 1106 525 1159 τοῦτο
552 1105 660 1176 γάρ
691 1102 788 1156 καὶ
827 1099 1058 1163 Ἡσαΐας
1086 1096 1251 1151 τινῶν
1278 1095 1684 1166 κατηγόρησεν,
1719 1092 1794 1156 ὡς
1822 1093 1957 1146 ἀνα·

372 1195 677 1267 μιγνύντων
716 1193 872 1247 ὕδατι
900 1192 994 1246 τὸν
1032 1185 1177 1245 οἶνον
1196 1203 1211 1217 ⁸
1239 1187 1379 1243 ἀλλὰ
1407 1187 1555 1259 μόνῳ
1586 1184 1849 1258 χρώμεθα
1876 1182 1957 1254 τῷ

369 1287 500 1358 θείῳ
537 1285 695 1355 πυρὶ,
720 1288 789 1357 τῇ
826 1286 921 1339 τοῦ
962 1281 1232 1351 παναγίου
1279 1279 1600 1350 Πνεύματος
1630 1279 1854 1349 χάριτι·
1895 1276 1957 1329 τὸ

368 1378 426 1432 δὲ
454 1380 529 1451 μὴ
556 1378 880 1433 καταλιπεῖν
904 1376 1016 1428 τῶν
1045 1374 1223 1445 κρεῶν
1252 1372 1333 1435 είς
1356 1370 1455 1441 τὴν
1478 1367 1793 1440 ὑστεραίαν,
1812 1366 1956 1420 οὓτω

371 1470 600 1541 νοοῦμεν
620 1486 635 1502 ·
671 1471 753 1523 ὃτι
779 1470 807 1522 6
831 1466 1041 1539 μέλλων
1072 1465 1187 1536 βίος
1206 1463 1317 1517 τῶν
1346 1462 1634 1532 συμϐόλων
1664 1460 1726 1512 ού
1748 1460 1954 1513 δεῖται·

374 1562 514 1617 αὐτὰ
552 1562 659 1633 γὰρ
711 1560 930 1632 ὁρῶμεν
977 1561 1036 1613 ἐν
1072 1556 1267 1626 ἐκείνῳ
1301 1554 1381 1625 τῷ
1421 1552 1749 1626 πράγματι·
1798 1551 1866 1605 τά
1898 1551 1957 1604 δὲ

376 1655 512 1709 ὀστᾶ
542 1653 637 1707 τοῦ
676 1653 954 1724 προϐάτου
1002 1648 1381 1718 συντρίϐουσιν
1425 1646 1474 1698 oi
1507 1642 1697 1707 κακῶς
1726 1642 1797 1697 τὰ
1838 1644 1959 1696 θεῖα

375 1741 626 1805 νοοῦντες
660 1742 834 1809 Λόγια
868 1739 962 1793 καὶ
986 1739 1066 1801 είς
1093 1736 1193 1808 τὴν
1217 1734 1424 1788 οἰκείαν
1452 1733 1592 1788 αὐτὰ
1623 1731 1957 1805 πειρώμενοι

379 1833 709 1906 μεταφέρειν
738 1832 1029 1887 ἀσέϐειαν·
1067 1830 1130 1883 τὸ
1164 1829 1222 1882 δὲ
1265 1829 1342 1900 μὴ
1373 1828 1534 1899 μόνον
1574 1828 1640 1880 ἐκ
1665 1825 1958 1896 προϐάτων

377 1926 515 1979 ἀλλὰ
540 1926 635 1978 καὶ
668 1923 727 1991 ἐξ
753 1923 959 1995 ἐρίφων
988 1924 1310 1995 λαμϐάνειν,
1338 1924 1438 1994 τὴν
1469 1922 1620 1976 θείαν
1654 1922 1820 1976 πάλιν
1850 1938 1956 1991 κη-

380 2015 564 2086 ρύττει
590 2014 1038 2087 φιλανθρωπίαν·
1074 2017 1137 2071 οὐ
1170 2022 1280 2087 γὰρ
1314 2015 1475 2086 μόνον
1505 2015 1644 2084 ὑπὲρ
1670 2012 1895 2067 δικαίων
1930 2013 1960 2066 6

377 2108 610 2180 Χριστὸς
657 2107 797 2161 ἀλλά
842 2110 937 2163 καὶ
993 2110 1133 2180 ὑπὲρ
1181 2108 1522 2180 ἁμαρτωλῶν
1573 2106 1635 2160 τὸ
1691 2106 1959 2176 σωτήριον

380 2200 772 2272 ὐπομεμένηκε
813 2201 1018 2266 πάθος·
1064 2202 1255 2273 ἔριφον
1287 2200 1396 2271 γάρ
1443 2199 1581 2272 ὑπὲρ
1627 2194 1959 2269 ἁμαρτωλού

377 2294 407 2347 6
432 2293 595 2363 νόμος
633 2295 967 2365 προσφέρειν
1004 2293 1256 2347 ἐκέλευσε
1282 2309 1296 2325 ·
1326 2292 1423 2346 καὶ
1446 2290 1558 2346 τῶν
1584 2289 1745 2344 θείων
1765 2289 1823 2343 δὲ
1859 2305 1963 2359 μυ-

382 2386 620 2457 στηρίων
653 2389 702 2441 οἱ
757 2387 1288 2457 μεταλαμϐάνοντες,
1319 2386 1369 2439 οί
1411 2387 1509 2455 μέν
1557 2383 1632 2447 ὼς
1680 2382 1961 2451 προϐάτου

384 2478 916 2550 μεταλαμϐάνουσιν,
948 2482 1043 2534 ἆτε
1072 2478 1136 2550 δὴ
1158 2477 1373 2532 τελείαν
1406 2476 1505 2547 τὴν
1531 2474 1734 2547 ἀρετὴν
1762 2492 1963 2542 κεκτη-

382 2570 570 2641 μένοι·
609 2571 659 2623 οί
692 2570 750 2624 δὲ
778 2570 853 2635 ὠς
882 2570 1097 2641 ἐρίφου,
1138 2571 1226 2624 διὰ
1271 2568 1559 2639 μετανοίας
1588 2566 1964 2637 ἐξαλείφοντες

380 2663 480 2733 τάς
507 2662 617 2717 τῶν
653 2664 1070 2736 ἁμαρτημάτων
1103 2663 1357 2733 κηλῖδας·
1388 2661 1533 2716 οὕτω
1563 2661 1658 2715 καὶ
1688 2662 1717 2715 6
1760 2659 1965 2731 Κύριος

381 2756 539 2829 ήμῶν
581 2757 683 2811 ούκ
734 2758 799 2811 ἐκ
831 2756 1049 2811 σιτίνων
1096 2755 1256 2827 μόνον
1288 2754 1425 2809 ἀλλὰ
1460 2755 1556 2809 καὶ
1599 2754 1665 2808 ἐκ
1706 2753 1966 2824 κριθίνων

381 2850 509 2913 τοὺς
562 2847 993 2919 συνεληλυθότας
1045 2848 1227 2918 άρτων
1282 2844 1564 2917 διέθρεψε·
1611 2846 1707 2899 καὶ
1744 2845 1879 2915 ἡμῖν
1909 2844 1966 2897 δὲ

382 2939 726 2993 διεκέλευσεν
772 2939 919 3008 ἔχειν
965 2939 1065 3001 τὰς
1124 2937 1333 3006 ὀσφύας
1386 2936 1833 3009 περιεζωσμένας
1872 2936 1969 2990 καὶ

381 3036 511 3097 τοὺς
544 3032 709 3097 πόδας
747 3031 1173 3102 ὑποδεδεμένους
1206 3031 1301 3083 καὶ
1331 3031 1456 3093 τοὺς
1488 3029 1715 3100 λύχνους
1745 3030 1970 3100 καιομέ-

385 3141 532 3188 νους,
582 3123 658 3186 ὡς
720 3122 938 3186 οἰκέτας
1003 3122 1273 3191 δεσπότην
1337 3121 1786 3191 προσμένοντας·
1853 3121 1966 3175 ἀλλ’
1996 3147 2039 3205 c

398 3215 643 3286 Ἑϐραῖοι
685 3214 785 3284 μὲν
805 3213 881 3278 ὼς
905 3212 1224 3281 Αἰγυπτίων
1257 3210 1727 3282 ἀπαλλαττόμενοι
1761 3211 1857 3266 καὶ
1882 3213 1962 3276 είς

384 3304 484 3374 τὴν
541 3304 864 3357 Χαναναίων
926 3301 1034 3372 γῆν
1095 3302 1444 3371 είσαγόμενοι
1491 3303 1649 3353 τοῦτο
1698 3296 1844 3370 εἶχον
1902 3301 1965 3354 τὸ

387 3395 610 3464 σχῆμα·
648 3397 812 3466 ἡμεῖς
839 3394 895 3449 δὲ
917 3394 993 3459 ὡς
1021 3392 1275 3448 ἐντεῦθεν
1305 3392 1386 3457 είς
1408 3391 1595 3464 ἕτερον
1626 3390 1964 3464 μεθιστάμε-

385 3497 467 3535 νοι
501 3481 639 3551 βίον.

456 3571 557 3626 Διά
588 3571 748 3625 τοῦτο
773 3570 869 3625 καὶ
903 3572 1035 3643 ἡμῖν
1069 3571 1098 3624 ό
1123 3571 1268 3636 θεῖος
1286 3571 1725 3644 παρακελεύεται
1753 3572 1967 3636 Παῦλος

388 3664 563 3735 βοῶν·
620 3681 641 3717 ι
686 3663 1064 3734 Ἐκκαθάρατε
1112 3662 1211 3735 τὴν
1262 3663 1501 3719 παλαιάν
1551 3663 1766 3736 ζύμην·
1812 3681 1832 3716 ι
1871 3664 1967 3717 καὶ

387 3754 515 3826 ἑξῆς
560 3752 731 3808 είπὼν
754 3769 767 3784 ·
816 3774 835 3807 ι
870 3754 1034 3807 ’Ὥστε
1077 3754 1427 3826 ἑορτάζωμεν
1463 3753 1540 3825 μὴ
1570 3756 1628 3807 ἐν
1682 3754 1828 3826 ζύμῃ
1856 3771 1965 3807 πα-

386 3844 535 3917 λαιᾷ,
567 3845 704 3917 μηδὲ
741 3846 799 3898 ἐν
852 3845 1001 3918 ζύμῃ
1046 3846 1247 3909 κακίας
1285 3848 1380 3899 καὶ
1420 3846 1710 3918 πονηρίας,
1750 3846 1865 3900 ἀλλ’
1908 3850 1966 3900 ἐν

387 3937 617 4008 ἀζύμοις
672 3938 1024 4008 είλικρινείας
1073 3937 1171 3992 καὶ
1222 3937 1502 4007 ἀληθείας.
1556 3957 1579 3991 ι
1612 3937 1853 3992 Ἀνωθεν
1909 3940 1967 3992 δὲ

386 4029 786 4100 προμεμήνυκε
816 4029 917 4100 τὴν
949 4028 1057 4081 τῶν
1095 4027 1263 4083 ἐθνῶν
1298 4030 1573 4100 σωτηρίαν
1616 4031 1646 4083 6
1682 4029 1844 4093 Θεός·
1873 4030 1967 4083 καὶ

387 4123 497 4192 γὰρ
527 4120 898 4192 προσηλύτους
943 4118 1371 4191 μεταλαγχάνειν
1417 4120 1511 4173 τοῦ
1560 4121 1753 4191 Πάσχα
1798 4138 1967 4193 προσ-

388 4211 572 4278 έταξε.
604 4213 800 4283 Γιὸραν
830 4212 939 4283 γάρ
963 4212 1055 4266 τὸν
1074 4212 1411 4283 προσήλυτον
1436 4213 1719 4277 ἐκάλεσεν,
1740 4214 1834 4266 καὶ
1859 4215 1969 4266 ισο-

388 4308 583 4379 νομίας
625 4306 775 4378 αὐτῷ
824 4305 1163 4377 μετέδωκεν·
1197 4324 1216 4358 ι
1254 4306 1449 4359 Ἔσται
1498 4306 1628 4376 γάρ,
1676 4308 1863 4378 φησιν,
1893 4308 1969 4371 ὡς

389 4394 671 4464 αὐτόχθων
689 4394 789 4464 τῆς
809 4395 913 4464 γῆς
934 4410 949 4425 ·
982 4413 1003 4446 ι
1025 4393 1120 4447 καὶ
1144 4393 1204 4447 τὸ
1234 4412 1252 4445 ι
1277 4395 1364 4447 Ἐν
1393 4394 1538 4465 οίκίᾳ
1560 4397 1660 4468 μιᾷ
1686 4397 1968 4469 βρωθήσε-

2058 546 2280 601 duobus
2308 549 2559 617 postibus
2585 550 2830 605 animum
2860 559 2915 607 et
2943 551 3293 620 cupiditates.
3323 549 3448 604 Ha-c
3490 567 3634 619 quo-
3714 620 3717 623 Α

2055 655 2204 710 que:
2243 658 2263 693 ι
2296 638 2415 695 Νοιι
2465 642 2768 697 comedetis
2815 658 2882 697 ex
2932 657 2999 696 eo
3045 643 3277 696 crudum
3322 641 3476 706 quid,
3532 654 3635 692 nec

2056 738 2276 786 coctum
2346 747 2510 801 aqua,
2577 732 2671 787 sed
2728 741 2942 787 tantum
2981 749 3165 788 assum
3217 733 3328 803 igni
3378 734 3445 797 ⁸⁷,
3492 749 3511 782 ι
3564 730 3634 784 ad

2059 839 2161 878 nos
2196 825 2477 894 pertinent
2511 827 2605 894 qui
2636 840 2747 879 non
2800 826 2867 879 ad
2899 827 3138 895 speciem
3198 834 3408 878 tantum
3456 824 3635 893 respi-

2057 918 2259 982 cimus,
2290 920 2384 975 sed
2409 930 2645 973 mentem
2673 920 2837 973 etiam
2865 918 3206 989 indagamus,
3234 934 3334 973 nec
3366 918 3640 973 humanas

2057 1008 2304 1062 rationes
2348 1007 2551 1062 divinis
2611 1008 2954 1062 asciscimus.
3024 1007 3181 1075 Quod
3242 1009 3409 1061 etiam
3465 1005 3635 1060 Isaias

2058 1095 2392 1166 quibusdam
2461 1094 2837 1164 exprobravit,
2875 1094 3033 1163 quasi
3086 1096 3274 1147 vinum
3320 1110 3443 1148 cum
3494 1108 3635 1163 aqua

2056 1190 2451 1254 miscuissent;
2485 1191 2578 1242 scd
2616 1188 2735 1242 solo
2763 1187 2951 1241 divino
2993 1186 3117 1256 igne
3166 1187 3396 1251 utimur,
3427 1186 3639 1240 scilicet

2059 1281 2233 1336 sancti
2290 1279 2533 1350 Spiritus
2569 1281 2766 1351 gratia.
2792 1308 2866 1320 —-
2904 1278 3059 1345 Quod
3112 1293 3222 1332 non
3280 1285 3524 1347 oporteat
3568 1276 3636 1329 ad

2057 1382 2340 1443 posterum
2374 1372 2518 1427 diem
2571 1372 2819 1442 linquere
2861 1386 3057 1426 carnes
3108 1371 3189 1425 sic
3234 1370 3591 1439 intelligimus
3617 1384 3637 1421 :

2060 1467 2261 1522 futura:
2290 1467 2416 1521 vita:
2443 1481 2561 1520 non
2590 1481 2728 1536 opus
2762 1481 2884 1520 esse
2915 1464 3199 1535 symbolis.
3232 1463 3376 1517 Idem
3409 1476 3641 1532 sequen-

2060 1561 2133 1614 tia
2166 1559 2470 1614 declarant.
2496 1558 2633 1613 Ossa
2692 1558 2837 1611 enim
2866 1558 2991 1627 agni
3021 1564 3312 1610 conterunt
3356 1554 3447 1624 qui
3495 1553 3639 1606 male

2059 1650 2285 1704 oracula
2323 1649 2507 1704 divina
2546 1648 2880 1717 intelligunt,
2913 1657 2968 1702 et
2999 1648 3067 1701 ad
3102 1647 3437 1716 impietatem
3480 1658 3636 1699 suam

2059 1757 2123 1796 ea
2158 1744 2366 1796 referre
2396 1750 2688 1797 conantur.
2724 1740 2878 1805 Quod
2923 1755 3032 1794 non
3069 1746 3324 1809 oporteat
3367 1738 3541 1791 solum
3574 1751 3642 1789 ex

2062 1834 2279 1901 ovibus,
2315 1834 2410 1889 sed
2444 1834 2610 1888 etiam
2643 1849 2705 1887 ex
2737 1832 2908 1886 haedis
2953 1831 3165 1886 hostias
3191 1829 3500 1891 desumere,
3536 1827 3641 1881 hoc

2059 1943 2255 1982 rursus
2285 1926 2531 1981 divinum
2556 1925 2609 1979 in
2634 1924 2882 1979 homines
2905 1923 3207 1994 proclamat
3234 1936 3501 1982 amorem,
3530 1934 3639 1973 non

2060 2022 2208 2076 enim
2263 2021 2443 2075 solum
2482 2034 2583 2089 pro
2628 2018 2796 2088 justis
2840 2017 3119 2081 Christus,
3175 2015 3271 2069 sed
3322 2014 3487 2068 etiam
3540 2027 3641 2081 pro

2061 2112 2448 2184 peccatoribus
2499 2111 2797 2166 salutarem
2845 2107 3068 2179 pertulit
3119 2104 3455 2176 passionem.
3499 2102 3638 2157 Nam

2063 2202 2279 2258 bardum
2316 2216 2415 2271 pro
2453 2199 2837 2271 peccatoribus
2882 2199 2965 2252 lex
2995 2196 3191 2251 oll‘erre
3216 2195 3413 2264 jussit;
3458 2208 3523 2248 ex
3573 2193 3642 2246 iis

2063 2304 2246 2350 autem
2282 2294 2377 2364 qui
2400 2308 2556 2347 sacra
2601 2290 2864 2362 mysteria
2900 2288 3247 2359 participant,
3280 2285 3370 2338 alii
3417 2283 3638 2353 quidem

2063 2389 2218 2460 quasi
2247 2388 2300 2443 in
2328 2397 2537 2458 partem
2570 2386 2694 2456 agni
2733 2386 2980 2448 veniunt,
3006 2391 3196 2453 utpote
3226 2381 3483 2434 virtutem
3521 2378 3640 2432 exi-

2066 2484 2229 2536 miam
2266 2480 2472 2549 adepti,
2499 2479 2591 2533 alii
2616 2493 2747 2532 vero
2783 2477 2945 2545 quasi
2982 2475 3035 2528 in
3066 2482 3277 2545 partem
3320 2471 3482 2533 hadi,
3534 2470 3643 2524 sci-

2065 2573 2194 2627 licet
2212 2573 2303 2641 qui
2323 2570 2645 2641 pmnitentia
2672 2568 2916 2623 maculas
2933 2574 3282 2638 peccatorum
3302 2564 3640 2619 oblitteram.

2067 2667 2160 2722 Sic
2186 2666 2331 2720 enim
2366 2665 2629 2719 Dominus
2653 2670 2839 2717 noster
2870 2675 2978 2714 non
3007 2674 3037 2713 e
3060 2656 3419 2712 frumentario
3442 2655 3643 2716 solum,

2068 2755 2162 2812 sed
2192 2754 2357 2808 etiam
2391 2768 2459 2807 ex
2502 2752 2808 2806 hordeaceo
2838 2764 2976 2819 pane
3003 2748 3221 2803 turbam
3262 2744 3546 2809 enutrivit,
3591 2750 3647 2796 ct

2071 2846 2233 2901 nobis
2263 2844 2599 2915 praescripsit
2635 2841 2854 2897 lumbos
2886 2841 3097 2896 cinctos
3127 2838 3351 2899 habere,
3393 2846 3446 2890 et
3483 2835 3647 2905 pedes

2070 2937 2366 3001 calceatos,
2413 2945 2469 2989 et
2514 2933 2799 2989 lucernam
2845 2947 3133 2988 accensam
3175 2940 3237 2986 ut
3277 2929 3497 2985 famulis
3550 2928 3650 2982 do-

2070 3029 2283 3083 minum
2310 3027 2779 3098 exspectantibus.
2802 3024 2876 3080 Ut
2900 3026 3066 3096 igitur
3093 3024 3305 3079 Hebraei
3329 3024 3396 3077 de
3414 3022 3649 3093 Egypto

2072 3120 2223 3175 exire
2293 3120 2471 3189 jussi,
2549 3120 2963 3191 migrantesqoe
3036 3118 3089 3171 in
3164 3116 3427 3171 Chanaan
3505 3116 3652 3169 hunc

2074 3211 2282 3267 cultum
2320 3211 2614 3275 habebant,
2652 3210 2950 3265 habeamus
2979 3216 3034 3264 et
3062 3224 3163 3264 nos
3190 3209 3283 3277 qui
3311 3223 3377 3262 ex
3406 3208 3509 3262 hac
3539 3206 3649 3261 vita

2072 3304 2130 3359 in
2161 3305 2389 3359 alteram
2423 3303 2743 3374 migramus.

2141 3572 2258 3638 Qua
2303 3571 2370 3626 de
2397 3585 2566 3626 causa
2612 3579 2667 3626 et
2707 3585 2807 3625 nos
2851 3569 3010 3624 divus
3064 3568 3386 3623 adhortatur
3425 3564 3650 3629 Paulus,

2073 3666 2348 3722 clamans:
2374 3663 2711 3734 «Expurgate
2731 3672 2885 3717 vetus
2902 3661 3227 3716 fermentum
3243 3662 3307 3725 ⁵⁸,
3323 3661 3651 3730 retreliqua,

2074 3759 2264 3814 dicens
2297 3774 2311 3812 :
2356 3776 2373 3809 ι
2398 3756 2586 3826 Itaque
2614 3756 2903 3825 epuletnur
2938 3770 3045 3808 non
3072 3756 3125 3809 in
3157 3755 3323 3809 veteri
3358 3752 3652 3815 fermento,

2075 3866 2177 3905 nec
2230 3850 2284 3904 in
2346 3848 2567 3903 malitia:
2622 3861 2675 3901 et
2740 3848 2851 3901 vitii
2898 3845 3186 3911 fermento,
3234 3846 3327 3900 sed
3360 3844 3414 3898 in
3446 3845 3657 3915 azymis

2074 3940 2405 3997 sinceritatis
2462 3939 2819 4008 veritatisque
2849 3939 2917 3991 ⁵⁸.
2949 3957 2969 3990 ι
3008 3941 3054 3992 A
3086 3938 3240 4006 longe
3272 3938 3656 4007 praenuntiant

2074 4034 2359 4104 gentilium
2413 4034 2643 4087 salutem
2704 4031 2851 4087 Deus
2912 4031 3006 4101 qui
3072 4032 3379 4103 proselytos
3428 4028 3655 4083 Pascha:

2075 4126 2193 4180 Iicri
2220 4126 2516 4196 participes
2538 4125 2726 4192 jussit.
2756 4124 2969 4181 Etenim
2988 4122 3322 4194 proselytum
3336 4122 3651 4191 appellavit,

2074 4217 2237 4287 eique
2278 4217 2421 4287 juris
2476 4216 2900 4287 azquabilitatem
2931 4215 3103 4270 dedit.
3174 4232 3193 4264 ι
3228 4211 3340 4266 Erit
3363 4212 3533 4275 enim,
3564 4214 3651 4266 in-

2074 4309 2213 4379 quit,
2250 4316 2310 4362 ut
2343 4318 2503 4362 terra:
2543 4307 2819 4378 indigena.
2866 4306 2981 4361 Hoc
3008 4314 3188 4359 autem
3214 4300 3424 4358 Pascha
3455 4304 3507 4357 in
3544 4319 3652 4357 una

2076 4402 2241 4456 domo
2266 4400 2584 4456 comedelur
2605 4400 2673 4463 “,
2702 4418 2722 4452 ι
2785 4400 3078 4453 observant
3116 4397 3301 4453 ﬁdeles
3331 4396 3423 4467 qui
3455 4411 3563 4450 una
3596 4399 3652 4448 in

387 4502 501 4553 ται,
532 4505 551 4539 ι
594 4486 954 4556 φυλάττουσιν
982 4490 1031 4541 οί
1080 4488 1285 4555 πιστοὶ,
1322 4489 1380 4543 ἐν
1405 4488 1542 4562 μόνῃ
1569 4493 1637 4561 τῇ
1680 4490 1965 4564 Ἐκκλησία

2081 4492 2310 4548 ecclesia
2341 4505 2626 4547 sacrorum
2654 4491 2948 4560 participes
2975 4490 3361 4560 mysteriorum
3391 4497 3542 4551 sunt,
3598 4497 3655 4542 et

388 4576 497 4631 τῶν
526 4577 684 4633 θείων
715 4579 1231 4651 μεταλαμϐάνοντες
1275 4580 1620 4652 μυστηρίων,
1649 4581 1751 4646 τὰς
1773 4583 1830 4637 δὲ
1860 4585 1972 4637 τῶν

391 4669 688 4741 αίρετικῶν
756 4672 1081 4740 συναγωγάς
1150 4671 1600 4744 βδελυττόμενοι·
1654 4675 1723 4729 τά
1787 4676 1972 4747 μέντοι

390 4762 716 4833 πρωτότοκα
742 4762 839 4816 καὶ
866 4763 975 4815 τῶν
1006 4762 1297 4834 προϐάτων
1321 4764 1544 4817 καὶτῶν
1571 4765 1711 4836 βοῶν
1733 4768 1974 4839 προσφέ-

392 4851 584 4923 ρεσθαι
636 4852 1057 4925 νενομοθέτηκε,
1085 4854 1186 4923 τῆς
1216 4853 1329 4908 τῶν
1377 4856 1739 4925 πρωτοτόκων
1772 4858 1971 4921 αὐτοὺς

393 4942 667 5014 σωτηρίας
692 4944 1130 5015 ἀναμιμνήσκων
1152 4959 1166 4974 ·
1197 4944 1318 4998 ούδὲ
1341 4944 1450 5015 γὰρ
1470 4945 1633 5010 αὐτὸς
1658 4947 1767 5000 τῶν
1793 4947 1975 5019 θυμά-

390 5052 502 5089 των
535 5035 724 5102 ἐδεῖτο,
765 5036 903 5091 ἀλλὰ
944 5036 1044 5107 τὴν
1086 5036 1314 5091 ἐκείνων
1360 5038 1628 5107 ὠφέλειαν
1681 5041 1974 5109 ἐπραγμα-

392 5126 613 5182 τεύετο·
645 5128 806 5183 τοῦτο
845 5128 906 5183 δὲ
943 5132 1036 5185 καὶ
1088 5130 1250 5194 αὐτὸς
1286 5133 1315 5185 6
1348 5133 1514 5203 νόμος
1557 5132 1706 5202 δηλοι
1728 5148 1743 5165 ·
1776 5150 1796 5184 ι
1846 5134 1975 5186 Ἐὰν

394 5218 505 5288 γάρ
534 5221 787 5292 ἐρωτήσῃ
808 5238 866 5274 σε
887 5223 915 5274 6
936 5222 1051 5286 υἱός
1078 5240 1197 5287 σου,
1214 5224 1280 5276 Τί
1306 5225 1421 5276 ἐστι
1451 5223 1609 5278 τοῦτο
1628 5241 1676 5290 ;ι
1703 5224 1798 5277 καὶ
1821 5224 1971 5294 ἑξῆς,

394 5309 501 5373 ῑως
531 5310 649 5379 τοῦ,
680 5330 699 5364 ι
732 5314 832 5367 Διὰ
854 5312 1011 5367 τοῦτο
1036 5313 1147 5384 ἐγὼ
1172 5314 1287 5369 θύω
1310 5314 1388 5385 τῷ
1419 5316 1609 5386 Κυρίῳ
1638 5316 1746 5369 πᾶν
1773 5314 1974 5368 διανοϊο

394 5418 492 5471 γον
526 5404 764 5477 μήτραν,
794 5407 863 5461 τά
896 5406 1163 5477 ἀρσενικὰ
1193 5408 1289 5462 καὶ
1334 5408 1445 5461 πᾶν
1490 5407 1833 5478 πρωτότοκον
1865 5406 1975 5461 τῶν

398 5494 531 5546 υίῶν
560 5511 655 5548 σου
684 5495 1061 5568 λυτρώσομαι·
1094 5498 1191 5552 καὶ
1215 5498 1365 5553 ἔσται
1394 5500 1474 5562 είς
1503 5500 1730 5569 σημεῖον
1758 5498 1851 5551 ἐπὶ
1874 5498 1975 5568 τῆς

397 5586 580 5657 χειρός
640 5604 735 5641 σου
784 5589 879 5643 καὶ
919 5589 1215 5644 ἀσάλευτον
1260 5589 1368 5662 πρὸ
1416 5588 1833 5661 όφθαλμῶν·ἐν
1873 5589 1977 5659 γάρ

2080 4586 2149 4639 ab
2227 4583 2500 4640 ha‘reticis
2577 4583 2938 4638 conventibus
2999 4581 3317 4635 abhorrent.
3396 4581 3651 4634 Attamen

2079 4676 2442 4748 primogenita
2503 4676 2687 4730 ovium
2722 4684 2776 4731 et
2828 4675 2989 4730 boum
3019 4675 3203 4730 oderri
3238 4674 3481 4729 Hebraeis
3512 4689 3655 4744 pra:-

2076 4769 2223 4839 cepit
2283 4767 2570 4832 Dominus,
2632 4778 2692 4822 ut
2761 4766 3125 4838 primogenita
3188 4781 3376 4821 eorum
3434 4775 3652 4818 servata

2078 4859 2251 4915 fuisse
2279 4860 2347 4915 iis
2374 4860 2427 4914 in
2456 4863 2776 4914 memoriam
2800 4866 3103 4914 revocaret.
3133 4856 3295 4911 Nullo
3314 4856 3462 4911 enim
3490 4856 3656 4910 modo

2079 4952 2129 5006 ei
2182 4952 2421 5006 victimis
2474 4966 2613 5020 opus
2641 4960 2781 5018 erat,
2834 4951 2938 5005 hoc
2986 4959 3167 5004 autem
3199 4948 3265 5002 ad
3299 4946 3652 5002 Hebraeorum

2082 5042 2370 5097 utilitatem
2442 5041 2745 5111 spectabat.
2835 5039 2989 5107 Quod
3044 5040 3185 5095 idem
3245 5038 3487 5093 ostendit
3542 5037 3653 5092 lex.

2089 5151 2108 5183 ι
2145 5132 2392 5201 Cumque
2432 5132 2849 5201 intcrrogaverit
2903 5141 2955 5185 te
2990 5130 3134 5185 (ilius
3162 5140 3288 5185 tuus
3323 5147 3337 5184 :
3376 5129 3516 5195 Quid
3570 5136 3658 5183 est

2084 5225 2265 5289 hoc“,
2302 5243 2320 5276 ι
2349 5234 2405 5279 et
2428 5225 2633 5294 reliqua
2662 5240 2835 5295 usque
2864 5225 2931 5279 ad
2964 5224 3104 5279 hoc:
3146 5244 3163 5275 ι
3193 5224 3399 5279 Idcirco
3431 5224 3655 5278 immoto

2082 5317 2313 5371 Domino
2340 5332 2502 5371 omne
2530 5317 2675 5387 quod
2711 5317 2883 5387 aperit
2916 5316 3130 5371 vulvam
3172 5316 3460 5371 masculini
3494 5331 3659 5371 sexus

2082 5417 2138 5463 et
2173 5409 2362 5463 omnia
2415 5409 2778 5481 primogenita
2840 5409 3077 5464 ﬁliorum
3128 5424 3374 5464 meorum
3425 5408 3655 5473 redimo,

2082 5511 2138 5555 et
2189 5500 2294 5555 erit
2347 5500 2513 5571 igitur
2564 5500 2718 5571 quasi
2772 5502 2989 5572 signum
3042 5502 3095 5555 in
3130 5517 3292 5555 manu
3326 5512 3441 5565 tua,
3497 5500 3658 5569 quasi

2084 5606 2387 5663 appcnsum
2418 5591 2547 5663 quid
2594 5591 2666 5646 ob
2696 5592 3126 5648 recordationem
3157 5592 3295 5648 inter
3319 5592 3508 5648 oculos
3532 5599 3659 5648 tuos

470 5762 516 5797 ’ν
556 5760 729 5820 Exod.
758 5778 857 5831 ιιι,
889 5763 944 5819 9.
1018 5762 1063 5797 ⁵⁸
1090 5760 1110 5817 I
1135 5763 1259 5820 Cor.
1291 5779 1345 5831 ι’,
1374 5764 1428 5819 7.
1462 5764 1511 5797 ”
1541 5762 1675 5819 ibid.
1702 5762 1757 5818 8.
1790 5764 1965 5822 “Exo

2068 5780 2150 5833 nt,
2173 5764 2263 5820 46.
2300 5764 2341 5798 ⁶¹
2376 5764 2551 5821 Exod.
2583 5780 2707 5837 xnl,
2740 5765 2828 5822 14.
