4136 6472
488 389 622 454 108⁵1

1701 370 1964 434 ΓΙΙΟΤΙΙ
2004 366 2513 430 PATRIARCHJE
2538 366 2646 425 CP.

3643 363 3816 427 1088

484 516 553 555 eo
608 499 755 571 quod
805 496 860 551 in
921 510 1084 549 manu
1139 492 1267 548 forti
1313 488 1504 547 eduxit
1564 502 1662 542 nos
1714 484 2147 571 Dominusch

2216 480 2323 552 ειρὶ
2374 479 2613 551 κραταιᾷ
2664 476 2903 547 ἐξήγαγέ
2939 494 2999 529 σε
3048 476 3257 547 Κύριος
3306 474 3368 540 ἐξ
3412 476 3735 543 Αἰγύπτου.
3787 495 3810 525 ι

489 570 748 661 JEgypto.
824 584 1063 639 Proinde
1112 582 1228 636 hmo
1255 580 1439 634 omnia
1479 592 1590 633 non
1624 589 1724 647 pro
1755 589 1813 628 re
1846 570 2086 633 Domini,

490 686 585 739 Sed
621 699 718 752 pro
758 679 943 742 nonuli
975 676 1279 733 commodis
1306 680 1627 727 evenerunt.

564 770 898 841 QU.~ESTIO
938 765 1165 824 CCLXV
1198 757 1777 837 [Coisl.CCLX.\XlV,
1815 761 1977 813 Taur.

1108 854 1462 927 cetxxnu.

496 957 773 1023 Quomodo
811 952 1108 1023 mtetligere
1168 948 1555 1023 aporleat_lucc
1604 942 1847 1013 Apostoli
1880 940 2035 1023 verba
2067 959 2087 997 :

573 1048 589 1078 ι
621 1026 815 1081 Omnes
845 1027 901 1078 in
934 1015 1116 1093 Moyse
1170 1015 1430 1087 baptismi
1473 1033 1677 1093 sumus,
1725 1033 1740 1065 ι
1778 1015 2085 1093 tat-reliqua,

566 1114 729 1169 usque
747 1098 815 1149 ad
851 1093 990 1147 «Hic
1026 1085 1143 1146 {vero
1177 1085 1315 1160 lapis
1354 1098 1468 1143 erat
1498 1087 1739 1141 Christus
1770 1085 1936 1153 (65).»

2184 574 2480 644 Τοιγάρτοι
2509 572 2716 625 τούτων
2761 572 2993 623 ἕκαστον
3042 571 3103 624 ού
3135 574 3235 642 τῆς
3273 568 3371 623 τοῦ
3424 569 3560 623 Θεοῦ
3591 569 3818 640 χρείας

2183 668 2369 733 ἕνεκα,
2394 664 2533 721 ἀλλά
2561 666 2663 735 τῆς
2684 664 2777 718 τοῦ
2809 665 2943 717 λαοῦ
2973 664 3195 733 ἐγένετο
3224 662 3519 730 ὡφελείας.

2709 758 2934 812 ΕΡΩΤΗ
2942 758 3046 810 ΣῙΣ
3083 757 3252 812 ΣΞΕθ.

2187 938 2322 1005 Πῶς
2348 938 2604 1004 νοητέον
2632 936 2699 990 τὸ
2727 936 2848 993 ὑπὸ
2878 936 2985 990 τοῦ
3024 936 3404 990 Ἀποστόλου
3444 935 3814 1004 εἰρημένον,

2271 1028 2289 1060 ι
2328 1009 2557 1073 Πάντες
2580 1010 2668 1073 είς
2688 1009 2796 1060 τὸν
2824 1005 3094 1073 Μωῠσῆν
3114 1007 3593 1075 ἐϐαπτίσθημεν,
3634 1028 3653 1057 ι
3702 1005 3824 1059 καὶ

2265 1079 2434 1147 ἑξῆς,
2461 1079 2573 1143 ἕως
2593 1093 2605 1105 ·
2647 1099 2667 1129 ι
2704 1077 2766 1134 Ἠ
2788 1076 2856 1129 δὲ
2880 1077 3069 1145 πέτρα
3097 1073 3177 1147 ἦν
3202 1080 3234 1130 ό
3266 1073 3553 1145 Χριστός
3598 1096 3617 1128 ι

902 1204 1047 1257 Edita
1076 1219 1104 1253 a
1136 1206 1260 1254 hlaro
1296 1202 1353 1265 (l.
1386 1215 1430 1251 c.
1465 1216 1515 1264 p.
1541 1200 1785 1259 129,150,
1818 1212 1868 1261 q.
1900 1196 2036 1259 274).
2068 1223 2119 1231 —
2150 1195 2205 1245 In
2238 1194 2255 1243 l
2288 1193 2398 1245 Cor.
2431 1207 2484 1251 x,
2519 1191 2565 1254 1,
2596 1192 2645 1253 4,
2669 1196 2725 1242 et
2748 1191 2907 1242 Exod.
2944 1206 3052 1252 xui,
3081 1190 3161 1251 21,
3189 1203 3286 1249 xiv,
3306 1189 3385 1238 22.

570 1292 775 1363 Figura
835 1300 994 1345 erant
1052 1304 1320 1344 novarum
1380 1289 1621 1356 antiquae
1668 1301 1757 1339 res
1805 1293 1859 1338 et
1893 1283 2089 1337 umbra

2262 1279 2446 1342 Τύπος
2476 1273 2545 1348 ἦν
2568 1276 2680 1329 τῶν
2711 1278 2849 1329 νέων
2877 1275 2948 1327 τὰ
2970 1274 3201 1340 παλαιὰ,
3228 1274 3323 1328 καὶ
3354 1271 3486 1326 σκιὰ
3518 1272 3617 1343 μὲν
3644 1274 3681 1326 ὁ
3713 1270 3821 1325 νό-

507 1388 729 1458 quidem
790 1386 900 1450 lex,
930 1399 1132 1453 corpus
1186 1396 1315 1435 vero
1348 1380 1623 1449 quoddam
1660 1376 1862 1450 gratia.
1947 1374 2087 1431 Cum

2215 1389 2317 1435 ιος,
2355 1370 2519 1441 σῶμά
2554 1386 2608 1422 τι
2651 1368 2710 1422 δὲ
2758 1370 2790 1438 ἡ
2842 1368 3041 1438 χάρις·
3090 1366 3283 1435 ἐπειδὴ
3335 1365 3516 1417 τοίνυν
3562 1364 3823 1417 ἐδίωκον

501 1456 672 1551 igitur
701 1484 1162 1549 persequerentur
1177 1473 1432 1527 Hebraeos
1447 1471 1713 1543 Egyptii,
1747 1471 1891 1539 iique
1910 1477 2091 1523 trans-

2215 1466 2317 1527 τοὺς
2352 1462 2644 1534 Ἐϐραίους
2674 1462 2724 1514 οί
2759 1460 3073 1527 Δίγύπτιοι,
3097 1459 3387 1522 διαϐάντες
3409 1457 3466 1511 δὲ
3494 1456 3593 1527 τὴν
3625 1458 3820 1528 Ἐρυ-

502 1549 675 1646 gressi
737 1581 868 1627 sunt
899 1585 1047 1625 mare
1080 1569 1349 1631 Rubrum,
1390 1576 1443 1621 et
1493 1582 1677 1619 amara
1710 1563 2091 1635 Egyptiorum

2215 1556 2335 1625 ἱράν
2380 1555 2661 1609 θάλασσαν
2699 1554 2748 1606 oi
2789 1551 3033 1622 Ἑϐραῖοι
3078 1551 3178 1621 τῆς
3222 1552 3430 1621 πικρᾶς
3468 1549 3576 1603 τῶν
3621 1550 3825 1618 Δίγυ-

502 1642 769 1723 servitute
790 1663 1015 1717 liberati
1040 1670 1188 1725 sunt,
1252 1660 1426 1728 ﬁgura
1454 1657 1552 1712 fuit
1580 1656 1883 1727 baptisterii
1917 1668 2091 1718 mare,
2129 1702 2147 1728 ι

2215 1651 2330 1703 τίων
2358 1649 2758 1718 ἀπηλλάγησαν
2778 1646 3118 1709 δεσποτείας,
3136 1644 3309 1698 τύπον
3334 1645 3449 1715 ἔχει
3466 1643 3566 1714 τῆς
3587 1642 3821 1713 κολυμ-

504 1759 747 1831 Spiritus
802 1755 979 1812 sancti
1041 1756 1236 1819 nubes,
1272 1752 1478 1809 Christi
1513 1749 1815 1805 Salvatoris
1860 1746 2097 1816 Moyses,

504 1852 691 1907 crucis
738 1850 924 1918 virga,
980 1847 1183 1901 diaboli
1208 1845 1445 1909 Pharao,
1497 1838 2098 1911 dtemonurnngyptii,

506 1943 678 2000 divini
732 1942 842 1997 cibi
883 1955 1107 2006 manna,
1163 1936 1529 2008 redemptoris
1576 1934 1861 2005 sanguinis
1902 1944 2100 2000 aquae

509 2053 669 2094 saxo.
728 2033 802 2090 Ut
846 2033 994 2088 enim
1031 2032 1107 2086 illi
1164 2040 1457 2102 postquam
1512 2025 1846 2096 transgressi
1878 2024 2100 2079 fuerunt

508 2130 758 2184 Rubrum
785 2140 936 2180 mare
971 2124 1238 2178 inusitato
1262 2122 1386 2177 cibo
1418 2130 1471 2175 et
1495 2119 1733 2174 mirabili
1763 2118 1913 2173 fonte
1942 2115 2098 2171 fruiti

510 2232 663 2285 sunt,
696 2222 775 2277 sic
800 2235 900 2274 nos
923 2226 1213 2288 postquam
1246 2230 1341 2285 per
1372 2213 1641 2283 baptisma
1665 2209 1861 2265 salvati
1889 2207 2097 2263 luimus

510 2318 821 2373 divinorum
848 2314 1233 2384 mysteriorum
1269 2308 1567 2381 participes
1604 2304 1733 2360 facti
1776 2316 1993 2358 sumus.

2204 1742 2412 1814 ϐήθρας
2443 1742 2477 1812 ἡ
2510 1740 2752 1795 θάλαττα
2773 1756 2789 1771 ·
2821 1739 2855 1809 ή
2898 1738 2957 1792 δὲ
2994 1736 3219 1807 νεφέλη,
3252 1736 3347 1790 τοῦ
3394 1735 3753 1804 Πνεύματος·
3790 1736 3824 1786 ό

2199 1833 2257 1886 δὲ
2285 1834 2529 1902 Μωῡσῆς
2548 1870 2563 1893 ,
2593 1828 2690 1883 τοῦ
2721 1830 2974 1900 Σωτῆρος
3005 1827 3266 1898 Χριστοῦ·
3304 1826 3401 1879 τοῦ
3436 1825 3682 1895 σταυροῦ
3726 1825 3818 1889 δὲ,

2197 1926 2231 1996 ἡ
2267 1925 2462 1996 ῥάϐδος
2489 1940 2503 1954 ·
2535 1923 2629 1977 τοῦ
2655 1923 2902 1976 διαϐόλου
2929 1922 3007 1986 δὲ,
3036 1923 3065 1975 ὁ
3095 1918 3295 1993 Φαραώ
3314 1935 3327 1949 ·
3357 1921 3468 1973 τῶν
3497 1919 3819 1989 δαιμόνων,

2199 2014 2251 2067 oi
2281 2011 2608 2080 Αίγύπτιον
2644 2010 2705 2065 τὸ
2734 2011 2790 2064 δὲ
2824 2012 3025 2082 μάννα,
3066 2011 3166 2081 τῆς
3197 2010 3350 2074 θείας
3388 2013 3619 2081 τροφῆς
3650 2011 3720 2063 τὺ
3752 2009 3819 2062 δὲ

2198 2104 2296 2175 τῆς
2328 2104 2534 2176 πέτρας
2558 2102 2728 2174 ὕδωρ,
2753 2103 2848 2156 τοῦ
2878 2102 3148 2173 σωτηρίου
3186 2103 3443 2173 αἵματος·
3472 2101 3668 2172 ὥσπερ
3694 2104 3822 2170 γὰρ

2196 2198 2405 2250 ἐκεῖνοι
2442 2195 2583 2266 μετά
2613 2195 2676 2248 τὸ
2696 2194 2949 2265 διαϐῆναι
2978 2195 3075 2265 τὴν
3092 2194 3360 2265 Ἐρυθρὰν
3389 2193 3672 2248 θάλασσαν
3710 2194 3823 2246 καὶ

2200 2291 2304 2359 τῆς
2359 2288 2519 2360 ξένης
2570 2287 2778 2359 τροφῆς
2825 2288 2921 2343 καὶ
2970 2286 3068 2341 τοῦ
3114 2285 3423 2357 παραδόξου
3471 2284 3821 2353 ἀπήλαυσαν

2198 2382 2467 2452 νάματος,
2495 2378 2671 2443 οὕτως
2700 2381 2864 2449 ἡμεῖς
2900 2379 3039 2450 μετά
3074 2378 3136 2432 τὸ
3168 2378 3435 2448 σωτήριον
3464 2376 3771 2447 βάπτισμα
3796 2416 3815 2442 ,

2195 2474 2306 2529 τῶν
2340 2472 2503 2529 θείων
2543 2472 3027 2544 μεταλαγχάνομεν
3067 2470 3386 2544 μυστηρίων

583 2590 913 2663 QUIESTIO
939 2588 1194 2647 CCLXVI
1251 2587 1440 2661 [CoisL
1472 2585 1830 2651 CCLXXXV,
1859 2584 2026 2639 Taur.
2718 2586 3058 2640 sparum:
3092 2583 3271 2651 Σεςι.

1133 2677 1492 2751 CCLxxw].

514 2774 795 2840 Quomodo
839 2771 1100 2826 incolume
1153 2778 1223 2822 sit
1288 2738 1496 2840 (equum
1550 2767 1681 2837 ﬁliis
1725 2783 1831 2836 pro
1862 2767 2105 2837 patribus

2215 2768 2335 2833 Πῶς
2363 2765 2431 2820 τὸ
2468 2765 2706 2820 δίκαιον
2751 2765 2993 2840 σώζεται
3013 2806 3042 2840 ,γ
3071 2764 3191 2840 τῷν
3214 2764 3469 2840 ’παίδων
3507 2764 3660 2833 ὑπὲρ
3684 2763 3815 2819 τῶν

1120 2841 1320 2909 punitis
1346 2834 1357 2839 ’
1375 2838 1509 2910 (66).
1550 2834 1559 2837 ⁷
1726 2834 1734 2836 “
1862 2834 1871 2837 ⁷

2632 2837 2905 2906 πατέρων
2935 2834 3386 2904 κολαζομένων;

1342 2949 1484 2999 Edita
1514 2963 1542 2998 a
1575 2948 1700 2999 Maio
1734 2950 1793 3012 (I.
1830 2963 1876 2999 c.
1908 2960 1959 3011 p.
1994 2948 2103 3009 129,
2137 2948 2244 3011 15Ο,
2264 2964 2313 3012 q.
2347 2950 2481 3011 275).
2513 2976 2576 2987 —-
2606 2948 2765 3001 Exod.
2802 2962 2888 3008 xx,
2919 2948 2965 2998 5.

589 3036 830 3107 Maiores
888 3034 1031 3104 apud
1085 3034 1254 3090 Deum
1311 3046 1441 3090 sunt
1497 3038 1659 3091 minae
1699 3038 1910 3105 poenis;
1967 3037 2147 3109 dicit(

2274 3038 2509 3102 Μείζους
2552 3036 2661 3088 τῶν
2692 3034 2973 3088 κολάσεων
3019 3032 3174 3105 παρά
3199 3032 3278 3103 τῷ
3305 3030 3427 3102 Θεῷ
3456 3033 3513 3085 αί
3551 3026 3808 3086 ἀπειλαί’

517 3129 669 3183 enim
704 3146 719 3182 :
769 3145 788 3179 ι
824 3125 1151 3195 Quicunque
1196 3125 1615 3183 incircumcisus
1665 3129 1771 3182 erit
1812 3128 2111 3193 masculus,

522 3235 625 3275 nec
650 3217 1073 3274 circumcidetur
1100 3217 1187 3272 die
1217 3226 1433 3282 octavo,
1462 3217 1935 3273 exterminabitur.
1964 3235 1985 3270 ι
2010 3216 2114 3273 Sed

521 3307 706 3363 videre
722 3321 1011 3375 possumus
1032 3305 1299 3375 quosdam
1323 3307 1684 3361 circumcisos
1699 3307 1913 3363 diverse
1931 3319 2114 3364 tamen

522 3402 581 3456 in
623 3402 839 3456 deserto
863 3401 1255 3469 interemptos;
1288 3400 1425 3454 alios
1464 3414 1615 3465 vero,
1660 3400 2113 3464 incircumcisos,

526 3507 628 3563 pro
673 3492 870 3561 pmnis,
899 3505 962 3545 ea
998 3500 1329 3545 consecutos
1359 3506 1483 3560 quae
1516 3492 1821 3561 majoribus
1845 3491 2116 3561 promissa

526 3588 766 3639 t'ueiant.
805 3582 916 3638 Hos
936 3582 1083 3636 enim
1118 3582 1466 3637 circumcidit
1489 3580 1661 3639 Iosue
1682 3582 1940 3652 Galgalis.
1972 3580 2117 3634 Rur-

526 3691 626 3731 sus
641 3674 896 3728 domibus
917 3672 1250 3725 fermentum
1278 3671 1610 3726 habentibus
1635 3671 1850 3725 ruinam
1883 3669 2120 3724 minatus

524 3778 635 3831 est,
659 3766 752 3821 sed
779 3781 889 3819 non
913 3764 1164 3818 immisit.
1190 3762 1396 3817 Deinde
1412 3763 1577 3817 etiam
1598 3763 1691 3834 qui
1713 3778 1915 3835 pueros
1929 3762 2120 3833 dilige-

531 3858 687 3921 bant,
723 3857 821 3909 hos
847 3864 1015 3909 terret
1048 3855 1233 3918 minis,
1270 3854 1539 3924 dicitque,
1576 3872 1594 3906 ι
1640 3854 1880 3911 Visitans
1913 3855 2119 3925 iniqui-

532 3957 702 4006 tatem
770 3958 983 4020 patrum
1054 3947 1108 4001 in
1150 3947 1293 4004 ﬁlios
1362 3948 1419 4003 in
1470 3949 1688 4004 tertiam
1752 3961 2119 4020 quartamque

530 4044 947 4114 generationem
992 4057 1188 4099 eorum
1242 4044 1337 4113 qui
1393 4043 1830 4099 Oderuutme“.
1868 4061 1888 4095 ι
1949 4044 2120 4098 Porro

532 4137 796 4192 adhibere
850 4137 1010 4191 Iidem
1047 4137 1175 4191 huic
1224 4136 1373 4191 nudo
1400 4137 1567 4191 verbo
1596 4137 1820 4207 impium
1852 4152 1977 4191 esse
2006 4137 2121 4205 ipse

539 4229 680 4281 Deus
699 4227 1167 4290 docet,contraria
1188 4229 1485 4283 ostendens
1508 4228 1669 4296 ;dicit
1688 4229 1888 4283 etenim
1911 4245 1924 4281 :
1952 4246 1971 4279 ι
1998 4227 2119 4283 Non

534 4319 857 4374 occidentur
884 4319 983 4373 lllii
1020 4334 1121 4389 pro
1170 4321 1443 4390 patribus,
1504 4336 1606 4376 nec
1636 4332 1816 4391 patres
1836 4336 1933 4390 pro
1967 4320 2116 4387 ﬁliis,

532 4417 634 4473 sed
672 4418 1052 4488 unusquisque
1101 4434 1201 4489 pro
1248 4430 1470 4488 peccato
1508 4434 1611 4473 suo
1665 4418 1927 4473 morietur
1950 4418 2026 4474 ⁸³.
2099 4437 2118 4469 ι
2159 4405 2201 4460 Ι)

539 4509 605 4562 Et
652 4509 707 4564 in
742 4507 996 4563 Ezechiel
1042 4526 1057 4563 :
1131 4527 1149 4559 ι
1185 4508 1327 4573 Quid
1359 4518 1445 4564 est
1475 4509 1624 4579 quod
1664 4510 1808 4565 inter
1838 4525 1934 4565 vos
1964 4525 2126 4579 para-

540 4601 718 4656 bolam
753 4601 966 4656 vertitis
992 4600 1047 4654 in
1086 4603 1432 4670 proverbium
1451 4601 1595 4657 istud
1619 4602 1900 4658 dicentes:
1933 4601 2126 4658 Patres

540 4694 899 4748 comederunt
947 4708 1110 4747 uvam
1171 4695 1471 4758 acerbam,
1535 4705 1590 4749 et
1640 4695 1833 4750 dentes
1884 4696 2122 4750 liliorum

535 4784 961 4853 obstupescunt.
992 4782 1130 4838 Vivo
1158 4799 1281 4855 ego,
1303 4784 1433 4839 dicit
1465 4784 1747 4851 Dominus,
1770 4787 1815 4840 si
1847 4788 1951 4841 erit
1983 4787 2125 4841 ultra

542 4879 699 4934 vobis
727 4878 1008 4949 parabola.
1072 4876 1197 4933 Haec
1236 4877 1291 4932 in
1321 4879 1671 4947 proverbium
1720 4880 1772 4933 in
1810 4876 2007 4944 Israel;
2030 4881 2122 4934 scd

538 4970 949 5025 comedentium
992 4970 1244 5025 acerbam
1276 4985 1439 5025 uvam
1489 4972 1889 5040 obstupescunt
1911 4972 2123 5026 dentes.

542 5063 685 5118 Ecce
730 5062 873 5116 enim
911 5076 1104 5116 omnes
1155 5061 1352 5116 anima:
1387 5077 1519 5117 mea:
1545 5071 1672 5118 sunt
1705 5064 1769 5118 “.
1797 5082 1819 5117 ι
1888 5064 2127 5132 Quaeque

542 5160 847 5223 sequuntur
894 5153 1043 5208 hunc
1101 5153 1305 5207 habent
1342 5167 1587 5208 sensum.
1643 5151 1756 5222 Ego
1780 5161 1963 5206 autem
1998 5159 2129 5221 puto

543 5247 732 5315 potius
795 5246 1039 5300 divinum
1093 5244 1148 5300 in
1179 5244 1431 5301 homines
1470 5259 1711 5300 amorem
1744 5244 2129 5316 repraesentari

2218 3131 2354 3201 φησὶ
2376 3131 2508 3200 γάρ’
2536 3130 2680 3192 «Πᾶς
2706 3127 3081 3197 ἀπερίτμητος
3104 3125 3277 3194 ἄρσην
3294 3123 3352 3186 ὃς
3373 3124 3432 3176 ού
3453 3124 3808 3194 περιτμηθή-

2219 3240 2373 3276 σεται
2412 3218 2477 3292 τῇ
2509 3220 2696 3291 ἡμέρᾳ
2723 3222 2789 3290 τῇ
2820 3218 3015 3289 ὀγδόῃ,
3046 3214 3592 3286 ὲξολοθρευθήσεται’
3626 3234 3647 3268 ι
3685 3215 3805 3268 ἀλλ’

2218 3320 2364 3374 ἔστιν
2394 3321 2521 3374 ίδείν
2558 3319 2686 3383 τοὺς
2718 3318 2817 3388 μὲν
2862 3316 3372 3389 περιτετμημένους
3413 3316 3470 3366 ὲν
3498 3315 3566 3383 τῇ
3616 3314 3808 3382 ἐρήμῳ

2217 3413 2490 3483 διαφόρως
2515 3412 2906 3482 ἀναιρεθέντας
2926 3425 2940 3440 ·
2981 3411 3105 3472 τοὺς
3137 3409 3195 3462 δὲ
3233 3407 3676 3478 ἀπεριτμήτους,
3707 3401 3802 3455 καὶ

2217 3506 2319 3574 τῆς
2366 3504 2473 3558 τῶν
2517 3503 2805 3575 προγόνων
2864 3502 3199 3572 ἐπαγγελίας
3227 3502 3349 3554 ἀντὶ
3397 3499 3497 3569 τῆς
3534 3497 3795 3567 τιμωρίας

2219 3591 2589 3661 τετυχηκότας
2640 3592 2900 3662 (τούτους
2931 3591 3039 3661 γὰρ
3084 3592 3143 3643 ὲν
3186 3590 3486 3659 Γαλγάλοις
3529 3589 3559 3641 δ
3596 3584 3793 3657 Ἰησοῦς

2220 3681 2572 3751 περιέτεμε),
2636 3680 2797 3734 πάλιν
2859 3683 2979 3744 ταῖς
3049 3681 3302 3751 ἐχούσαις
3362 3679 3543 3749 ζύμην
3606 3677 3798 3737 οἰκίαις

2222 3774 2600 3845 πανωλεθρίαν
2632 3774 2950 3843 ἠπείλησεν,
2982 3774 3097 3826 ἀλλ’
3126 3774 3228 3827 οὐκ
3255 3775 3557 3843 ὲπήγαγεν’
3595 3772 3688 3824 καὶ
3715 3771 3801 3822 ὲν-

2219 3864 2397 3919 ταῦθα
2424 3864 2603 3919 τοίνυν
2631 3865 2707 3927 ὡς
2738 3865 3062 3934 φιλόπαιδας
3083 3866 3381 3919 δεδίττεται
3406 3867 3527 3926 ταῖς
3552 3862 3801 3923 ἀπειλαῖς

2220 3958 2315 4012 καί
2340 3971 2526 4027 φησιν·
2556 3976 2576 4010 ‹
2617 3958 2926 4022 Ἀποδιδοὺς
2949 3960 3227 4030 ἁμαρτίας
3253 3957 3504 4028 πατέρων
3526 3958 3621 4009 ἐπὶ
3642 3955 3802 4008 τέκνα

2222 4051 2315 4102 ἐπὶ
2350 4050 2539 4121 τρίτην
2577 4050 2673 4103 καὶ
2702 4049 2970 4121 τετάρτην
2997 4047 3193 4118 γενεάν
3237 4050 3352 4111 τοῖς
3400 4045 3623 4117 μισοῦσί
3656 4058 3742 4115 με’
3778 4062 3797 4094 ι

2221 4142 2303 4196 ὅτι
2328 4142 2617 4213 προσέχειν
2644 4142 2836 4212 γυμνῷ
2865 4141 2943 4212 τῷ
2967 4141 3254 4212 γράμματι
3284 4140 3480 4203 ἀσεϐὲς
3498 4178 3515 4204 ,
3547 4138 3711 4199 αὐτὸς
3738 4136 3801 4188 δι’

2221 4228 2296 4288 ὧν
2322 4235 2585 4288 τάναντία
2622 4233 2864 4287 διδάσκει
2892 4235 2921 4286 ὁ
2952 4232 3106 4299 Θεὸς,
3150 4232 3309 4303 δῆλον
3331 4248 3349 4265 ο
3388 4251 3405 4283 ι
3440 4232 3555 4284 Ούκ
3596 4228 3803 4282 ἀποθαο

2222 4325 2441 4379 νοῦνται
2469 4326 2576 4398 γὰρ
2609 4327 2799 4390 παῖδες
2831 4327 2968 4397 ὑπὲρ
3002 4326 3258 4396 πατέρων
3278 4365 3294 4390 ,
3332 4326 3521 4395 φησιν,
3552 4323 3673 4377 οὐδὲ
3702 4340 3804 4375 πα-

2224 4418 2382 4486 τέρες
2422 4416 2561 4486 ὑπὲρ
2601 4417 2809 4470 παίδων
2833 4431 2847 4447 ⁸
2881 4416 2998 4470 ἀλλ’
3032 4416 3264 4479 ἕκαστος
3296 4419 3351 4468 ὲν
3376 4416 3442 4484 τῇ
3489 4413 3597 4484 ίδίᾳ
3640 4410 3803 4466 αὑτοῦ

2226 4507 2475 4579 ἁμαρτίᾳ
2525 4507 2912 4562 ἀποθανεῖται’
2963 4526 2984 4560 ι
3028 4508 3124 4562 καὶ
3168 4507 3257 4560 διὰ
3313 4505 3586 4575 Ἐζεκιὴλο
3639 4522 3658 4555 ι
3710 4504 3803 4562 Τίς

2225 4596 2354 4667 ύμῖν
2394 4597 2679 4669 παραϐολὴ
2725 4596 2865 4669 αὕτη
2896 4598 3185 4667 λεγόντωνο
3224 4598 3288 4651 Οί
3318 4597 3558 4666 πατέρες
3606 4596 3807 4664 ἔφαγον

2224 4688 2503 4759 δμφακας,
2538 4690 2634 4742 καὶ
2663 4692 2711 4744 οί
2755 4691 2968 4754 ὀδόντες
3007 4691 3116 4744 τῶν
3148 4691 3280 4744 υἱῶν
3321 4689 3685 4759 αίμοδίασαν;
3726 4688 3809 4741 Ζῶ

2224 4782 2359 4850 ἐγὼ,
2389 4784 2535 4851 λέγει
2555 4786 2757 4857 Κύριος
2789 4788 2817 4838 ὀ
2837 4786 2988 4851 Θεὸς,
3019 4789 3067 4840 εί
3090 4787 3243 4839 ἔσται
3270 4788 3303 4856 ἡ
3331 4786 3617 4856 παραϐολὴ
3643 4784 3805 4859 αὕτη,

2225 4875 2365 4929 άλλά
2412 4877 2523 4930 τῶν
2566 4881 2849 4948 φαγόντων
2895 4881 2988 4933 τὸν
3026 4881 3251 4949 ὄμφακα
3296 4880 3714 4949 αίμοδιάσουσιν
3762 4878 3809 4930 oi

2223 4966 2473 5031 ὀδόντι-ις’
2525 4969 2606 5022 ὅτι
2660 4972 2832 5024 πᾶσαι
2868 4973 2923 5024 αί
2970 4970 3139 5041 ψυχαὶ
3186 4971 3317 5040 ἐμαί
3364 4973 3493 5025 είσι·
3542 4989 3562 5022 ι
3600 4972 3698 5024 καὶ
3746 4970 3809 5022 τά

2225 5060 2351 5131 ἑξῆς
2389 5060 2446 5113 δὲ
2474 5062 2679 5132 ταύτην
2712 5064 2810 5133 τὴν
2848 5062 3057 5116 ἔννοιαν
3088 5064 3219 5133 ἔχει·
3256 5061 3369 5131 ἐγὼ
3399 5063 3456 5116 δὲ
3485 5059 3639 5132 οἶμαι
3675 5062 3809 5132 μᾶλ-

2225 5154 2317 5206 λον
2350 5155 2448 5224 τὴν
2478 5154 2627 5208 θείαν
2664 5156 3077 5226 φιλανθρωπίαν
3104 5155 3391 5227 ἐμφαίνειν
3418 5157 3519 5227 τὴν
3553 5156 3807 5225 ἀπειλήν·

2230 5248 2516 5317 πρόκειται
2554 5249 2696 5320 γάρ·
2735 5268 2754 5301 ι
2793 5252 2907 5314 τοῖς
2946 5248 3167 5322 μισοῦσί
3210 5265 3298 5320 με’
3345 5268 3365 5303 ι
3413 5249 3661 5304 τουτέστι
3703 5267 3810 5320 μα-

648 5447 694 5480 ⁶⁸
720 5446 893 5502 Exod.
926 5462 1016 5513 xx,
1042 5447 1097 5503 5.
1158 5448 1204 5479 ⁸³
1234 5446 1389 5502 Deut.
1425 5463 1575 5515 xxiv,
1617 5449 1704 5504 16.
1763 5451 1808 5482 ⁸⁵
1840 5449 2042 5506 Bacch.
2075 5466 2187 5505 xvu
2268 5450 2325 5504 2.

2070 5629 2302 5685 NOTAE.

616 5744 732 5816 (65)
760 5746 839 5821 Ex
869 5746 1213 5821 Theodoreti)
1241 5765 1296 5821 q.
1326 5748 1395 5802 9.7
1412 5750 1476 5821 in
1507 5748 1704 5821 Exod,
1734 5764 1790 5818 p.
1814 5748 1941 5803 258.

618 5820 735 5886 (oo)
781 5818 858 5872 Ex
900 5816 1348 5889 Theodoreto'q.
1394 5820 1466 5875 40
1512 5821 1566 5874 in
1601 5816 1774 5874 Exod.
1812 5830 1852 5873 ι.
1900 5819 2114 5884 LXXX,
2159 5834 2207 5891 p.
2241 5817 2364 5873 9.66.
