4136 6428
400 331 541 402 1080

1259 324 1358 392 ΑΙ)
1397 329 1988 393 AMPHILOCHIUM
2026 316 2375 400 QUIESTIO
2406 326 3032 390 CCLXV'CCLXVIII.

3531 323 3669 388 1000

401 444 666 519 κροθυμῶ
709 436 825 507 τοῖς
878 443 1150 515 πατράσιν
1204 444 1589 514 ἡμαρτηκόσι·
1646 442 1988 514 μακροθυμῶ

2095 441 2276 494 minis.
2310 438 2509 494 Ultima
2542 440 2686 494 enim
2712 439 2877 494 verba
2899 445 3030 494 sunt
3075 455 3095 489 ‹
3121 436 3213 508 qui
3247 436 3481 493 oderunt
3502 441 3610 501 inc,
3643 457 3662 487 ο

400 542 498 597 καὶ
525 539 735 594 παισίν.
768 540 830 593 El
859 540 918 593 δέ
945 541 995 592 oi.
1025 538 1237 606 ἔκγονοι
1265 540 1359 591 καὶ
1387 541 1436 591 οί
1463 540 1722 607 ἀπόγονοι
1745 538 1844 609 τὴν
1872 538 1981 592 τῶν

398 633 687 705 προγόνων
730 630 1036 701 ζηλώσαιεν
1067 628 1357 699 πονηρίαν,
1392 629 1513 681 τότε
1552 628 1739 693 ἐπάξω
1776 628 1875 698 τὴν
1904 645 1985 681 τι·

404 724 637 795 μωρίαν.
708 741 724 775 ι
774 722 950 776 Ποιῶν
995 720 1144 791 γάρ,
1197 721 1389 791 φησιν,
1427 720 1576 782 ἕλεος
1620 722 1702 783 εἰς
1739 719 1984 789 χιλιάδας

403 816 499 869 καὶ
551 813 817 884 μυριάδας
866 813 978 876 τοῖς
1011 810 1267 881 ἀγαπῶσι
1325 829 1413 882 με.
1466 832 1485 863 ι
1519 810 1686 882 Εὖροι
1724 811 1767 863 δ’
1807 811 1872 864 ἂν
1901 827 1985 872 τις

404 905 500 958 καὶ
526 904 625 975 τὴν
666 903 907 973 ἱστορίαν
935 901 1249 973 σύμφωνον·
1282 904 1511 976 πέμπτῃ
1538 904 1648 973 γάρ
1674 904 1841 974 γενεᾷ
1864 901 1989 955 ἀνέ-

405 996 581 1064 ϐησαν
620 996 669 1048 οί
720 995 827 1049 υίοὶ
869 994 1085 1065 Ἰσραὴλ
1126 996 1186 1061 ἐξ
1216 995 1523 1065 Αἰγύπτου·
1563 994 1700 1048 ἀλλά
1730 997 1842 1057 τοῖς
1879 993 1986 1047 τῶν

403 1085 718 1152 Αἰγυπτίων
752 1087 811 1138 ἐν
838 1085 1101 1155 Αἰγύπτῳ
1133 1085 1541 1151 δεδουλευκότες
1574 1085 1717 1147 θεοῖς
1743 1085 1844 1137 οὐκ
1876 1082 1984 1137 ἐτι-

404 1191 503 1227 σαν
527 1174 706 1238 δίκας,
736 1174 860 1227 οὔτε
884 1176 934 1228 οἱ
953 1175 1191 1246 πατέρες
1205 1174 1386 1228 αὐτῶν
1405 1174 1527 1228 οὔτε
1548 1177 1595 1228 οἱ
1620 1175 1986 1246 προπάτορες,

403 1262 560 1315 αὐτοὶ
577 1262 633 1315 δὲ
664 1262 1010 1332 ζηλώσαντες
1032 1262 1129 1334 τὴν
1163 1264 1388 1317 ἐκείνων
1418 1263 1674 1318 ἀσέϐειαν
1691 1262 1990 1333 ἐκολάσθη-

407 1367 540 1405 σαν·
575 1351 654 1415 ὠς
705 1352 844 1423 μετά
881 1353 1150 1423 τοσαύτην
1196 1354 1520 1424 εὐεργεσίαν
1565 1355 1659 1407 καὶ
1698 1355 1767 1408 τὰ
1820 1355 1989 1425 μυρία

405 1439 663 1511 θαύματα.
688 1443 790 1514 τὴν
820 1443 1074 1497 ἀσέϐειαν
1112 1446 1213 1498 οὐκ
1256 1443 1629 1508 ἐκπτύσαντες
1649 1462 1662 1474 ·
1693 1446 1744 1498 οἱ
1773 1444 1832 1497 δὲ
1866 1444 1987 1498 τού-

404 1548 515 1587 των
544 1533 734 1598 παῖδες
764 1533 854 1587 τὸν
891 1530 1123 1606 Σωτῆρα
1154 1534 1288 1588 Θεὸν
1326 1535 1681 1605 ἠγαπηκότες
1716 1536 1815 1605 τῆς
1858 1552 1991 1605 προ-

406 1623 632 1694 γονικῆς
680 1625 1005 1697 ἀπήλαυσαν
1068 1626 1454 1697 ὑποσχέσεως·
1510 1628 1605 1681 καὶ
1661 1627 1877 1697 ὁρῶμεν
1928 1626 1990 1679 τὸ

405 1716 655 1796 ἀψευδὲς
669 1718 768 1788 τῆς
802 1719 940 1789 πρὸς
976 1720 1102 1783 τοὺς
1134 1720 1377 1790 πατέρας
1411 1719 1788 1790 γεγενημένης
1817 1720 1990 1787 ἐπαγ-

405 1810 614 1878 γελίας·
642 1810 710 1865 τά
736 1810 845 1883 γὰρ
867 1812 995 1884 ἔθνη
1021 1813 1110 1866 διὰ
1134 1812 1229 1867 τοῦ
1262 1814 1576 1885 σπέρματος
1610 1812 1865 1882 ’Λϐραάμ
1888 1812 1990 1882 τῆς

406 1900 658 1971 εὐλογίας
690 1903 1010 1975 τετύχηκεν·
1045 1905 1233 1975 ἐπειδὴ
1269 1906 1447 1959 τοίνυν
1479 1905 1574 1958 τὸν
1604 1906 1803 1975 μόσχον
1833 1906 1994 1976 ἔμελ-

407 1991 499 2047 λον
529 1997 878 2065 προσκυνεῖν,
906 1995 1230 2067 προαπειλεῖ
1258 1995 1356 2066 τὴν
1394 1997 1692 2067 τιμωρίαν.

935 2197 1269 2251 ΕΡΩΤΗΣΙΣ
1308 2197 1466 2251 ΣΞΖ’.

699 2356 759 2408 Τί
781 2354 912 2409 ἐστι
940 2353 1424 2424 ἐξεικονισμένον
1446 2358 1707 2426 βρέφος;

2085 532 2137 585 id
2168 541 2273 595 est,
2341 531 2555 600 patiens
2588 546 2689 602 ego
2742 532 2796 585 in
2827 539 3011 602 patres
3057 539 3397 599 peccatores,
3452 530 3668 596 patiens

2084 622 2215 677 etin
2240 621 2401 675 filios.
2458 619 2518 675 Si
2558 629 2739 676 autem
2768 623 2944 691 prima
2971 621 3323 692 secundaque
3376 621 3670 691 progenies

2086 717 2244 770 avitae
2278 714 2497 769 malitiae
2522 715 2716 769 :emula
2746 713 2929 781 fuerit,
2961 725 3093 770 tunc
3134 715 3219 771 his
3242 728 3436 785 poenas
3463 713 3671 768 immit-

2090 815 2235 873 tam;
2262 804 2676 873 uamque,-dicit
2706 803 2990 871 Dominus,
3033 805 3491 860 «Misericordiam
3528 804 3672 857 facio

2088 897 2146 951 in
2180 897 2346 951 millia
2399 897 2486 950 bis
2524 897 2617 965 qui
2668 897 2904 966 diligunt
2930 912 3017 951 me
3039 899 3139 951 ⁸⁵.»
3205 895 3358 963 Quod
3414 896 3672 968 praesenti

2088 1002 2155 1041 ex
2198 988 2422 1042 historia
2448 988 2609 1043 facile
2639 998 2880 1044 constat.
2924 988 3124 1054 Quinta
3146 992 3292 1044 enim
3319 991 3673 1060 generatione

2088 1080 2187 1134 filii
2224 1079 2392 1135 Israel
2448 1080 2515 1136 de
2560 1079 2797 1153 .IEgypto
2870 1084 3274 1147 ascenderunt;
3337 1083 3431 1152 qui
3489 1093 3669 1136 autem

2090 1170 2474 1243 Egyptiorum
2534 1174 2637 1228 diis
2689 1173 2743 1227 in
2794 1172 3041 1244 Egypto
3095 1174 3495 1239 inservierant,
3560 1188 3674 1229 non

2091 1265 2306 1320 multati
2364 1275 2525 1326 sunt.
2578 1280 2757 1336 neque
2809 1275 2996 1337 patres
3055 1281 3271 1331 eorum,
3323 1280 3429 1321 nec
3490 1275 3675 1336 patres

2092 1362 2331 1423 patrum,
2390 1355 2485 1410 sed
2532 1355 2635 1425 ipsi
2694 1370 2885 1425 pmnas
2930 1355 3401 1409 dederuntaemuli
3434 1364 3677 1424 paterna:

2093 1445 2411 1514 impietatis,
2458 1445 2553 1515 qui
2593 1452 2712 1514 post
2771 1453 2920 1498 tanta
2954 1444 3246 1511 benelicia,
3304 1453 3536 1514 postque
3567 1453 3675 1500 tam

2092 1537 2265 1591 multa
2321 1536 2567 1607 prodigia
2640 1536 2976 1607 impietatem
3036 1550 3146 1591 non
3210 1546 3552 1607 reSpueraut.
3610 1537 3681 1591 At

2095 1629 2290 1684 horum
2336 1628 2429 1683 ﬁlii
2480 1636 2770 1698 postquam
2812 1627 3155 1682 Salvatorem
3186 1627 3357 1683 Deum
3398 1637 3675 1693 amarunt,

2095 1718 2163 1774 iis
2190 1718 2343 1774 fruiti
2370 1729 2498 1774 sunt
2533 1734 2657 1789 quae
2683 1719 2931 1788 patribus
2962 1719 3232 1788 promissa
3250 1727 3426 1781 erant,
3445 1733 3680 1788 quaeque

2095 1811 2198 1880 ipsi
2256 1811 2624 1879 comperimus
2706 1825 2834 1865 vere
2902 1811 3205 1880 majoribus
3295 1813 3679 1882 praznuntiata.

2094 1903 2285 1971 Pepuli
2326 1905 2473 1957 enim
2530 1920 2628 1973 per
2673 1919 2860 1959 semen
2912 1905 3192 1959 Abraham
3241 1905 3678 1959 benedictionem

2091 1994 2471 2058 obtinuerunt,
2491 2000 2774 2063 propterea
2798 1992 2965 2062 igitur
2989 1993 3135 2061 quod
3154 1993 3379 2047 vitulum
3403 1989 3680 2045 adoraturi

2092 2098 2300 2152 essent,
2334 2087 2471 2142 tales
2503 2086 2648 2141 Deus
2669 2100 2862 2156 pinnas
2882 2086 3149 2139 minatur.

2163 2176 2495 2243 QUIESTIO
2526 2176 2800 2233 CCLXVII
2832 2174 3027 2249 [CoisL
3072 2175 3404 2242 CCXXXVI,
3441 2176 3609 2233 Taur.

2734 2268 3062 2340 CCLXXVL

2382 2364 2523 2430 Quid
2555 2366 2626 2419 sit
2660 2365 3012 2433 informatum
3045 2365 3181 2433 fetus
3227 2364 3338 2433 (67)
3373 2364 3395 2413 ?

1284 2470 1424 2520 Edita
1453 2484 1480 2519 a
1512 2471 1637 2521 Maio
1669 2475 1726 2537 (l.
1760 2488 1804 2524 c.
1840 2488 1889 2537 p.
1923 2479 2029 2543 150,
2063 2494 2114 2542 q.
2150 2474 2283 2539 276).
2309 2503 2371 2511 —
2404 2475 2560 2525 Exod.
2596 2489 2701 2536 χιιι,
2725 2476 2804 2522 22.

480 2556 620 2609 Φασὶ
671 2554 767 2610 τοῦ
813 2555 1064 2627 σώματος
1107 2557 1164 2610 ἐν
1213 2560 1279 2629 τῇ
1319 2560 1504 2630 μήτρᾳ
1546 2560 1989 2628 διαπλασθέντος,

412 2649 535 2703 τότε
573 2649 949 2721 ἐμψυχοῦσθαι
982 2652 1043 2706 τὸ
1083 2651 1353 2724 ἔμϐρυον·
1392 2655 1488 2709 καὶ
1528 2656 1637 2727 γὰρ
1673 2660 1765 2711 καὶ
1798 2660 1858 2713 τὸ
1899 2660 1991 2713 τοῦ

426 2739 600 2810 ’Λδὰμ
632 2740 791 2810 σῶμα
833 2742 1100 2813 πρότερον
1155 2744 1447 2799 διέπλασεν
1482 2748 1511 2800 ὀ
1549 2747 1682 2813 Θεὸς
1704 2789 1717 2812 ,
1746 2744 1867 2803 εἶτα
1907 2753 1992 2804 ἐν·

414 2833 657 2906 εφύσησε
726 2834 824 2903 τὴν
882 2836 1087 2906 ψυχήν·
1120 2836 1333 2891 κελεύει
1382 2838 1564 2891 τοίνυν
1616 2842 1643 2893 ὁ
1695 2842 1995 2913 νομοθέτης

414 2923 671 2993 γυναικὸς
719 2925 1019 2996 ἐγκύμονος
1057 2928 1115 2987 ἐν
1154 2926 1304 2999 μάχῃ
1346 2928 1720 3001 ἀμϐλωσάσης
1744 2970 1759 2995 ,
1794 2934 1843 2985 εί
1896 2934 1996 3003 μὲν

413 3020 870 3092 ἐξεικονισμένον,
913 3024 1161 3077 τουτέστι
1219 3027 1655 3098 μεμορφωμένον
1680 3028 1888 3093 ἐξέλθοι
1936 3031 1998 3083 τὸ

418 3111 651 3181 βρέφος,
697 3113 856 3182 φόνον
889 3114 1174 3169 καλεῖσθαι
1213 3116 1311 3171 καὶ
1355 3119 1516 3186 φόνου
1565 3119 1723 3189 δίκην
1773 3122 1998 3192 ὑπέχειν

415 3202 510 3256 τὸν
538 3204 834 3273 δεδρακότα
854 3221 868 3235 ·
899 3205 966 3259 ἂν
1002 3205 1060 3259 δὲ
1094 3207 1200 3277 μὴ,
1232 3207 1394 3276 φόνου
1449 3209 1551 3279 μὲν
1596 3211 1858 3280 ἀφίεσθαι
1880 3228 1894 3241 ·
1937 3215 1996 3267 οὐ

416 3292 526 3362 γὰρ
554 3292 796 3365 ἐμψνχον
824 3293 1148 3366 ἐξημϐλώθη
1166 3312 1180 3325 ·
1221 3294 1427 3365 ζημίαν
1459 3297 1517 3352 δέ
1548 3316 1671 3352 τινα
1698 3300 1888 3354 τίνειν.

950 3586 1281 3641 ΕΡΩΊἮΣΙΣ
1303 3587 1469 3643 ΣΞΗ’.

501 3758 621 3828 Τὴν
638 3758 886 3829 σκηνὴν
908 3761 968 3815 τί
987 3761 1213 3827 δήποτε
1240 3762 1519 3833 γενέσθαι
1544 3764 1919 3830 προσέταξεν
1932 3783 1951 3831 ;

2167 2564 2338 2617 Aiunt
2363 2562 2586 2632 quidam
2617 2560 2853 2628 corpori,
2892 2560 3074 2613 statim
3105 2559 3346 2628 atquein
3380 2566 3537 2613 utero
3564 2557 3680 2612 for-

2097 2663 2297 2719 matur,
2345 2654 2583 2706 animam
2609 2648 2802 2704 amari.
2870 2648 3081 2703 Etenim
3119 2663 3321 2719 corpus
3350 2648 3522 2703 Adam
3564 2648 3680 2718 pri.

2097 2762 2246 2802 mum
2301 2744 2559 2800 formavit
2605 2743 2750 2797 Deus
2780 2781 2795 2806 ,
2879 2740 3077 2796 deinde
3122 2741 3355 2796 immisit
3416 2741 3680 2796 animam.

2097 2838 2348 2908 Prazcipit
2379 2835 2839 2907 igiturlegislator
2881 2853 2892 2886 :
2936 2832 2991 2887 Si
3028 2833 3226 2888 mulier
3261 2833 3509 2902 quaedam
3540 2848 3679 2903 praea-

2099 2949 2293 3003 gnans,
2325 2932 2467 2986 inter
2490 2929 2779 2983 rixandum
2808 2941 3088 2997 percussa,
3122 2926 3432 2980 abortivum
3463 2924 3683 2995 quidem

2095 3024 2325 3087 fecerit,
2382 3023 2543 3091 idque
2604 3022 2718 3090 jam
2774 3018 3150 3082 informatum,
3202 3016 3256 3072 id
3305 3026 3389 3073 est
3445 3017 3683 3088 quadam

2097 3126 2351 3185 suscepta
2368 3113 2607 3168 hominis
2629 3113 2801 3164 forma
2831 3111 3047 3175 exierit,
3083 3108 3373 3164 habebitur
3409 3108 3685 3163 homicida

2099 3222 2269 3283 utque
2318 3208 2589 3265 homicida
2634 3209 2889 3278 punietur
2932 3205 3199 3261 facinoris
3277 3204 3519 3259 molitor.
3589 3202 3683 3259 Siu

2098 3306 2276 3370 aliter,
2313 3318 2439 3359 reus
2469 3302 2536 3356 de
2564 3301 2712 3355 czede
2735 3300 2956 3369 quidem
3000 3298 3347 3361 absolvetur,
3384 3311 3495 3350 non
3534 3296 3679 3351 enim

2023 3378 2070 3440 C
2101 3398 2260 3453 vivus
2295 3394 2478 3450 infans
2505 3404 2693 3453 partus
2742 3393 2868 3455 erit,
2906 3388 3001 3444 sed
3026 3389 3265 3459 quadam
3311 3398 3493 3443 tamen
3524 3403 3684 3458 pcnna

2105 3487 2450 3540 multabitur.

2172 3574 2501 3642 QUESTIO
2544 3570 2844 3628 CCLXVIII
2895 3570 3087 3642 [CoisL
3139 3569 3376 3635 CLXXI,
3418 3568 3587 3625 Taur.

2774 3663 3010 3735 CLXXL

2102 3760 2224 3825 Qua
2282 3760 2346 3811 de
2398 3774 2563 3812 causa
2631 3756 3037 3895 tabernacufgg;
3102 3755 3219 3823 ﬁeri
3266 3754 3403 3809 Deus
3442 3758 3688 3823 praescri-

2728 3838 2889 3895 psertt
3044 3863 3059 3877 .

2728 3838 2889 3895 psertt
2923 3838 3032 3895 tua)
3044 3863 3059 3877 .

941 3934 1082 3985 Edita
1105 3950 1133 3986 a
1166 3937 1289 3987 Maio
1320 3938 1375 4001 (l.
1410 3953 1453 3991 c.
1486 3954 1534 4002 p.
1564 3942 1789 4003 151-135,
1820 3957 1872 4005 q.
1903 3944 2035 3999 277).
2070 3971 2131 3983 —
2163 3947 2236 3996 De
2264 3942 2601 3994 tabernaculo.
2635 3943 2793 3992 Exod.
2817 3955 2949 4001 xm,
2978 3942 3000 3992 1
3036 3955 3143 4003 seq.

493 4016 660 4081 Αὐτὸς
682 4018 711 4070 ὁ
734 4018 869 4082 Θεὸς
900 4021 1079 4074 αἰτίαν
1098 4022 1388 4091 δεδήλωκε.
1427 4044 1444 4075 ‹
1481 4027 1590 4079 Καὶ
1615 4030 1864 4099 ποιήσεις
1893 4030 1998 4100 γάρ

2177 4030 2320 4085 Deus
2355 4032 2472 4098 ipse
2506 4043 2733 4085 causam
2774 4028 2958 4083 attulit
2986 4028 3176 4082 dicens
3206 4045 3219 4082 :
3251 4028 3349 4081 «Et
3377 4025 3547 4083 facies
3581 4027 3687 4083 mel

424 4126 536 4181 μοι,
558 4110 756 4180 φησὶν,
794 4111 1062 4179 ἁγίασμα,
1111 4116 1204 4167 καὶ
1233 4114 1546 4186 ὀφθήσομαι
1592 4120 1652 4171 ἐν
1688 4120 1821 4190 ύμῖν
1844 4137 1859 4151 ·
1906 4123 1994 4175 καὶ

2101 4123 2573 4187 sanetuarium,et
2591 4121 2851 4175 habitabo
2879 4122 2934 4174 in
2970 4120 3151 4175 medio
3177 4128 3443 4183 vestrum,
3480 4135 3687 4175 secuno

421 4199 685 4271 ﬁctilem;
717 4201 866 4254 κατάι
897 4203 1077 4255 πάντα
1117 4203 1219 4257 ὅσα.
1267 4204 1378 4273 ἐγὼ
1406 4206 1657 4277 δείκνυμι
1693 4225 1776 4262 σοι
1825 4210 1885 4261 ἐν
1924 4209 1994 4278 τῷ

2100 4214 2230 4269 dum
2259 4215 2538 4283 exemplar
2570 4214 2715 4283 quod
2750 4214 2846 4268 tibi
2880 4214 2934 4267 in
2968 4222 3155 4267 monte
3186 4222 3552 4268 monstratum
3580 4221 3686 4275 est,

420 4289 560 4361 ὄρει,
592 4291 653 4343 τὸ
687 4292 1039 4363 παράδειγμα
1068 4294 1173 4381 τῆς
1198 4297 1403 4367 σκηνῆς
1434 4298 1527 4351 καὶ
1555 4299 1616 4351 τὸ
1651 4300 1994 4371 παράδειγμα

2102 4307 2519 4364 similitudinem
2546 4307 2884 4361 tabernaculi
2907 4316 2963 4362 et
2985 4306 3399 4361 similitudinem
3423 4321 3685 4362 vasorum

422 4381 532 4435 τῶν
566 4384 777 4437 σκευῶν
818 4385 1009 4454 αὐτῆς.
1058 4404 1079 4439 θ
1132 4383 1348 4457 Ἐπειδὴ
1388 4390 1497 4459 γὰρ
1524 4391 1584 4442 ἐν
1612 4389 1689 4461 τῷ
1718 4391 1835 4462 ὄρει
1872 4393 2001 4464 Σινᾷ

422 4473 587 4544 νόμον
614 4474 893 4541 ἐδεδώκει,
930 4476 1078 4540 εἰκὸς
1104 4478 1161 4531 δὲ
1184 4475 1254 4549 ἦν
1286 4497 1437 4545 τινας
1472 4481 1816 4537 ύποτοπάσαι
1846 4502 2003 4555 περι-

422 4565 736 4636 γεγράφθαι
789 4567 852 4620 τὸ
898 4566 1089 4635 Θεϊον,
1147 4570 1401 4625 ἐκέλευσε
1448 4574 1704 4641 γενέσθαι
1760 4578 2003 4647 σκηνήν·

424 4655 635 4710 ἐκεῖθεν
676 4658 777 4729 τὴν
821 4659 1030 4712 οἰκείαν
1063 4661 1388 4731 ποιούμενος
1425 4665 1774 4733 ἐπιφάνειαν,
1809 4668 2006 4720 ἐκπαι-

2102 4401 2155 4454 in
2215 4401 2419 4455 cultum
2468 4400 2587 4469 ejus
2623 4401 2689 4453 “.
2731 4419 2749 4452 ι
2797 4399 2933 4455 Cum
3003 4400 3148 4455 enim
3202 4399 3255 4453 in
3306 4409 3492 4455 monte
3536 4398 3689 4456 Sinal

2105 4494 2275 4563 legem
2313 4493 2585 4558 dedisset,
2617 4492 3023 4563 verisimileque
3070 4502 3216 4549 esset
3264 4494 3530 4563 quosdam
3574 4509 3691 4549 creo

2105 4584 2316 4641 dituros
2350 4585 2819 4655 circumscriptam
2852 4600 2976 4641 esse
3024 4585 3237 4640 numini
3268 4586 3688 4647 habitationem.

2101 4677 2267 4747 jussit
2333 4677 2450 4733 fieri
2510 4679 2948 4744 tabernaculum,
3000 4678 3146 4733 unde
3199 4680 3415 4749 propria
3480 4694 3545 4734 ac
3597 4694 3692 4748 pe—

423 4749 570 4805 δεύει
603 4750 694 4805 τὸν
720 4751 847 4805 λαὸν
876 4751 974 4819 τὴν
1000 4752 1305 4808 εὐσέϐειαν.
1337 4754 1547 4826 Ὥσπερ
1576 4756 1682 4826 γάρ
1703 4756 1798 4827 τὴν
1832 4758 1994 4828 ἐπηγ-

2111 4768 2304 4824 euliari
2352 4769 2791 4825 manifestatioue
2846 4772 3109 4840 populum
3169 4772 3423 4840 pietatem
3472 4770 3687 4826 doceat.

424 4843 694 4915 γελμένην
744 4844 1159 4916 ἀπειληφότων,
1192 4845 1327 4899 νεὼν
1364 4847 1616 4915 γενέσθαι
1660 4848 1966 4919 προσέταξε
1988 4891 2003 4916 ,

425 4940 521 4993 καὶ
548 4940 645 5003 τὰς
676 4938 826 5004 θείας
856 4938 1199 5012 λειτουργίας
1232 4942 1290 4995 ἐν
1354 4942 1527 5012 τούτῳ
1556 4943 1803 5011 γίνεσθαι
1836 4963 2007 5016 προσ-

426 5027 639 5095 έταξεν,
665 5029 753 5083 ἴνα
780 5033 856 5101 μὴ
879 5030 1050 5094 ἀδεῶς
1062 5030 1221 5087 τοῦτο
1236 5031 1472 5102 δρῶντες
1495 5036 1562 5103 τῇ
1587 5036 1693 5087 τῶν
1716 5036 2008 5106 δαιμονίων

427 5122 768 5191 περιπέσωσι
824 5122 1044 5196 πλάνῃ,
1090 5122 1235 5177 οὕτω
1282 5125 1383 5195 τὴν
1416 5124 1624 5195 ἔρημον
1671 5127 2007 5185 διαϐαίνουσι

431 5215 636 5286 σκηνὴν
682 5217 933 5284 γενέσθαι
987 5220 1324 5287 προσέταξε,
1359 5221 1662 5289 μεταϐῆναι
1712 5225 1803 5277 καὶ
1836 5226 2006 5296 αὐτὴν

427 5303 759 5374 δυναμένους
782 5323 795 5336 ·
829 5310 924 5362 καὶ
957 5308 1331 5379 ἀπαιρόντων,
1363 5312 1615 5380 ἡγεῖσθαι
1650 5315 2001 5385 προσέταξεν·

429 5393 515 5449 ἵνα
546 5395 622 5467 μὴ
648 5396 885 5467 ζητῶσιν
914 5399 1077 5453 πάλιν
1111 5399 1285 5468 θεοὺς,
1318 5403 1367 5455 οἳ
1400 5403 1866 5475 προπορεύσονται
1906 5410 2007 5460 αὐ-

573 5505 617 5536 ”
642 5506 817 5563 Exod.
855 5524 946 5575 xx,
980 5508 1034 5563 6.
1070 5510 1114 5541 ⁸⁵⁸⁸
1132 5511 1306 5567 Exod.
1341 5527 1470 5580 xxv,
1502 5512 1557 5568 8.

2110 4861 2287 4931 thue
2322 4876 2456 4927 nos,
2488 4862 2688 4933 quibus
2726 4863 2995 4933 promissa
3038 4862 3317 4932 persoluta
3370 4870 3518 4929 sunt,
3553 4872 3694 4917 tem-

2106 4954 2256 5022 plum
2302 4954 2505 5009 habere
2555 4954 2721 5024 jussit
2769 4954 2913 5008 Deus
2952 4954 3006 5008 in
3038 4969 3151 5024 quo
3183 4953 3397 5023 liturgia
3439 4952 3690 5024 quaedam

2108 5053 2441 5109 servaretur,
2509 5059 2577 5098 ne
2646 5060 2801 5101 sacra
2847 5045 3056 5114 absque
3099 5044 3402 5099 reverentia
3429 5043 3691 5098 facientes

2110 5135 2268 5191 facile
2296 5136 2350 5190 in
2377 5136 2689 5192 daemonum
2715 5137 2930 5193 insidiis
2950 5138 3275 5193 caderemus
3299 5180 3313 5202 ,
3344 5138 3423 5192 sic
3453 5136 3692 5192 Ilebraris

2109 5228 2384 5283 desertum
2420 5230 2831 5285 transeuntibus
2874 5230 3014 5284 Deus
3065 5230 3400 5300 praescripsit
3444 5242 3502 5283 ut
3544 5237 3693 5285 esset

2110 5319 2559 5385 tabernaculum;
2608 5321 2768 5391 idque
2802 5322 2895 5391 qui
2921 5322 3163 5376 valerent
3197 5331 3566 5391 asportarent,
3604 5332 3689 5376 ut-

2111 5426 2213 5480 que
2242 5421 2584 5481 asportantes
2606 5416 2895 5481 anteirent,
2932 5430 3000 5469 ne
3030 5430 3221 5470 rursus
3241 5415 3336 5484 qui
3359 5430 3424 5470 ex
3451 5414 3692 5470 Hebraeis

1959 5605 2191 5666 ΝΟΤιΕ.

429 5779 483 5838 p.
761 5697 1106 5757 'I‘heodoreto
1128 5717 1183 5773 q.
1210 5702 1280 5759 68
1300 5703 1353 5758 in
1376 5702 1549 5760 Exod.
1572 5702 1762 5759 Videt.
1785 5700 2000 5767 LXXX,

709 5864 979 5925 Parnm“
1018 5866 1132 5927 GR.
1169 5866 1264 5929 CI.

2112 5704 2316 5849 Ρ.
2343 5705 2421 5761 Ex
2462 5705 2810 5768 Theodoreto
2837 5727 2891 5783 q.
2927 5712 2995 5768 60
3042 5713 3095 5768 in
3141 5711 3313 5769 Exod.
3359 5712 3422 5768 T.
3462 5710 3680 5780 LXXX,

3258 5878 3336 5936 35
