4136 6478
487 306 619 372 1091

1660 309 1921 370 PIIOTII
1960 309 2467 372 PATRIARCHJE
2497 314 2607 375 ΟΡ.

3630 310 3777 377 1092

485 425 888 497 praecedebant,
939 426 1039 479 sibi
1069 425 1202 480 deos
1262 434 1592 493 quaererent,
1640 434 1833 491 utque,
1868 426 2068 496 populo

2195 426 2301 480 τῶν·
2349 428 2445 481 καὶ
2484 426 2857 496 αύλιζομένων
2901 423 3192 479 ἵστασθαι·
3234 417 3348 495 εἶχε
3397 424 3453 478 δὲ
3488 424 3630 495 αὕτη
3668 427 3776 494 τῆς

485 519 784 582 assidente,
807 519 1133 575 assiderent.
1175 519 1445 574 Praeterea
1469 519 1633 573 habet
1653 520 2069 575 tabernaculum

485 613 647 683 quasi
708 613 1005 667 creationis
1048 612 1364 682 imaginem.
1420 610 1493 666 Ut
1550 613 1719 677 enim,
1780 623 2071 683 postquam

486 705 686 760 coelum
715 714 768 758 et
802 715 1002 759 terram
1034 705 1250 759 fecisset
1284 704 1447 767 Deus,
1481 705 1533 759 in
1574 705 1756 760 medio
1783 705 2077 761 collocavit

491 796 927 861 firmamentum,
977 813 1088 867 quo
1142 807 1561 853 secernerentur
1603 798 1850 853 coelestia
1901 808 2075 854 terre-

488 889 727 955 Stribus,
760 890 907 944 haud
967 889 1146 953 aliter,
1187 900 1474 960 postquam
1517 891 1890 946 sanetuarium
1954 906 2078 947 esse

490 997 661 1034 unum
708 982 1177 1050 praescripsisset,
1223 981 1276 1034 in
1330 981 1513 1035 medio
1568 981 1689 1051 ejus
1736 982 1864 1052 poni
1911 982 2078 1052 jussit

489 1075 670 1129 velum
710 1074 853 1144 quod
877 1083 1025 1129 esset
1047 1088 1145 1142 pro
1178 1072 1541 1127 firmamento.
1576 1072 1667 1127 Sic
1696 1089 1823 1129 arca
1856 1074 1911 1129 itt
1939 1075 2078 1131 duas

491 1169 666 1224 divisa
700 1176 784 1222 est
817 1174 1034 1237 partes;
1076 1174 1285 1234 partem
1325 1174 1505 1219 autem
1540 1181 1661 1234 qurc
1683 1167 1842 1235 juxta
1864 1176 2076 1237 portam

491 1269 611 1315 erat
645 1259 1015 1315 sanctuariutn
1044 1258 1353 1328 appellavit,
1382 1258 1692 1313 interiorem
1720 1274 1850 1314 vero
1875 1258 2074 1315 Sancta

494 1360 852 1416 sanctorum;
908 1363 1077 1419 utque
1120 1350 1254 1403 dicit
1311 1349 1476 1401 David
1550 1368 1563 1403 :
1638 1350 1901 1406 «(Icelum
1953 1353 2078 1407 caeli

494 1445 750 1506 Domino,
802 1453 1004 1497 terram
1048 1451 1229 1496 autent
1276 1442 1425 1496 dedit
1460 1443 1585 1499 filiis
1637 1445 1920 1499 hominum
1950 1446 2017 1511 ⁸⁷,
2056 1465 2075 1498 ι

496 1537 576 1594 sic
636 1536 876 1591 exterior
920 1535 1222 1602 sanctuarii
1253 1550 1381 1605 pars
1397 1535 1523 1589 data
1556 1546 1640 1591 est
1675 1538 2079 1601 sacerdotibus,

496 1630 725 1684 interior
766 1643 895 1683 vero
942 1629 1146 1684 intacta
1201 1628 1485 1695 remansit,
1536 1629 1783 1700 nullique
1838 1647 2079 1702 unquam

496 1725 711 1793 patuit,
786 1724 891 1779 nisi
967 1737 1185 1779 summo
1235 1722 1526 1793 pontiﬁci,
1590 1731 1645 1779 et
1691 1724 1861 1781 semel
1918 1725 2080 1780 modo

496 1816 812 1887 quotannis.

570 1910 671 1965 Hic
702 1918 861 1965 erant
908 1910 1204 1965 simulacra
1253 1908 1548 1965 Cherubim
1602 1908 1697 1979 qui
1733 1909 2085 1980 incorporeas

498 2009 797 2070 potestates
829 2000 1154 2071 ﬁgurabant.
1215 2000 1274 2054 ln
1305 2000 1485 2056 medio
1516 2014 1657 2054 areae
1702 2000 1917 2056 tabulas
1950 2002 2085 2070 legis

500 2096 786 2150 includens
810 2104 863 2149 et
894 2110 1086 2149 urnam
1119 2109 1243 2149 eum
1281 2108 1506 2159 manna,
1539 2102 1593 2147 et
1615 2095 1822 2164 virgam
1850 2094 2086 2148 Aaronis

501 2189 886 2255 germinatam.
918 2184 1018 2247 Hie
1050 2200 1271 2255 quoque
1303 2196 1425 2240 erat
1463 2184 1908 2254 propitiatorium
1941 2185 2087 2255 quod

500 2277 758 2348 expansis
789 2277 915 2340 alis,
946 2276 1543 2347 tegebantCherubim.
1584 2274 1708 2330 llrec
1741 2274 1879 2329 inter
1902 2275 2086 2329 omnia

500 2386 559 2425 se
606 2371 751 2425 Deus
789 2368 1198 2424 manifestatum
1238 2368 1425 2423 dabat.
1493 2366 1633 2422 Cum
1685 2367 1831 2421 enim
1891 2376 2087 2421 natura

499 2460 683 2515 divina
736 2474 914 2529 neque
956 2473 1222 2528 corporea
1263 2459 1354 2524 sit,
1396 2472 1575 2526 neque
1612 2457 1867 2526 figurata,
1891 2472 1995 2511 nec
2024 2472 2087 2511 ea

499 2567 729 2622 prorsus
759 2552 847 2607 cui
878 2551 1077 2607 similis
1116 2552 1298 2621 imago
1326 2557 1596 2611 struatur,
1653 2547 1798 2603 Deus
1834 2551 2092 2618 prmccpit

501 2648 741 2702 maxima
801 2646 885 2702 sui
926 2647 1098 2715 ipsius
1126 2646 1363 2713 insignia
1406 2643 1793 2714 repraesentari
1827 2643 2091 2715 symbolis

502 2756 625 2810 quae
662 2740 1002 2795 tabernaculi
1034 2740 1181 2793 intus
1205 2747 1412 2793 essent.
1471 2738 1684 2794 Indices
1710 2737 1855 2793 enim
1879 2736 2092 2807 legisla-

505 2834 670 2889 tionis
715 2841 872 2887 erant
907 2832 1138 2897 tabulm;
1197 2830 1489 2885 sacerdotii
1548 2831 1743 2901 virga,
1801 2830 1980 2884 victus
2034 2830 2091 2884 in

486 2932 725 2983 deserto
785 2940 1012 2987 manna,
1054 2924 1583 2995 prophetiarumque
1614 2923 2089 2994 propitiatorium.

486 3021 636 3076 inde
651 3019 797 3075 enim
822 3017 1136 3089 prophetias
1157 3017 1353 3072 edebat
1389 3017 1554 3073 Deus.
1606 3015 1739 3083 Quae
1774 3016 1943 3085 igitur
1973 3016 2093 3071 velo

2175 518 2405 583 κτίσεως
2429 519 2527 591 τὴν
2553 520 2738 573 εἰκόνα
2755 533 2769 548 ·
2798 518 2990 589 ὥσπερ
3020 518 3129 588 γάρ
3155 517 3249 571 τὸν
3282 517 3514 587 οὐρανὸν
3539 519 3637 571 καὶ
3668 517 3778 587 τὴν

2175 613 2279 681 γῆν
2304 611 2719 683 δημιουργήσας
2745 611 2773 663 ὁ
2798 609 2931 672 Θεὸς
2961 610 3125 679 μέσον
3158 608 3357 679 ἔστησε
3385 608 3447 661 τὸ
3476 608 3778 679 στερέωμα

2174 703 2242 758 δι’
2270 702 2438 758 αὑτοῦ
2472 702 2718 773 διορίσας
2742 701 2812 755 τὰ
2844 701 2956 756 ἄνω
2982 700 3092 754 τῶν
3125 701 3297 764 κάτω,
3328 699 3474 753 οὕτω
3502 700 3606 772 τὴν
3630 717 3769 769 σκηι

2176 795 2275 865 νὴν
2309 794 2440 863 μίαν
2471 792 2783 865 προστάξας
2813 793 3098 861 γενέσθαι,
3131 794 3188 845 ὲν
3226 792 3377 862 μέσῳ
3408 791 3779 861 διαταχθῆναι
3850 840 3853 841 ,

2178 887 2393 941 κελεύει
2423 886 2487 939 τὸ
2516 887 2933 957 παραπέτασμα
2962 886 3021 937 ὲν
3049 884 3205 954 τύπῳ
3232 883 3327 937 τοῦ
3359 881 3777 953 στερεώματος·
3832 873 3841 880 ’

2181 980 2275 1033 καὶ
2308 979 2375 1033 δι’
2420 977 2584 1033 αὐτοῦ
2626 979 2854 1050 διῄρητο
2892 979 2926 1047 ἠ
2957 976 3221 1041 κιϐωτός
3252 975 3350 1030 καὶ
3382 976 3444 1027 τὸ
3476 975 3631 1045 παρά
3668 975 3783 1044 τὴν

2185 1071 2358 1143 θύραν
2410 1071 2575 1142 μέρος
2606 1070 2866 1124 ἐκάλεσεν
2916 1070 3068 1137 ἆγια·
3102 1072 3163 1120 τὸ
3222 1067 3280 1120 δὲ
3311 1066 3406 1120 τοῦ
3442 1067 3783 1137 παραπετὰ.⁴

2184 1183 2394 1237 σματος
2419 1165 2589 1227 ἔνδον,
2612 1165 2780 1232 ’Ἅγια
2798 1162 2989 1231 ἀγίων·
3012 1162 3106 1216 καὶ
3126 1161 3316 1231 ὥσπερ
3344 1159 3493 1228 λέγει
3521 1162 3549 1212 ὁ
3579 1159 3779 1212 Δαϐίδ·

2192 1278 2210 1309 ι
2261 1257 2321 1310 Ὁ
2366 1256 2595 1328 οὐρανὸς
2644 1256 2738 1308 τοῦ
2778 1254 3014 1326 οὐρανοῦ
3062 1253 3141 1323 τῷ
3190 1253 3403 1324 Κυρίῳ,
3439 1252 3539 1323 τὴν
3564 1254 3621 1306 δὲ
3667 1254 3784 1322 γῆν

2187 1351 2357 1404 ἔδωκε
2384 1352 2497 1414 τοῖς
2531 1350 2668 1411 υἱοῖς
2696 1350 2806 1401 τῶν
2834 1346 3169 1418 ἀνθρώπων,
3212 1364 3232 1398 ›
3268 1343 3411 1397 οὕτω
3443 1344 3540 1397 καὶ
3571 1343 3633 1397 τὸ
3667 1345 3785 1409 ἔξω

2186 1444 2285 1514 μὲν
2316 1441 2411 1495 τοῦ
2447 1440 2948 1509 καταπετάσματος
2985 1438 3260 1508 είσητιτὸν
3298 1433 3366 1507 ἦν
3392 1437 3506 1500 τοῖς
3539 1435 3779 1506 ἱερεῦσι,

2183 1538 2250 1591 τὰ
2274 1536 2330 1589 δὲ
2362 1534 2510 1588 ἔνδον
2537 1532 2792 1602 ἄψαυστα
2816 1527 2883 1603 ἦν
2913 1531 3009 1584 καὶ
3037 1531 3225 1586 ἄδυτα·
3254 1530 3344 1583 τὸν
3371 1528 3633 1602 ἀρχιερέα
3662 1531 3784 1601 γὰρ

2188 1629 2347 1701 μόνον
2379 1626 2527 1692 ἅπαξ
2556 1626 2652 1679 τοῦ
2686 1624 2840 1688 ἔτους
2869 1624 3034 1695 νόμος
3064 1618 3132 1696 ἦν
3164 1624 3414 1679 εἰσιέναι.

2256 1914 2366 1969 Ἦν
2393 1914 2452 1967 δὲ
2480 1915 2597 1967 ἐκεῖ
2626 1912 2694 1967 τά
2729 1912 2840 1966 τῶν
2872 1911 3157 1983 Χερουϐὶμ
3187 1912 3567 1982 είκονίσματα,
3606 1909 3786 1963 τύπον

2187 2007 2295 2061 τῶν
2317 2008 2626 2076 ἀσωμάτων
2653 2005 2939 2076 δυνάμεων
2972 2004 3260 2075 ἐπέχοντα·
3296 2005 3354 2058 ὲν
3384 2003 3539 2074 μέσῳ
3567 2002 3623 2056 δὲ
3647 2003 3783 2055 τού-

2187 2113 2296 2150 των
2336 2098 2370 2166 ή
2405 2094 2639 2158 κιϐωτὸς
2684 2094 2783 2158 τὰς
2833 2092 3049 2157 πλάκας
3079 2094 3280 2163 ἔχουσα
3325 2092 3419 2145 τοῦ
3456 2092 3648 2163 νόμου,
3684 2096 3787 2145 καὶ

2188 2187 2287 2257 τὴν
2319 2186 2556 2256 στάμνον
2586 2183 2680 2237 τοῦ
2704 2184 2914 2253 μάννα,
2944 2184 3042 2236 καί
3071 2183 3170 2253 τὴν
3206 2182 3403 2253 ῥάϐδον
3436 2179 3652 2253 Ἀαρὼν
3677 2182 3787 2250 τήν

2192 2278 2604 2349 βλαστήσασαν·
2652 2276 2907 2330 ἐπέκειτο
2936 2275 2995 2329 δὲ
3033 2276 3169 2345 αὐτῇ
3216 2274 3277 2327 τὸ
3316 2272 3630 2343 ἱλαστήριον
3658 2275 3788 2336 ταῖς

2191 2371 2419 2442 πτέρυξι
2458 2369 2568 2424 τῶν
2610 2368 2895 2441 Χερουϐὶμ
2928 2367 3324 2438 σκιαζόμενον·
3369 2366 3427 2421 ἐν
3457 2364 3634 2437 τούτῳ
3660 2365 3717 2419 δὲ
3754 2366 3789 2419 ὁ

2189 2464 2297 2517 τῶν
2344 2464 2483 2517 ὅλων
2527 2463 2659 2527 Θεὸς
2707 2462 2806 2534 τὴν
2854 2462 3064 2515 οἰκείαν
3115 2460 3444 2530 ἐπιφάνειαν
3504 2461 3785 2513 ἐποιεῖτο·

2191 2555 2380 2628 ἐπειδὴ
2420 2555 2528 2627 γὰρ
2558 2557 2592 2624 ἡ
2626 2555 2745 2608 θεία
2784 2555 2946 2624 φύσις
2977 2554 3217 2618 ἁνείδεός
3245 2572 3305 2607 τε
3351 2554 3445 2607 καὶ
3474 2552 3790 2623 ἀσχημάτι-

2194 2664 2351 2713 στος,
2381 2648 2473 2701 καὶ
2503 2647 2604 2718 τῆς
2644 2647 2902 2718 τοιαύτης
2942 2646 3129 2708 οὐσίας
3160 2644 3376 2708 εἰκόνας
3418 2640 3790 2713 τεκτήνασθαι

2194 2741 2546 2795 παντάπασιν
2573 2739 2859 2806 ἀδύνατον,
2884 2739 2952 2793 τὰ
2977 2738 3219 2809 σύμϐολα
3247 2737 3355 2790 τῶν
3381 2736 3657 2807 μεγίστων
3688 2736 3789 2787 αὑ-

2194 2835 2303 2886 τῶν
2349 2833 2569 2903 δωρεῶν
2619 2832 2767 2887 ἔνδον
2801 2833 3017 2887 κεῖσθαι
3048 2832 3404 2904 προσέταξεν·
3450 2832 3507 2885 αἱ
3538 2830 3640 2901 μὲν
3678 2830 3793 2899 γάρ

2196 2926 2404 2988 πλάκες
2436 2926 2537 2997 τὴν
2577 2926 2904 2996 νομοθεσίαν
2936 2926 3162 2997 ἐδήλουν
3187 2940 3202 2954 ·
3249 2925 3347 2997 τὴν
3384 2923 3689 2994 ἱερωσύνην
3730 2923 3793 2974 δὲ

2196 3022 2228 3091 ή
2262 3020 2476 3092 ῥάϐδος·
2511 3019 2574 3073 τὸ
2619 3019 2676 3073 δὲ
2712 3019 2887 3090 μάννα
2912 3018 3014 3089 τὴν
3044 3020 3102 3071 ὲν
3134 3018 3327 3090 ἐρήμῳ
3356 3017 3598 3086 τροφήν·
3644 3013 3706 3067 τὸ
3733 3012 3792 3066 δέ

508 3114 656 3169 intus
686 3111 907 3167 fuerant
930 3111 1222 3179 collocata,
1257 3111 1504 3167 ccelestia
1535 3110 1868 3177 referebant,
1897 3119 1951 3165 et
1972 3109 2090 3164 ideo

2197 3131 2263 3183 γε
2295 3113 2605 3185 ἱλαστήριον
2633 3112 2736 3183 τῆς
2759 3112 3101 3184 προφητείας
3133 3110 3197 3165 σύ
3207 3104 3502 3210 μϐολονφῆν
3530 3125 3545 3139 ·
3571 3108 3790 3161 ἐκεῖθεν

488 3220 635 3274 ,pars
665 3205 759 3260 illa
792 3203 994 3259 Sancta
1013 3211 1329 3259 sanctorum
1354 3200 1752 3272 appellabatur.
1774 3200 1891 3256 Hoc
1906 3201 2090 3255 beatus

2198 3206 2307 3276 γὰρ
2337 3205 2395 3259 αί
2430 3205 2766 3277 προρρήσεις
2797 3202 3074 3271 ἐγίνοντο·
3113 3201 3184 3254 τὰ
3228 3202 3329 3271 μὲν
3368 3194 3461 3253 οὖν
3500 3197 3652 3252 ἔνδον
3695 3195 3791 3250 τοῦ

509 3299 712 3353 Paulus
744 3306 976 3353 testatur
1006 3297 1195 3352 dicens
1250 3312 1265 3350 :
1334 3315 1352 3349 ι
1382 3294 1500 3349 Non
1526 3295 1671 3349 enim
1698 3294 1753 3347 in
1781 3290 2098 3347 manufacta

508 3396 702 3443 sancta
729 3386 889 3443 Jesus
930 3385 1179 3441 introivit
1223 3383 1557 3453 exemplaria
1593 3397 1875 3447 verorum,
1913 3381 2009 3438 sed
2044 3382 2099 3436 in

509 3481 689 3548 ipsum
730 3477 930 3533 coelum
950 3477 1017 3530 ⁸⁸.
1078 3495 1097 3529 ›
1138 3474 1272 3540 Qua:
1326 3485 1508 3529 autem
1547 3474 1687 3529 citra
1716 3473 1897 3528 velum
1920 3482 2099 3532 erant,

508 3570 786 3626 terrestria
844 3568 1326 3640 repraesentabant.
1366 3566 1466 3621 Hic
1484 3574 1622 3628 erat,
1662 3563 1887 3621 australi
1926 3573 2103 3635 parte,

508 3660 903 3717 candelabrum
957 3668 1163 3729 septem
1222 3674 1289 3710 ex
1346 3655 1644 3710 hastilibus
1696 3664 1996 3719 constans,
2043 3662 2099 3709 et

516 3768 685 3823 super
734 3746 1122 3807 candelabrum
1183 3750 1422 3804 lucernae
1460 3758 1691 3818 septem,
1723 3758 1932 3817 septem
1965 3747 2098 3801 heb-

512 3844 902 3901 domadisdies
943 3842 1271 3914 figurabant.
1333 3841 1412 3895 Ex
1456 3840 1663 3896 boreali
1703 3850 1880 3911 parte,
1933 3855 2097 3895 aurea

511 3952 701 3993 mensa
735 3952 902 4007 supra
926 3951 1116 4007 quam,
1147 3934 1239 3988 Dei
1272 3934 1455 4004 jussu,
1482 3948 1652 4003 panes
1680 3933 2100 4004 imponebantur

512 4032 827 4097 duodecim,
864 4044 1155 4099 aureasque
1187 4027 1385 4098 phialae
1417 4026 1595 4081 thuris
1643 4036 1697 4081 et
1728 4025 1860 4081 salis
1903 4026 2098 4095 plenae.

512 4125 659 4180 Inter
690 4123 1081 4179 candelabrum
1110 4131 1165 4175 et
1196 4135 1443 4175 mensam
1458 4118 1633 4174 altare
1650 4134 1718 4174 ex
1736 4133 1874 4173 auro
1901 4118 2098 4173 stabat.

511 4217 641 4275 llam
680 4215 958 4272 ordinatio
1014 4226 1135 4270 erat
1179 4213 1465 4269 fructuum
1518 4226 1659 4282 quos
1710 4211 1923 4268 homini
1957 4223 2101 4266 terra

511 4306 737 4376 preebet.
1146 4328 1151 4333 ·

2198 3297 2718 3367 καταπετάσματος,
2749 3295 2860 3349 τῶν
2900 3293 3168 3366 οὐρανίων
3203 3289 3316 3364 εἶχε
3354 3292 3547 3346 τύπον·
3579 3290 3664 3345 διὸ
3695 3291 3792 3343 καὶ

2201 3390 2369 3457 ’Ἅγια
2395 3389 2505 3442 τῶν
2533 3389 2705 3457 ἁγίων
2722 3388 3041 3459 ὠνόμαστο·
3078 3388 3349 3457 μαρτυρεῖ
3374 3385 3432 3439 δὲ
3463 3383 3621 3438 τοῦτο
3649 3382 3788 3437 καὶὸ

2206 3481 2477 3553 μακάριος
2515 3481 2730 3547 Παῦλος
2763 3481 2939 3550 λέγων
2967 3496 2982 3511 ·
3015 3499 3033 3531 ι
3066 3480 3140 3533 Οὐ
3174 3481 3285 3550 γὰρ
3326 3480 3406 3543 εἰς
3437 3475 3781 3548 χειροποίητα

2206 3572 2338 3639 ἅγια
2369 3570 2617 3642 εἰσῆλθεν
2660 3574 2689 3625 ὁ
2726 3570 2962 3641 Χριστὸς
3006 3570 3276 3625 ἀντίτυπα
3322 3568 3432 3622 τῶν
3481 3566 3777 3638 ἀληθινῶν,

2196 3663 2310 3717 ἀλλ’
2335 3665 2416 3728 εἰς
2444 3665 2608 3718 αὑτὸν
2636 3663 2729 3718 τὸν
2761 3663 3011 3734 οὐρανόν·
3063 3682 3083 3715 ι
3114 3662 3184 3715 τὰ
3216 3662 3275 3715 δὲ
3306 3661 3502 3715 τούτου
3537 3659 3686 3722 ἐντὸς
3714 3659 3787 3710 εἰ-

2198 3756 2328 3809 κόνα
2358 3756 2524 3826 ἔφερε
2556 3756 2665 3809 τῶν
2690 3756 2954 3825 ἐπιγείων
2974 3770 2990 3786 ’
3016 3750 3128 3826 εἶχε
3153 3754 3210 3807 δὲ
3234 3754 3407 3809 ταῦτα
3436 3752 3662 3823 λυχνίαν
3697 3750 3791 3819 μὲν

2197 3848 2258 3902 ὲν
2293 3848 2373 3920 τῷ
2404 3847 2564 3918 νοτίῳ
2597 3848 2755 3919 μέρει
2783 3848 3163 3914 ὲπτάκαυλον,
3211 3846 3532 3917 ἰσαρίθμους
3563 3843 3792 3914 ἔχουσαν

2199 3938 2426 4010 λύχνους
2465 3940 2885 4011 ἐπικειμένους·
2916 3938 3140 4011 ἐδήλουν
3171 3938 3228 3992 δὲ
3255 3932 3400 3992 οὗτοι
3432 3935 3541 3990 τῶν
3572 3934 3793 4005 ήμερῶν

2199 4030 2300 4100 τῆς
2331 4030 2626 4102 ἑϐδομάδος
2655 4032 2746 4086 τὸν
2786 4030 3041 4102 ἀριθμόν·
3074 4028 3359 4101 τράπεζαν
3397 4028 3455 4082 δὲ
3501 4029 3561 4081 ὲν
3595 4026 3677 4097 τῷ
3712 4025 3796 4096 βο-

2204 4122 2335 4192 ρείῳ
2370 4123 2613 4194 χρυσῆν,
2644 4123 2735 4192 ἐφ’
2767 4117 2837 4194 ἧς
2868 4124 3070 4194 ἄρτους
3100 4119 3404 4192 προσέταξε
3432 4118 3794 4191 προσκεῖσθαι

2201 4213 2562 4280 δυοκαίδεκα,
2595 4216 2691 4268 καὶ
2732 4214 2929 4284 φιάλας
2968 4214 3180 4284 χρυσᾶς
3216 4215 3446 4283 πλήρεις
3491 4209 3795 4265 λιϐανωτοῦ

2205 4304 2301 4358 καὶ
2343 4305 2510 4361 ἀλῶν·
2558 4308 2616 4361 ὲν
2665 4306 2723 4359 δὲ
2757 4304 2837 4376 τῷ
2876 4306 3029 4376 μέσῳ
3068 4304 3169 4373 τῆς
3207 4320 3268 4357 τε
3310 4303 3534 4373 λυχνίας
3565 4303 3662 4356 καὶ
3700 4303 3797 4373 τῆς

512 4404 818 4473 τραπέζης,
851 4400 1086 4473 χρυσοῦν
1117 4400 1298 4453 ἔκειτο
1328 4398 1738 4469 θυσιαστήριον·
1770 4396 1946 4452 ταῦτα
1970 4398 2014 4451 δ’
2044 4394 2111 4471 ἦν
2155 4400 2511 4472 συντάγματα
2556 4401 2665 4455 τῶν
2694 4402 2814 4471 ,ἀπὸ
2845 4404 2949 4472 γῆς
3020 4403 3135 4465 τοῖς
3206 4400 3515 4473 ἀνθρώποις
3559 4399 3799 4471 δεδωρη-

517 4495 695 4564 μένων
720 4493 971 4561 καρπῶν.

586 4581 824 4641 ἰΕηευιη
858 4594 1047 4640 autem
1084 4585 1255 4640 altare
1286 4586 1351 4640 ad
1410 4586 1555 4655 quod
1585 4586 1821 4642 victimae
1870 4586 2090 4642 adduce-

2287 4585 2400 4657 Πρὸ
2431 4585 2487 4638 δὲ
2516 4584 2615 4656 τῆς
2650 4587 2855 4656 σκηνῆς
2886 4584 2992 4649 ἔξω
3020 4584 3081 4638 τὸ
3113 4583 3350 4654 χαλκοῦν
3375 4582 3800 4654 θυσιαστήριον,

514 4682 739 4743 bantur,
791 4692 976 4734 coram
1020 4676 1401 4743 tabernaculo,
1438 4676 1577 4733 foris
1621 4678 1917 4745 exstabat;
1960 4678 2107 4733 unde

2205 4678 2266 4731 τὸ
2315 4678 2385 4731 τὰ
2439 4678 2859 4748 προσφερόμενα
2908 4677 3199 4748 δεχόμενον
3249 4675 3505 4745 θύματα·
3548 4676 3702 4743 δηλοί
3745 4676 3804 4729 δὲ

516 4772 870 4843 perspicuum
924 4780 1009 4824 est
1041 4770 1156 4823 haec
1200 4784 1608 4838 supervacanea
1658 4770 1849 4835 fuisse,
1887 4769 2090 4840 Deoqui

2207 4769 2365 4823 τοῦτο
2404 4769 2636 4841 περιττά
2667 4765 2805 4822 εἶναι
2836 4769 3011 4823 ταῦτα
3050 4770 3143 4823 καί
3185 4770 3260 4839 μὴ
3294 4769 3504 4840 ἀρεστὰ
3530 4768 3610 4839 τῷ
3658 4768 3802 4840 Θεῷ·

515 4864 835 4935 injucunda.
866 4862 991 4918 llaec
1014 4862 1235 4932 operari
1268 4876 1426 4916 sacra
1450 4860 1594 4917 Deus
1612 4864 1886 4918 concessit
1904 4862 2090 4918 Judaei:

2210 4863 2333 4917 ὅθεν
2385 4863 2753 4916 ἐπιτελεῖσθαι
2799 4862 2898 4933 μὲν
2946 4863 3084 4917 αὐτά
3133 4861 3514 4933 συνεχώρησεν
3569 4862 3659 4916 διὰ
3708 4864 3806 4932 τὴν

516 4957 587 5011 ob
615 4970 809 5011 eorum
839 4954 1239 5019 infirmitatem,
1295 4953 1388 5007 sed
1434 4953 1612 5007 solum
1647 4963 1804 5009 extra
1858 4955 2113 5009 taberna-

519 5050 727 5113 culum,
757 5048 904 5104 velut
935 5046 1289 5102 interioribus
1315 5060 1423 5101 non
1447 5046 1782 5113 necessaria,
1803 5060 1903 5101 nos
1929 5056 2112 5101 autem

518 5140 788 5196 solemnia
813 5146 1004 5194 nostra
1030 5138 1392 5193 interioribus
1412 5137 1793 5208 exsequimur,
1826 5136 1938 5193 Deo
1964 5138 2111 5202 thus,

2226 4955 2497 5010 Ἰουδαίων
2521 4955 2831 5020 ἀσθένειαν,
2863 4955 2967 5020 ἔξω
2990 4956 3046 5009 δὲ
3078 4955 3284 5026 σκηνῆς
3308 4956 3383 5019 ὡς
3407 4956 3508 5008 οὑκ
3531 4957 3807 5022 ἀναγκαῖα

2216 5047 2330 5109 τοῖς
2360 5045 2540 5099 ἔνδον·
2586 5047 2750 5115 ἡμεῖς
2778 5046 2835 5099 δὲ
2874 5048 2975 5116 τήν
3016 5047 3131 5110 τοῖς
3164 5046 3313 5099 ἔνδον
3360 5046 3808 5116 ἀπονεμηθεῖσαν

2214 5139 2558 5212 λειτουργίαν
2586 5137 2947 5210 ἐπιτελοῦμεν
2965 5154 2979 5171 ·
3009 5138 3264 5210 θυμίαμα
3284 5139 3393 5221 γάρ
3418 5140 3511 5193 καὶ
3532 5140 3811 5209 λυχνιαῖον

517 5234 985 5305 lucernarumque
1065 5229 1368 5293 flammam,
1434 5238 1488 5284 et
1552 5230 1847 5300 mysticum
1911 5245 2090 5285 mensa

2214 5233 2332 5301 φῶς
2382 5233 2773 5303 προσφέρομεν
2807 5231 2887 5302 τῷ
2931 5231 3052 5302 Θεῷ
3099 5232 3194 5285 καὶ
3241 5218 3341 5301 τὴν
3396 5230 3670 5302 μυστικὴν
3708 5232 3810 5302 τῆς
3846 5214 3851 5221 ’

517 5326 811 5381 offerentes
846 5322 1201 5378 sacriﬁcium.
1259 5321 1569 5391 Longitudo
1601 5321 1941 5377 tabernaculi
1994 5336 2085 5375 era

2210 5322 2493 5393 τραπέζης
2534 5323 2867 5394 ἱερουργίαν·
2904 5324 3202 5395 τριάκοντα
3248 5323 3306 5374 δὲ
3360 5324 3583 5393 πήχεων
3627 5319 3697 5394 ἦν
3746 5327 3809 5378 τὸ

517 5418 740 5488 triginta
771 5416 1108 5482 cubitorum,
1152 5413 1386 5469 latitudo
1417 5413 1631 5477 decem,
1674 5412 1821 5483 quod
1868 5415 2103 5469 edoccre

516 5510 679 5565 facile
709 5521 813 5575 est,
841 5524 968 5563 nam
1006 5507 1200 5578 viginti
1229 5507 1441 5563 tabulas
1475 5522 1602 5576 pars
1635 5505 1896 5562 australis
1931 5507 2101 5562 habe-

515 5600 627 5665 bat,
665 5608 720 5653 ct
745 5598 969 5654 totidem
1002 5597 1263 5653 borealis.
1297 5597 1537 5653 Tabulas
1556 5598 1736 5652 caeteri
1775 5597 2104 5669 interpretes

515 5690 801 5746 columnas
822 5690 1182 5760 appellarunt.
1217 5687 1355 5744 Cum
1403 5704 1532 5743 vero
1551 5704 1899 5760 unaquaeque
1920 5689 2102 5745 tabula

603 5801 647 5834 "
670 5801 812 5856 Psal.
847 5816 1003 5869 cxut,
1036 5801 1122 5857 16.
1171 5800 1214 5832 ⁸⁸
1242 5800 1408 5856 Hebr.
1446 5800 1636 5868 1x,24.

2216 5414 2389 5485 μῆκος
2421 5415 2520 5485 τῆς
2562 5416 2790 5487 σκηνῆς,
2837 5416 2931 5469 καὶ
2974 5416 3108 5471 δέκα
3154 5416 3216 5469 τὸ
3270 5411 3450 5487 εὖρος·
3509 5416 3601 5469 καὶ
3647 5416 3811 5470 τοῦτο

2213 5506 2554 5576 καταμαθεῖν
2586 5508 2835 5572 εὐπετές·
2873 5506 3050 5561 εἴκοσι
3088 5507 3199 5579 γάρ
3234 5509 3457 5572 σανίδας
3490 5504 3601 5578 εἶχε
3636 5508 3695 5561 τὸ
3724 5511 3813 5563 νό-

2212 5617 2326 5654 τιον
2353 5602 2541 5674 μέρος,
2574 5603 2669 5658 καὶ
2693 5600 2966 5665 τοσαύτας
2988 5601 3050 5656 τὸ
3080 5602 3309 5674 βόρειον·
3346 5602 3565 5665 σανίδας
3598 5602 3655 5655 δὲ
3680 5602 3813 5663 τοὺς

2216 5691 2441 5759 στύλους
2472 5694 2768 5766 ὠνόμασαν
2814 5696 2861 5749 οἱ
2899 5694 3050 5750 ἄλλοι
3081 5695 3441 5767 ἑρμηνευταί·
3471 5696 3714 5766 ἑκάστης
3751 5695 3814 5749 δὲ
