  <div class='ocr_page' id='page_1' title='image "/cluster/home/n/w/nwhite01/storage/ocr_20150623/101:no.1/coo.31924054870054/574.png"; bbox 0 0 4136 6444; ppageno 0'>
   <div class='ocr_carea' id='block_1_1' title="bbox 426 312 569 379">
    <p class='ocr_par' dir='ltr' id='par_1_1' title="bbox 426 312 569 379">
     <span class='ocr_line' id='line_1_1' title="bbox 426 312 569 379; baseline 0 -1"><span class='ocrx_word' id='word_1_1' title='bbox 426 312 569 379; x_wconf 74' lang='grc'>1093</span> 
     </span>
    </p>
   </div>
   <div class='ocr_carea' id='block_1_2' title="bbox 1326 310 2859 390">
    <p class='ocr_par' dir='ltr' id='par_1_2' title="bbox 1326 310 2859 390">
     <span class='ocr_line' id='line_1_2' title="bbox 1326 310 2859 390; baseline 0.002 -15"><span class='ocrx_word' id='word_1_2' title='bbox 1326 312 1425 377; x_wconf 81' lang='grc' dir='ltr'><strong>ΑΙ)</strong></span> <span class='ocrx_word' id='word_1_3' title='bbox 1463 310 2059 380; x_wconf 80' lang='lat' dir='ltr'><strong>AMPHILOCHIUM</strong></span> <span class='ocrx_word' id='word_1_4' title='bbox 2117 315 2464 390; x_wconf 59' lang='lat' dir='ltr'><strong>QUXESTIO</strong></span> <span class='ocrx_word' id='word_1_5' title='bbox 2508 314 2859 379; x_wconf 80' lang='lat' dir='ltr'><strong>CCLXVIII.</strong></span> 
     </span>
    </p>
   </div>
   <div class='ocr_carea' id='block_1_3' title="bbox 3556 318 3693 384">
    <p class='ocr_par' dir='ltr' id='par_1_3' title="bbox 3556 318 3693 384">
     <span class='ocr_line' id='line_1_3' title="bbox 3556 318 3693 384; baseline -0.007 -1"><span class='ocrx_word' id='word_1_6' title='bbox 3556 318 3693 384; x_wconf 73' lang='grc'><strong>1094</strong></span> 
     </span>
    </p>
   </div>
   <div class='ocr_carea' id='block_1_4' title="bbox 424 423 2016 497">
    <p class='ocr_par' dir='ltr' id='par_1_4' title="bbox 424 423 2001 497">
     <span class='ocr_line' id='line_1_4' title="bbox 424 423 2001 497; baseline -0.001 -19"><span class='ocrx_word' id='word_1_7' title='bbox 424 425 635 487; x_wconf 77' lang='grc' dir='ltr'>σανίδος</span> <span class='ocrx_word' id='word_1_8' title='bbox 666 425 843 495; x_wconf 81' lang='grc' dir='ltr'>πῆχυν</span> <span class='ocrx_word' id='word_1_9' title='bbox 868 424 1097 495; x_wconf 84' lang='grc' dir='ltr'>ἐχούσης</span> <span class='ocrx_word' id='word_1_10' title='bbox 1132 423 1227 476; x_wconf 65' lang='grc' dir='ltr'><strong>καὶ</strong></span> <span class='ocrx_word' id='word_1_11' title='bbox 1256 425 1451 495; x_wconf 78' lang='grc' dir='ltr'>ἥμισυ,</span> <span class='ocrx_word' id='word_1_12' title='bbox 1480 425 1777 497; x_wconf 83' lang='grc' dir='ltr'>τριάκοντα</span> <span class='ocrx_word' id='word_1_13' title='bbox 1805 427 2001 495; x_wconf 86' lang='grc' dir='ltr'>πήχεις</span> 
     </span>
    </p>
   </div>
   <div class='ocr_carea' id='block_1_5' title="bbox 2118 423 3691 497">
    <p class='ocr_par' dir='ltr' id='par_1_5' title="bbox 2118 423 3691 496">
     <span class='ocr_line' id='line_1_5' title="bbox 2118 423 3691 496; baseline 0.004 -18"><span class='ocrx_word' id='word_1_14' title='bbox 2118 442 2159 478; x_wconf 44' lang='lat' dir='ltr'><strong>.n</strong></span> <span class='ocrx_word' id='word_1_15' title='bbox 2196 426 2632 495; x_wconf 87' lang='lat' dir='ltr'><strong>scsquicubitum</strong></span> <span class='ocrx_word' id='word_1_16' title='bbox 2695 423 3134 496; x_wconf 86' lang='lat' dir='ltr'><strong>protenderetur,</strong></span> <span class='ocrx_word' id='word_1_17' title='bbox 3174 425 3367 496; x_wconf 93' lang='lat' dir='ltr'><strong>viginti</strong></span> <span class='ocrx_word' id='word_1_18' title='bbox 3403 426 3571 496; x_wconf 79' lang='lat' dir='ltr'><strong>igitur</strong></span> <span class='ocrx_word' id='word_1_19' title='bbox 3606 439 3691 484; x_wconf 83' lang='lat' dir='ltr'><strong>ta-</strong></span> 
     </span>
    </p>
   </div>
   <div class='ocr_carea' id='block_1_6' title="bbox 421 516 2003 587">
    <p class='ocr_par' dir='ltr' id='par_1_6' title="bbox 421 516 2003 587">
     <span class='ocr_line' id='line_1_6' title="bbox 421 516 2003 587; baseline -0.001 -16"><span class='ocrx_word' id='word_1_20' title='bbox 421 518 481 571; x_wconf 79' lang='grc' dir='ltr'><strong>αί</strong></span> <span class='ocrx_word' id='word_1_21' title='bbox 528 518 705 571; x_wconf 70' lang='grc' dir='ltr'>εἴκοσι</span> <span class='ocrx_word' id='word_1_22' title='bbox 758 516 968 580; x_wconf 76' lang='grc' dir='ltr'>σανίδες</span> <span class='ocrx_word' id='word_1_23' title='bbox 1020 517 1323 587; x_wconf 84' lang='grc' dir='ltr'>ἐπλήρουν·</span> <span class='ocrx_word' id='word_1_24' title='bbox 1362 516 1507 570; x_wconf 75' lang='grc' dir='ltr'>οὕτω</span> <span class='ocrx_word' id='word_1_25' title='bbox 1554 518 1718 571; x_wconf 81' lang='grc' dir='ltr'>πάλιν</span> <span class='ocrx_word' id='word_1_26' title='bbox 1759 518 1821 569; x_wconf 86' lang='grc' dir='ltr'><strong>τὸ</strong></span> <span class='ocrx_word' id='word_1_27' title='bbox 1865 518 2003 587; x_wconf 72' lang='grc' dir='ltr'>πρὸς</span> 
     </span>
    </p>
   </div>
   <div class='ocr_carea' id='block_1_7' title="bbox 420 602 2006 679">
    <p class='ocr_par' dir='ltr' id='par_1_7' title="bbox 420 602 2006 679">
     <span class='ocr_line' id='line_1_7' title="bbox 420 602 2006 679; baseline 0 -18"><span class='ocrx_word' id='word_1_28' title='bbox 420 609 635 678; x_wconf 82' lang='grc' dir='ltr'>δυσμὰς</span> <span class='ocrx_word' id='word_1_29' title='bbox 686 608 995 663; x_wconf 77' lang='grc' dir='ltr'>ἀποϐλέπον</span> <span class='ocrx_word' id='word_1_30' title='bbox 1024 608 1084 673; x_wconf 81' lang='grc' dir='ltr'><strong>ἒξ</strong></span> <span class='ocrx_word' id='word_1_31' title='bbox 1123 602 1237 679; x_wconf 78' lang='grc' dir='ltr'>εἶχε</span> <span class='ocrx_word' id='word_1_32' title='bbox 1274 608 1492 671; x_wconf 82' lang='grc' dir='ltr'>σανίδας</span> <span class='ocrx_word' id='word_1_33' title='bbox 1524 609 1585 660; x_wconf 87' lang='grc' dir='ltr'><strong>τὸ</strong></span> <span class='ocrx_word' id='word_1_34' title='bbox 1624 607 1757 662; x_wconf 82' lang='grc' dir='ltr'>αὐτὸ</span> <span class='ocrx_word' id='word_1_35' title='bbox 1806 608 2006 679; x_wconf 79' lang='grc' dir='ltr'>μέτρον</span> 
     </span>
    </p>
   </div>
   <div class='ocr_carea' id='block_1_8' title="bbox 422 699 2006 772">
    <p class='ocr_par' dir='ltr' id='par_1_8' title="bbox 422 699 2006 772">
     <span class='ocr_line' id='line_1_8' title="bbox 422 699 2006 772; baseline 0.001 -20"><span class='ocrx_word' id='word_1_36' title='bbox 422 700 653 770; x_wconf 84' lang='grc' dir='ltr'>ἑχούσοις</span> <span class='ocrx_word' id='word_1_37' title='bbox 683 700 776 753; x_wconf 72' lang='grc' dir='ltr'>καὶ</span> <span class='ocrx_word' id='word_1_38' title='bbox 800 700 894 753; x_wconf 85' lang='grc' dir='ltr'><strong>δύο</strong></span> <span class='ocrx_word' id='word_1_39' title='bbox 915 701 1138 769; x_wconf 78' lang='grc' dir='ltr'><strong>γωνίας·</strong></span> <span class='ocrx_word' id='word_1_40' title='bbox 1166 700 1373 753; x_wconf 80' lang='grc' dir='ltr'>δώδεκα</span> <span class='ocrx_word' id='word_1_41' title='bbox 1403 701 1459 753; x_wconf 84' lang='grc' dir='ltr'><strong>δέ</strong></span> <span class='ocrx_word' id='word_1_42' title='bbox 1488 702 1686 772; x_wconf 81' lang='grc' dir='ltr'><strong>πήχεις</strong></span> <span class='ocrx_word' id='word_1_43' title='bbox 1717 702 1781 754; x_wconf 84' lang='grc' dir='ltr'><strong>ἐκ</strong></span> <span class='ocrx_word' id='word_1_44' title='bbox 1801 699 2006 754; x_wconf 89' lang='grc' dir='ltr'>τούτων</span> 
     </span>
    </p>
   </div>
   <div class='ocr_carea' id='block_1_9' title="bbox 422 791 2006 865">
    <p class='ocr_par' dir='ltr' id='par_1_9' title="bbox 422 791 2006 865">
     <span class='ocr_line' id='line_1_9' title="bbox 422 791 2006 865; baseline 0.001 -20"><span class='ocrx_word' id='word_1_45' title='bbox 422 794 782 863; x_wconf 84' lang='grc' dir='ltr'>συναγόμενοι</span> <span class='ocrx_word' id='word_1_46' title='bbox 812 795 860 845; x_wconf 79' lang='grc' dir='ltr'>οἱ</span> <span class='ocrx_word' id='word_1_47' title='bbox 890 792 987 863; x_wconf 83' lang='grc' dir='ltr'><strong>μὲν</strong></span> <span class='ocrx_word' id='word_1_48' title='bbox 1011 792 1143 845; x_wconf 84' lang='grc' dir='ltr'>δέκα</span> <span class='ocrx_word' id='word_1_49' title='bbox 1171 792 1231 846; x_wconf 73' lang='grc' dir='ltr'>τὸ</span> <span class='ocrx_word' id='word_1_50' title='bbox 1257 791 1405 846; x_wconf 75' lang='grc' dir='ltr'>ἔνδον</span> <span class='ocrx_word' id='word_1_51' title='bbox 1440 793 1606 863; x_wconf 80' lang='grc' dir='ltr'><strong>μέρος</strong></span> <span class='ocrx_word' id='word_1_52' title='bbox 1635 793 1928 865; x_wconf 77' lang='grc' dir='ltr'><strong>ἐπλήρουν,</strong></span> <span class='ocrx_word' id='word_1_53' title='bbox 1955 793 2006 846; x_wconf 81' lang='grc' dir='ltr'>οἱ</span> 
     </span>
    </p>
   </div>
   <div class='ocr_carea' id='block_1_10' title="bbox 420 884 2007 957">
    <p class='ocr_par' dir='ltr' id='par_1_10' title="bbox 420 884 2007 957">
     <span class='ocr_line' id='line_1_10' title="bbox 420 884 2007 957; baseline 0 -19"><span class='ocrx_word' id='word_1_54' title='bbox 420 887 477 938; x_wconf 79' lang='grc' dir='ltr'>δὲ</span> <span class='ocrx_word' id='word_1_55' title='bbox 505 886 654 939; x_wconf 85' lang='grc' dir='ltr'>ἄλλοι</span> <span class='ocrx_word' id='word_1_56' title='bbox 691 884 783 937; x_wconf 88' lang='grc' dir='ltr'><strong>δύο</strong></span> <span class='ocrx_word' id='word_1_57' title='bbox 812 884 920 937; x_wconf 90' lang='grc' dir='ltr'><strong>τῶν</strong></span> <span class='ocrx_word' id='word_1_58' title='bbox 969 885 1250 956; x_wconf 81' lang='grc' dir='ltr'><strong>ἑκατέρων</strong></span> <span class='ocrx_word' id='word_1_59' title='bbox 1294 885 1545 957; x_wconf 83' lang='grc' dir='ltr'>πλευρῶν</span> <span class='ocrx_word' id='word_1_60' title='bbox 1594 885 1692 948; x_wconf 74' lang='grc' dir='ltr'><strong>τὰς</strong></span> <span class='ocrx_word' id='word_1_61' title='bbox 1737 885 2007 956; x_wconf 81' lang='grc' dir='ltr'>ἁρμονίας</span> 
     </span>
    </p>
   </div>
   <div class='ocr_carea' id='block_1_11' title="bbox 422 974 2005 1048">
    <p class='ocr_par' dir='ltr' id='par_1_11' title="bbox 422 974 2005 1048">
     <span class='ocr_line' id='line_1_11' title="bbox 422 974 2005 1048; baseline -0.001 -19"><span class='ocrx_word' id='word_1_62' title='bbox 422 975 690 1045; x_wconf 81' lang='grc' dir='ltr'>ἐδέχοντο·</span> <span class='ocrx_word' id='word_1_63' title='bbox 724 977 789 1027; x_wconf 83' lang='grc' dir='ltr'><strong>ὲκ</strong></span> <span class='ocrx_word' id='word_1_64' title='bbox 819 974 1124 1045; x_wconf 87' lang='grc' dir='ltr'>μέντοιτοῦ</span> <span class='ocrx_word' id='word_1_65' title='bbox 1160 975 1294 1045; x_wconf 85' lang='grc' dir='ltr'>ἐῴου</span> <span class='ocrx_word' id='word_1_66' title='bbox 1339 976 1542 1045; x_wconf 78' lang='grc' dir='ltr'>μέρους</span> <span class='ocrx_word' id='word_1_67' title='bbox 1576 975 1677 1048; x_wconf 84' lang='grc' dir='ltr'>τὴν</span> <span class='ocrx_word' id='word_1_68' title='bbox 1710 974 1880 1045; x_wconf 85' lang='grc' dir='ltr'>θύραν</span> <span class='ocrx_word' id='word_1_69' title='bbox 1910 992 2005 1043; x_wconf 87' lang='grc' dir='ltr'>γε-</span> 
     </span>
    </p>
   </div>
   <div class='ocr_carea' id='block_1_12' title="bbox 421 1064 2007 1143">
    <p class='ocr_par' dir='ltr' id='par_1_12' title="bbox 421 1064 2007 1143">
     <span class='ocr_line' id='line_1_12' title="bbox 421 1064 2007 1143; baseline 0 -22"><span class='ocrx_word' id='word_1_70' title='bbox 421 1070 608 1123; x_wconf 88' lang='grc' dir='ltr'>νέσθαι</span> <span class='ocrx_word' id='word_1_71' title='bbox 636 1068 992 1140; x_wconf 81' lang='grc' dir='ltr'>προσέταξεν,</span> <span class='ocrx_word' id='word_1_72' title='bbox 1019 1069 1106 1122; x_wconf 83' lang='grc' dir='ltr'><strong>ἵνα</strong></span> <span class='ocrx_word' id='word_1_73' title='bbox 1123 1071 1217 1123; x_wconf 75' lang='grc' dir='ltr'>καὶ</span> <span class='ocrx_word' id='word_1_74' title='bbox 1238 1070 1400 1134; x_wconf 76' lang='grc' dir='ltr'>αὐτὸς</span> <span class='ocrx_word' id='word_1_75' title='bbox 1420 1071 1656 1139; x_wconf 80' lang='grc' dir='ltr'>ἀνίσχων</span> <span class='ocrx_word' id='word_1_76' title='bbox 1676 1072 1706 1123; x_wconf 77' lang='grc' dir='ltr'><strong>ό</strong></span> <span class='ocrx_word' id='word_1_77' title='bbox 1723 1070 1875 1143; x_wconf 77' lang='grc' dir='ltr'>ἥλιος</span> <span class='ocrx_word' id='word_1_78' title='bbox 1896 1064 2007 1122; x_wconf 78' lang='grc' dir='ltr'>οἷόν</span> 
     </span>
    </p>
   </div>
   <div class='ocr_carea' id='block_1_13' title="bbox 422 1161 2009 1234">
    <p class='ocr_par' dir='ltr' id='par_1_13' title="bbox 422 1161 2009 1234">
     <span class='ocr_line' id='line_1_13' title="bbox 422 1161 2009 1234; baseline 0 -19"><span class='ocrx_word' id='word_1_79' title='bbox 422 1180 543 1215; x_wconf 87' lang='grc' dir='ltr'>τινα</span> <span class='ocrx_word' id='word_1_80' title='bbox 583 1161 957 1232; x_wconf 78' lang='grc' dir='ltr'>προσκύνησιν</span> <span class='ocrx_word' id='word_1_81' title='bbox 988 1163 1275 1234; x_wconf 80' lang='grc' dir='ltr'>προσφέρῃ</span> <span class='ocrx_word' id='word_1_82' title='bbox 1303 1164 1422 1226; x_wconf 89' lang='grc' dir='ltr'>τοῖς</span> <span class='ocrx_word' id='word_1_83' title='bbox 1454 1162 1815 1233; x_wconf 73' lang='grc' dir='ltr'>προπυλαίοις</span> <span class='ocrx_word' id='word_1_84' title='bbox 1847 1162 2009 1222; x_wconf 82' lang='grc' dir='ltr'>εὐθὺς</span> 
     </span>
    </p>
   </div>
   <div class='ocr_carea' id='block_1_14' title="bbox 423 1253 2011 1325">
    <p class='ocr_par' dir='ltr' id='par_1_14' title="bbox 423 1253 2011 1325">
     <span class='ocr_line' id='line_1_14' title="bbox 423 1253 2011 1325; baseline -0.001 -18"><span class='ocrx_word' id='word_1_85' title='bbox 423 1257 603 1307; x_wconf 78' lang='grc' dir='ltr'>ἐκεῖσε</span> <span class='ocrx_word' id='word_1_86' title='bbox 633 1258 730 1317; x_wconf 85' lang='grc' dir='ltr'><strong>τὰς</strong></span> <span class='ocrx_word' id='word_1_87' title='bbox 764 1256 988 1319; x_wconf 83' lang='grc' dir='ltr'>ἀκτῖνας</span> <span class='ocrx_word' id='word_1_88' title='bbox 1018 1255 1354 1323; x_wconf 86' lang='grc' dir='ltr'>ἐκπέμπων·</span> <span class='ocrx_word' id='word_1_89' title='bbox 1386 1255 1479 1307; x_wconf 76' lang='grc' dir='ltr'>καὶ</span> <span class='ocrx_word' id='word_1_90' title='bbox 1511 1255 1561 1307; x_wconf 78' lang='lat' dir='ltr'><strong>oi</strong></span> <span class='ocrx_word' id='word_1_91' title='bbox 1593 1253 1671 1325; x_wconf 77' lang='grc' dir='ltr'><strong>τῷ</strong></span> <span class='ocrx_word' id='word_1_92' title='bbox 1705 1253 1825 1325; x_wconf 82' lang='grc' dir='ltr'>Θεῷ</span> <span class='ocrx_word' id='word_1_93' title='bbox 1859 1254 2011 1325; x_wconf 85' lang='grc' dir='ltr'>μόνῳ</span> 
     </span>
    </p>
   </div>
   <div class='ocr_carea' id='block_1_15' title="bbox 420 1346 2008 1417">
    <p class='ocr_par' dir='ltr' id='par_1_15' title="bbox 420 1346 2008 1417">
     <span class='ocr_line' id='line_1_15' title="bbox 420 1346 2008 1417; baseline -0.001 -18"><span class='ocrx_word' id='word_1_94' title='bbox 420 1347 779 1417; x_wconf 77' lang='grc' dir='ltr'>λατρεύοντες</span> <span class='ocrx_word' id='word_1_95' title='bbox 809 1346 1033 1401; x_wconf 72' lang='grc' dir='ltr'>ὄπισθεν</span> <span class='ocrx_word' id='word_1_96' title='bbox 1067 1348 1157 1401; x_wconf 85' lang='grc' dir='ltr'><strong>τὸν</strong></span> <span class='ocrx_word' id='word_1_97' title='bbox 1193 1348 1344 1417; x_wconf 78' lang='grc' dir='ltr'>ἥλιον</span> <span class='ocrx_word' id='word_1_98' title='bbox 1378 1346 1544 1417; x_wconf 75' lang='grc' dir='ltr'>ἔχωσι</span> <span class='ocrx_word' id='word_1_99' title='bbox 1578 1347 1715 1417; x_wconf 78' lang='grc' dir='ltr'>πρὸς</span> <span class='ocrx_word' id='word_1_100' title='bbox 1744 1346 1843 1417; x_wconf 84' lang='grc' dir='ltr'><strong>τὴν</strong></span> <span class='ocrx_word' id='word_1_101' title='bbox 1871 1364 2008 1417; x_wconf 89' lang='grc' dir='ltr'>σκη-</span> 
     </span>
    </p>
   </div>
   <div class='ocr_carea' id='block_1_16' title="bbox 423 1436 2009 1508">
    <p class='ocr_par' dir='ltr' id='par_1_16' title="bbox 423 1436 2009 1508">
     <span class='ocr_line' id='line_1_16' title="bbox 423 1436 2009 1508; baseline 0.001 -19"><span class='ocrx_word' id='word_1_102' title='bbox 423 1437 518 1507; x_wconf 86' lang='grc' dir='ltr'><strong>νὴν</strong></span> <span class='ocrx_word' id='word_1_103' title='bbox 571 1437 980 1508; x_wconf 82' lang='grc' dir='ltr'>τετραμμένοι,</span> <span class='ocrx_word' id='word_1_104' title='bbox 1025 1438 1120 1490; x_wconf 70' lang='grc' dir='ltr'>καὶ</span> <span class='ocrx_word' id='word_1_105' title='bbox 1157 1437 1231 1508; x_wconf 85' lang='grc' dir='ltr'>μὴ</span> <span class='ocrx_word' id='word_1_106' title='bbox 1277 1436 1485 1501; x_wconf 75' lang='grc' dir='ltr'>τοῦτον,</span> <span class='ocrx_word' id='word_1_107' title='bbox 1515 1438 1653 1491; x_wconf 81' lang='grc' dir='ltr'>ἀλλὰ</span> <span class='ocrx_word' id='word_1_108' title='bbox 1696 1437 1787 1491; x_wconf 69' lang='grc' dir='ltr'>τὸν</span> <span class='ocrx_word' id='word_1_109' title='bbox 1818 1437 2009 1491; x_wconf 85' lang='grc' dir='ltr'>τούτου</span> 
     </span>
    </p>
   </div>
   <div class='ocr_carea' id='block_1_17' title="bbox 424 1529 2012 1602">
    <p class='ocr_par' dir='ltr' id='par_1_17' title="bbox 424 1529 2012 1602">
     <span class='ocr_line' id='line_1_17' title="bbox 424 1529 2012 1602; baseline 0.001 -20"><span class='ocrx_word' id='word_1_110' title='bbox 424 1529 661 1601; x_wconf 83' lang='grc' dir='ltr'>Ποιητὴν</span> <span class='ocrx_word' id='word_1_111' title='bbox 680 1529 1049 1599; x_wconf 88' lang='grc' dir='ltr'>προσκυνῶσι·</span> <span class='ocrx_word' id='word_1_112' title='bbox 1066 1530 1361 1599; x_wconf 68' lang='grc' dir='ltr'>δρυφακτῷ</span> <span class='ocrx_word' id='word_1_113' title='bbox 1383 1530 1563 1584; x_wconf 82' lang='grc' dir='ltr'>τοίνυν</span> <span class='ocrx_word' id='word_1_114' title='bbox 1587 1531 1619 1601; x_wconf 88' lang='grc' dir='ltr'><strong>ή</strong></span> <span class='ocrx_word' id='word_1_115' title='bbox 1648 1530 1820 1602; x_wconf 80' lang='grc' dir='ltr'>σκηνὴ</span> <span class='ocrx_word' id='word_1_116' title='bbox 1845 1548 2012 1601; x_wconf 76' lang='grc' dir='ltr'>προσσ</span> 
     </span>
    </p>
   </div>
   <div class='ocr_carea' id='block_1_18' title="bbox 425 1621 2012 1693">
    <p class='ocr_par' dir='ltr' id='par_1_18' title="bbox 425 1621 2012 1693">
     <span class='ocr_line' id='line_1_18' title="bbox 425 1621 2012 1693; baseline 0.001 -20"><span class='ocrx_word' id='word_1_117' title='bbox 425 1622 624 1692; x_wconf 82' lang='grc' dir='ltr'>εῴκει,</span> <span class='ocrx_word' id='word_1_118' title='bbox 680 1623 899 1685; x_wconf 84' lang='grc' dir='ltr'>σανίδας</span> <span class='ocrx_word' id='word_1_119' title='bbox 967 1621 1235 1676; x_wconf 76' lang='grc' dir='ltr'>πάντοθεν</span> <span class='ocrx_word' id='word_1_120' title='bbox 1290 1621 1489 1692; x_wconf 72' lang='grc' dir='ltr'><strong>έχουσα⁴</strong></span> <span class='ocrx_word' id='word_1_121' title='bbox 1557 1622 2012 1693; x_wconf 87' lang='grc' dir='ltr'>συνηρμοσμένας</span> 
     </span>
    </p>
   </div>
   <div class='ocr_carea' id='block_1_19' title="bbox 425 1711 2012 1787">
    <p class='ocr_par' dir='ltr' id='par_1_19' title="bbox 425 1711 2012 1787">
     <span class='ocr_line' id='line_1_19' title="bbox 425 1711 2012 1787; baseline -0.001 -19"><span class='ocrx_word' id='word_1_122' title='bbox 425 1715 705 1784; x_wconf 77' lang='grc' dir='ltr'><strong>ἀλλήλαις·</strong></span> <span class='ocrx_word' id='word_1_123' title='bbox 738 1711 883 1785; x_wconf 81' lang='grc' dir='ltr'>εἶχον</span> <span class='ocrx_word' id='word_1_124' title='bbox 908 1714 964 1769; x_wconf 84' lang='grc' dir='ltr'><strong>δὲ</strong></span> <span class='ocrx_word' id='word_1_125' title='bbox 999 1714 1094 1768; x_wconf 77' lang='grc' dir='ltr'><strong>καὶ</strong></span> <span class='ocrx_word' id='word_1_126' title='bbox 1122 1716 1221 1777; x_wconf 79' lang='grc' dir='ltr'><strong>τὰς</strong></span> <span class='ocrx_word' id='word_1_127' title='bbox 1246 1714 1433 1784; x_wconf 81' lang='grc' dir='ltr'>βάσεις</span> <span class='ocrx_word' id='word_1_128' title='bbox 1456 1716 1702 1787; x_wconf 78' lang='grc' dir='ltr'>ἀργυρᾶς</span> <span class='ocrx_word' id='word_1_129' title='bbox 1725 1716 1821 1769; x_wconf 71' lang='grc' dir='ltr'><strong>καὶ</strong></span> <span class='ocrx_word' id='word_1_130' title='bbox 1849 1733 2012 1784; x_wconf 77' lang='grc' dir='ltr'>κεφα-</span> 
     </span>
    </p>
   </div>
   <div class='ocr_carea' id='block_1_20' title="bbox 2112 517 3694 589">
    <p class='ocr_par' dir='ltr' id='par_1_20' title="bbox 2112 517 3694 589">
     <span class='ocr_line' id='line_1_20' title="bbox 2112 517 3694 589; baseline 0.004 -18"><span class='ocrx_word' id='word_1_131' title='bbox 2112 517 2255 572; x_wconf 76' lang='lat' dir='ltr'><strong>bula:</strong></span> <span class='ocrx_word' id='word_1_132' title='bbox 2285 517 2339 571; x_wconf 92' lang='lat' dir='ltr'><strong>in</strong></span> <span class='ocrx_word' id='word_1_133' title='bbox 2381 519 2602 589; x_wconf 88' lang='lat' dir='ltr'><strong>triginta</strong></span> <span class='ocrx_word' id='word_1_134' title='bbox 2649 520 2869 573; x_wconf 89' lang='lat' dir='ltr'><strong>cubitos</strong></span> <span class='ocrx_word' id='word_1_135' title='bbox 2924 527 3085 573; x_wconf 89' lang='lat' dir='ltr'><strong>erant</strong></span> <span class='ocrx_word' id='word_1_136' title='bbox 3134 529 3431 589; x_wconf 73' lang='lat' dir='ltr'><strong>protenste.</strong></span> <span class='ocrx_word' id='word_1_137' title='bbox 3475 521 3694 577; x_wconf 81' lang='lat' dir='ltr'><strong>Rursus</strong></span> 
     </span>
    </p>
   </div>
   <div class='ocr_carea' id='block_1_21' title="bbox 2108 611 3693 681">
    <p class='ocr_par' dir='ltr' id='par_1_21' title="bbox 2108 611 3693 681">
     <span class='ocr_line' id='line_1_21' title="bbox 2108 611 3693 681; baseline 0.003 -20"><span class='ocrx_word' id='word_1_138' title='bbox 2108 624 2232 680; x_wconf 68' lang='lat' dir='ltr'><strong>qua:</strong></span> <span class='ocrx_word' id='word_1_139' title='bbox 2271 624 2401 680; x_wconf 90' lang='lat' dir='ltr'><strong>pars</strong></span> <span class='ocrx_word' id='word_1_140' title='bbox 2438 611 2661 681; x_wconf 85' lang='lat' dir='ltr'><strong>respicit</strong></span> <span class='ocrx_word' id='word_1_141' title='bbox 2703 612 2770 666; x_wconf 88' lang='lat' dir='ltr'><strong>ad</strong></span> <span class='ocrx_word' id='word_1_142' title='bbox 2800 611 3164 679; x_wconf 82' lang='lat' dir='ltr'><strong>occidentem,</strong></span> <span class='ocrx_word' id='word_1_143' title='bbox 3194 626 3290 666; x_wconf 80' lang='lat' dir='ltr'><strong>sex</strong></span> <span class='ocrx_word' id='word_1_144' title='bbox 3335 611 3573 667; x_wconf 88' lang='lat' dir='ltr'><strong>habebat</strong></span> <span class='ocrx_word' id='word_1_145' title='bbox 3608 624 3693 665; x_wconf 86' lang='lat' dir='ltr'><strong>ta-</strong></span> 
     </span>
    </p>
   </div>
   <div class='ocr_carea' id='block_1_22' title="bbox 2108 702 3692 775">
    <p class='ocr_par' dir='ltr' id='par_1_22' title="bbox 2108 702 3692 775">
     <span class='ocr_line' id='line_1_22' title="bbox 2108 702 3692 775; baseline -0.001 -17"><span class='ocrx_word' id='word_1_146' title='bbox 2108 702 2269 759; x_wconf 85' lang='lat' dir='ltr'><strong>bulas</strong></span> <span class='ocrx_word' id='word_1_147' title='bbox 2331 702 2524 757; x_wconf 89' lang='lat' dir='ltr'><strong>eadem</strong></span> <span class='ocrx_word' id='word_1_148' title='bbox 2574 718 2853 767; x_wconf 88' lang='lat' dir='ltr'><strong>mensura,</strong></span> <span class='ocrx_word' id='word_1_149' title='bbox 2902 704 3153 772; x_wconf 83' lang='lat' dir='ltr'><strong>duosque</strong></span> <span class='ocrx_word' id='word_1_150' title='bbox 3192 705 3445 775; x_wconf 77' lang='lat' dir='ltr'><strong>angulos.</strong></span> <span class='ocrx_word' id='word_1_151' title='bbox 3478 704 3554 759; x_wconf 82' lang='lat' dir='ltr'><strong>Ex</strong></span> <span class='ocrx_word' id='word_1_152' title='bbox 3604 705 3692 757; x_wconf 82' lang='lat' dir='ltr'><strong>his</strong></span> 
     </span>
    </p>
   </div>
   <div class='ocr_carea' id='block_1_23' title="bbox 2110 794 3696 867">
    <p class='ocr_par' dir='ltr' id='par_1_23' title="bbox 2110 794 3696 867">
     <span class='ocr_line' id='line_1_23' title="bbox 2110 794 3696 867; baseline -0.002 -17"><span class='ocrx_word' id='word_1_153' title='bbox 2110 795 2403 851; x_wconf 85' lang='lat' dir='ltr'><strong>duodecim</strong></span> <span class='ocrx_word' id='word_1_154' title='bbox 2430 794 2631 851; x_wconf 85' lang='lat' dir='ltr'><strong>cubitis</strong></span> <span class='ocrx_word' id='word_1_155' title='bbox 2684 794 2759 850; x_wconf 87' lang='lat' dir='ltr'><strong>ita</strong></span> <span class='ocrx_word' id='word_1_156' title='bbox 2789 796 3120 861; x_wconf 85' lang='lat' dir='ltr'><strong>distributis,</strong></span> <span class='ocrx_word' id='word_1_157' title='bbox 3168 796 3361 852; x_wconf 91' lang='lat' dir='ltr'><strong>decem</strong></span> <span class='ocrx_word' id='word_1_158' title='bbox 3390 797 3696 867; x_wconf 85' lang='lat' dir='ltr'><strong>implebant</strong></span> 
     </span>
    </p>
   </div>
   <div class='ocr_carea' id='block_1_24' title="bbox 2110 887 3688 958">
    <p class='ocr_par' dir='ltr' id='par_1_24' title="bbox 2110 887 3688 958">
     <span class='ocr_line' id='line_1_24' title="bbox 2110 887 3688 958; baseline -0.003 -16"><span class='ocrx_word' id='word_1_159' title='bbox 2110 887 2425 943; x_wconf 87' lang='lat' dir='ltr'><strong>interiorem</strong></span> <span class='ocrx_word' id='word_1_160' title='bbox 2480 896 2696 957; x_wconf 89' lang='lat' dir='ltr'><strong>partem</strong></span> <span class='ocrx_word' id='word_1_161' title='bbox 2774 888 2958 942; x_wconf 64' lang='lat' dir='ltr'><strong>caeteri</strong></span> <span class='ocrx_word' id='word_1_162' title='bbox 3053 887 3291 942; x_wconf 78' lang='lat' dir='ltr'><strong>laterum</strong></span> <span class='ocrx_word' id='word_1_163' title='bbox 3368 887 3688 958; x_wconf 85' lang='lat' dir='ltr'><strong>juncturam</strong></span> 
     </span>
    </p>
   </div>
   <div class='ocr_carea' id='block_1_25' title="bbox 2109 977 3689 1050">
    <p class='ocr_par' dir='ltr' id='par_1_25' title="bbox 2109 977 3689 1050">
     <span class='ocr_line' id='line_1_25' title="bbox 2109 977 3689 1050; baseline -0.002 -15"><span class='ocrx_word' id='word_1_164' title='bbox 2109 978 2507 1050; x_wconf 87' lang='lat' dir='ltr'><strong>suscipiebant.</strong></span> <span class='ocrx_word' id='word_1_165' title='bbox 2571 977 2652 1033; x_wconf 84' lang='lat' dir='ltr'><strong>Ex</strong></span> <span class='ocrx_word' id='word_1_166' title='bbox 2707 993 2771 1034; x_wconf 90' lang='lat' dir='ltr'><strong>ea</strong></span> <span class='ocrx_word' id='word_1_167' title='bbox 2801 993 2933 1034; x_wconf 90' lang='lat' dir='ltr'><strong>vero</strong></span> <span class='ocrx_word' id='word_1_168' title='bbox 2967 988 3123 1049; x_wconf 89' lang='lat' dir='ltr'><strong>parte</strong></span> <span class='ocrx_word' id='word_1_169' title='bbox 3168 994 3293 1050; x_wconf 79' lang='lat' dir='ltr'><strong>quae</strong></span> <span class='ocrx_word' id='word_1_170' title='bbox 3344 979 3569 1050; x_wconf 81' lang='lat' dir='ltr'><strong>reSpicit</strong></span> <span class='ocrx_word' id='word_1_171' title='bbox 3622 979 3689 1032; x_wconf 83' lang='lat' dir='ltr'><strong>ad</strong></span> 
     </span>
    </p>
   </div>
   <div class='ocr_carea' id='block_1_26' title="bbox 2110 1071 3693 1143">
    <p class='ocr_par' dir='ltr' id='par_1_26' title="bbox 2110 1071 3693 1143">
     <span class='ocr_line' id='line_1_26' title="bbox 2110 1071 3693 1143; baseline -0.002 -17"><span class='ocrx_word' id='word_1_172' title='bbox 2110 1073 2400 1139; x_wconf 85' lang='lat' dir='ltr'><strong>orientem,</strong></span> <span class='ocrx_word' id='word_1_173' title='bbox 2463 1079 2681 1143; x_wconf 87' lang='lat' dir='ltr'><strong>portam</strong></span> <span class='ocrx_word' id='word_1_174' title='bbox 2714 1085 2837 1128; x_wconf 87' lang='lat' dir='ltr'><strong>esse</strong></span> <span class='ocrx_word' id='word_1_175' title='bbox 2872 1072 3074 1141; x_wconf 79' lang='lat' dir='ltr'><strong>jussit,</strong></span> <span class='ocrx_word' id='word_1_176' title='bbox 3104 1082 3164 1125; x_wconf 85' lang='lat' dir='ltr'><strong>ut</strong></span> <span class='ocrx_word' id='word_1_177' title='bbox 3198 1072 3316 1142; x_wconf 88' lang='lat' dir='ltr'><strong>ipse</strong></span> <span class='ocrx_word' id='word_1_178' title='bbox 3373 1073 3559 1128; x_wconf 90' lang='lat' dir='ltr'><strong>oriens</strong></span> <span class='ocrx_word' id='word_1_179' title='bbox 3586 1071 3693 1135; x_wconf 91' lang='lat' dir='ltr'><strong>sol,</strong></span> 
     </span>
    </p>
   </div>
   <div class='ocr_carea' id='block_1_27' title="bbox 2110 1162 3697 1234">
    <p class='ocr_par' dir='ltr' id='par_1_27' title="bbox 2110 1162 3697 1234">
     <span class='ocr_line' id='line_1_27' title="bbox 2110 1162 3697 1234; baseline -0.003 -13"><span class='ocrx_word' id='word_1_180' title='bbox 2110 1164 2474 1229; x_wconf 89' lang='lat' dir='ltr'><strong>osculationc,</strong></span> <span class='ocrx_word' id='word_1_181' title='bbox 2510 1172 2572 1219; x_wconf 90' lang='lat' dir='ltr'><strong>ut</strong></span> <span class='ocrx_word' id='word_1_182' title='bbox 2620 1162 2696 1218; x_wconf 92' lang='lat' dir='ltr'><strong>ila</strong></span> <span class='ocrx_word' id='word_1_183' title='bbox 2754 1163 2957 1229; x_wconf 87' lang='lat' dir='ltr'><strong>dicam,</strong></span> <span class='ocrx_word' id='word_1_184' title='bbox 3001 1163 3333 1219; x_wconf 83' lang='lat' dir='ltr'><strong>vestibulum</strong></span> <span class='ocrx_word' id='word_1_185' title='bbox 3364 1165 3697 1234; x_wconf 85' lang='lat' dir='ltr'><strong>complecte-</strong></span> 
     </span>
    </p>
   </div>
   <div class='ocr_carea' id='block_1_28' title="bbox 2112 1255 3696 1326">
    <p class='ocr_par' dir='ltr' id='par_1_28' title="bbox 2112 1255 3696 1326">
     <span class='ocr_line' id='line_1_28' title="bbox 2112 1255 3696 1326; baseline -0.003 -15"><span class='ocrx_word' id='word_1_186' title='bbox 2112 1269 2285 1323; x_wconf 88' lang='lat' dir='ltr'><strong>retur,</strong></span> <span class='ocrx_word' id='word_1_187' title='bbox 2324 1256 2508 1312; x_wconf 89' lang='lat' dir='ltr'><strong>statim</strong></span> <span class='ocrx_word' id='word_1_188' title='bbox 2563 1256 2749 1312; x_wconf 87' lang='lat' dir='ltr'><strong>radios</strong></span> <span class='ocrx_word' id='word_1_189' title='bbox 2792 1256 3113 1323; x_wconf 90' lang='lat' dir='ltr'><strong>immittens,</strong></span> <span class='ocrx_word' id='word_1_190' title='bbox 3145 1264 3316 1326; x_wconf 90' lang='lat' dir='ltr'><strong>utque</strong></span> <span class='ocrx_word' id='word_1_191' title='bbox 3346 1255 3439 1325; x_wconf 91' lang='lat' dir='ltr'><strong>qui</strong></span> <span class='ocrx_word' id='word_1_192' title='bbox 3473 1255 3696 1310; x_wconf 90' lang='lat' dir='ltr'><strong>unicum</strong></span> 
     </span>
    </p>
   </div>
   <div class='ocr_carea' id='block_1_29' title="bbox 2114 1347 3697 1413">
    <p class='ocr_par' dir='ltr' id='par_1_29' title="bbox 2114 1347 3697 1413">
     <span class='ocr_line' id='line_1_29' title="bbox 2114 1347 3697 1413; baseline -0.003 -9"><span class='ocrx_word' id='word_1_193' title='bbox 2114 1348 2287 1404; x_wconf 88' lang='lat' dir='ltr'><strong>Deum</strong></span> <span class='ocrx_word' id='word_1_194' title='bbox 2323 1348 2605 1402; x_wconf 86' lang='lat' dir='ltr'><strong>adoraturi</strong></span> <span class='ocrx_word' id='word_1_195' title='bbox 2652 1356 2857 1413; x_wconf 88' lang='lat' dir='ltr'><strong>essent,</strong></span> <span class='ocrx_word' id='word_1_196' title='bbox 2892 1347 2957 1402; x_wconf 90' lang='lat' dir='ltr'><strong>ad</strong></span> <span class='ocrx_word' id='word_1_197' title='bbox 2984 1347 3401 1402; x_wconf 87' lang='lat' dir='ltr'><strong>tabernaculum</strong></span> <span class='ocrx_word' id='word_1_198' title='bbox 3424 1347 3697 1409; x_wconf 89' lang='lat' dir='ltr'><strong>conversi,</strong></span> 
     </span>
    </p>
   </div>
   <div class='ocr_carea' id='block_1_30' title="bbox 2114 1440 3697 1513">
    <p class='ocr_par' dir='ltr' id='par_1_30' title="bbox 2114 1440 3697 1513">
     <span class='ocr_line' id='line_1_30' title="bbox 2114 1440 3697 1513; baseline -0.001 -16"><span class='ocrx_word' id='word_1_199' title='bbox 2114 1442 2382 1497; x_wconf 85' lang='lat' dir='ltr'><strong>orientem</strong></span> <span class='ocrx_word' id='word_1_200' title='bbox 2426 1459 2457 1496; x_wconf 85' lang='lat' dir='ltr'><strong>a</strong></span> <span class='ocrx_word' id='word_1_201' title='bbox 2491 1451 2649 1513; x_wconf 83' lang='lat' dir='ltr'><strong>tergo</strong></span> <span class='ocrx_word' id='word_1_202' title='bbox 2685 1442 2862 1497; x_wconf 89' lang='lat' dir='ltr'><strong>solem</strong></span> <span class='ocrx_word' id='word_1_203' title='bbox 2892 1441 3235 1510; x_wconf 83' lang='lat' dir='ltr'><strong>exciperent,</strong></span> <span class='ocrx_word' id='word_1_204' title='bbox 3282 1455 3385 1495; x_wconf 89' lang='lat' dir='ltr'><strong>nec</strong></span> <span class='ocrx_word' id='word_1_205' title='bbox 3416 1456 3566 1505; x_wconf 91' lang='lat' dir='ltr'><strong>eum,</strong></span> <span class='ocrx_word' id='word_1_206' title='bbox 3602 1440 3697 1495; x_wconf 91' lang='lat' dir='ltr'><strong>sed</strong></span> 
     </span>
    </p>
   </div>
   <div class='ocr_carea' id='block_1_31' title="bbox 2115 1532 3703 1605">
    <p class='ocr_par' dir='ltr' id='par_1_31' title="bbox 2115 1532 3703 1605">
     <span class='ocr_line' id='line_1_31' title="bbox 2115 1532 3703 1605; baseline -0.001 -17"><span class='ocrx_word' id='word_1_207' title='bbox 2115 1535 2237 1605; x_wconf 80' lang='lat' dir='ltr'><strong>ejus</strong></span> <span class='ocrx_word' id='word_1_208' title='bbox 2272 1535 2589 1591; x_wconf 83' lang='lat' dir='ltr'><strong>Creatorem</strong></span> <span class='ocrx_word' id='word_1_209' title='bbox 2611 1535 2928 1589; x_wconf 80' lang='lat' dir='ltr'><strong>adorarent.</strong></span> <span class='ocrx_word' id='word_1_210' title='bbox 2958 1533 3224 1589; x_wconf 77' lang='lat' dir='ltr'><strong>Tabulata</strong></span> <span class='ocrx_word' id='word_1_211' title='bbox 3261 1532 3483 1604; x_wconf 89' lang='lat' dir='ltr'><strong>quidem</strong></span> <span class='ocrx_word' id='word_1_212' title='bbox 3520 1533 3703 1588; x_wconf 87' lang='lat' dir='ltr'><strong>taber-</strong></span> 
     </span>
    </p>
   </div>
   <div class='ocr_carea' id='block_1_32' title="bbox 2116 1625 3701 1697">
    <p class='ocr_par' dir='ltr' id='par_1_32' title="bbox 2116 1625 3701 1697">
     <span class='ocr_line' id='line_1_32' title="bbox 2116 1625 3701 1697; baseline -0.001 -16"><span class='ocrx_word' id='word_1_213' title='bbox 2116 1627 2376 1681; x_wconf 88' lang='lat' dir='ltr'><strong>naculum</strong></span> <span class='ocrx_word' id='word_1_214' title='bbox 2405 1627 2583 1683; x_wconf 88' lang='lat' dir='ltr'><strong>simile</strong></span> <span class='ocrx_word' id='word_1_215' title='bbox 2610 1634 2746 1693; x_wconf 90' lang='lat' dir='ltr'><strong>erat,</strong></span> <span class='ocrx_word' id='word_1_216' title='bbox 2772 1626 3058 1682; x_wconf 89' lang='lat' dir='ltr'><strong>columnas</strong></span> <span class='ocrx_word' id='word_1_217' title='bbox 3088 1626 3457 1697; x_wconf 85' lang='lat' dir='ltr'><strong>undequaque</strong></span> <span class='ocrx_word' id='word_1_218' title='bbox 3489 1625 3701 1680; x_wconf 88' lang='lat' dir='ltr'><strong>habens</strong></span> 
     </span>
    </p>
   </div>
   <div class='ocr_carea' id='block_1_33' title="bbox 2117 1715 3702 1789">
    <p class='ocr_par' dir='ltr' id='par_1_33' title="bbox 2117 1715 3702 1789">
     <span class='ocr_line' id='line_1_33' title="bbox 2117 1715 3702 1789; baseline -0.003 -14"><span class='ocrx_word' id='word_1_219' title='bbox 2117 1719 2254 1775; x_wconf 90' lang='lat' dir='ltr'><strong>alias</strong></span> <span class='ocrx_word' id='word_1_220' title='bbox 2286 1720 2407 1775; x_wconf 88' lang='lat' dir='ltr'><strong>aliis</strong></span> <span class='ocrx_word' id='word_1_221' title='bbox 2432 1734 2612 1789; x_wconf 84' lang='lat' dir='ltr'><strong>aptas.</strong></span> <span class='ocrx_word' id='word_1_222' title='bbox 2646 1719 2719 1774; x_wconf 87' lang='lat' dir='ltr'><strong>Iis</strong></span> <span class='ocrx_word' id='word_1_223' title='bbox 2749 1728 2911 1774; x_wconf 88' lang='lat' dir='ltr'><strong>erant</strong></span> <span class='ocrx_word' id='word_1_224' title='bbox 2936 1726 3209 1788; x_wconf 56' lang='lat' dir='ltr'><strong>argentea</strong></span> <span class='ocrx_word' id='word_1_225' title='bbox 3254 1715 3437 1781; x_wconf 86' lang='lat' dir='ltr'><strong>bases,</strong></span> <span class='ocrx_word' id='word_1_226' title='bbox 3471 1716 3702 1786; x_wconf 89' lang='lat' dir='ltr'><strong>capitis-</strong></span> 
     </span>
    </p>
   </div>
   <div class='ocr_carea' id='block_1_34' title="bbox 424 1784 2016 1883">
    <p class='ocr_par' dir='ltr' id='par_1_34' title="bbox 424 1801 2012 1877">
     <span class='ocr_line' id='line_1_34' title="bbox 424 1801 2012 1877; baseline 0 -18"><span class='ocrx_word' id='word_1_227' title='bbox 424 1807 571 1871; x_wconf 82' lang='grc' dir='ltr'>λίδας</span> <span class='ocrx_word' id='word_1_228' title='bbox 596 1808 879 1870; x_wconf 81' lang='grc' dir='ltr'>ὡσαύτως·</span> <span class='ocrx_word' id='word_1_229' title='bbox 907 1808 1002 1861; x_wconf 69' lang='grc' dir='ltr'><strong>καὶ</strong></span> <span class='ocrx_word' id='word_1_230' title='bbox 1030 1801 1189 1861; x_wconf 73' lang='grc' dir='ltr'>αὗται</span> <span class='ocrx_word' id='word_1_231' title='bbox 1211 1807 1267 1860; x_wconf 81' lang='grc' dir='ltr'><strong>δὲ</strong></span> <span class='ocrx_word' id='word_1_232' title='bbox 1294 1807 1492 1872; x_wconf 73' lang='grc' dir='ltr'>ἔξωθεν</span> <span class='ocrx_word' id='word_1_233' title='bbox 1518 1809 1613 1860; x_wconf 73' lang='grc' dir='ltr'><strong>καὶ</strong></span> <span class='ocrx_word' id='word_1_234' title='bbox 1634 1807 1844 1860; x_wconf 77' lang='grc' dir='ltr'>ἔνδοθεν</span> <span class='ocrx_word' id='word_1_235' title='bbox 1865 1802 2012 1877; x_wconf 75' lang='grc' dir='ltr'>ἦσαν</span> 
     </span>
    </p>
   </div>
   <div class='ocr_carea' id='block_1_35' title="bbox 2118 1784 3705 1883">
    <p class='ocr_par' dir='ltr' id='par_1_35' title="bbox 2118 1808 3705 1883">
     <span class='ocr_line' id='line_1_35' title="bbox 2118 1808 3705 1883; baseline -0.004 -15"><span class='ocrx_word' id='word_1_236' title='bbox 2118 1828 2227 1882; x_wconf 91' lang='lat' dir='ltr'><strong>que</strong></span> <span class='ocrx_word' id='word_1_237' title='bbox 2264 1821 2579 1883; x_wconf 90' lang='lat' dir='ltr'><strong>tegumenta</strong></span> <span class='ocrx_word' id='word_1_238' title='bbox 2610 1828 2675 1867; x_wconf 85' lang='lat' dir='ltr'><strong>ex</strong></span> <span class='ocrx_word' id='word_1_239' title='bbox 2722 1812 2917 1866; x_wconf 89' lang='lat' dir='ltr'><strong>eodem</strong></span> <span class='ocrx_word' id='word_1_240' title='bbox 2954 1810 3201 1876; x_wconf 88' lang='lat' dir='ltr'><strong>metallo,</strong></span> <span class='ocrx_word' id='word_1_241' title='bbox 3234 1810 3440 1879; x_wconf 86' lang='lat' dir='ltr'><strong>illaque</strong></span> <span class='ocrx_word' id='word_1_242' title='bbox 3493 1808 3705 1864; x_wconf 79' lang='lat' dir='ltr'><strong>extrin-</strong></span> 
     </span>
    </p>
   </div>
   <div class='ocr_carea' id='block_1_36' title="bbox 425 1898 2014 1971">
    <p class='ocr_par' dir='ltr' id='par_1_36' title="bbox 425 1898 2014 1971">
     <span class='ocr_line' id='line_1_36' title="bbox 425 1898 2014 1971; baseline 0.002 -20"><span class='ocrx_word' id='word_1_243' title='bbox 425 1900 756 1970; x_wconf 84' lang='grc' dir='ltr'>είλημμέναι</span> <span class='ocrx_word' id='word_1_244' title='bbox 795 1899 1004 1970; x_wconf 80' lang='grc' dir='ltr'>χρυσῷ·</span> <span class='ocrx_word' id='word_1_245' title='bbox 1040 1900 1130 1952; x_wconf 83' lang='grc' dir='ltr'><strong>τὸν</strong></span> <span class='ocrx_word' id='word_1_246' title='bbox 1163 1900 1222 1952; x_wconf 83' lang='grc' dir='ltr'>δὲ</span> <span class='ocrx_word' id='word_1_247' title='bbox 1250 1900 1446 1969; x_wconf 77' lang='grc' dir='ltr'>ὄροφον</span> <span class='ocrx_word' id='word_1_248' title='bbox 1488 1898 1633 1971; x_wconf 79' lang='grc' dir='ltr'>εἶχεν</span> <span class='ocrx_word' id='word_1_249' title='bbox 1666 1900 1723 1967; x_wconf 80' lang='grc' dir='ltr'><strong>ἐξ</strong></span> <span class='ocrx_word' id='word_1_250' title='bbox 1757 1901 2014 1970; x_wconf 77' lang='grc' dir='ltr'>ὑφασμά-</span> 
     </span>
    </p>
   </div>
   <div class='ocr_carea' id='block_1_37' title="bbox 424 1992 2015 2065">
    <p class='ocr_par' dir='ltr' id='par_1_37' title="bbox 424 1992 2015 2065">
     <span class='ocr_line' id='line_1_37' title="bbox 424 1992 2015 2065; baseline 0.002 -20"><span class='ocrx_word' id='word_1_251' title='bbox 424 2009 533 2045; x_wconf 88' lang='grc' dir='ltr'><strong>των</strong></span> <span class='ocrx_word' id='word_1_252' title='bbox 583 1993 869 2056; x_wconf 83' lang='grc' dir='ltr'>ποικίλων,</span> <span class='ocrx_word' id='word_1_253' title='bbox 909 1993 974 2046; x_wconf 84' lang='grc' dir='ltr'>ὲκ</span> <span class='ocrx_word' id='word_1_254' title='bbox 1010 1992 1284 2063; x_wconf 81' lang='grc' dir='ltr'>διαφόρων</span> <span class='ocrx_word' id='word_1_255' title='bbox 1323 1995 1836 2065; x_wconf 80' lang='grc' dir='ltr'>κατεσκευασμένον</span> <span class='ocrx_word' id='word_1_256' title='bbox 1868 2012 2015 2065; x_wconf 90' lang='grc' dir='ltr'>χρω-</span> 
     </span>
    </p>
   </div>
   <div class='ocr_carea' id='block_1_38' title="bbox 430 2080 2011 2158">
    <p class='ocr_par' dir='ltr' id='par_1_38' title="bbox 430 2080 2011 2158">
     <span class='ocr_line' id='line_1_38' title="bbox 430 2080 2011 2158; baseline -0.002 -17"><span class='ocrx_word' id='word_1_257' title='bbox 430 2088 616 2158; x_wconf 82' lang='grc' dir='ltr'>μάτων</span> <span class='ocrx_word' id='word_1_258' title='bbox 641 2102 655 2116; x_wconf 95' lang='grc'><strong>·</strong></span> <span class='ocrx_word' id='word_1_259' title='bbox 692 2086 752 2139; x_wconf 79' lang='grc' dir='ltr'>τὸ</span> <span class='ocrx_word' id='word_1_260' title='bbox 789 2087 889 2157; x_wconf 79' lang='grc' dir='ltr'><strong>μὲν</strong></span> <span class='ocrx_word' id='word_1_261' title='bbox 918 2085 1025 2157; x_wconf 77' lang='grc' dir='ltr'>γὰρ</span> <span class='ocrx_word' id='word_1_262' title='bbox 1062 2080 1129 2155; x_wconf 81' lang='grc' dir='ltr'>ἦν</span> <span class='ocrx_word' id='word_1_263' title='bbox 1165 2085 1451 2155; x_wconf 83' lang='grc' dir='ltr'>ἁλουργόν·</span> <span class='ocrx_word' id='word_1_264' title='bbox 1493 2086 1555 2139; x_wconf 84' lang='grc' dir='ltr'><strong>τὸ</strong></span> <span class='ocrx_word' id='word_1_265' title='bbox 1594 2085 1650 2139; x_wconf 82' lang='grc' dir='ltr'>δὲ</span> <span class='ocrx_word' id='word_1_266' title='bbox 1685 2086 1949 2157; x_wconf 79' lang='grc' dir='ltr'>ροδοειδὲς</span> <span class='ocrx_word' id='word_1_267' title='bbox 1977 2087 2011 2157; x_wconf 86' lang='grc' dir='ltr'>ἢ</span> 
     </span>
    </p>
   </div>
   <div class='ocr_carea' id='block_1_39' title="bbox 428 2177 2014 2251">
    <p class='ocr_par' dir='ltr' id='par_1_39' title="bbox 428 2177 2014 2251">
     <span class='ocr_line' id='line_1_39' title="bbox 428 2177 2014 2251; baseline -0.001 -19"><span class='ocrx_word' id='word_1_268' title='bbox 428 2179 792 2247; x_wconf 69' lang='grc' dir='ltr'>κοκκοϐαφές·</span> <span class='ocrx_word' id='word_1_269' title='bbox 825 2180 886 2232; x_wconf 81' lang='grc' dir='ltr'><strong>τὸ</strong></span> <span class='ocrx_word' id='word_1_270' title='bbox 910 2180 968 2234; x_wconf 84' lang='grc' dir='ltr'>δὲ</span> <span class='ocrx_word' id='word_1_271' title='bbox 1001 2180 1243 2251; x_wconf 78' lang='grc' dir='ltr'>ὑακίνθῳ</span> <span class='ocrx_word' id='word_1_272' title='bbox 1271 2180 1624 2250; x_wconf 86' lang='grc' dir='ltr'>προσεοικός·</span> <span class='ocrx_word' id='word_1_273' title='bbox 1656 2181 1689 2248; x_wconf 88' lang='grc' dir='ltr'>ἡ</span> <span class='ocrx_word' id='word_1_274' title='bbox 1726 2178 1781 2231; x_wconf 86' lang='grc' dir='ltr'>δὲ</span> <span class='ocrx_word' id='word_1_275' title='bbox 1815 2177 2014 2249; x_wconf 84' lang='grc' dir='ltr'>βύσσος</span> 
     </span>
    </p>
   </div>
   <div class='ocr_carea' id='block_1_40' title="bbox 425 2269 2015 2345">
    <p class='ocr_par' dir='ltr' id='par_1_40' title="bbox 425 2269 2015 2345">
     <span class='ocr_line' id='line_1_40' title="bbox 425 2269 2015 2345; baseline 0 -20"><span class='ocrx_word' id='word_1_276' title='bbox 425 2274 524 2342; x_wconf 82' lang='grc' dir='ltr'><strong>τήν</strong></span> <span class='ocrx_word' id='word_1_277' title='bbox 560 2272 761 2343; x_wconf 80' lang='grc' dir='ltr'>λευκὴν</span> <span class='ocrx_word' id='word_1_278' title='bbox 795 2269 908 2343; x_wconf 80' lang='grc' dir='ltr'>εἶχε</span> <span class='ocrx_word' id='word_1_279' title='bbox 940 2274 1131 2345; x_wconf 87' lang='grc' dir='ltr'>χρόαν·</span> <span class='ocrx_word' id='word_1_280' title='bbox 1164 2274 1258 2326; x_wconf 79' lang='grc' dir='ltr'><strong>καὶ</strong></span> <span class='ocrx_word' id='word_1_281' title='bbox 1289 2272 1464 2327; x_wconf 77' lang='grc' dir='ltr'>ταῦτα</span> <span class='ocrx_word' id='word_1_282' title='bbox 1497 2272 1553 2325; x_wconf 81' lang='grc' dir='ltr'>δὲ</span> <span class='ocrx_word' id='word_1_283' title='bbox 1587 2270 1696 2324; x_wconf 90' lang='grc' dir='ltr'><strong>τῶν</strong></span> <span class='ocrx_word' id='word_1_284' title='bbox 1730 2273 2015 2343; x_wconf 84' lang='grc' dir='ltr'>τεσσάρων</span> 
     </span>
    </p>
   </div>
   <div class='ocr_carea' id='block_1_41' title="bbox 426 2361 2016 2437">
    <p class='ocr_par' dir='ltr' id='par_1_41' title="bbox 426 2361 2016 2437">
     <span class='ocr_line' id='line_1_41' title="bbox 426 2361 2016 2437; baseline -0.001 -19"><span class='ocrx_word' id='word_1_285' title='bbox 426 2366 710 2437; x_wconf 80' lang='grc' dir='ltr'>στοιχείων</span> <span class='ocrx_word' id='word_1_286' title='bbox 741 2361 809 2437; x_wconf 77' lang='grc' dir='ltr'>ἦν</span> <span class='ocrx_word' id='word_1_287' title='bbox 861 2366 1199 2436; x_wconf 87' lang='grc' dir='ltr'>αίνίγματα·</span> <span class='ocrx_word' id='word_1_288' title='bbox 1245 2366 1273 2418; x_wconf 84' lang='grc' dir='ltr'>ὁ</span> <span class='ocrx_word' id='word_1_289' title='bbox 1320 2365 1420 2434; x_wconf 86' lang='grc' dir='ltr'><strong>μὲν</strong></span> <span class='ocrx_word' id='word_1_290' title='bbox 1472 2363 1724 2426; x_wconf 79' lang='grc' dir='ltr'>ὑάκινθος</span> <span class='ocrx_word' id='word_1_291' title='bbox 1769 2362 1848 2433; x_wconf 79' lang='grc' dir='ltr'>τῷ</span> <span class='ocrx_word' id='word_1_292' title='bbox 1891 2363 2016 2434; x_wconf 85' lang='grc' dir='ltr'>ἀέρι</span> 
     </span>
    </p>
   </div>
   <div class='ocr_carea' id='block_1_42' title="bbox 429 2453 2015 2531">
    <p class='ocr_par' dir='ltr' id='par_1_42' title="bbox 429 2453 2015 2531">
     <span class='ocr_line' id='line_1_42' title="bbox 429 2453 2015 2531; baseline -0.004 -18"><span class='ocrx_word' id='word_1_293' title='bbox 429 2459 739 2531; x_wconf 82' lang='grc' dir='ltr'>προσέοικε·</span> <span class='ocrx_word' id='word_1_294' title='bbox 764 2459 827 2513; x_wconf 84' lang='grc' dir='ltr'>τὸ</span> <span class='ocrx_word' id='word_1_295' title='bbox 855 2458 913 2511; x_wconf 84' lang='grc' dir='ltr'><strong>δὲ</strong></span> <span class='ocrx_word' id='word_1_296' title='bbox 950 2457 1210 2530; x_wconf 76' lang='grc' dir='ltr'>ῥοδοειδές</span> <span class='ocrx_word' id='word_1_297' title='bbox 1240 2456 1273 2527; x_wconf 82' lang='grc' dir='ltr'>ἢ</span> <span class='ocrx_word' id='word_1_298' title='bbox 1297 2454 1640 2524; x_wconf 78' lang='grc' dir='ltr'>κοκκοὸαφές</span> <span class='ocrx_word' id='word_1_299' title='bbox 1662 2453 1740 2525; x_wconf 83' lang='grc' dir='ltr'>τῷ</span> <span class='ocrx_word' id='word_1_300' title='bbox 1768 2454 1924 2525; x_wconf 90' lang='grc' dir='ltr'>πυρί·</span> <span class='ocrx_word' id='word_1_301' title='bbox 1954 2455 2015 2507; x_wconf 81' lang='grc' dir='ltr'><strong>τὸ</strong></span> 
     </span>
    </p>
   </div>
   <div class='ocr_carea' id='block_1_43' title="bbox 425 2547 2015 2622">
    <p class='ocr_par' dir='ltr' id='par_1_43' title="bbox 425 2547 2015 2622">
     <span class='ocr_line' id='line_1_43' title="bbox 425 2547 2015 2622; baseline -0.003 -18"><span class='ocrx_word' id='word_1_302' title='bbox 425 2552 483 2605; x_wconf 76' lang='grc' dir='ltr'><strong>δὲ</strong></span> <span class='ocrx_word' id='word_1_303' title='bbox 499 2551 764 2622; x_wconf 78' lang='grc' dir='ltr'>ἁλουργὸν</span> <span class='ocrx_word' id='word_1_304' title='bbox 788 2551 983 2622; x_wconf 82' lang='grc' dir='ltr'>μηνύει</span> <span class='ocrx_word' id='word_1_305' title='bbox 1012 2550 1112 2621; x_wconf 78' lang='grc' dir='ltr'><strong>τήν</strong></span> <span class='ocrx_word' id='word_1_306' title='bbox 1144 2550 1451 2604; x_wconf 83' lang='grc' dir='ltr'>θάλασσαν·</span> <span class='ocrx_word' id='word_1_307' title='bbox 1483 2547 1666 2618; x_wconf 79' lang='grc' dir='ltr'>ἐκείνη</span> <span class='ocrx_word' id='word_1_308' title='bbox 1689 2547 1799 2618; x_wconf 84' lang='grc' dir='ltr'>γὰρ</span> <span class='ocrx_word' id='word_1_309' title='bbox 1824 2547 2015 2617; x_wconf 81' lang='grc' dir='ltr'>τρέφει</span> 
     </span>
    </p>
   </div>
   <div class='ocr_carea' id='block_1_44' title="bbox 425 2638 2017 2717">
    <p class='ocr_par' dir='ltr' id='par_1_44' title="bbox 425 2638 2017 2717">
     <span class='ocr_line' id='line_1_44' title="bbox 425 2638 2017 2717; baseline -0.004 -18"><span class='ocrx_word' id='word_1_310' title='bbox 425 2645 517 2699; x_wconf 72' lang='grc' dir='ltr'>τὸν</span> <span class='ocrx_word' id='word_1_311' title='bbox 544 2644 759 2715; x_wconf 82' lang='grc' dir='ltr'>κόχλον,</span> <span class='ocrx_word' id='word_1_312' title='bbox 788 2643 848 2709; x_wconf 84' lang='grc' dir='ltr'><strong>ἐξ</strong></span> <span class='ocrx_word' id='word_1_313' title='bbox 879 2639 947 2717; x_wconf 76' lang='grc' dir='ltr'>ἧς</span> <span class='ocrx_word' id='word_1_314' title='bbox 976 2644 1036 2697; x_wconf 81' lang='grc' dir='ltr'>τὸ</span> <span class='ocrx_word' id='word_1_315' title='bbox 1080 2642 1337 2695; x_wconf 82' lang='grc' dir='ltr'>τοσοῦτον</span> <span class='ocrx_word' id='word_1_316' title='bbox 1367 2640 1578 2711; x_wconf 87' lang='grc' dir='ltr'>γίνεται</span> <span class='ocrx_word' id='word_1_317' title='bbox 1623 2638 1825 2710; x_wconf 87' lang='grc' dir='ltr'>χρῶμα</span> <span class='ocrx_word' id='word_1_318' title='bbox 1849 2655 1864 2670; x_wconf 96' lang='grc'><strong>·</strong></span> <span class='ocrx_word' id='word_1_319' title='bbox 1893 2640 1926 2711; x_wconf 91' lang='grc' dir='ltr'><strong>ή</strong></span> <span class='ocrx_word' id='word_1_320' title='bbox 1960 2640 2017 2692; x_wconf 84' lang='grc' dir='ltr'><strong>δὲ</strong></span> 
     </span>
    </p>
   </div>
   <div class='ocr_carea' id='block_1_45' title="bbox 429 2733 2015 2811">
    <p class='ocr_par' dir='ltr' id='par_1_45' title="bbox 429 2733 2015 2811">
     <span class='ocr_line' id='line_1_45' title="bbox 429 2733 2015 2811; baseline -0.004 -19"><span class='ocrx_word' id='word_1_321' title='bbox 429 2737 627 2808; x_wconf 82' lang='grc' dir='ltr'>βύσσος</span> <span class='ocrx_word' id='word_1_322' title='bbox 658 2740 757 2811; x_wconf 83' lang='grc' dir='ltr'><strong>τὴν</strong></span> <span class='ocrx_word' id='word_1_323' title='bbox 791 2740 916 2809; x_wconf 80' lang='grc' dir='ltr'>γῆν,</span> <span class='ocrx_word' id='word_1_324' title='bbox 950 2740 1013 2791; x_wconf 88' lang='grc' dir='ltr'><strong>ἐκ</strong></span> <span class='ocrx_word' id='word_1_325' title='bbox 1043 2736 1248 2808; x_wconf 86' lang='grc' dir='ltr'>ταύτης</span> <span class='ocrx_word' id='word_1_326' title='bbox 1279 2737 1387 2806; x_wconf 85' lang='grc' dir='ltr'><strong>γὰρ</strong></span> <span class='ocrx_word' id='word_1_327' title='bbox 1427 2734 1643 2805; x_wconf 80' lang='grc' dir='ltr'>φύεται·</span> <span class='ocrx_word' id='word_1_328' title='bbox 1676 2734 1771 2787; x_wconf 70' lang='grc' dir='ltr'><strong>καὶ</strong></span> <span class='ocrx_word' id='word_1_329' title='bbox 1800 2733 2015 2805; x_wconf 73' lang='grc' dir='ltr'>δέρρεις</span> 
     </span>
    </p>
   </div>
   <div class='ocr_carea' id='block_1_46' title="bbox 427 2825 2015 2901">
    <p class='ocr_par' dir='ltr' id='par_1_46' title="bbox 427 2825 2015 2901">
     <span class='ocr_line' id='line_1_46' title="bbox 427 2825 2015 2901; baseline -0.003 -17"><span class='ocrx_word' id='word_1_330' title='bbox 427 2832 484 2885; x_wconf 81' lang='grc' dir='ltr'><strong>δὲ</strong></span> <span class='ocrx_word' id='word_1_331' title='bbox 506 2827 619 2901; x_wconf 82' lang='grc' dir='ltr'>εἶχε</span> <span class='ocrx_word' id='word_1_332' title='bbox 648 2831 891 2901; x_wconf 77' lang='grc' dir='ltr'>τριχίνας</span> <span class='ocrx_word' id='word_1_333' title='bbox 913 2829 1290 2900; x_wconf 80' lang='grc' dir='ltr'>ἐπικειμένας,</span> <span class='ocrx_word' id='word_1_334' title='bbox 1312 2829 1405 2882; x_wconf 70' lang='grc' dir='ltr'><strong>καὶ</strong></span> <span class='ocrx_word' id='word_1_335' title='bbox 1430 2826 1613 2898; x_wconf 90' lang='grc' dir='ltr'>μέντοι</span> <span class='ocrx_word' id='word_1_336' title='bbox 1637 2826 1731 2880; x_wconf 82' lang='grc' dir='ltr'><strong>καὶ</strong></span> <span class='ocrx_word' id='word_1_337' title='bbox 1753 2825 2015 2897; x_wconf 85' lang='grc' dir='ltr'>διφθέρας</span> 
     </span>
    </p>
   </div>
   <div class='ocr_carea' id='block_1_47' title="bbox 428 2917 1664 2991">
    <p class='ocr_par' dir='ltr' id='par_1_47' title="bbox 428 2917 1664 2991">
     <span class='ocr_line' id='line_1_47' title="bbox 428 2917 1664 2991; baseline -0.003 -14"><span class='ocrx_word' id='word_1_338' title='bbox 428 2924 701 2991; x_wconf 79' lang='grc' dir='ltr'>ποικίλας,</span> <span class='ocrx_word' id='word_1_339' title='bbox 734 2923 877 2977; x_wconf 83' lang='grc' dir='ltr'>ὥστε</span> <span class='ocrx_word' id='word_1_340' title='bbox 918 2922 1014 2977; x_wconf 75' lang='grc' dir='ltr'><strong>καὶ</strong></span> <span class='ocrx_word' id='word_1_341' title='bbox 1042 2922 1133 2976; x_wconf 81' lang='grc' dir='ltr'><strong>τὸν</strong></span> <span class='ocrx_word' id='word_1_342' title='bbox 1168 2920 1326 2974; x_wconf 71' lang='grc' dir='ltr'>ὑετὸν</span> <span class='ocrx_word' id='word_1_343' title='bbox 1353 2917 1664 2991; x_wconf 85' lang='grc' dir='ltr'>ἀπείργειν.</span> 
     </span>
    </p>
   </div>
   <div class='ocr_carea' id='block_1_48' title="bbox 502 3003 2013 3086">
    <p class='ocr_par' dir='ltr' id='par_1_48' title="bbox 502 3003 2013 3086">
     <span class='ocr_line' id='line_1_48' title="bbox 502 3003 2013 3086; baseline -0.005 -17"><span class='ocrx_word' id='word_1_344' title='bbox 502 3003 609 3070; x_wconf 75' lang='grc' dir='ltr'>κᾱι</span> <span class='ocrx_word' id='word_1_345' title='bbox 632 3019 741 3079; x_wconf 85' lang='grc' dir='ltr'>τοῖς</span> <span class='ocrx_word' id='word_1_346' title='bbox 770 3016 973 3086; x_wconf 80' lang='grc' dir='ltr'>ἱερεῦσι</span> <span class='ocrx_word' id='word_1_347' title='bbox 1003 3015 1061 3067; x_wconf 81' lang='grc' dir='ltr'>δὲ</span> <span class='ocrx_word' id='word_1_348' title='bbox 1090 3012 1434 3067; x_wconf 78' lang='grc' dir='ltr'>παντοδαπὸν</span> <span class='ocrx_word' id='word_1_349' title='bbox 1462 3011 1761 3082; x_wconf 88' lang='grc' dir='ltr'>περιέθηκε</span> <span class='ocrx_word' id='word_1_350' title='bbox 1784 3010 2013 3081; x_wconf 78' lang='grc' dir='ltr'>κόσμον,</span> 
     </span>
    </p>
   </div>
   <div class='ocr_carea' id='block_1_49' title="bbox 428 3099 2018 3175">
    <p class='ocr_par' dir='ltr' id='par_1_49' title="bbox 428 3099 2018 3175">
     <span class='ocr_line' id='line_1_49' title="bbox 428 3099 2018 3175; baseline -0.003 -18"><span class='ocrx_word' id='word_1_351' title='bbox 428 3106 518 3157; x_wconf 76' lang='grc' dir='ltr'>τὸν</span> <span class='ocrx_word' id='word_1_352' title='bbox 556 3106 655 3175; x_wconf 78' lang='grc' dir='ltr'><strong>μὲν</strong></span> <span class='ocrx_word' id='word_1_353' title='bbox 688 3104 814 3156; x_wconf 82' lang='grc' dir='ltr'>λαὸν</span> <span class='ocrx_word' id='word_1_354' title='bbox 864 3102 1317 3173; x_wconf 83' lang='grc' dir='ltr'>καταπλήττοντα</span> <span class='ocrx_word' id='word_1_355' title='bbox 1359 3100 1438 3171; x_wconf 83' lang='grc' dir='ltr'>τῷ</span> <span class='ocrx_word' id='word_1_356' title='bbox 1472 3100 1715 3170; x_wconf 75' lang='grc' dir='ltr'>διαφόρῳ</span> <span class='ocrx_word' id='word_1_357' title='bbox 1746 3101 1840 3153; x_wconf 79' lang='grc' dir='ltr'>τοῦ</span> <span class='ocrx_word' id='word_1_358' title='bbox 1884 3099 2018 3170; x_wconf 87' lang='grc' dir='ltr'>σχή-</span> 
     </span>
    </p>
   </div>
   <div class='ocr_carea' id='block_1_50' title="bbox 433 3192 2020 3267">
    <p class='ocr_par' dir='ltr' id='par_1_50' title="bbox 433 3192 2020 3267">
     <span class='ocr_line' id='line_1_50' title="bbox 433 3192 2020 3267; baseline -0.003 -19"><span class='ocrx_word' id='word_1_359' title='bbox 433 3215 600 3267; x_wconf 83' lang='grc' dir='ltr'>ματος</span> <span class='ocrx_word' id='word_1_360' title='bbox 620 3238 635 3258; x_wconf 87' lang='grc'><strong>,</strong></span> <span class='ocrx_word' id='word_1_361' title='bbox 664 3197 864 3258; x_wconf 76' lang='grc' dir='ltr'>αὐτοὺς</span> <span class='ocrx_word' id='word_1_362' title='bbox 896 3195 954 3249; x_wconf 85' lang='grc' dir='ltr'><strong>δέ</strong></span> <span class='ocrx_word' id='word_1_363' title='bbox 987 3196 1113 3260; x_wconf 78' lang='grc' dir='ltr'>τοὺς</span> <span class='ocrx_word' id='word_1_364' title='bbox 1152 3195 1335 3267; x_wconf 84' lang='grc' dir='ltr'>ἱερέας</span> <span class='ocrx_word' id='word_1_365' title='bbox 1375 3193 1700 3248; x_wconf 83' lang='grc' dir='ltr'>διδάσκοντα</span> <span class='ocrx_word' id='word_1_366' title='bbox 1734 3193 1880 3255; x_wconf 84' lang='grc' dir='ltr'>ὅπως</span> <span class='ocrx_word' id='word_1_367' title='bbox 1913 3192 2020 3263; x_wconf 85' lang='grc' dir='ltr'>χρὴ</span> 
     </span>
    </p>
   </div>
   <div class='ocr_carea' id='block_1_51' title="bbox 429 3279 2023 3355">
    <p class='ocr_par' dir='ltr' id='par_1_51' title="bbox 429 3279 2023 3355">
     <span class='ocr_line' id='line_1_51' title="bbox 429 3279 2023 3355; baseline -0.001 -20"><span class='ocrx_word' id='word_1_368' title='bbox 429 3284 529 3354; x_wconf 79' lang='grc' dir='ltr'><strong>τὴν</strong></span> <span class='ocrx_word' id='word_1_369' title='bbox 581 3284 761 3355; x_wconf 71' lang='grc' dir='ltr'>ψυχὴν</span> <span class='ocrx_word' id='word_1_370' title='bbox 800 3284 1125 3353; x_wconf 74' lang='grc' dir='ltr'>ὲξωραΐξειν</span> <span class='ocrx_word' id='word_1_371' title='bbox 1175 3283 1273 3337; x_wconf 78' lang='grc' dir='ltr'><strong>καὶ</strong></span> <span class='ocrx_word' id='word_1_372' title='bbox 1326 3284 1589 3352; x_wconf 81' lang='grc' dir='ltr'>κοσμεῖν·</span> <span class='ocrx_word' id='word_1_373' title='bbox 1647 3280 1919 3351; x_wconf 81' lang='grc' dir='ltr'>ὑποδύτην</span> <span class='ocrx_word' id='word_1_374' title='bbox 1965 3279 2023 3333; x_wconf 79' lang='grc' dir='ltr'><strong>δὲ</strong></span> 
     </span>
    </p>
   </div>
   <div class='ocr_carea' id='block_1_52' title="bbox 434 3371 2022 3448">
    <p class='ocr_par' dir='ltr' id='par_1_52' title="bbox 434 3371 2022 3448">
     <span class='ocr_line' id='line_1_52' title="bbox 434 3371 2022 3448; baseline -0.003 -20"><span class='ocrx_word' id='word_1_375' title='bbox 434 3377 588 3429; x_wconf 85' lang='grc' dir='ltr'>καλεῖ</span> <span class='ocrx_word' id='word_1_376' title='bbox 623 3377 715 3429; x_wconf 82' lang='grc' dir='ltr'><strong>τὸν</strong></span> <span class='ocrx_word' id='word_1_377' title='bbox 762 3377 1046 3448; x_wconf 72' lang='grc' dir='ltr'>ἐνδότερον</span> <span class='ocrx_word' id='word_1_378' title='bbox 1091 3375 1453 3446; x_wconf 86' lang='grc' dir='ltr'>χιτωνίσκον·</span> <span class='ocrx_word' id='word_1_379' title='bbox 1493 3374 1794 3443; x_wconf 76' lang='grc' dir='ltr'>ἐπενδύτην</span> <span class='ocrx_word' id='word_1_380' title='bbox 1833 3372 1891 3426; x_wconf 84' lang='grc' dir='ltr'>δὲ</span> <span class='ocrx_word' id='word_1_381' title='bbox 1931 3371 2022 3425; x_wconf 83' lang='grc' dir='ltr'><strong>τὸν</strong></span> 
     </span>
    </p>
   </div>
   <div class='ocr_carea' id='block_1_53' title="bbox 433 3462 2023 3539">
    <p class='ocr_par' dir='ltr' id='par_1_53' title="bbox 433 3462 2023 3539">
     <span class='ocr_line' id='line_1_53' title="bbox 433 3462 2023 3539; baseline -0.004 -18"><span class='ocrx_word' id='word_1_382' title='bbox 433 3468 640 3538; x_wconf 88' lang='grc' dir='ltr'>χιτῶνα</span> <span class='ocrx_word' id='word_1_383' title='bbox 665 3468 756 3522; x_wconf 69' lang='grc' dir='ltr'><strong>τὸν</strong></span> <span class='ocrx_word' id='word_1_384' title='bbox 780 3467 1065 3539; x_wconf 84' lang='grc' dir='ltr'>ἐξώτερον·</span> <span class='ocrx_word' id='word_1_385' title='bbox 1097 3467 1409 3521; x_wconf 86' lang='grc' dir='ltr'>ὑακίνθινον</span> <span class='ocrx_word' id='word_1_386' title='bbox 1431 3465 1487 3518; x_wconf 82' lang='grc' dir='ltr'><strong>δὲ</strong></span> <span class='ocrx_word' id='word_1_387' title='bbox 1517 3466 1703 3519; x_wconf 81' lang='grc' dir='ltr'>τοῦτον</span> <span class='ocrx_word' id='word_1_388' title='bbox 1720 3462 2023 3536; x_wconf 86' lang='grc' dir='ltr'>προσέταξε</span> 
     </span>
    </p>
   </div>
   <div class='ocr_carea' id='block_1_54' title="bbox 433 3556 2025 3630">
    <p class='ocr_par' dir='ltr' id='par_1_54' title="bbox 433 3556 2025 3630">
     <span class='ocr_line' id='line_1_54' title="bbox 433 3556 2025 3630; baseline -0.003 -17"><span class='ocrx_word' id='word_1_389' title='bbox 433 3559 724 3630; x_wconf 89' lang='grc' dir='ltr'>γενέσθαι·</span> <span class='ocrx_word' id='word_1_390' title='bbox 763 3559 975 3630; x_wconf 85' lang='grc' dir='ltr'>ποδήρη</span> <span class='ocrx_word' id='word_1_391' title='bbox 1017 3558 1073 3612; x_wconf 82' lang='grc' dir='ltr'>δὲ</span> <span class='ocrx_word' id='word_1_392' title='bbox 1106 3558 1522 3630; x_wconf 82' lang='grc' dir='ltr'>προσηγόρευσε</span> <span class='ocrx_word' id='word_1_393' title='bbox 1546 3556 1621 3620; x_wconf 88' lang='grc' dir='ltr'>ὡς</span> <span class='ocrx_word' id='word_1_394' title='bbox 1660 3557 1821 3627; x_wconf 89' lang='grc' dir='ltr'>μέχρι</span> <span class='ocrx_word' id='word_1_395' title='bbox 1839 3556 2025 3627; x_wconf 83' lang='grc' dir='ltr'>ἄκρων</span> 
     </span>
    </p>
   </div>
   <div class='ocr_carea' id='block_1_55' title="bbox 433 3648 2025 3721">
    <p class='ocr_par' dir='ltr' id='par_1_55' title="bbox 433 3648 2025 3721">
     <span class='ocr_line' id='line_1_55' title="bbox 433 3648 2025 3721; baseline -0.005 -12"><span class='ocrx_word' id='word_1_396' title='bbox 433 3654 544 3709; x_wconf 87' lang='grc' dir='ltr'><strong>τῶν</strong></span> <span class='ocrx_word' id='word_1_397' title='bbox 577 3651 755 3706; x_wconf 84' lang='grc' dir='ltr'>ποδῶν</span> <span class='ocrx_word' id='word_1_398' title='bbox 788 3652 1049 3721; x_wconf 83' lang='grc' dir='ltr'>διήκοντα</span> <span class='ocrx_word' id='word_1_399' title='bbox 1076 3667 1091 3681; x_wconf 98' lang='grc'><strong>·</strong></span> <span class='ocrx_word' id='word_1_400' title='bbox 1124 3652 1418 3721; x_wconf 86' lang='grc' dir='ltr'>ἀπήρτησε</span> <span class='ocrx_word' id='word_1_401' title='bbox 1445 3650 1503 3703; x_wconf 85' lang='grc' dir='ltr'>δὲ</span> <span class='ocrx_word' id='word_1_402' title='bbox 1534 3648 1725 3704; x_wconf 87' lang='grc' dir='ltr'>τούτου</span> <span class='ocrx_word' id='word_1_403' title='bbox 1765 3648 2025 3711; x_wconf 82' lang='grc' dir='ltr'>κώδωνας</span> 
     </span>
    </p>
   </div>
   <div class='ocr_carea' id='block_1_56' title="bbox 434 3742 2026 3819">
    <p class='ocr_par' dir='ltr' id='par_1_56' title="bbox 434 3742 2026 3819">
     <span class='ocr_line' id='line_1_56' title="bbox 434 3742 2026 3819; baseline -0.004 -20"><span class='ocrx_word' id='word_1_404' title='bbox 434 3744 673 3819; x_wconf 81' lang='grc' dir='ltr'>χρυσοῦς</span> <span class='ocrx_word' id='word_1_405' title='bbox 711 3744 807 3798; x_wconf 77' lang='grc' dir='ltr'><strong>καὶ</strong></span> <span class='ocrx_word' id='word_1_406' title='bbox 848 3745 1101 3817; x_wconf 74' lang='grc' dir='ltr'>ῥοΐσκους</span> <span class='ocrx_word' id='word_1_407' title='bbox 1134 3743 1222 3796; x_wconf 85' lang='grc' dir='ltr'>ἵνα</span> <span class='ocrx_word' id='word_1_408' title='bbox 1252 3745 1333 3807; x_wconf 79' lang='grc' dir='ltr'>εἰς</span> <span class='ocrx_word' id='word_1_409' title='bbox 1361 3743 1428 3796; x_wconf 86' lang='grc' dir='ltr'>τὸ</span> <span class='ocrx_word' id='word_1_410' title='bbox 1452 3743 1644 3797; x_wconf 80' lang='grc' dir='ltr'>ἄδυτον</span> <span class='ocrx_word' id='word_1_411' title='bbox 1674 3742 1766 3794; x_wconf 70' lang='grc' dir='ltr'><strong>καὶ</strong></span> <span class='ocrx_word' id='word_1_412' title='bbox 1792 3743 2026 3796; x_wconf 84' lang='grc' dir='ltr'>ἀνάκτο-</span> 
     </span>
    </p>
   </div>
   <div class='ocr_carea' id='block_1_57' title="bbox 438 3832 2026 3909">
    <p class='ocr_par' dir='ltr' id='par_1_57' title="bbox 438 3832 2026 3909">
     <span class='ocr_line' id='line_1_57' title="bbox 438 3832 2026 3909; baseline -0.006 -17"><span class='ocrx_word' id='word_1_413' title='bbox 438 3857 533 3909; x_wconf 83' lang='grc' dir='ltr'><strong>ρον</strong></span> <span class='ocrx_word' id='word_1_414' title='bbox 566 3839 665 3908; x_wconf 77' lang='grc' dir='ltr'>τῆς</span> <span class='ocrx_word' id='word_1_415' title='bbox 698 3836 906 3908; x_wconf 84' lang='grc' dir='ltr'>σκηνῆς</span> <span class='ocrx_word' id='word_1_416' title='bbox 932 3834 1116 3890; x_wconf 79' lang='grc' dir='ltr'>εἰσιὼν</span> <span class='ocrx_word' id='word_1_417' title='bbox 1139 3876 1156 3903; x_wconf 86' lang='grc'><strong>,</strong></span> <span class='ocrx_word' id='word_1_418' title='bbox 1192 3835 1289 3890; x_wconf 73' lang='grc' dir='ltr'><strong>καὶ</strong></span> <span class='ocrx_word' id='word_1_419' title='bbox 1316 3834 1415 3905; x_wconf 80' lang='grc' dir='ltr'><strong>τήν</strong></span> <span class='ocrx_word' id='word_1_420' title='bbox 1450 3834 1559 3887; x_wconf 80' lang='grc' dir='ltr'>ἀπὸ</span> <span class='ocrx_word' id='word_1_421' title='bbox 1592 3832 1797 3887; x_wconf 86' lang='grc' dir='ltr'>τούτων</span> <span class='ocrx_word' id='word_1_422' title='bbox 1844 3833 2026 3884; x_wconf 86' lang='grc' dir='ltr'>ἐπιτε-</span> 
     </span>
    </p>
   </div>
   <div class='ocr_carea' id='block_1_58' title="bbox 437 3923 2029 4002">
    <p class='ocr_par' dir='ltr' id='par_1_58' title="bbox 437 3923 2029 4002">
     <span class='ocr_line' id='line_1_58' title="bbox 437 3923 2029 4002; baseline -0.008 -16"><span class='ocrx_word' id='word_1_423' title='bbox 437 3934 707 4002; x_wconf 80' lang='grc' dir='ltr'>λουμένην</span> <span class='ocrx_word' id='word_1_424' title='bbox 736 3930 877 4001; x_wconf 83' lang='grc' dir='ltr'>ήχὴν</span> <span class='ocrx_word' id='word_1_425' title='bbox 906 3928 1283 3998; x_wconf 79' lang='grc' dir='ltr'>εἰσδεχόμενος</span> <span class='ocrx_word' id='word_1_426' title='bbox 1317 3924 1460 3997; x_wconf 79' lang='grc' dir='ltr'>μετὰ</span> <span class='ocrx_word' id='word_1_427' title='bbox 1484 3925 1638 3987; x_wconf 87' lang='grc' dir='ltr'>δέους</span> <span class='ocrx_word' id='word_1_428' title='bbox 1659 3924 1758 3995; x_wconf 82' lang='grc' dir='ltr'><strong>τὴν</strong></span> <span class='ocrx_word' id='word_1_429' title='bbox 1786 3923 2029 3993; x_wconf 85' lang='grc' dir='ltr'>λειτουρ-</span> 
     </span>
    </p>
   </div>
   <div class='ocr_carea' id='block_1_59' title="bbox 436 4014 2030 4096">
    <p class='ocr_par' dir='ltr' id='par_1_59' title="bbox 436 4014 2030 4096">
     <span class='ocr_line' id='line_1_59' title="bbox 436 4014 2030 4096; baseline -0.01 -15"><span class='ocrx_word' id='word_1_430' title='bbox 436 4026 565 4096; x_wconf 86' lang='grc' dir='ltr'>γίαν</span> <span class='ocrx_word' id='word_1_431' title='bbox 590 4025 812 4094; x_wconf 82' lang='grc' dir='ltr'>ἐπιτελῇ</span> <span class='ocrx_word' id='word_1_432' title='bbox 838 4024 914 4085; x_wconf 87' lang='grc' dir='ltr'><strong>είς</strong></span> <span class='ocrx_word' id='word_1_433' title='bbox 937 4022 1158 4093; x_wconf 79' lang='grc' dir='ltr'>μνήμην</span> <span class='ocrx_word' id='word_1_434' title='bbox 1184 4018 1278 4073; x_wconf 77' lang='grc' dir='ltr'>τοῦ</span> <span class='ocrx_word' id='word_1_435' title='bbox 1302 4017 1737 4090; x_wconf 88' lang='grc' dir='ltr'>προστεταχότος</span> <span class='ocrx_word' id='word_1_436' title='bbox 1765 4014 2030 4084; x_wconf 63' lang='grc' dir='ltr'>ἀφικνούη</span> 
     </span>
    </p>
   </div>
   <div class='ocr_carea' id='block_1_60' title="bbox 441 4105 2027 4190">
    <p class='ocr_par' dir='ltr' id='par_1_60' title="bbox 441 4105 2027 4190">
     <span class='ocr_line' id='line_1_60' title="bbox 441 4105 2027 4190; baseline -0.008 -17"><span class='ocrx_word' id='word_1_437' title='bbox 441 4132 621 4190; x_wconf 90' lang='grc' dir='ltr'>μενος·</span> <span class='ocrx_word' id='word_1_438' title='bbox 664 4116 753 4169; x_wconf 85' lang='grc' dir='ltr'><strong>διά</strong></span> <span class='ocrx_word' id='word_1_439' title='bbox 794 4132 879 4169; x_wconf 86' lang='grc' dir='ltr'><strong>τοι</strong></span> <span class='ocrx_word' id='word_1_440' title='bbox 918 4112 1079 4166; x_wconf 82' lang='grc' dir='ltr'>τοῦτο</span> <span class='ocrx_word' id='word_1_441' title='bbox 1107 4112 1201 4166; x_wconf 70' lang='grc' dir='ltr'><strong>καὶ</strong></span> <span class='ocrx_word' id='word_1_442' title='bbox 1225 4114 1254 4164; x_wconf 85' lang='grc' dir='ltr'><strong>ό</strong></span> <span class='ocrx_word' id='word_1_443' title='bbox 1286 4111 1553 4181; x_wconf 85' lang='grc' dir='ltr'>ποδήρης,</span> <span class='ocrx_word' id='word_1_444' title='bbox 1586 4108 1680 4162; x_wconf 80' lang='grc' dir='ltr'>τοῦ</span> <span class='ocrx_word' id='word_1_445' title='bbox 1724 4109 1887 4179; x_wconf 80' lang='grc' dir='ltr'>ἀέρος</span> <span class='ocrx_word' id='word_1_446' title='bbox 1914 4105 2027 4177; x_wconf 77' lang='grc' dir='ltr'>εἶχε</span> 
     </span>
    </p>
   </div>
   <div class='ocr_carea' id='block_1_61' title="bbox 435 4200 2028 4283">
    <p class='ocr_par' dir='ltr' id='par_1_61' title="bbox 435 4200 2028 4283">
     <span class='ocr_line' id='line_1_61' title="bbox 435 4200 2028 4283; baseline -0.009 -16"><span class='ocrx_word' id='word_1_447' title='bbox 435 4213 499 4267; x_wconf 81' lang='grc' dir='ltr'><strong>τὸ</strong></span> <span class='ocrx_word' id='word_1_448' title='bbox 534 4207 754 4283; x_wconf 85' lang='grc' dir='ltr'>χρῶμα·</span> <span class='ocrx_word' id='word_1_449' title='bbox 798 4206 1055 4270; x_wconf 86' lang='grc' dir='ltr'>ὑάκινθος</span> <span class='ocrx_word' id='word_1_450' title='bbox 1096 4205 1153 4258; x_wconf 84' lang='grc' dir='ltr'>δὲ</span> <span class='ocrx_word' id='word_1_451' title='bbox 1184 4201 1252 4275; x_wconf 83' lang='grc' dir='ltr'><strong>ήν</strong></span> <span class='ocrx_word' id='word_1_452' title='bbox 1282 4204 1356 4267; x_wconf 86' lang='grc' dir='ltr'>ὡς</span> <span class='ocrx_word' id='word_1_453' title='bbox 1388 4203 1453 4257; x_wconf 80' lang='grc' dir='ltr'><strong>ἃν</strong></span> <span class='ocrx_word' id='word_1_454' title='bbox 1483 4205 1560 4265; x_wconf 84' lang='grc' dir='ltr'>εἰς</span> <span class='ocrx_word' id='word_1_455' title='bbox 1588 4200 1777 4255; x_wconf 81' lang='grc' dir='ltr'>τοῦτον</span> <span class='ocrx_word' id='word_1_456' title='bbox 1808 4201 2028 4271; x_wconf 82' lang='grc' dir='ltr'>ἀφορῶν</span> 
     </span>
    </p>
   </div>
   <div class='ocr_carea' id='block_1_62' title="bbox 443 4290 2029 4376">
    <p class='ocr_par' dir='ltr' id='par_1_62' title="bbox 443 4290 2029 4376">
     <span class='ocr_line' id='line_1_62' title="bbox 443 4290 2029 4376; baseline -0.009 -18"><span class='ocrx_word' id='word_1_457' title='bbox 443 4305 732 4376; x_wconf 82' lang='grc' dir='ltr'>μετάρσιος</span> <span class='ocrx_word' id='word_1_458' title='bbox 753 4300 993 4371; x_wconf 90' lang='grc' dir='ltr'>γίνηται·</span> <span class='ocrx_word' id='word_1_459' title='bbox 1022 4297 1278 4352; x_wconf 82' lang='grc' dir='ltr'>ἐπέκειτο</span> <span class='ocrx_word' id='word_1_460' title='bbox 1298 4295 1356 4348; x_wconf 82' lang='grc' dir='ltr'>δὲ</span> <span class='ocrx_word' id='word_1_461' title='bbox 1377 4298 1444 4365; x_wconf 80' lang='grc' dir='ltr'>τῇ</span> <span class='ocrx_word' id='word_1_462' title='bbox 1470 4294 1679 4364; x_wconf 82' lang='grc' dir='ltr'>κεφαλῇ</span> <span class='ocrx_word' id='word_1_463' title='bbox 1704 4292 1919 4363; x_wconf 81' lang='grc' dir='ltr'>κίδαρις</span> <span class='ocrx_word' id='word_1_464' title='bbox 1937 4290 2029 4344; x_wconf 85' lang='grc' dir='ltr'><strong>τὸν</strong></span> 
     </span>
    </p>
   </div>
   <div class='ocr_carea' id='block_1_63' title="bbox 436 4381 2027 4468">
    <p class='ocr_par' dir='ltr' id='par_1_63' title="bbox 436 4381 2027 4468">
     <span class='ocr_line' id='line_1_63' title="bbox 436 4381 2027 4468; baseline -0.01 -18"><span class='ocrx_word' id='word_1_465' title='bbox 436 4395 668 4468; x_wconf 74' lang='grc' dir='ltr'>οὐρανὸν</span> <span class='ocrx_word' id='word_1_466' title='bbox 690 4389 1023 4464; x_wconf 86' lang='grc' dir='ltr'>μιμουμένη·</span> <span class='ocrx_word' id='word_1_467' title='bbox 1051 4387 1398 4442; x_wconf 86' lang='grc' dir='ltr'>ἐπεκάλυπτε</span> <span class='ocrx_word' id='word_1_468' title='bbox 1415 4386 1473 4439; x_wconf 85' lang='grc' dir='ltr'><strong>δὲ</strong></span> <span class='ocrx_word' id='word_1_469' title='bbox 1496 4386 1591 4439; x_wconf 76' lang='grc' dir='ltr'><strong>καὶ</strong></span> <span class='ocrx_word' id='word_1_470' title='bbox 1609 4383 1788 4438; x_wconf 88' lang='grc' dir='ltr'>ταινία</span> <span class='ocrx_word' id='word_1_471' title='bbox 1810 4383 1873 4436; x_wconf 84' lang='grc' dir='ltr'><strong>τὸ</strong></span> <span class='ocrx_word' id='word_1_472' title='bbox 1895 4381 2027 4453; x_wconf 81' lang='grc' dir='ltr'>μέτ-</span> 
     </span>
    </p>
   </div>
   <div class='ocr_carea' id='block_1_64' title="bbox 2115 1900 3703 1974">
    <p class='ocr_par' dir='ltr' id='par_1_64' title="bbox 2115 1900 3703 1974">
     <span class='ocr_line' id='line_1_64' title="bbox 2115 1900 3703 1974; baseline -0.004 -13"><span class='ocrx_word' id='word_1_473' title='bbox 2115 1922 2276 1963; x_wconf 89' lang='lat' dir='ltr'><strong>secus</strong></span> <span class='ocrx_word' id='word_1_474' title='bbox 2305 1916 2359 1962; x_wconf 92' lang='lat' dir='ltr'><strong>et</strong></span> <span class='ocrx_word' id='word_1_475' title='bbox 2393 1922 2466 1960; x_wconf 84' lang='lat' dir='ltr'><strong>ex</strong></span> <span class='ocrx_word' id='word_1_476' title='bbox 2504 1905 2752 1960; x_wconf 84' lang='lat' dir='ltr'><strong>interiori</strong></span> <span class='ocrx_word' id='word_1_477' title='bbox 2791 1912 2945 1974; x_wconf 90' lang='lat' dir='ltr'><strong>parte</strong></span> <span class='ocrx_word' id='word_1_478' title='bbox 2987 1919 3126 1958; x_wconf 89' lang='lat' dir='ltr'><strong>auro</strong></span> <span class='ocrx_word' id='word_1_479' title='bbox 3159 1902 3439 1958; x_wconf 82' lang='lat' dir='ltr'><strong>distincta.</strong></span> <span class='ocrx_word' id='word_1_480' title='bbox 3473 1900 3703 1956; x_wconf 85' lang='lat' dir='ltr'><strong>Tectum</strong></span> 
     </span>
    </p>
   </div>
   <div class='ocr_carea' id='block_1_65' title="bbox 2113 1995 3705 2064">
    <p class='ocr_par' dir='ltr' id='par_1_65' title="bbox 2113 1995 3705 2064">
     <span class='ocr_line' id='line_1_65' title="bbox 2113 1995 3705 2064; baseline -0.003 -9"><span class='ocrx_word' id='word_1_481' title='bbox 2113 2016 2176 2055; x_wconf 81' lang='lat' dir='ltr'><strong>ex</strong></span> <span class='ocrx_word' id='word_1_482' title='bbox 2208 2001 2362 2055; x_wconf 87' lang='lat' dir='ltr'><strong>varia</strong></span> <span class='ocrx_word' id='word_1_483' title='bbox 2388 2008 2609 2055; x_wconf 75' lang='lat' dir='ltr'><strong>textura</strong></span> <span class='ocrx_word' id='word_1_484' title='bbox 2661 1999 2974 2064; x_wconf 88' lang='lat' dir='ltr'><strong>constabat,</strong></span> <span class='ocrx_word' id='word_1_485' title='bbox 3008 1997 3243 2052; x_wconf 88' lang='lat' dir='ltr'><strong>diversis</strong></span> <span class='ocrx_word' id='word_1_486' title='bbox 3297 1995 3579 2051; x_wconf 89' lang='lat' dir='ltr'><strong>coloribus</strong></span> <span class='ocrx_word' id='word_1_487' title='bbox 3608 1995 3705 2051; x_wconf 90' lang='lat' dir='ltr'><strong>de-</strong></span> 
     </span>
    </p>
   </div>
   <div class='ocr_carea' id='block_1_66' title="bbox 2113 2089 3705 2163">
    <p class='ocr_par' dir='ltr' id='par_1_66' title="bbox 2113 2089 3705 2163">
     <span class='ocr_line' id='line_1_66' title="bbox 2113 2089 3705 2163; baseline -0.003 -15"><span class='ocrx_word' id='word_1_488' title='bbox 2113 2093 2347 2163; x_wconf 89' lang='lat' dir='ltr'><strong>pictum,</strong></span> <span class='ocrx_word' id='word_1_489' title='bbox 2383 2100 2537 2163; x_wconf 90' lang='lat' dir='ltr'><strong>parte</strong></span> <span class='ocrx_word' id='word_1_490' title='bbox 2554 2106 2620 2147; x_wconf 84' lang='lat' dir='ltr'><strong>ex</strong></span> <span class='ocrx_word' id='word_1_491' title='bbox 2641 2091 2747 2145; x_wconf 87' lang='lat' dir='ltr'><strong>alia</strong></span> <span class='ocrx_word' id='word_1_492' title='bbox 2786 2105 3149 2161; x_wconf 90' lang='lat' dir='ltr'><strong>purpureum,</strong></span> <span class='ocrx_word' id='word_1_493' title='bbox 3183 2089 3288 2144; x_wconf 90' lang='lat' dir='ltr'><strong>alia</strong></span> <span class='ocrx_word' id='word_1_494' title='bbox 3321 2104 3568 2158; x_wconf 86' lang='lat' dir='ltr'><strong>roseum,</strong></span> <span class='ocrx_word' id='word_1_495' title='bbox 3596 2089 3705 2144; x_wconf 84' lang='lat' dir='ltr'><strong>alia</strong></span> 
     </span>
    </p>
   </div>
   <div class='ocr_carea' id='block_1_67' title="bbox 2115 2182 3708 2253">
    <p class='ocr_par' dir='ltr' id='par_1_67' title="bbox 2115 2182 3708 2253">
     <span class='ocr_line' id='line_1_67' title="bbox 2115 2182 3708 2253; baseline 0 -14"><span class='ocrx_word' id='word_1_496' title='bbox 2115 2184 2555 2248; x_wconf 89' lang='lat' dir='ltr'><strong>coecotinctum,</strong></span> <span class='ocrx_word' id='word_1_497' title='bbox 2599 2183 2705 2237; x_wconf 90' lang='lat' dir='ltr'><strong>alia</strong></span> <span class='ocrx_word' id='word_1_498' title='bbox 2745 2182 3305 2253; x_wconf 89' lang='lat' dir='ltr'><strong>hyacinthinum,alia</strong></span> <span class='ocrx_word' id='word_1_499' title='bbox 3328 2182 3602 2239; x_wconf 89' lang='lat' dir='ltr'><strong>referente</strong></span> <span class='ocrx_word' id='word_1_500' title='bbox 3625 2184 3708 2239; x_wconf 86' lang='lat' dir='ltr'><strong>al-</strong></span> 
     </span>
    </p>
   </div>
   <div class='ocr_carea' id='block_1_68' title="bbox 2114 2273 3708 2347">
    <p class='ocr_par' dir='ltr' id='par_1_68' title="bbox 2114 2273 3708 2347">
     <span class='ocr_line' id='line_1_68' title="bbox 2114 2273 3708 2347; baseline 0.001 -16"><span class='ocrx_word' id='word_1_501' title='bbox 2114 2275 2247 2331; x_wconf 89' lang='lat' dir='ltr'><strong>bum</strong></span> <span class='ocrx_word' id='word_1_502' title='bbox 2265 2276 2413 2347; x_wconf 85' lang='lat' dir='ltr'><strong>hyssi</strong></span> <span class='ocrx_word' id='word_1_503' title='bbox 2434 2275 2700 2330; x_wconf 90' lang='lat' dir='ltr'><strong>colorem.</strong></span> <span class='ocrx_word' id='word_1_504' title='bbox 2717 2273 2843 2330; x_wconf 64' lang='lat' dir='ltr'><strong>Haec</strong></span> <span class='ocrx_word' id='word_1_505' title='bbox 2862 2284 3096 2345; x_wconf 87' lang='lat' dir='ltr'><strong>quatuor</strong></span> <span class='ocrx_word' id='word_1_506' title='bbox 3127 2275 3523 2331; x_wconf 80' lang='lat' dir='ltr'><strong>elementorum</strong></span> <span class='ocrx_word' id='word_1_507' title='bbox 3548 2285 3708 2332; x_wconf 86' lang='lat' dir='ltr'><strong>erant</strong></span> 
     </span>
    </p>
   </div>
   <div class='ocr_carea' id='block_1_69' title="bbox 2117 2366 3709 2439">
    <p class='ocr_par' dir='ltr' id='par_1_69' title="bbox 2117 2366 3709 2439">
     <span class='ocr_line' id='line_1_69' title="bbox 2117 2366 3709 2439; baseline 0.001 -16"><span class='ocrx_word' id='word_1_508' title='bbox 2117 2368 2384 2439; x_wconf 79' lang='lat' dir='ltr'><strong>symbola.</strong></span> <span class='ocrx_word' id='word_1_509' title='bbox 2395 2366 2727 2438; x_wconf 89' lang='lat' dir='ltr'><strong>Hyacinthus</strong></span> <span class='ocrx_word' id='word_1_510' title='bbox 2741 2366 2854 2422; x_wconf 86' lang='lat' dir='ltr'><strong>aeri</strong></span> <span class='ocrx_word' id='word_1_511' title='bbox 2871 2367 3067 2422; x_wconf 90' lang='lat' dir='ltr'><strong>similis</strong></span> <span class='ocrx_word' id='word_1_512' title='bbox 3079 2377 3381 2432; x_wconf 88' lang='lat' dir='ltr'><strong>est,roseus</strong></span> <span class='ocrx_word' id='word_1_513' title='bbox 3395 2368 3709 2424; x_wconf 86' lang='lat' dir='ltr'><strong>coccineus-</strong></span> 
     </span>
    </p>
   </div>
   <div class='ocr_carea' id='block_1_70' title="bbox 2116 2458 3705 2529">
    <p class='ocr_par' dir='ltr' id='par_1_70' title="bbox 2116 2458 3705 2529">
     <span class='ocr_line' id='line_1_70' title="bbox 2116 2458 3705 2529; baseline 0.001 -17"><span class='ocrx_word' id='word_1_514' title='bbox 2116 2475 2182 2513; x_wconf 91' lang='lat' dir='ltr'><strong>ve</strong></span> <span class='ocrx_word' id='word_1_515' title='bbox 2212 2458 2363 2515; x_wconf 89' lang='lat' dir='ltr'><strong>color</strong></span> <span class='ocrx_word' id='word_1_516' title='bbox 2384 2458 2521 2529; x_wconf 83' lang='lat' dir='ltr'><strong>igni,</strong></span> <span class='ocrx_word' id='word_1_517' title='bbox 2547 2472 2859 2528; x_wconf 89' lang='lat' dir='ltr'><strong>purpureus</strong></span> <span class='ocrx_word' id='word_1_518' title='bbox 2878 2472 3009 2513; x_wconf 84' lang='lat' dir='ltr'><strong>vero</strong></span> <span class='ocrx_word' id='word_1_519' title='bbox 3042 2472 3195 2513; x_wconf 86' lang='lat' dir='ltr'><strong>mare</strong></span> <span class='ocrx_word' id='word_1_520' title='bbox 3225 2458 3540 2529; x_wconf 85' lang='lat' dir='ltr'><strong>significat;</strong></span> <span class='ocrx_word' id='word_1_521' title='bbox 3570 2459 3705 2514; x_wconf 89' lang='lat' dir='ltr'><strong>illud</strong></span> 
     </span>
    </p>
   </div>
   <div class='ocr_carea' id='block_1_71' title="bbox 2123 2552 3709 2621">
    <p class='ocr_par' dir='ltr' id='par_1_71' title="bbox 2123 2552 3709 2621">
     <span class='ocr_line' id='line_1_71' title="bbox 2123 2552 3709 2621; baseline -0.001 -13"><span class='ocrx_word' id='word_1_522' title='bbox 2123 2552 2272 2608; x_wconf 87' lang='lat' dir='ltr'><strong>enim</strong></span> <span class='ocrx_word' id='word_1_523' title='bbox 2302 2552 2475 2607; x_wconf 90' lang='lat' dir='ltr'><strong>nutrit</strong></span> <span class='ocrx_word' id='word_1_524' title='bbox 2506 2552 2773 2607; x_wconf 84' lang='lat' dir='ltr'><strong>concham</strong></span> <span class='ocrx_word' id='word_1_525' title='bbox 2802 2565 2869 2605; x_wconf 83' lang='lat' dir='ltr'><strong>ex</strong></span> <span class='ocrx_word' id='word_1_526' title='bbox 2913 2566 3023 2621; x_wconf 90' lang='lat' dir='ltr'><strong>qua</strong></span> <span class='ocrx_word' id='word_1_527' title='bbox 3047 2560 3155 2605; x_wconf 89' lang='lat' dir='ltr'><strong>tam</strong></span> <span class='ocrx_word' id='word_1_528' title='bbox 3180 2552 3416 2621; x_wconf 89' lang='lat' dir='ltr'><strong>pulcher</strong></span> <span class='ocrx_word' id='word_1_529' title='bbox 3454 2553 3709 2607; x_wconf 89' lang='lat' dir='ltr'><strong>nascitur</strong></span> 
     </span>
    </p>
   </div>
   <div class='ocr_carea' id='block_1_72' title="bbox 2117 2642 3705 2713">
    <p class='ocr_par' dir='ltr' id='par_1_72' title="bbox 2117 2642 3705 2713">
     <span class='ocr_line' id='line_1_72' title="bbox 2117 2642 3705 2713; baseline -0.001 -18"><span class='ocrx_word' id='word_1_530' title='bbox 2117 2643 2308 2710; x_wconf 86' lang='lat' dir='ltr'><strong>color;</strong></span> <span class='ocrx_word' id='word_1_531' title='bbox 2363 2651 2722 2712; x_wconf 67' lang='lat' dir='ltr'><strong>repraesentat</strong></span> <span class='ocrx_word' id='word_1_532' title='bbox 2765 2642 2965 2713; x_wconf 88' lang='lat' dir='ltr'><strong>byssus</strong></span> <span class='ocrx_word' id='word_1_533' title='bbox 3013 2648 3220 2695; x_wconf 89' lang='lat' dir='ltr'><strong>terram</strong></span> <span class='ocrx_word' id='word_1_534' title='bbox 3264 2656 3296 2697; x_wconf 92' lang='lat' dir='ltr'><strong>e</strong></span> <span class='ocrx_word' id='word_1_535' title='bbox 3332 2658 3437 2712; x_wconf 87' lang='lat' dir='ltr'><strong>qua</strong></span> <span class='ocrx_word' id='word_1_536' title='bbox 3492 2642 3705 2708; x_wconf 86' lang='lat' dir='ltr'><strong>oritur;</strong></span> 
     </span>
    </p>
   </div>
   <div class='ocr_carea' id='block_1_73' title="bbox 2121 2736 3710 2812">
    <p class='ocr_par' dir='ltr' id='par_1_73' title="bbox 2121 2736 3710 2812">
     <span class='ocr_line' id='line_1_73' title="bbox 2121 2736 3710 2812; baseline -0.001 -17"><span class='ocrx_word' id='word_1_537' title='bbox 2121 2740 2289 2812; x_wconf 91' lang='lat' dir='ltr'><strong>pelles</strong></span> <span class='ocrx_word' id='word_1_538' title='bbox 2340 2740 2505 2795; x_wconf 91' lang='lat' dir='ltr'><strong>etiam</strong></span> <span class='ocrx_word' id='word_1_539' title='bbox 2544 2737 2797 2794; x_wconf 88' lang='lat' dir='ltr'><strong>crinibus</strong></span> <span class='ocrx_word' id='word_1_540' title='bbox 2849 2736 3120 2794; x_wconf 82' lang='lat' dir='ltr'><strong>confectae</strong></span> <span class='ocrx_word' id='word_1_541' title='bbox 3158 2737 3265 2793; x_wconf 90' lang='lat' dir='ltr'><strong>illis</strong></span> <span class='ocrx_word' id='word_1_542' title='bbox 3309 2737 3710 2808; x_wconf 72' lang='lat' dir='ltr'><strong>superinducta:</strong></span> 
     </span>
    </p>
   </div>
   <div class='ocr_carea' id='block_1_74' title="bbox 2118 2828 3708 2902">
    <p class='ocr_par' dir='ltr' id='par_1_74' title="bbox 2118 2828 3708 2902">
     <span class='ocr_line' id='line_1_74' title="bbox 2118 2828 3708 2902; baseline -0.003 -14"><span class='ocrx_word' id='word_1_543' title='bbox 2118 2840 2296 2897; x_wconf 90' lang='lat' dir='ltr'><strong>erant,</strong></span> <span class='ocrx_word' id='word_1_544' title='bbox 2328 2832 2645 2902; x_wconf 63' lang='lat' dir='ltr'><strong>exuviasque</strong></span> <span class='ocrx_word' id='word_1_545' title='bbox 2674 2828 2948 2886; x_wconf 79' lang='lat' dir='ltr'><strong>distinctae</strong></span> <span class='ocrx_word' id='word_1_546' title='bbox 2994 2844 3116 2901; x_wconf 72' lang='lat' dir='ltr'><strong>quae</strong></span> <span class='ocrx_word' id='word_1_547' title='bbox 3157 2829 3386 2885; x_wconf 84' lang='lat' dir='ltr'><strong>imbrem</strong></span> <span class='ocrx_word' id='word_1_548' title='bbox 3437 2839 3708 2885; x_wconf 89' lang='lat' dir='ltr'><strong>arcerent.</strong></span> 
     </span>
    </p>
   </div>
   <div class='ocr_carea' id='block_1_75' title="bbox 2190 3002 3711 3063">
    <p class='ocr_par' dir='ltr' id='par_1_75' title="bbox 2190 3002 3711 3063">
     <span class='ocr_line' id='line_1_75' title="bbox 2190 3002 3711 3063; baseline 0.003 -5"><span class='ocrx_word' id='word_1_549' title='bbox 2190 3004 2453 3058; x_wconf 82' lang='lat' dir='ltr'><strong>Praeterea</strong></span> <span class='ocrx_word' id='word_1_550' title='bbox 2491 3002 2869 3059; x_wconf 88' lang='lat' dir='ltr'><strong>sacerdotibus</strong></span> <span class='ocrx_word' id='word_1_551' title='bbox 2909 3002 3317 3060; x_wconf 89' lang='lat' dir='ltr'><strong>diversissimas</strong></span> <span class='ocrx_word' id='word_1_552' title='bbox 3358 3012 3539 3061; x_wconf 82' lang='lat' dir='ltr'><strong>vestes</strong></span> <span class='ocrx_word' id='word_1_553' title='bbox 3567 3004 3711 3063; x_wconf 90' lang='lat' dir='ltr'><strong>Deus</strong></span> 
     </span>
    </p>
   </div>
   <div class='ocr_carea' id='block_1_76' title="bbox 2123 3095 3713 3168">
    <p class='ocr_par' dir='ltr' id='par_1_76' title="bbox 2123 3095 3713 3168">
     <span class='ocr_line' id='line_1_76' title="bbox 2123 3095 3713 3168; baseline 0 -17"><span class='ocrx_word' id='word_1_554' title='bbox 2123 3096 2441 3168; x_wconf 83' lang='lat' dir='ltr'><strong>assignavit,</strong></span> <span class='ocrx_word' id='word_1_555' title='bbox 2474 3110 2595 3166; x_wconf 84' lang='lat' dir='ltr'><strong>quae</strong></span> <span class='ocrx_word' id='word_1_556' title='bbox 2648 3096 2879 3166; x_wconf 85' lang='lat' dir='ltr'><strong>populo,</strong></span> <span class='ocrx_word' id='word_1_557' title='bbox 2926 3095 3114 3150; x_wconf 86' lang='lat' dir='ltr'><strong>cultus</strong></span> <span class='ocrx_word' id='word_1_558' title='bbox 3171 3095 3479 3162; x_wconf 70' lang='lat' dir='ltr'><strong>Varietate,</strong></span> <span class='ocrx_word' id='word_1_559' title='bbox 3542 3096 3713 3151; x_wconf 88' lang='lat' dir='ltr'><strong>mira-</strong></span> 
     </span>
    </p>
   </div>
   <div class='ocr_carea' id='block_1_77' title="bbox 2125 3184 3713 3255">
    <p class='ocr_par' dir='ltr' id='par_1_77' title="bbox 2125 3184 3713 3255">
     <span class='ocr_line' id='line_1_77' title="bbox 2125 3184 3713 3255; baseline 0 -14"><span class='ocrx_word' id='word_1_560' title='bbox 2125 3188 2327 3243; x_wconf 92' lang='lat' dir='ltr'><strong>tionem</strong></span> <span class='ocrx_word' id='word_1_561' title='bbox 2382 3194 2668 3241; x_wconf 84' lang='lat' dir='ltr'><strong>moverent</strong></span> <span class='ocrx_word' id='word_1_562' title='bbox 2704 3223 2719 3251; x_wconf 94' lang='lat'><strong>,</strong></span> <span class='ocrx_word' id='word_1_563' title='bbox 2772 3186 3029 3255; x_wconf 88' lang='lat' dir='ltr'><strong>ipsosque</strong></span> <span class='ocrx_word' id='word_1_564' title='bbox 3084 3184 3346 3240; x_wconf 87' lang='lat' dir='ltr'><strong>docerent</strong></span> <span class='ocrx_word' id='word_1_565' title='bbox 3398 3185 3713 3241; x_wconf 82' lang='lat' dir='ltr'><strong>sacerdotes</strong></span> 
     </span>
    </p>
   </div>
   <div class='ocr_carea' id='block_1_78' title="bbox 2123 3278 3713 3349">
    <p class='ocr_par' dir='ltr' id='par_1_78' title="bbox 2123 3278 3713 3349">
     <span class='ocr_line' id='line_1_78' title="bbox 2123 3278 3713 3349; baseline 0 -16"><span class='ocrx_word' id='word_1_566' title='bbox 2123 3279 2404 3349; x_wconf 90' lang='lat' dir='ltr'><strong>quomodo</strong></span> <span class='ocrx_word' id='word_1_567' title='bbox 2444 3278 2684 3333; x_wconf 88' lang='lat' dir='ltr'><strong>animam</strong></span> <span class='ocrx_word' id='word_1_568' title='bbox 2739 3292 3016 3331; x_wconf 79' lang='lat' dir='ltr'><strong>exornare</strong></span> <span class='ocrx_word' id='word_1_569' title='bbox 3054 3287 3454 3349; x_wconf 83' lang='lat' dir='ltr'><strong>venustamque</strong></span> <span class='ocrx_word' id='word_1_570' title='bbox 3498 3278 3713 3334; x_wconf 80' lang='lat' dir='ltr'><strong>eﬂicere</strong></span> 
     </span>
    </p>
   </div>
   <div class='ocr_carea' id='block_1_79' title="bbox 2124 3366 3708 3439">
    <p class='ocr_par' dir='ltr' id='par_1_79' title="bbox 2124 3366 3708 3439">
     <span class='ocr_line' id='line_1_79' title="bbox 2124 3366 3708 3439; baseline -0.001 -15"><span class='ocrx_word' id='word_1_571' title='bbox 2124 3376 2423 3439; x_wconf 87' lang='lat' dir='ltr'><strong>oporteret.</strong></span> <span class='ocrx_word' id='word_1_572' title='bbox 2456 3366 2678 3424; x_wconf 74' lang='lat' dir='ltr'><strong>Vestem</strong></span> <span class='ocrx_word' id='word_1_573' title='bbox 2712 3367 3030 3422; x_wconf 86' lang='lat' dir='ltr'><strong>interiorem</strong></span> <span class='ocrx_word' id='word_1_574' title='bbox 3107 3369 3347 3437; x_wconf 86' lang='lat' dir='ltr'><strong>appellat</strong></span> <span class='ocrx_word' id='word_1_575' title='bbox 3382 3369 3708 3434; x_wconf 86' lang='lat' dir='ltr'><strong>tuniculam,</strong></span> 
     </span>
    </p>
   </div>
   <div class='ocr_carea' id='block_1_80' title="bbox 2127 3456 3713 3531">
    <p class='ocr_par' dir='ltr' id='par_1_80' title="bbox 2127 3456 3713 3531">
     <span class='ocr_line' id='line_1_80' title="bbox 2127 3456 3713 3531; baseline 0.003 -19"><span class='ocrx_word' id='word_1_576' title='bbox 2127 3458 2426 3512; x_wconf 86' lang='lat' dir='ltr'><strong>amiculum</strong></span> <span class='ocrx_word' id='word_1_577' title='bbox 2477 3458 2836 3522; x_wconf 81' lang='lat' dir='ltr'><strong>exteriorem,</strong></span> <span class='ocrx_word' id='word_1_578' title='bbox 2893 3466 2949 3511; x_wconf 89' lang='lat' dir='ltr'><strong>et</strong></span> <span class='ocrx_word' id='word_1_579' title='bbox 2984 3456 3126 3513; x_wconf 89' lang='lat' dir='ltr'><strong>hanc</strong></span> <span class='ocrx_word' id='word_1_580' title='bbox 3191 3458 3434 3514; x_wconf 88' lang='lat' dir='ltr'><strong>tunicam</strong></span> <span class='ocrx_word' id='word_1_581' title='bbox 3485 3460 3713 3531; x_wconf 79' lang='lat' dir='ltr'><strong>hyacin-</strong></span> 
     </span>
    </p>
   </div>
   <div class='ocr_carea' id='block_1_81' title="bbox 2126 3546 3713 3623">
    <p class='ocr_par' dir='ltr' id='par_1_81' title="bbox 2126 3546 3713 3623">
     <span class='ocr_line' id='line_1_81' title="bbox 2126 3546 3713 3623; baseline 0.003 -18"><span class='ocrx_word' id='word_1_582' title='bbox 2126 3551 2339 3605; x_wconf 87' lang='lat' dir='ltr'><strong>thinam</strong></span> <span class='ocrx_word' id='word_1_583' title='bbox 2380 3564 2504 3605; x_wconf 85' lang='lat' dir='ltr'><strong>esse</strong></span> <span class='ocrx_word' id='word_1_584' title='bbox 2533 3550 2893 3620; x_wconf 80' lang='lat' dir='ltr'><strong>praescripsit.</strong></span> <span class='ocrx_word' id='word_1_585' title='bbox 2926 3546 3030 3605; x_wconf 85' lang='lat' dir='ltr'><strong>Cui</strong></span> <span class='ocrx_word' id='word_1_586' title='bbox 3063 3548 3133 3603; x_wconf 90' lang='lat' dir='ltr'><strong>ad</strong></span> <span class='ocrx_word' id='word_1_587' title='bbox 3178 3550 3318 3605; x_wconf 88' lang='lat' dir='ltr'><strong>imos</strong></span> <span class='ocrx_word' id='word_1_588' title='bbox 3374 3551 3541 3622; x_wconf 88' lang='lat' dir='ltr'><strong>pedes</strong></span> <span class='ocrx_word' id='word_1_589' title='bbox 3580 3568 3713 3623; x_wconf 83' lang='lat' dir='ltr'><strong>pro—-</strong></span> 
     </span>
    </p>
   </div>
   <div class='ocr_carea' id='block_1_82' title="bbox 2127 3639 3716 3712">
    <p class='ocr_par' dir='ltr' id='par_1_82' title="bbox 2127 3639 3716 3712">
     <span class='ocr_line' id='line_1_82' title="bbox 2127 3639 3716 3712; baseline 0.003 -18"><span class='ocrx_word' id='word_1_590' title='bbox 2127 3641 2313 3695; x_wconf 82' lang='lat' dir='ltr'><strong>missae</strong></span> <span class='ocrx_word' id='word_1_591' title='bbox 2344 3640 2532 3696; x_wconf 90' lang='lat' dir='ltr'><strong>talaris</strong></span> <span class='ocrx_word' id='word_1_592' title='bbox 2562 3639 3007 3712; x_wconf 84' lang='lat' dir='ltr'><strong>fuitcognomen,</strong></span> <span class='ocrx_word' id='word_1_593' title='bbox 3032 3640 3100 3696; x_wconf 92' lang='lat' dir='ltr'><strong>de</strong></span> <span class='ocrx_word' id='word_1_594' title='bbox 3120 3656 3226 3711; x_wconf 92' lang='lat' dir='ltr'><strong>qua</strong></span> <span class='ocrx_word' id='word_1_595' title='bbox 3254 3657 3421 3698; x_wconf 90' lang='lat' dir='ltr'><strong>aurea</strong></span> <span class='ocrx_word' id='word_1_596' title='bbox 3450 3644 3716 3699; x_wconf 89' lang='lat' dir='ltr'><strong>tintinna-</strong></span> 
     </span>
    </p>
   </div>
   <div class='ocr_carea' id='block_1_83' title="bbox 2126 3729 3715 3803">
    <p class='ocr_par' dir='ltr' id='par_1_83' title="bbox 2126 3729 3715 3803">
     <span class='ocr_line' id='line_1_83' title="bbox 2126 3729 3715 3803; baseline 0.003 -18"><span class='ocrx_word' id='word_1_597' title='bbox 2126 3729 2257 3785; x_wconf 88' lang='lat' dir='ltr'><strong>bula</strong></span> <span class='ocrx_word' id='word_1_598' title='bbox 2281 3730 2518 3800; x_wconf 90' lang='lat' dir='ltr'><strong>spcciem</strong></span> <span class='ocrx_word' id='word_1_599' title='bbox 2550 3731 2678 3785; x_wconf 88' lang='lat' dir='ltr'><strong>mali</strong></span> <span class='ocrx_word' id='word_1_600' title='bbox 2730 3732 2921 3801; x_wconf 87' lang='lat' dir='ltr'><strong>punici</strong></span> <span class='ocrx_word' id='word_1_601' title='bbox 2947 3730 3243 3787; x_wconf 83' lang='lat' dir='ltr'><strong>referentia</strong></span> <span class='ocrx_word' id='word_1_602' title='bbox 3284 3733 3617 3803; x_wconf 89' lang='lat' dir='ltr'><strong>pendebant,</strong></span> <span class='ocrx_word' id='word_1_603' title='bbox 3652 3745 3715 3791; x_wconf 91' lang='lat' dir='ltr'><strong>ut</strong></span> 
     </span>
    </p>
   </div>
   <div class='ocr_carea' id='block_1_84' title="bbox 2128 3822 3718 3894">
    <p class='ocr_par' dir='ltr' id='par_1_84' title="bbox 2128 3822 3718 3894">
     <span class='ocr_line' id='line_1_84' title="bbox 2128 3822 3718 3894; baseline 0.004 -17"><span class='ocrx_word' id='word_1_604' title='bbox 2128 3822 2184 3877; x_wconf 92' lang='lat' dir='ltr'><strong>in</strong></span> <span class='ocrx_word' id='word_1_605' title='bbox 2231 3822 2452 3894; x_wconf 81' lang='lat' dir='ltr'><strong>adytum</strong></span> <span class='ocrx_word' id='word_1_606' title='bbox 2501 3830 2556 3877; x_wconf 90' lang='lat' dir='ltr'><strong>et</strong></span> <span class='ocrx_word' id='word_1_607' title='bbox 2626 3823 2836 3894; x_wconf 84' lang='lat' dir='ltr'><strong>regiam</strong></span> <span class='ocrx_word' id='word_1_608' title='bbox 2908 3823 3245 3879; x_wconf 85' lang='lat' dir='ltr'><strong>tabernaculi</strong></span> <span class='ocrx_word' id='word_1_609' title='bbox 3301 3840 3427 3881; x_wconf 84' lang='lat' dir='ltr'><strong>cum</strong></span> <span class='ocrx_word' id='word_1_610' title='bbox 3484 3826 3718 3883; x_wconf 88' lang='lat' dir='ltr'><strong>intraret</strong></span> 
     </span>
    </p>
   </div>
   <div class='ocr_carea' id='block_1_85' title="bbox 2128 3916 3715 3985">
    <p class='ocr_par' dir='ltr' id='par_1_85' title="bbox 2128 3916 3715 3985">
     <span class='ocr_line' id='line_1_85' title="bbox 2128 3916 3715 3985; baseline 0.003 -15"><span class='ocrx_word' id='word_1_611' title='bbox 2128 3916 2409 3980; x_wconf 89' lang='lat' dir='ltr'><strong>sacerdos,</strong></span> <span class='ocrx_word' id='word_1_612' title='bbox 2444 3924 2701 3985; x_wconf 90' lang='lat' dir='ltr'><strong>percepto</strong></span> <span class='ocrx_word' id='word_1_613' title='bbox 2735 3930 2929 3971; x_wconf 89' lang='lat' dir='ltr'><strong>eorum</strong></span> <span class='ocrx_word' id='word_1_614' title='bbox 2973 3917 3182 3980; x_wconf 87' lang='lat' dir='ltr'><strong>sonitu,</strong></span> <span class='ocrx_word' id='word_1_615' title='bbox 3224 3932 3355 3973; x_wconf 92' lang='lat' dir='ltr'><strong>cum</strong></span> <span class='ocrx_word' id='word_1_616' title='bbox 3406 3919 3715 3975; x_wconf 85' lang='lat' dir='ltr'><strong>reverentia</strong></span> 
     </span>
    </p>
   </div>
   <div class='ocr_carea' id='block_1_86' title="bbox 2129 4007 3715 4078">
    <p class='ocr_par' dir='ltr' id='par_1_86' title="bbox 2129 4007 3715 4078">
     <span class='ocr_line' id='line_1_86' title="bbox 2129 4007 3715 4078; baseline 0.001 -15"><span class='ocrx_word' id='word_1_617' title='bbox 2129 4007 2401 4063; x_wconf 86' lang='lat' dir='ltr'><strong>solemnia</strong></span> <span class='ocrx_word' id='word_1_618' title='bbox 2427 4016 2733 4078; x_wconf 85' lang='lat' dir='ltr'><strong>perageret,</strong></span> <span class='ocrx_word' id='word_1_619' title='bbox 2754 4008 3054 4063; x_wconf 85' lang='lat' dir='ltr'><strong>recordans</strong></span> <span class='ocrx_word' id='word_1_620' title='bbox 3084 4009 3234 4064; x_wconf 90' lang='lat' dir='ltr'><strong>illius</strong></span> <span class='ocrx_word' id='word_1_621' title='bbox 3263 4010 3357 4078; x_wconf 88' lang='lat' dir='ltr'><strong>qui</strong></span> <span class='ocrx_word' id='word_1_622' title='bbox 3379 4010 3493 4065; x_wconf 67' lang='lat' dir='ltr'><strong>hazc</strong></span> <span class='ocrx_word' id='word_1_623' title='bbox 3527 4013 3715 4066; x_wconf 87' lang='lat' dir='ltr'><strong>omnia</strong></span> 
     </span>
    </p>
   </div>
   <div class='ocr_carea' id='block_1_87' title="bbox 2127 4099 3714 4169">
    <p class='ocr_par' dir='ltr' id='par_1_87' title="bbox 2127 4099 3714 4169">
     <span class='ocr_line' id='line_1_87' title="bbox 2127 4099 3714 4169; baseline 0.003 -16"><span class='ocrx_word' id='word_1_624' title='bbox 2127 4109 2481 4169; x_wconf 82' lang='lat' dir='ltr'><strong>praeceperat.</strong></span> <span class='ocrx_word' id='word_1_625' title='bbox 2535 4099 2903 4165; x_wconf 86' lang='lat' dir='ltr'><strong>Quamobrem</strong></span> <span class='ocrx_word' id='word_1_626' title='bbox 2938 4099 3128 4155; x_wconf 88' lang='lat' dir='ltr'><strong>talaris</strong></span> <span class='ocrx_word' id='word_1_627' title='bbox 3204 4101 3413 4154; x_wconf 85' lang='lat' dir='ltr'><strong>aeriam</strong></span> <span class='ocrx_word' id='word_1_628' title='bbox 3470 4101 3714 4158; x_wconf 89' lang='lat' dir='ltr'><strong>colorem</strong></span> 
     </span>
    </p>
   </div>
   <div class='ocr_carea' id='block_1_88' title="bbox 2129 4190 3716 4262">
    <p class='ocr_par' dir='ltr' id='par_1_88' title="bbox 2129 4190 3716 4262">
     <span class='ocr_line' id='line_1_88' title="bbox 2129 4190 3716 4262; baseline 0.001 -16"><span class='ocrx_word' id='word_1_629' title='bbox 2129 4190 2423 4255; x_wconf 80' lang='lat' dir='ltr'><strong>referebat,</strong></span> <span class='ocrx_word' id='word_1_630' title='bbox 2454 4192 2891 4262; x_wconf 83' lang='lat' dir='ltr'><strong>hyacintheaque</strong></span> <span class='ocrx_word' id='word_1_631' title='bbox 2936 4202 3055 4245; x_wconf 88' lang='lat' dir='ltr'><strong>erat</strong></span> <span class='ocrx_word' id='word_1_632' title='bbox 3088 4200 3149 4245; x_wconf 88' lang='lat' dir='ltr'><strong>ut</strong></span> <span class='ocrx_word' id='word_1_633' title='bbox 3206 4191 3273 4245; x_wconf 86' lang='lat' dir='ltr'><strong>ad</strong></span> <span class='ocrx_word' id='word_1_634' title='bbox 3320 4206 3439 4245; x_wconf 79' lang='lat' dir='ltr'><strong>eam</strong></span> <span class='ocrx_word' id='word_1_635' title='bbox 3497 4192 3716 4248; x_wconf 92' lang='lat' dir='ltr'><strong>intuens</strong></span> 
     </span>
    </p>
   </div>
   <div class='ocr_carea' id='block_1_89' title="bbox 2131 4280 3718 4353">
    <p class='ocr_par' dir='ltr' id='par_1_89' title="bbox 2131 4280 3718 4353">
     <span class='ocr_line' id='line_1_89' title="bbox 2131 4280 3718 4353; baseline 0 -14"><span class='ocrx_word' id='word_1_636' title='bbox 2131 4294 2371 4340; x_wconf 89' lang='lat' dir='ltr'><strong>mentem</strong></span> <span class='ocrx_word' id='word_1_637' title='bbox 2403 4284 2665 4340; x_wconf 87' lang='lat' dir='ltr'><strong>sacerdos</strong></span> <span class='ocrx_word' id='word_1_638' title='bbox 2711 4297 2935 4338; x_wconf 89' lang='lat' dir='ltr'><strong>sursum</strong></span> <span class='ocrx_word' id='word_1_639' title='bbox 2996 4288 3227 4337; x_wconf 89' lang='lat' dir='ltr'><strong>teneret.</strong></span> <span class='ocrx_word' id='word_1_640' title='bbox 3281 4280 3718 4353; x_wconf 85' lang='lat' dir='ltr'><strong>lmminebatque</strong></span> 
     </span>
    </p>
   </div>
   <div class='ocr_carea' id='block_1_90' title="bbox 2131 4374 3719 4441">
    <p class='ocr_par' dir='ltr' id='par_1_90' title="bbox 2131 4374 3719 4441">
     <span class='ocr_line' id='line_1_90' title="bbox 2131 4374 3719 4441; baseline -0.003 -8"><span class='ocrx_word' id='word_1_641' title='bbox 2131 4376 2334 4433; x_wconf 92' lang='lat' dir='ltr'><strong>summi</strong></span> <span class='ocrx_word' id='word_1_642' title='bbox 2363 4376 2667 4433; x_wconf 88' lang='lat' dir='ltr'><strong>sacerdotis</strong></span> <span class='ocrx_word' id='word_1_643' title='bbox 2718 4375 2886 4431; x_wconf 89' lang='lat' dir='ltr'><strong>fronti</strong></span> <span class='ocrx_word' id='word_1_644' title='bbox 2923 4375 3082 4439; x_wconf 89' lang='lat' dir='ltr'><strong>tiara,</strong></span> <span class='ocrx_word' id='word_1_645' title='bbox 3124 4374 3327 4429; x_wconf 66' lang='lat' dir='ltr'><strong>cmlum</strong></span> <span class='ocrx_word' id='word_1_646' title='bbox 3362 4375 3595 4441; x_wconf 91' lang='lat' dir='ltr'><strong>imitata,</strong></span> <span class='ocrx_word' id='word_1_647' title='bbox 3634 4377 3719 4429; x_wconf 88' lang='lat' dir='ltr'><strong>fa-</strong></span> 
     </span>
    </p>
   </div>
   <div class='ocr_carea' id='block_1_91' title="bbox 438 4464 2016 4556">
    <p class='ocr_par' dir='ltr' id='par_1_91' title="bbox 438 4464 2016 4556">
     <span class='ocr_line' id='line_1_91' title="bbox 438 4464 2016 4556; baseline -0.008 -14"><span class='ocrx_word' id='word_1_648' title='bbox 438 4464 588 4542; x_wconf 77' lang='grc' dir='ltr'>ωπον</span> <span class='ocrx_word' id='word_1_649' title='bbox 611 4526 626 4553; x_wconf 93' lang='grc'><strong>,</strong></span> <span class='ocrx_word' id='word_1_650' title='bbox 673 4486 741 4556; x_wconf 81' lang='grc' dir='ltr'>ἣν</span> <span class='ocrx_word' id='word_1_651' title='bbox 782 4483 979 4554; x_wconf 84' lang='grc' dir='ltr'>μίτραν</span> <span class='ocrx_word' id='word_1_652' title='bbox 1015 4478 1166 4533; x_wconf 80' lang='grc' dir='ltr'>εἷπον</span> <span class='ocrx_word' id='word_1_653' title='bbox 1200 4479 1256 4532; x_wconf 80' lang='grc' dir='ltr'>οἱ</span> <span class='ocrx_word' id='word_1_654' title='bbox 1290 4478 1717 4549; x_wconf 79' lang='grc' dir='ltr'>Ἐϐδομήκοντα·</span> <span class='ocrx_word' id='word_1_655' title='bbox 1752 4471 1867 4545; x_wconf 77' lang='grc' dir='ltr'>εἶχε</span> <span class='ocrx_word' id='word_1_656' title='bbox 1892 4473 1939 4528; x_wconf 80' lang='grc' dir='ltr'>δ’</span> <span class='ocrx_word' id='word_1_657' title='bbox 1967 4474 2016 4529; x_wconf 69' lang='grc' dir='ltr'><strong>ἐν</strong></span> 
     </span>
    </p>
   </div>
   <div class='ocr_carea' id='block_1_92' title="bbox 2118 4464 3722 4556">
    <p class='ocr_par' dir='ltr' id='par_1_92' title="bbox 2130 4464 3722 4539">
     <span class='ocr_line' id='line_1_92' title="bbox 2130 4464 3722 4539; baseline -0.003 -13"><span class='ocrx_word' id='word_1_658' title='bbox 2130 4470 2271 4526; x_wconf 91' lang='lat' dir='ltr'><strong>ciem</strong></span> <span class='ocrx_word' id='word_1_659' title='bbox 2324 4468 2647 4539; x_wconf 86' lang='lat' dir='ltr'><strong>contegebat</strong></span> <span class='ocrx_word' id='word_1_660' title='bbox 2696 4468 2827 4522; x_wconf 83' lang='lat' dir='ltr'><strong>vitta</strong></span> <span class='ocrx_word' id='word_1_661' title='bbox 2869 4482 3034 4537; x_wconf 84' lang='lat' dir='ltr'><strong>quam</strong></span> <span class='ocrx_word' id='word_1_662' title='bbox 3090 4464 3447 4536; x_wconf 83' lang='lat' dir='ltr'><strong>Septuaginta</strong></span> <span class='ocrx_word' id='word_1_663' title='bbox 3494 4467 3722 4522; x_wconf 89' lang='lat' dir='ltr'><strong>mitram</strong></span> 
     </span>
    </p>
   </div>
   <div class='ocr_carea' id='block_1_93' title="bbox 443 4557 2016 4652">
    <p class='ocr_par' dir='ltr' id='par_1_93' title="bbox 443 4565 2016 4652">
     <span class='ocr_line' id='line_1_93' title="bbox 443 4565 2016 4652; baseline -0.01 -18"><span class='ocrx_word' id='word_1_664' title='bbox 443 4582 596 4652; x_wconf 84' lang='grc' dir='ltr'>μέσῳ</span> <span class='ocrx_word' id='word_1_665' title='bbox 643 4576 783 4649; x_wconf 75' lang='grc' dir='ltr'>αὕτη</span> <span class='ocrx_word' id='word_1_666' title='bbox 836 4574 1070 4629; x_wconf 87' lang='grc' dir='ltr'>πέταλον</span> <span class='ocrx_word' id='word_1_667' title='bbox 1120 4570 1360 4643; x_wconf 81' lang='grc' dir='ltr'>χρυσοῦν</span> <span class='ocrx_word' id='word_1_668' title='bbox 1409 4567 1869 4638; x_wconf 79' lang='grc' dir='ltr'>ἐγγεγραμμένον</span> <span class='ocrx_word' id='word_1_669' title='bbox 1914 4565 2016 4637; x_wconf 65' lang='grc' dir='ltr'>ἔχοι</span> 
     </span>
    </p>
   </div>
   <div class='ocr_carea' id='block_1_94' title="bbox 2118 4557 3718 4652">
    <p class='ocr_par' dir='ltr' id='par_1_94' title="bbox 2118 4557 3718 4632">
     <span class='ocr_line' id='line_1_94' title="bbox 2118 4557 3718 4632; baseline -0.002 -16"><span class='ocrx_word' id='word_1_670' title='bbox 2118 4561 2466 4632; x_wconf 88' lang='lat' dir='ltr'><strong>appellarunt</strong></span> <span class='ocrx_word' id='word_1_671' title='bbox 2500 4576 2516 4626; x_wconf 88' lang='lat'><strong>;</strong></span> <span class='ocrx_word' id='word_1_672' title='bbox 2555 4558 2811 4617; x_wconf 89' lang='lat' dir='ltr'><strong>stabatin</strong></span> <span class='ocrx_word' id='word_1_673' title='bbox 2847 4558 3026 4613; x_wconf 90' lang='lat' dir='ltr'><strong>medio</strong></span> <span class='ocrx_word' id='word_1_674' title='bbox 3078 4557 3281 4612; x_wconf 87' lang='lat' dir='ltr'><strong>lamina</strong></span> <span class='ocrx_word' id='word_1_675' title='bbox 3306 4573 3470 4613; x_wconf 89' lang='lat' dir='ltr'><strong>aurea</strong></span> <span class='ocrx_word' id='word_1_676' title='bbox 3526 4558 3582 4612; x_wconf 93' lang='lat' dir='ltr'><strong>in</strong></span> <span class='ocrx_word' id='word_1_677' title='bbox 3610 4574 3718 4629; x_wconf 91' lang='lat' dir='ltr'><strong>qua</strong></span> 
     </span>
    </p>
   </div>
   <div class='ocr_carea' id='block_1_95' title="bbox 438 4649 2016 4739">
    <p class='ocr_par' dir='ltr' id='par_1_95' title="bbox 438 4649 2016 4739">
     <span class='ocr_line' id='line_1_95' title="bbox 438 4649 2016 4739; baseline -0.011 -13"><span class='ocrx_word' id='word_1_678' title='bbox 438 4649 535 4726; x_wconf 74' lang='grc' dir='ltr'>τοῦ</span> <span class='ocrx_word' id='word_1_679' title='bbox 569 4649 707 4724; x_wconf 68' lang='grc' dir='ltr'>Θεοῦ</span> <span class='ocrx_word' id='word_1_680' title='bbox 756 4669 1037 4739; x_wconf 78' lang='grc' dir='ltr'>ἄφραστον</span> <span class='ocrx_word' id='word_1_681' title='bbox 1079 4665 1251 4734; x_wconf 77' lang='grc' dir='ltr'>ὄνομα</span> <span class='ocrx_word' id='word_1_682' title='bbox 1288 4664 1316 4715; x_wconf 88' lang='grc' dir='ltr'>ὃ</span> <span class='ocrx_word' id='word_1_683' title='bbox 1356 4661 1615 4716; x_wconf 81' lang='grc' dir='ltr'>καλοῦσιν</span> <span class='ocrx_word' id='word_1_684' title='bbox 1659 4660 1900 4730; x_wconf 76' lang='grc' dir='ltr'>Ἑϐραῖοι</span> <span class='ocrx_word' id='word_1_685' title='bbox 1943 4674 2016 4710; x_wconf 85' lang='grc' dir='ltr'>τε·</span> 
     </span>
    </p>
   </div>
   <div class='ocr_carea' id='block_1_96' title="bbox 2118 4649 3719 4739">
    <p class='ocr_par' dir='ltr' id='par_1_96' title="bbox 2133 4649 3719 4719">
     <span class='ocr_line' id='line_1_96' title="bbox 2133 4649 3719 4719; baseline -0.003 -10"><span class='ocrx_word' id='word_1_686' title='bbox 2133 4652 2503 4709; x_wconf 86' lang='lat' dir='ltr'><strong>inenarrabile</strong></span> <span class='ocrx_word' id='word_1_687' title='bbox 2570 4652 2667 4708; x_wconf 91' lang='lat' dir='ltr'><strong>Dei</strong></span> <span class='ocrx_word' id='word_1_688' title='bbox 2726 4665 2950 4715; x_wconf 91' lang='lat' dir='ltr'><strong>nomen,</strong></span> <span class='ocrx_word' id='word_1_689' title='bbox 2996 4666 3028 4705; x_wconf 89' lang='lat' dir='ltr'><strong>a</strong></span> <span class='ocrx_word' id='word_1_690' title='bbox 3065 4649 3271 4705; x_wconf 69' lang='lat' dir='ltr'><strong>Judaais</strong></span> <span class='ocrx_word' id='word_1_691' title='bbox 3327 4659 3719 4719; x_wconf 79' lang='lat' dir='ltr'><strong>tetragramma</strong></span> 
     </span>
    </p>
   </div>
   <div class='ocr_carea' id='block_1_97' title="bbox 440 4740 2016 4836">
    <p class='ocr_par' dir='ltr' id='par_1_97' title="bbox 440 4747 2016 4836">
     <span class='ocr_line' id='line_1_97' title="bbox 440 4747 2016 4836; baseline -0.011 -17"><span class='ocrx_word' id='word_1_692' title='bbox 440 4764 887 4836; x_wconf 85' lang='grc' dir='ltr'>τραγράμματον</span> <span class='ocrx_word' id='word_1_693' title='bbox 911 4776 927 4790; x_wconf 97' lang='grc'><strong>·</strong></span> <span class='ocrx_word' id='word_1_694' title='bbox 979 4758 1269 4813; x_wconf 77' lang='grc' dir='ltr'>εὐλάϐειαν</span> <span class='ocrx_word' id='word_1_695' title='bbox 1302 4755 1360 4808; x_wconf 83' lang='grc' dir='ltr'><strong>δὲ</strong></span> <span class='ocrx_word' id='word_1_696' title='bbox 1405 4753 1498 4806; x_wconf 79' lang='grc' dir='ltr'><strong>τὸν</strong></span> <span class='ocrx_word' id='word_1_697' title='bbox 1544 4750 1671 4804; x_wconf 83' lang='grc' dir='ltr'>λαὸν</span> <span class='ocrx_word' id='word_1_698' title='bbox 1704 4747 2016 4802; x_wconf 64' lang='grc' dir='ltr'>ἐκπαιδεύωπ</span> 
     </span>
    </p>
   </div>
   <div class='ocr_carea' id='block_1_98' title="bbox 2118 4740 3718 4836">
    <p class='ocr_par' dir='ltr' id='par_1_98' title="bbox 2137 4740 3718 4816">
     <span class='ocr_line' id='line_1_98' title="bbox 2137 4740 3718 4816; baseline -0.003 -15"><span class='ocrx_word' id='word_1_699' title='bbox 2137 4746 2495 4816; x_wconf 88' lang='lat' dir='ltr'><strong>appellatum,</strong></span> <span class='ocrx_word' id='word_1_700' title='bbox 2544 4743 2872 4814; x_wconf 90' lang='lat' dir='ltr'><strong>inscriptum</strong></span> <span class='ocrx_word' id='word_1_701' title='bbox 2927 4750 3069 4798; x_wconf 89' lang='lat' dir='ltr'><strong>erat.</strong></span> <span class='ocrx_word' id='word_1_702' title='bbox 3131 4740 3225 4797; x_wconf 87' lang='lat' dir='ltr'><strong>Sic</strong></span> <span class='ocrx_word' id='word_1_703' title='bbox 3286 4743 3518 4811; x_wconf 86' lang='lat' dir='ltr'><strong>figurate</strong></span> <span class='ocrx_word' id='word_1_704' title='bbox 3572 4740 3718 4797; x_wconf 86' lang='lat' dir='ltr'><strong>Dens</strong></span> 
     </span>
    </p>
   </div>
   <div class='ocr_carea' id='block_1_99' title="bbox 440 4830 2016 4927">
    <p class='ocr_par' dir='ltr' id='par_1_99' title="bbox 440 4830 2012 4927">
     <span class='ocr_line' id='line_1_99' title="bbox 440 4830 2012 4927; baseline -0.013 -14"><span class='ocrx_word' id='word_1_705' title='bbox 440 4830 507 4913; x_wconf 65' lang='grc' dir='ltr'><strong>δὲ·</strong></span> <span class='ocrx_word' id='word_1_706' title='bbox 535 4830 860 4927; x_wconf 73' lang='grc' dir='ltr'>αἰνίγματος</span> <span class='ocrx_word' id='word_1_707' title='bbox 887 4851 1044 4906; x_wconf 76' lang='grc' dir='ltr'>τοῦτο</span> <span class='ocrx_word' id='word_1_708' title='bbox 1077 4848 1407 4921; x_wconf 85' lang='grc' dir='ltr'>δεδήλωκεν·</span> <span class='ocrx_word' id='word_1_709' title='bbox 1452 4841 1841 4914; x_wconf 63' lang='grc' dir='ltr'>Ἐπιγγνάψεις</span> <span class='ocrx_word' id='word_1_710' title='bbox 1900 4839 2012 4910; x_wconf 84' lang='grc' dir='ltr'>γὰρ</span> 
     </span>
    </p>
   </div>
   <div class='ocr_carea' id='block_1_100' title="bbox 2118 4830 3719 4927">
    <p class='ocr_par' dir='ltr' id='par_1_100' title="bbox 2136 4830 3719 4907">
     <span class='ocr_line' id='line_1_100' title="bbox 2136 4830 3719 4907; baseline -0.004 -15"><span class='ocrx_word' id='word_1_711' title='bbox 2136 4838 2396 4907; x_wconf 89' lang='lat' dir='ltr'><strong>populum</strong></span> <span class='ocrx_word' id='word_1_712' title='bbox 2434 4834 2793 4892; x_wconf 88' lang='lat' dir='ltr'><strong>reverentiam</strong></span> <span class='ocrx_word' id='word_1_713' title='bbox 2852 4832 3101 4898; x_wconf 89' lang='lat' dir='ltr'><strong>docebat,</strong></span> <span class='ocrx_word' id='word_1_714' title='bbox 3130 4841 3191 4886; x_wconf 90' lang='lat' dir='ltr'><strong>ut</strong></span> <span class='ocrx_word' id='word_1_715' title='bbox 3236 4846 3301 4885; x_wconf 85' lang='lat' dir='ltr'><strong>ex</strong></span> <span class='ocrx_word' id='word_1_716' title='bbox 3331 4830 3415 4884; x_wconf 94' lang='lat' dir='ltr'><strong>his</strong></span> <span class='ocrx_word' id='word_1_717' title='bbox 3454 4838 3719 4901; x_wconf 88' lang='lat' dir='ltr'><strong>apparet:</strong></span> 
     </span>
    </p>
   </div>
   <div class='ocr_carea' id='block_1_101' title="bbox 441 4921 2016 5023">
    <p class='ocr_par' dir='ltr' id='par_1_101' title="bbox 441 4921 1353 5023">
     <span class='ocr_line' id='line_1_101' title="bbox 441 4921 1353 5023; baseline -0.013 -18"><span class='ocrx_word' id='word_1_718' title='bbox 441 4952 627 5023; x_wconf 77' lang='grc' dir='ltr'>φησὶν,</span> <span class='ocrx_word' id='word_1_719' title='bbox 647 4921 795 5003; x_wconf 64' lang='grc' dir='ltr'>αὑτὸ</span> <span class='ocrx_word' id='word_1_720' title='bbox 814 4946 1081 5015; x_wconf 77' lang='grc' dir='ltr'>ἁγίασμα</span> <span class='ocrx_word' id='word_1_721' title='bbox 1114 4942 1353 5009; x_wconf 77' lang='grc' dir='ltr'>Κυρίου.</span> 
     </span>
    </p>
   </div>
   <div class='ocr_carea' id='block_1_102' title="bbox 2118 4921 3544 5023">
    <p class='ocr_par' dir='ltr' id='par_1_102' title="bbox 2136 4921 3544 4998">
     <span class='ocr_line' id='line_1_102' title="bbox 2136 4921 3544 4998; baseline -0.005 -15"><span class='ocrx_word' id='word_1_722' title='bbox 2136 4928 2381 4997; x_wconf 83' lang='lat' dir='ltr'><strong>Sculpes,</strong></span> <span class='ocrx_word' id='word_1_723' title='bbox 2428 4929 2626 4998; x_wconf 90' lang='lat' dir='ltr'><strong>inquit,</strong></span> <span class='ocrx_word' id='word_1_724' title='bbox 2684 4927 2854 4995; x_wconf 79' lang='lat' dir='ltr'><strong>ipsum</strong></span> <span class='ocrx_word' id='word_1_725' title='bbox 2919 4934 3160 4977; x_wconf 82' lang='lat' dir='ltr'><strong>sanctum</strong></span> <span class='ocrx_word' id='word_1_726' title='bbox 3217 4921 3544 4976; x_wconf 81' lang='lat' dir='ltr'><strong>Domino&quot;.</strong></span> 
     </span>
    </p>
   </div>
   <div class='ocr_carea' id='block_1_103' title="bbox 524 5014 2016 5107">
    <p class='ocr_par' dir='ltr' id='par_1_103' title="bbox 524 5014 2016 5107">
     <span class='ocr_line' id='line_1_103' title="bbox 524 5014 2016 5107; baseline -0.012 -10"><span class='ocrx_word' id='word_1_727' title='bbox 524 5014 813 5097; x_wconf 80' lang='grc' dir='ltr'>Ἐκέλευσε</span> <span class='ocrx_word' id='word_1_728' title='bbox 846 5014 903 5092; x_wconf 87' lang='grc' dir='ltr'><strong>δέ</strong></span> <span class='ocrx_word' id='word_1_729' title='bbox 938 5034 1089 5107; x_wconf 84' lang='grc' dir='ltr'>αὑτῷ</span> <span class='ocrx_word' id='word_1_730' title='bbox 1118 5034 1215 5088; x_wconf 77' lang='grc' dir='ltr'><strong>καὶ</strong></span> <span class='ocrx_word' id='word_1_731' title='bbox 1245 5030 1538 5102; x_wconf 76' lang='grc' dir='ltr'>ἐφεστρίδα</span> <span class='ocrx_word' id='word_1_732' title='bbox 1566 5026 1847 5097; x_wconf 85' lang='grc' dir='ltr'>γενέσθαι,</span> <span class='ocrx_word' id='word_1_733' title='bbox 1894 5026 1963 5096; x_wconf 85' lang='grc' dir='ltr'>ἢν</span> <span class='ocrx_word' id='word_1_734' title='bbox 1987 5042 2016 5079; x_wconf 90' lang='grc' dir='ltr'><strong>ο</strong></span> 
     </span>
    </p>
   </div>
   <div class='ocr_carea' id='block_1_104' title="bbox 2118 5014 3720 5107">
    <p class='ocr_par' dir='ltr' id='par_1_104' title="bbox 2206 5014 3720 5095">
     <span class='ocr_line' id='line_1_104' title="bbox 2206 5014 3720 5095; baseline -0.009 -15"><span class='ocrx_word' id='word_1_735' title='bbox 2206 5026 2701 5095; x_wconf 84' lang='lat' dir='ltr'><strong>Praecepitquoque</strong></span> <span class='ocrx_word' id='word_1_736' title='bbox 2717 5022 2857 5075; x_wconf 89' lang='lat' dir='ltr'><strong>Deus</strong></span> <span class='ocrx_word' id='word_1_737' title='bbox 2883 5032 3160 5072; x_wconf 89' lang='lat' dir='ltr'><strong>summum</strong></span> <span class='ocrx_word' id='word_1_738' title='bbox 3192 5017 3531 5071; x_wconf 84' lang='lat' dir='ltr'><strong>sacerdotem</strong></span> <span class='ocrx_word' id='word_1_739' title='bbox 3568 5014 3720 5068; x_wconf 87' lang='lat' dir='ltr'><strong>indui</strong></span> 
     </span>
    </p>
   </div>
   <div class='ocr_carea' id='block_1_105' title="bbox 455 5106 2016 5205">
    <p class='ocr_par' dir='ltr' id='par_1_105' title="bbox 455 5119 2016 5205">
     <span class='ocr_line' id='line_1_105' title="bbox 455 5119 2016 5205; baseline -0.013 -16"><span class='ocrx_word' id='word_1_740' title='bbox 455 5135 885 5205; x_wconf 80' lang='grc' dir='ltr'>Ἐϐδομήκοντα,</span> <span class='ocrx_word' id='word_1_741' title='bbox 919 5126 1171 5199; x_wconf 76' lang='grc' dir='ltr'>ἐπωμίδα</span> <span class='ocrx_word' id='word_1_742' title='bbox 1194 5124 1459 5178; x_wconf 77' lang='grc' dir='ltr'>ἐκάλεσαν</span> <span class='ocrx_word' id='word_1_743' title='bbox 1479 5139 1492 5151; x_wconf 91' lang='grc'><strong>·</strong></span> <span class='ocrx_word' id='word_1_744' title='bbox 1533 5122 1590 5173; x_wconf 84' lang='grc' dir='ltr'><strong>ἐν</strong></span> <span class='ocrx_word' id='word_1_745' title='bbox 1633 5120 1690 5173; x_wconf 80' lang='grc' dir='ltr'>δὲ</span> <span class='ocrx_word' id='word_1_746' title='bbox 1724 5121 1841 5182; x_wconf 89' lang='grc' dir='ltr'>ταῖς</span> <span class='ocrx_word' id='word_1_747' title='bbox 1872 5119 2016 5171; x_wconf 72' lang='grc' dir='ltr'><strong>Βασι⁴</strong></span> 
     </span>
    </p>
   </div>
   <div class='ocr_carea' id='block_1_106' title="bbox 2118 5106 3725 5205">
    <p class='ocr_par' dir='ltr' id='par_1_106' title="bbox 2132 5106 3725 5188">
     <span class='ocr_line' id='line_1_106' title="bbox 2132 5106 3725 5188; baseline -0.009 -14"><span class='ocrx_word' id='word_1_748' title='bbox 2132 5128 2281 5174; x_wconf 82' lang='lat' dir='ltr'><strong>veste</strong></span> <span class='ocrx_word' id='word_1_749' title='bbox 2294 5133 2457 5188; x_wconf 86' lang='lat' dir='ltr'><strong>quam</strong></span> <span class='ocrx_word' id='word_1_750' title='bbox 2473 5110 2979 5185; x_wconf 86' lang='lat' dir='ltr'><strong>superhumeralem</strong></span> <span class='ocrx_word' id='word_1_751' title='bbox 3000 5118 3331 5163; x_wconf 84' lang='lat' dir='ltr'><strong>vocaverunt</strong></span> <span class='ocrx_word' id='word_1_752' title='bbox 3345 5106 3725 5176; x_wconf 83' lang='lat' dir='ltr'><strong>Septuaginta,</strong></span> 
     </span>
    </p>
   </div>
   <div class='ocr_carea' id='block_1_107' title="bbox 444 5197 2016 5296">
    <p class='ocr_par' dir='ltr' id='par_1_107' title="bbox 444 5209 2016 5296">
     <span class='ocr_line' id='line_1_107' title="bbox 444 5209 2016 5296; baseline -0.013 -15"><span class='ocrx_word' id='word_1_753' title='bbox 444 5228 616 5290; x_wconf 62' lang='grc' dir='ltr'>λείαις</span> <span class='ocrx_word' id='word_1_754' title='bbox 675 5223 1046 5296; x_wconf 85' lang='grc' dir='ltr'>εὑρίσκομεν,</span> <span class='ocrx_word' id='word_1_755' title='bbox 1100 5218 1299 5289; x_wconf 71' lang='grc' dir='ltr'>ἐφοὺδ,</span> <span class='ocrx_word' id='word_1_756' title='bbox 1352 5214 1521 5285; x_wconf 82' lang='grc' dir='ltr'>αὑτὴν</span> <span class='ocrx_word' id='word_1_757' title='bbox 1589 5212 1731 5266; x_wconf 83' lang='grc' dir='ltr'>κατὰ</span> <span class='ocrx_word' id='word_1_758' title='bbox 1780 5212 1881 5282; x_wconf 83' lang='grc' dir='ltr'><strong>τὴν</strong></span> <span class='ocrx_word' id='word_1_759' title='bbox 1927 5209 2016 5262; x_wconf 58' lang='grc' dir='ltr'><strong>τῶι</strong></span> 
     </span>
    </p>
   </div>
   <div class='ocr_carea' id='block_1_108' title="bbox 2118 5197 3727 5296">
    <p class='ocr_par' dir='ltr' id='par_1_108' title="bbox 2134 5197 3727 5282">
     <span class='ocr_line' id='line_1_108' title="bbox 2134 5197 3727 5282; baseline -0.01 -16"><span class='ocrx_word' id='word_1_760' title='bbox 2134 5226 2300 5282; x_wconf 86' lang='lat' dir='ltr'><strong>quam</strong></span> <span class='ocrx_word' id='word_1_761' title='bbox 2336 5217 2520 5264; x_wconf 90' lang='lat' dir='ltr'><strong>autem</strong></span> <span class='ocrx_word' id='word_1_762' title='bbox 2571 5208 2624 5261; x_wconf 88' lang='lat' dir='ltr'><strong>in</strong></span> <span class='ocrx_word' id='word_1_763' title='bbox 2656 5206 2861 5275; x_wconf 82' lang='lat' dir='ltr'><strong>Regum</strong></span> <span class='ocrx_word' id='word_1_764' title='bbox 2882 5202 3040 5257; x_wconf 88' lang='lat' dir='ltr'><strong>libris</strong></span> <span class='ocrx_word' id='word_1_765' title='bbox 3071 5200 3344 5271; x_wconf 85' lang='lat' dir='ltr'><strong>appellant</strong></span> <span class='ocrx_word' id='word_1_766' title='bbox 3383 5200 3594 5270; x_wconf 87' lang='lat' dir='ltr'><strong>Ephod,</strong></span> <span class='ocrx_word' id='word_1_767' title='bbox 3624 5197 3727 5251; x_wconf 80' lang='lat' dir='ltr'><strong>Hc-</strong></span> 
     </span>
    </p>
   </div>
   <div class='ocr_carea' id='block_1_109' title="bbox 457 5292 2016 5389">
    <p class='ocr_par' dir='ltr' id='par_1_109' title="bbox 457 5292 2016 5389">
     <span class='ocr_line' id='line_1_109' title="bbox 457 5292 2016 5389; baseline -0.013 -17"><span class='ocrx_word' id='word_1_768' title='bbox 457 5292 1029 5389; x_wconf 38' lang='grc' dir='ltr'>Ἐϐραίων-γλῶτταν</span> <span class='ocrx_word' id='word_1_769' title='bbox 1082 5308 1506 5379; x_wconf 81' lang='grc' dir='ltr'>ὠνομασμένην·</span> <span class='ocrx_word' id='word_1_770' title='bbox 1568 5303 1708 5374; x_wconf 77' lang='grc' dir='ltr'>αὕτη</span> <span class='ocrx_word' id='word_1_771' title='bbox 1756 5297 1901 5373; x_wconf 78' lang='grc' dir='ltr'>εἶχεν</span> <span class='ocrx_word' id='word_1_772' title='bbox 1948 5302 2016 5369; x_wconf 82' lang='grc' dir='ltr'>ἐφ</span> 
     </span>
    </p>
   </div>
   <div class='ocr_carea' id='block_1_110' title="bbox 2118 5292 3730 5389">
    <p class='ocr_par' dir='ltr' id='par_1_110' title="bbox 2130 5292 3730 5369">
     <span class='ocr_line' id='line_1_110' title="bbox 2130 5292 3730 5369; baseline -0.009 -11"><span class='ocrx_word' id='word_1_773' title='bbox 2130 5304 2277 5358; x_wconf 65' lang='lat' dir='ltr'><strong>braca</strong></span> <span class='ocrx_word' id='word_1_774' title='bbox 2330 5315 2465 5357; x_wconf 84' lang='lat' dir='ltr'><strong>voce</strong></span> <span class='ocrx_word' id='word_1_775' title='bbox 2489 5299 2845 5369; x_wconf 87' lang='lat' dir='ltr'><strong>designatam.</strong></span> <span class='ocrx_word' id='word_1_776' title='bbox 2877 5292 3017 5349; x_wconf 88' lang='lat' dir='ltr'><strong>Huic</strong></span> <span class='ocrx_word' id='word_1_777' title='bbox 3066 5301 3223 5348; x_wconf 90' lang='lat' dir='ltr'><strong>erant</strong></span> <span class='ocrx_word' id='word_1_778' title='bbox 3247 5305 3411 5361; x_wconf 89' lang='lat' dir='ltr'><strong>super</strong></span> <span class='ocrx_word' id='word_1_779' title='bbox 3432 5299 3730 5360; x_wconf 86' lang='lat' dir='ltr'><strong>utrumque</strong></span> 
     </span>
    </p>
   </div>
   <div class='ocr_carea' id='block_1_111' title="bbox 449 5381 2016 5479">
    <p class='ocr_par' dir='ltr' id='par_1_111' title="bbox 449 5381 2016 5479">
     <span class='ocr_line' id='line_1_111' title="bbox 449 5381 2016 5479; baseline -0.012 -15"><span class='ocrx_word' id='word_1_780' title='bbox 449 5381 715 5479; x_wconf 76' lang='grc' dir='ltr'>ἑκατέρου</span> <span class='ocrx_word' id='word_1_781' title='bbox 759 5381 860 5478; x_wconf 79' lang='grc' dir='ltr'><strong>μὲν</strong></span> <span class='ocrx_word' id='word_1_782' title='bbox 891 5404 1045 5477; x_wconf 84' lang='grc' dir='ltr'>ῶμου</span> <span class='ocrx_word' id='word_1_783' title='bbox 1089 5403 1184 5456; x_wconf 89' lang='grc' dir='ltr'><strong>δύο</strong></span> <span class='ocrx_word' id='word_1_784' title='bbox 1238 5400 1419 5463; x_wconf 88' lang='grc' dir='ltr'>λίθους</span> <span class='ocrx_word' id='word_1_785' title='bbox 1468 5395 1780 5460; x_wconf 85' lang='grc' dir='ltr'>πολυτελεῖς</span> <span class='ocrx_word' id='word_1_786' title='bbox 1817 5396 2016 5466; x_wconf 74' lang='grc' dir='ltr'>ἔχονται</span> 
     </span>
    </p>
   </div>
   <div class='ocr_carea' id='block_1_112' title="bbox 2118 5381 3727 5479">
    <p class='ocr_par' dir='ltr' id='par_1_112' title="bbox 2141 5381 3727 5460">
     <span class='ocr_line' id='line_1_112' title="bbox 2141 5381 3727 5460; baseline -0.009 -10"><span class='ocrx_word' id='word_1_787' title='bbox 2141 5396 2433 5450; x_wconf 85' lang='lat' dir='ltr'><strong>humerum</strong></span> <span class='ocrx_word' id='word_1_788' title='bbox 2484 5392 2595 5446; x_wconf 91' lang='lat' dir='ltr'><strong>duo</strong></span> <span class='ocrx_word' id='word_1_789' title='bbox 2621 5387 2846 5460; x_wconf 87' lang='lat' dir='ltr'><strong>pretiosi</strong></span> <span class='ocrx_word' id='word_1_790' title='bbox 2878 5385 3088 5455; x_wconf 88' lang='lat' dir='ltr'><strong>lapides</strong></span> <span class='ocrx_word' id='word_1_791' title='bbox 3113 5383 3362 5453; x_wconf 88' lang='lat' dir='ltr'><strong>inscripti</strong></span> <span class='ocrx_word' id='word_1_792' title='bbox 3403 5381 3727 5437; x_wconf 81' lang='lat' dir='ltr'><strong>nominibus</strong></span> 
     </span>
    </p>
   </div>
   <div class='ocr_carea' id='block_1_113' title="bbox 449 5471 2016 5573">
    <p class='ocr_par' dir='ltr' id='par_1_113' title="bbox 449 5471 2016 5573">
     <span class='ocr_line' id='line_1_113' title="bbox 449 5471 2016 5573; baseline -0.013 -14"><span class='ocrx_word' id='word_1_793' title='bbox 449 5505 557 5559; x_wconf 86' lang='grc' dir='ltr'><strong>τῶν</strong></span> <span class='ocrx_word' id='word_1_794' title='bbox 609 5471 793 5573; x_wconf 67' lang='grc' dir='ltr'>(ρυλῶν</span> <span class='ocrx_word' id='word_1_795' title='bbox 840 5471 955 5564; x_wconf 65' lang='grc' dir='ltr'><strong>τὰς⁷</strong></span> <span class='ocrx_word' id='word_1_796' title='bbox 982 5493 1359 5568; x_wconf 89' lang='grc' dir='ltr'>προσηγορίας</span> <span class='ocrx_word' id='word_1_797' title='bbox 1419 5489 1913 5562; x_wconf 84' lang='grc' dir='ltr'>ἐγγεγραμμένας·</span> <span class='ocrx_word' id='word_1_798' title='bbox 1960 5487 2016 5558; x_wconf 61' lang='grc' dir='ltr'>τᾷ</span> 
     </span>
    </p>
   </div>
   <div class='ocr_carea' id='block_1_114' title="bbox 2118 5471 3726 5573">
    <p class='ocr_par' dir='ltr' id='par_1_114' title="bbox 2139 5471 3726 5555">
     <span class='ocr_line' id='line_1_114' title="bbox 2139 5471 3726 5555; baseline -0.011 -14"><span class='ocrx_word' id='word_1_799' title='bbox 2139 5486 2381 5555; x_wconf 64' lang='lat' dir='ltr'><strong>tribuum</strong></span> <span class='ocrx_word' id='word_1_800' title='bbox 2407 5482 2593 5538; x_wconf 85' lang='lat' dir='ltr'><strong>Israel.</strong></span> <span class='ocrx_word' id='word_1_801' title='bbox 2628 5480 2686 5535; x_wconf 84' lang='lat' dir='ltr'><strong>In</strong></span> <span class='ocrx_word' id='word_1_802' title='bbox 2706 5489 2945 5550; x_wconf 89' lang='lat' dir='ltr'><strong>pectore,</strong></span> <span class='ocrx_word' id='word_1_803' title='bbox 2964 5474 3162 5532; x_wconf 87' lang='lat' dir='ltr'><strong>mentis</strong></span> <span class='ocrx_word' id='word_1_804' title='bbox 3182 5482 3397 5544; x_wconf 89' lang='lat' dir='ltr'><strong>tegmen</strong></span> <span class='ocrx_word' id='word_1_805' title='bbox 3429 5471 3726 5543; x_wconf 76' lang='lat' dir='ltr'><strong>pectorale.</strong></span> 
     </span>
    </p>
   </div>
   <div class='ocr_carea' id='block_1_115' title="bbox 451 5563 2016 5669">
    <p class='ocr_par' dir='ltr' id='par_1_115' title="bbox 451 5563 2011 5669">
     <span class='ocr_line' id='line_1_115' title="bbox 451 5563 2011 5669; baseline -0.012 -18"><span class='ocrx_word' id='word_1_806' title='bbox 451 5563 641 5669; x_wconf 74' lang='grc' dir='ltr'>στήθει</span> <span class='ocrx_word' id='word_1_807' title='bbox 669 5594 727 5648; x_wconf 86' lang='grc' dir='ltr'>δὲ</span> <span class='ocrx_word' id='word_1_808' title='bbox 755 5592 816 5647; x_wconf 76' lang='grc' dir='ltr'><strong>τὸ</strong></span> <span class='ocrx_word' id='word_1_809' title='bbox 853 5563 1193 5661; x_wconf 79' lang='grc' dir='ltr'>καλούμενον</span> <span class='ocrx_word' id='word_1_810' title='bbox 1222 5586 1429 5656; x_wconf 88' lang='grc' dir='ltr'>λογεῖον</span> <span class='ocrx_word' id='word_1_811' title='bbox 1450 5581 1547 5654; x_wconf 79' lang='grc' dir='ltr'>τὴν</span> <span class='ocrx_word' id='word_1_812' title='bbox 1574 5580 1798 5651; x_wconf 85' lang='grc' dir='ltr'>λογικήν</span> <span class='ocrx_word' id='word_1_813' title='bbox 1833 5595 2011 5648; x_wconf 87' lang='grc' dir='ltr'>συγκα</span> 
     </span>
    </p>
   </div>
   <div class='ocr_carea' id='block_1_116' title="bbox 2118 5563 3731 5669">
    <p class='ocr_par' dir='ltr' id='par_1_116' title="bbox 2148 5563 3731 5649">
     <span class='ocr_line' id='line_1_116' title="bbox 2148 5563 3731 5649; baseline -0.008 -16"><span class='ocrx_word' id='word_1_814' title='bbox 2148 5578 2296 5634; x_wconf 85' lang='lat' dir='ltr'><strong>Huic</strong></span> <span class='ocrx_word' id='word_1_815' title='bbox 2334 5590 2554 5649; x_wconf 88' lang='lat' dir='ltr'><strong>quoque</strong></span> <span class='ocrx_word' id='word_1_816' title='bbox 2582 5570 2870 5629; x_wconf 87' lang='lat' dir='ltr'><strong>duodecim</strong></span> <span class='ocrx_word' id='word_1_817' title='bbox 2904 5568 3113 5639; x_wconf 89' lang='lat' dir='ltr'><strong>lapides</strong></span> <span class='ocrx_word' id='word_1_818' title='bbox 3142 5566 3313 5638; x_wconf 76' lang='lat' dir='ltr'><strong>aptati</strong></span> <span class='ocrx_word' id='word_1_819' title='bbox 3350 5575 3527 5632; x_wconf 83' lang='lat' dir='ltr'><strong>erant,</strong></span> <span class='ocrx_word' id='word_1_820' title='bbox 3562 5563 3731 5620; x_wconf 78' lang='lat' dir='ltr'><strong>variis</strong></span> 
     </span>
    </p>
   </div>
   <div class='ocr_carea' id='block_1_117' title="bbox 524 5771 1104 5839">
    <p class='ocr_par' dir='ltr' id='par_1_117' title="bbox 524 5771 1104 5839">
     <span class='ocr_line' id='line_1_117' title="bbox 524 5771 1104 5839; baseline -0.014 -5"><span class='ocrx_word' id='word_1_821' title='bbox 524 5782 569 5813; x_wconf 72' lang='grc' dir='ltr'><strong>⁸ο</strong></span> <span class='ocrx_word' id='word_1_822' title='bbox 597 5776 771 5833; x_wconf 78' lang='lat' dir='ltr'><strong>Exod.</strong></span> <span class='ocrx_word' id='word_1_823' title='bbox 796 5788 986 5839; x_wconf 79' lang='lat' dir='ltr'><strong>xxvm,</strong></span> <span class='ocrx_word' id='word_1_824' title='bbox 1018 5771 1104 5828; x_wconf 68' lang='lat' dir='ltr'><strong>i7.</strong></span> 
     </span>
    </p>
   </div>
  </div>
