4136 6448
516 298 659 364 1095

1640 296 1906 358 PI-IOTII
1944 292 2450 356 PATRIARCI-LE
2490 297 2597 355 (ΣΡ.

3664 297 3825 363 1096

520 409 811 468 coloribus
874 408 1168 465 micantes.
1243 407 1455 476 Quibus
1525 408 1729 463 indicto
1788 408 1956 471 bello,
2025 423 2088 461 ve

2210 407 2414 462 λύπτον
2465 407 2694 478 καρδίαν
2720 421 2732 436 ·
2763 401 2878 478 εἶχε
2919 408 2976 462 δὲ
3005 407 3100 462 καὶ
3145 409 3306 464 τοῦτο
3357 409 3566 464 δώδεκα
3615 412 3826 482 λίθους

508 503 770 568 victoria,
799 502 886 558 vel
910 502 1094 559 clades
1119 500 1556 571 signiﬁcabatur.
1605 499 1763 566 Quod
1802 499 2008 570 ltegum
2035 513 2104 554 cx

511 596 747 653 historia
772 603 1009 652 constat.
1078 596 1214 652 Cum
1235 595 1384 651 enim
1416 595 1682 650 adversus
1714 593 1882 650 Israel
1902 593 2102 649 bellum

510 687 885 758 suscepissent
911 685 1120 753 hostes,
1151 699 1264 741 non
1291 685 1442 756 prius
1464 699 1632 740 ausus
1661 693 1746 740 est
1778 681 1906 737 Saul
1927 683 2101 738 aciem

509 777 788 832 instruere
817 791 981 846 quam
1023 775 1180 846 signa
1207 775 1453 831 victoriae
1484 774 1738 830 vidisset.
1777 771 1962 840 Quare
1985 772 2101 828 uni-

508 870 654 925 versi
678 869 870 924 mundi
905 868 1049 924 Deus
1089 869 1257 923 dicit:
1295 886 1313 920 ι
1345 867 1635 937 Poncsque
1688 867 1964 921 rationale
2006 865 2101 934 ju-

507 960 636 1014 dicii
663 961 718 1014 in
747 969 971 1029 pectore
992 961 1202 1024 Aaron,
1235 966 1290 1014 et
1319 958 1372 1012 in
1430 967 1665 1026 utroque
1703 957 1874 1012 latere
1902 971 2100 1027 super-

507 1051 831 1107 humeralis.
863 1070 883 1105 ι
933 1051 1302 1121 Adjecitque:
1361 1070 1380 1102 ε
1418 1049 1709 1120 Ponesque
1769 1048 1826 1102 in
1883 1063 1948 1103 eo
1997 1046 2101 1102 do-

505 1144 738 1200 ctrinam
794 1152 849 1198 et
888 1144 1173 1198 veritatem
1209 1143 1278 1196 το.
1315 1162 1334 1194 ι
1398 1141 1825 1212 Doctrinamque
1874 1140 2097 1211 quidem

502 1236 722 1292 vocavit
753 1235 912 1307 signa
967 1250 1036 1291 ex
1095 1235 1205 1290 illis
1248 1234 1545 1304 lapidibus,
1609 1233 1898 1289 veritatem
1965 1247 2098 1288 vero

503 1325 790 1397 signorum
843 1325 1218 1379 veracitatem.
1285 1322 1402 1378 Hoc
1459 1323 1607 1378 enim
1653 1309 2100 1378 animadverteti-

501 1416 634 1469 dum
662 1429 866 1471 censeo
904 1414 1051 1483 quod
1091 1413 1462 1469 crassioribus
1491 1412 1657 1484 hujus
1697 1413 1876 1469 attatis
1911 1414 2096 1468 homi-

503 1507 667 1562 nibus
697 1521 862 1576 quam
893 1515 954 1559 ut
991 1505 1301 1575 spiritualia
1329 1504 1698 1575 intelligerent
1747 1504 2096 1573 sapientissi-

502 1613 628 1653 mus
651 1597 914 1653 Dominus
943 1607 1130 1652 noster
1155 1613 1250 1667 per
1268 1611 1529 1666 corporea
1555 1595 1800 1668 symbola
1831 1597 2095 1651 auxilium

502 1691 894 1762 suppeditavit,
953 1691 1112 1745 nobis
1166 1699 1348 1744 autem
1379 1689 1775 1759 interpretatur
1817 1692 2096 1760 pectorale

2211 499 2745 572 προσηρμοσμένους
2777 499 3034 571 διάφορον
3081 500 3306 571 ἔχοντας
3353 504 3522 574 χρόαν
3548 521 3562 534 ·
3599 504 3703 558 διὰ
3761 505 3822 556 δὲ

2207 590 2368 644 τοῦτο
2409 589 2664 661 ἐδηλοῦτο
2689 589 2931 661 πολέμου
2966 593 3467 664 συγκροτηθέντος,
3498 595 3532 666 ἢ
3575 596 3708 666 νίκη
3733 636 3750 660 ,
3783 597 3820 668 ἦ

2205 678 2346 754 ἧττα
2371 698 2384 713 ·
2421 682 2517 736 καὶ
2554 680 2716 738 τοῦτο
2743 683 2801 736 δὲ
2838 683 2951 738 τῶν
2979 683 3277 739 Βασιλειῶν
3309 687 3343 756 ἡ
3397 686 3613 756 ἱστορία
3663 687 3821 740 διδά-

2209 791 2329 827 σκει
2357 791 2370 804 ο
2431 774 2983 846 ἐπιστρατευσάντων
3054 777 3166 848 γὰρ
3215 777 3328 830 τῶν
3394 777 3682 850 πολεμίων
3737 777 3823 848 τῷ
3882 803 3886 811 π

2219 865 2438 936 Ἰσραὴλ
2463 865 2525 919 οὐ
2551 866 2820 938 πρότερον
2863 867 3167 939 ἐτόλμησεν
3197 869 3226 921 6
3260 870 3437 924 Σαοὺλ
3478 871 3821 941 παρατάξα-

2207 957 2356 1024 σθαι,
2386 959 2492 1024 ἓως
2515 957 2623 1013 εἶδε
2648 960 2716 1014 τὰ
2733 961 2834 1031 τῆς
2865 961 3022 1032 νίκης
3049 961 3346 1033 μηνύματα
3368 979 3384 994 ·
3412 963 3500 1016 διὰ
3533 963 3704 1016 τοῦτο
3739 965 3824 1016 είς

2205 1047 2390 1118 ρηκὼς
2415 1050 2444 1102 6
2467 1049 2576 1102 τῶν
2597 1050 2733 1103 ὅλων
2761 1050 2894 1113 Θεός
2919 1066 2932 1081 ·
2965 1069 2983 1102 ι
3033 1052 3143 1103 Καὶ
3173 1052 3460 1123 ἐπιθήσεις
3487 1052 3548 1105 τὸ
3589 1053 3821 1120 λογεῖον

2202 1138 2301 1209 τῆς
2342 1139 2580 1210 κρίσεως
2628 1140 2723 1193 ἐπὶ
2772 1141 2836 1194 τὸ
2870 1141 3068 1213 στῆθος
3120 1141 3370 1214 ’Δαρὼν,
3418 1144 3514 1197 καὶ
3541 1142 3821 1210 συνάψεις

2201 1229 2335 1282 αὐτὸ
2359 1228 2496 1300 πρὸς
2518 1229 2616 1300 τὴν
2644 1231 2895 1302 ἐπωμίδα
2920 1251 2934 1264 ·
2964 1250 2982 1283 ›
3011 1232 3263 1301 ἐπήγαγε
3283 1250 3296 1264 ο
3332 1251 3351 1284 ι
3381 1233 3492 1286 Καὶ
3514 1233 3820 1304 ἐπιθήσεις

2203 1321 2358 1392 αὐτῷ
2387 1321 2484 1392 τὴν
2522 1322 2757 1392 δήλωσιν
2788 1323 2885 1377 καὶ
2908 1323 3008 1394 τὴν
3051 1323 3313 1395 ἀλήθειαν
3340 1341 3355 1356 ο
3390 1344 3408 1376 ι
3438 1327 3533 1378 καὶ
3562 1326 3820 1396 δήλωσιν

2203 1413 2304 1482 μέν
2334 1414 2595 1467 ἐκάλεσεν
2623 1415 2692 1468 τὰ
2714 1415 2925 1468 ἐκεῖθεν
2949 1417 3246 1487 μηνύματα
3265 1433 3281 1448 ⁸
3318 1417 3580 1488 ἀλήθειαν
3608 1417 3674 1470 δὲ
3697 1418 3818 1470 τῶν

2205 1505 2539 1575 μηνυμάτων
2569 1506 2629 1559 τὸ
2675 1506 2906 1576 ἀψευδές
2935 1524 2948 1538 ο
2982 1509 3158 1564 ἰστέον
3204 1509 3305 1579 μέν
3333 1526 3417 1562 τοι
3449 1509 3524 1575 ὡς
3561 1510 3815 1581 παχυτέ-

2203 1612 2318 1665 ροις
2337 1596 2456 1650 οῦσι
2486 1599 2598 1662 τοῖς
2631 1599 2936 1668 τηνικαῦτα
2977 1601 3073 1655 καὶ
3105 1601 3215 1655 τῶν
3245 1601 3456 1674 νοητῶν
3501 1602 3811 1670 ἐφικέσθαι

2203 1685 2279 1757 μὴ
2310 1687 2666 1759 δυναμένοις,
2697 1687 2784 1742 διὰ
2831 1689 2939 1743 τῶν
2975 1692 3306 1760 σωματικῶν
3349 1692 3641 1764 συμϐόλων
3701 1696 3812 1764 τὴν

501 1783 810 1854 speeulatio
838 1782 1232 1852 spiritualium,
1265 1781 1512 1853 chlamys
1555 1780 1819 1852 perfectio
1852 1783 2093 1848 virtutis,

2204 1780 2475 1849 ὠφέλειαν
2539 1782 2869 1852 όπάνσοφος
2929 1785 3088 1856 ἡμῶν
3155 1786 3436 1856 Δεσπότης
3497 1787 3808 1859 ἐπραγμα-

497 1877 764 1948 iunctura
793 1881 977 1930 autem
1001 1875 1270 1930 concinna
1290 1873 1583 1944 pectoralis
1600 1874 1968 1946 etchlamydis
1999 1890 2093 1930 no-

2199 1872 2387 1926 τεύετο
2411 1891 2425 1906 ο
2458 1875 2681 1946 καὶγὰρ
2701 1877 2867 1947 ἡμεῖς
2915 1877 3148 1948 νοοῦμεν
3177 1879 3266 1933 διὰ
3298 1880 3396 1933 τοῦ
3439 1880 3660 1950 λογείου
3701 1883 3808 1954 τὴν

505 1969 594 2024 bis
620 1968 851 2038 figurate
876 1967 1037 2022 docet
1067 1967 1192 2021 fidei
1223 1975 1277 2020 et
1299 1959 1569 2021 effectivae
1599 1966 1818 2022 virtutis
1855 1981 2094 2022 concen-

504 2056 736 2112 tionem.
771 2056 1018 2112 Primum
1050 2056 1661 2127 imponichlamydem,
1711 2055 1910 2111 deinde
1963 2057 2092 2113 huic

498 2149 779 2218 pectorale
806 2149 984 2218 aptari
1019 2147 1294 2218 signiﬁcat
1333 2157 1540 2202 rectam
1576 2145 1774 2217 agendi
1823 2146 2087 2203 rationem

497 2240 737 2310 supponi
758 2240 1057 2295 virtutibus
1089 2239 1528 2294 fundamentum.

2199 1965 2432 2038 Θεωρίαν
2462 1969 2572 2022 τῶν
2591 1970 2798 2040 νοητῶν
2817 1985 2830 1998 ·
2873 1969 2962 2024 διὰ.
2985 1971 3041 2024 δὲ
3071 1972 3170 2041 τῆς
3197 1974 3473 2043 ἐπωμίδος
3497 1973 3596 2046 τὴν
3623 1977 3808 2046 ἐργα-

2196 2057 2317 2112 σίαν
2348 2060 2448 2130 τῆς
2503 2061 2727 2134 ἀρετῆς,
2762 2063 2855 2115 καὶ
2879 2061 2978 2134 τὴν
3007 2063 3103 2117 τοῦ
3133 2064 3344 2133 λογείου
3380 2068 3476 2121 καὶ
3506 2067 3605 2137 τῆς
3643 2068 3806 2120 ἐπω-

2193 2151 2345 2221 μίδος
2377 2153 2644 2224 ἁρμονίαν
2667 2171 2726 2207 τε
2761 2156 2856 2209 καὶ
2887 2156 3182 2222 συνάφειαν
3205 2158 3284 2220 είς
3304 2156 3401 2229 τὴν
3424 2159 3523 2229 τῆς
3555 2158 3804 2222 πίστεως

2195 2247 2291 2298 καὶ
2334 2246 2433 2316 τῆς
2456 2247 2671 2316 ἀγαθῆς
2699 2248 2950 2319 πράξεως
2975 2249 3326 2321 λαμϐάνομεν
3355 2251 3701 2336 συμφωνίανς
3738 2251 3803 2303 τὸ

506 2334 564 2387 δὲ
607 2334 848 2406 πρώτοις
884 2332 1225 2388 ἐπιτίθεσθαι
1288 2334 1389 2405 τὴν
1441 2333 1725 2405 ἐπωμίδα,
1788 2328 1890 2386 εἷθ’
1935 2333 2108 2398 οὕτως
2135 2337 2308 2410 ταύτῃ
2332 2343 2392 2394 τὸ
2426 2342 2634 2412 λογεῖον
2663 2343 3029 2398 συνάπτεσθαι
3077 2343 3139 2398 τὸ
3167 2344 3264 2416 τὴν
3314 2346 3525 2416 ἀγαθὴν
3589 2328 3799 2417 πρᾶξιν

500 2426 816 2499 ὑποϐάθραν
849 2423 989 2481 εἷναι
1020 2427 1128 2481 τῶν
1150 2426 1384 2499 ἀρετῶν.

535 2538 870 2608 QUIESTIO
899 2538 1422 2665 ΟΟΙιΧΙὲὸὲἐρξξῖι
1441 2537 1844 2681 (lJCLXXXVlI,
1887 2538 2052 2596 Taur.

532 2746 713 2813 Quam
747 2746 812 2801 ob
842 2762 1063 2801 causam
1098 2745 1306 2815 Moyses
1334 2743 1547 2800 tabulas
1580 2745 1888 2799 contriverit
1920 2744 2060 2818 (69).

2693 2549 3044 2604 ΕΡΩΤΗΚΙΣ
3101 2551 3263 2608 ΣΞΘθ.

2496 2746 2660 2799 Διατί
2710 2746 2816 2813 τὰς
2872 2746 3113 2815 πλάκας
3163 2750 3570 2821 συνέτριψεν,

1368 2862 1510 2912 Edita
1541 2874 1569 2910 a
1601 2860 1728 2911 Maio
1762 2861 1818 2926 (1.
1846 2875 1888 2910 e.
1925 2876 1972 2925 p.
2004 2861 2112 2921 154,
2137 2875 2187 2925 q.
2220 2859 2354 2924 278).
2377 2859 2617 2911 —Exod.
2652 2875 2810 2919 nm,
2841 2862 2915 2912 19.

567 2951 710 3017 Quia
744 2949 1258 3021 crediditpopulum
1283 2949 1419 3019 legis
1436 2963 1559 3004 esse
1593 2949 1900 3018 indignum.
1955 2948 2094 3004 Cum

496 3043 645 3098 enim
697 3041 892 3096 tabula:
953 3056 1055 3111 pro
1104 3040 1382 3095 dotalibus
1435 3039 1631 3096 libellis
1660 3051 1867 3107 essent,
1925 3055 2097 3111 spon-

497 3148 674 3203 saque
699 3131 944 3186 nondum
1001 3130 1306 3184 thalamum
1369 3129 1639 3201 ingressa,
1689 3145 1813 3185 sese
1867 3131 2074 3201 prosti-

499 3223 716 3287 tuisset,
764 3220 920 3276 valde
965 3220 1163 3285 iratus,
1213 3228 1274 3275 ut
1327 3235 1424 3290 par
1464 3228 1567 3284 est,
1609 3221 1791 3276 dotale
1837 3221 2087 3276 libellum

495 3314 719 3384 dirupit.
755 3311 1317 3367 Animadvertendum
1342 3311 1590 3380 estquod
1624 3322 1755 3367 tunc
1802 3312 1869 3368 ad
1897 3328 2087 3383 preces

498 3407 791 3478 placabilis
825 3406 1006 3462 factus
1059 3403 1228 3471 Deus,
1256 3405 1308 3458 in
1353 3404 1503 3460 aliud
1565 3412 1780 3474 tempus
1810 3404 2089 3460 distulerit

493 3515 708 3569 pmnas,
734 3498 922 3553 dicens
950 3515 963 3551 :
1005 3516 1027 3550 ι
1059 3495 1170 3566 Ego
1200 3504 1380 3550 autem
1407 3495 1460 3548 in
1483 3495 1572 3549 die
1602 3495 1826 3550 ultionis
1856 3495 2088 3550 visitabo

494 3599 549 3648 et
574 3593 679 3647 hoc
717 3597 1004 3660 peccatum
1031 3602 1223 3643 eorum
1268 3587 1336 3639 τι.
1369 3605 1390 3638 ›
1447 3586 1604 3652 Quod
1636 3587 1881 3656 Apostoli
1902 3588 2085 3643 verbis

494 3681 676 3734 simile
708 3685 832 3733 est:
898 3675 1173 3747 «Ignoras
1201 3675 1463 3745 quoniam
1518 3676 1829 3747 benignitas
1879 3676 1970 3731 Dei
2017 3677 2084 3730 ad

500 3770 882 3840 paenitentiam
926 3779 981 3824 te
1013 3767 1287 3823 adducit?
1354 3765 1666 3821 Secundum
1709 3776 1890 3821 autem
1937 3767 2084 3822 duri-

497 3864 625 3917 tiam
663 3871 813 3917 luam
839 3863 927 3928 τ’,
960 3881 979 3914 ρ
1049 3871 1104 3916 ct
1159 3860 1392 3929 reliqua.
1469 3861 1723 3914 Attamen
1805 3860 2084 3930 legislator

495 3955 721 4025 cognito
749 3960 897 4024 quod
932 3955 1222 4009 universus
1251 3953 1392 4009 Deus
1433 3953 1548 4024 jam
1590 3953 1759 4008 nollet
1805 3969 1927 4008 esse
1953 3969 2080 4007 cum

491 4047 723 4112 ludatis,
764 4049 1019 4119 angelum
1075 4063 1206 4102 vero
1241 4049 1309 4101 iis
1361 4045 1716 4116 praefecturus
1744 4057 1909 4112 esset,
1943 4049 2081 4102 scire

491 4139 744 4211 quaesivit
783 4154 944 4208 quem
991 4147 1139 4193 esset
1200 4137 1496 4202 missurus,
1547 4135 1961 4206 obsecravitque
2014 4152 2082 4190 ne

492 4235 561 4288 iis
589 4232 750 4288 daret
778 4245 1111 4286 conservum
1145 4231 1365 4296 ducem,
1405 4229 1499 4284 sed
1537 4228 1654 4300 ipse
1682 4243 1779 4283 eos
1801 4228 2078 4298 dirigeret.

493 4324 653 4392 Quod
687 4325 779 4378 ubi
833 4321 1169 4393 impetravit,
1228 4322 1447 4377 sublato
1475 4320 1663 4375 ebrius
1718 4334 1910 4375 amore
1957 4335 2080 4389 quae

497 4417 779 4472 hominem
829 4415 1102 4469 excedunt
1150 4412 1444 4474 affectavit,
1497 4411 1940 4481 invisibilemque
1977 4427 2076 4465 na-

494 4519 679 4564 turam
742 4521 974 4564 cernere
1033 4503 1372 4574 concupivit.
1417 4501 1906 4556 Verumenimvero
1974 4502 2080 4556 hoc

490 4615 614 4655 esse
642 4599 797 4654 nefas
816 4599 1027 4664 didicit;
1053 4613 1172 4667 qum
1207 4606 1385 4651 autem
1424 4596 1488 4650 ad
1524 4595 1765 4648 divinam
1803 4594 2078 4664 pertinent

2263 2947 2493 3012 Ανάξιον
2553 2948 2743 3018 κρίνας
2765 2947 2855 3001 τὸν
2903 2948 3029 3002 λαὸν
3079 2951 3180 3022 τῆς
3203 2951 3526 3022 νομοθεσίας
3547 2968 3564 2982 °
3597 2953 3788 3026 ἐπειδὴ

2191 3040 2299 3112 γὰρ
2324 3039 2614 3112 προικῴων
2641 3042 3040 3112 γραμματείων
3069 3043 3243 3095 τύπον
3285 3037 3430 3114 εἶχον
3467 3044 3522 3096 αἱ
3555 3044 3786 3108 πλάκες,

2189 3133 2221 3201 ἡ
2247 3131 2303 3184 δὲ
2334 3131 2520 3202 νύμφη
2557 3133 2662 3202 πρὸ
2694 3131 2795 3203 τῆς
2825 3133 3095 3196 παστάδος
3120 3135 3200 3196 εἰς
3230 3134 3474 3204 μοιχείαν
3502 3135 3784 3200 ἀπέκλινε,

2192 3224 2338 3294 μάλα
2373 3224 2598 3288 εἰκότως
2633 3224 2694 3276 τὸ
2719 3223 2993 3294 προικῷον
3037 3227 3420 3295 γραμματεῖον
3456 3224 3744 3297 διέρρηξεν
3766 3241 3781 3256 ·

2194 3317 2558 3370 ἐπισκεπτέον
2593 3317 2691 3386 μὲν
2718 3316 2793 3379 ὠς
2825 3317 2946 3368 τότε
2979 3315 3272 3386 δεξάμενος
3295 3317 3323 3368 6
3366 3315 3500 3380 Θεὸς
3531 3317 3632 3388 τὴν
3667 3319 3778 3370 ἱκε-

2194 3409 2341 3473 σίαν,
2374 3408 2681 3462 ἁπεϐάλετο
2708 3408 2807 3478 τὴν
2836 3406 3105 3478 τιμωρίαν
3129 3423 3142 3436 ⁸
3176 3406 3535 3478 προστέθεικε
3561 3408 3640 3474 δέ,
3663 3427 3680 3458 ι
3702 3401 3776 3479 ⁷ῌ

2188 3501 2233 3554 δ’
2259 3500 2325 3555 ἂν
2355 3501 2541 3572 ἡμέρᾳ
2574 3503 3015 3569 ὲπισκέπτωμαι,
3040 3498 3334 3563 ἐπάξωέπ’
3365 3500 3566 3562 αὐτοὺς
3600 3502 3766 3554 πᾶσαν

2188 3593 2288 3665 τὴν
2341 3593 2620 3665 ἁμαρτίαν
2677 3593 2861 3646 αὐτῶν
2890 3609 2902 3621 ·
2964 3612 2983 3644 ι
3041 3592 3190 3646 ἔοικε
3219 3592 3276 3646 δέ
3305 3591 3467 3645 τοῦτο
3515 3595 3623 3657 τοῖς
3665 3592 3761 3645 ὑπὸ

2188 3687 2287 3740 τοῦ
2359 3686 2685 3739 Ἀποστόλου
2752 3686 3100 3758 εἰρημένοιςο
3177 3703 3196 3738 t
3266 3686 3505 3752 ’Λγνοῶν
3572 3687 3651 3740 ὅτι
3707 3685 3765 3738 τδ

2189 3777 2425 3847 χρηστὸν
2457 3777 2550 3829 τοῦ
2602 3776 2739 3829 Θεοῦ
2791 3778 2870 3840 εἰς
2905 3775 3198 3846 μετάνοιάν
3233 3794 3291 3828 σε
3334 3776 3497 3845 ἄγει·
3527 3777 3666 3830 κατὰ
3716 3775 3768 3828 δέ

2186 3869 2286 3936 τὴν
2316 3867 2656 3937 σκλήροτητά
2681 3882 2796 3928 σου,
2837 3884 2854 3916 ι
2883 3865 2976 3917 καὶ
3000 3863 3130 3932 ἐξῆς
3156 3881 3170 3894 ·
3200 3866 3226 3918 6
3270 3864 3453 3934 μέντοι
3480 3863 3770 3934 νομοθέτης

2187 3953 2426 4017 ἀκούσας
2457 3953 2530 4016 ὡς
2564 3953 2662 4005 οὐκ
2689 3952 2936 4018 ἀνέξεται
2970 3956 3210 4006 συνεῖναι
3234 3953 3416 4016 αὐτοῖς
3443 3954 3472 4006 ὁ
3503 3954 3614 4006 τῶν
3641 3953 3772 4006 ὅλων

2185 4045 2317 4108 Θεὸς
2341 4045 2421 4097 ἐτι
2446 4086 2459 4110 ,
2501 4044 2616 4098 ἀλλ’
2655 4045 2885 4112 ἄγγελον
2920 4046 3227 4113 ἐπιστήσει,
3292 4043 3460 4114 ᾔτησε
3494 4043 3593 4112 μὲν
3630 4042 3769 4112 γνῶο

2185 4153 2273 4188 ναι
2305 4135 2394 4189 τὸν
2429 4135 2878 4205 ἐπιστησόμενον,
2910 4135 3231 4205 ἠντιϐόλησε
3263 4135 3318 4186 δὲ
3349 4134 3424 4204 μὴ
3454 4135 3637 4187 δοῦναι
3671 4135 3767 4187 αύ-

2186 4232 2294 4291 τοῖς
2336 4229 2624 4297 ὁμόδουλον
2667 4228 2930 4300 ἡγεμόνα,
2973 4228 3090 4281 ἀλλ’
3115 4229 3278 4282 αὑτὸν
3309 4229 3490 4280 αὐτῶν
3521 4227 3771 4299 καθηγή-

2184 4319 2409 4372 σασθαι·
2445 4319 2522 4382 ὡς
2550 4319 2605 4372 δὲ
2638 4318 2732 4371 καὶ
2767 4318 2971 4389 ταύτην
2998 4318 3124 4389 ἔσχε
3146 4319 3246 4388 τὴν
3283 4318 3458 4390 ἀρχὴν
3476 4319 3640 4389 ἔρωτι
3673 4337 3770 4389 με·

2183 4411 2326 4465 θύων
2362 4411 2741 4481 ἐπαινουμένῳ
2775 4411 2882 4464 τῶν
2920 4410 3061 4481 ὑπὲρ
3091 4410 3375 4482 ἄνθρωπον
3417 4411 3633 4482 ἠράσθη
3679 4411 3770 4464 καὶ

2179 4503 2280 4574 τὴν
2310 4501 2536 4555 ἀθέατον
2579 4500 2739 4572 φύσιν
2771 4501 2898 4553 ἰδεῖν
2937 4499 3308 4570 ἐπεθύμησεν,
3341 4499 3479 4552 ἀλλὰ
3513 4500 3768 4570 μεμάθη-

2181 4612 2276 4647 κεν
2304 4595 2378 4657 ὼς
2405 4593 2561 4647 τοῦτο
2587 4593 2845 4648 ἀδύνατον
2867 4608 2880 4622 α
2916 4593 2985 4646 τὰ
3010 4592 3067 4645 δὲ
3116 4595 3215 4663 τῆς
3243 4592 3556 4662 οἰκονομίας
3582 4609 3640 4644 τε
3675 4593 3768 4645 καὶ

492 4692 896 4763 providentiam
916 4700 970 4746 et
996 4690 1268 4744 actionem
1305 4688 1408 4757 (sic
1436 4687 1581 4741 enim
1607 4685 1961 4756 intelligenda
1995 4694 2080 4741 est

2193 4685 2486 4758 ἐνεργείας,
2523 4685 2667 4739 οὕτω
2700 4687 2809 4756 γὰρ
2839 4685 2920 4738 δεῖ
2953 4687 3092 4737 νοεῖν
3129 4683 3224 4737 τοῦ
3269 4684 3405 4736 Θεοῦ
3433 4683 3499 4736 τὰ
3523 4684 3767 4748 ὀπίσθια,

493 4785 770 4857 posterior
788 4783 882 4839 Dei
914 4783 1062 4854 pars)
1093 4779 1454 4849 contemplari
1484 4793 1801 4849 possumus,
1826 4793 1934 4832 non
1956 4779 2079 4849 qui-

2178 4781 2454 4851 θεωρῆσαι
2495 4779 2722 4833 δυνατὸν
2758 4779 2871 4840 τοῖς
2913 4777 3062 4830 κατὰ
3096 4776 3366 4841 Μωῦσὲα,
3399 4777 3520 4830 ούδὲ
3554 4776 3768 4840 τούτοις

492 4881 615 4935 dem
645 4878 848 4949 palam,
893 4876 988 4932 sed
1041 4881 1098 4928 ut
1138 4872 1355 4944 Moyses
1386 4879 1442 4926 ct
1485 4873 1541 4926 in
1572 4881 1731 4942 petra
1788 4872 1948 4941 quasi
2010 4872 2079 4926 ab

2193 4874 2230 4926 se
2261 4872 2448 4936 ἁπλῶς
2469 4913 2483 4939 ,
2510 4871 2626 4924 ἀλλ’
2652 4873 2732 4933 εἰς
2763 4870 2863 4940 τὴν
2903 4871 3110 4941 πέτραν
3162 4868 3252 4920 ὑπ’
3285 4869 3452 4921 αὐτοῦ
3504 4867 3596 4922 τοῦ
3629 4867 3766 4921 Θεοῦ

494 4974 614 5042 ipso
651 4970 760 5026 Deo
789 4969 1070 5034 collocati,
1107 4969 1190 5021 sic
1225 4965 1540 5020 ostenditur
1592 4964 1749 5018 ﬁrma
1800 4964 1924 5019 ﬁdei
1965 4976 2078 5019 sta-

2173 4963 2483 5032 τιθεμένοις
2505 4979 2518 4991 ·
2553 4959 2808 5031 σημαίνει
2825 4959 2882 5010 δέ
2911 4958 3050 5027 αὕτη
3067 4959 3165 5026 τῆς
3191 4958 3427 5020 πίστεως
3449 4957 3507 5008 τὸ
3538 4958 3767 5027 στερρὸν

494 5063 698 5126 bilitas,
732 5060 872 5116 etin
903 5057 1176 5113 foramine
1216 5054 1377 5122 hujus
1416 5054 1614 5123 lapidis
1646 5055 1767 5110 ﬁdei
1827 5053 2074 5109 foramen

2193 5056 2270 5108 ιαὶ
2297 5053 2632 5125 ἀκράδαντον
2657 5069 2670 5081 ·
2701 5053 2796 5104 καὶ
2816 5050 2908 5104 διὰ
2928 5051 3026 5119 τῆς
3063 5049 3204 5118 ὀπῆς
3232 5048 3333 5118 τῆς
3364 5047 3589 5119 πέτρας.
3620 5048 3769 5119 δηλοῖ

494 5160 740 5221 apparet,
771 5149 1193 5221 quaeinacccssa
1221 5143 1398 5200 oculis
1434 5146 1718 5215 corporeis
1745 5151 1800 5200 et
1826 5144 2076 5200 invisibi-

497 5244 563 5296 lia
601 5243 880 5312 perspicit.

2171 5147 2228 5200 δέ
2255 5146 2391 5216 αὕτη
2421 5147 2518 5217 τῆς
2537 5146 2771 5206 πίστεως
2798 5143 3073 5211 ὀφθαλμὸν
3100 5142 3410 5212 θεωροῦντα
3439 5143 3552 5205 τοῖς
3576 5142 3770 5214 αίσθη-

2169 5238 2282 5299 τοῖς
2315 5235 2610 5309 ὀφθαλδηιοϊς
2651 5236 2914 5303 ἀνέφικτα
2969 5233 3062 5286 κ).
3109 5233 3334 5286 ἀθέατα.

567 5423 615 5454 τ⁰
649 5421 821 5475 Exod.
862 5433 1050 5484 xxvm,
1076 5417 1168 5471 '58.
1245 5415 1287 5446 '“
1324 5413 1497 5470 Exod.
1531 5431 1705 5485 xxx",
1742 5420 1830 5474 54.
1909 5415 1956 5444 ⁷³
1981 5412 2138 5471 Rom.
2164 5434 2222 5480 ιι,
2257 5415 2312 5469 li.

2023 5573 2254 5630 ΝΟΤέΕ.

567 5729 682 5796 (69)
716 5732 796 5786 Ex
820 5729 1168 5789 Theodorelo
1205 5745 1258 5800 q.
1288 5728 1358 5784 68
1399 5728 1454 5782 in
1499 5727 1671 5783 Exod.
1720 5727 1784 5781 T.
1814 5726 2028 5796 LXXX,
2068 5743 2121 5798 p.
2149 5727 2275 5782 294.
