4136 6430
379 500 516 567 1:097

937 609 1269 663 ΕΡΩΤΠΣΙΣ
1318 607 1437 663 ΣΟ’.

660 787 792 854 Πῶς
813 785 882 842 ἐν
911 787 1165 858 ἱματίοις
1201 784 1395 852 λέπρα
1419 783 1684 854 ἐγίνετο;

1118 499 1227 557 AD
1255 491 1848 556 AMPHILOCIIIUM
1887 484 2235 562 QUAESTlO
2273 483 2874 544 CCLXIX-CCLXXI.

1995 623 2041 677 Α
2097 595 2429 666 ΟΠᾹΞΒΤΙΟ
2465 592 2714 649 CCLXX.
2760 589 2945 664 [CoisL
2985 580 3409 650 CCLXXXVIII,
3451 578 3618 635 Taur.

3517 465 3658 534 1098

2680 679 3056 752 CCLXXVHJ

2130 780 2409 847 Quomodo
2465 776 2872 848 intelligendum
2913 777 3003 848 in“
3032 772 3358 848 uestimentis
3397 770 3600 840 lepram

2698 849 2865 902 inesse
2901 845 3051 918 (70)?

1257 965 1403 1017 Edita
1432 978 1459 1014 a
1491 963 1622 1015 Maio
1652 965 1708 1027 (l.
1743 976 1788 1014 e.
1823 978 1872 1026 p.
1902 964 2011 1025 154,
2035 979 2085 1029 q.
2113 966 2249 1027 279).
2285 991 2344 1002 —
2373 963 2541 1015 Levit.
2571 974 2678 1022 xm,
2705 959 2783 1009 47.

361 1110 365 1115 ι
455 1075 661 1138 Πολλὰς
692 1075 874 1139 αὐτοῖς
898 1075 1142 1140 παιδείας
1164 1078 1192 1130 6
1225 1077 1357 1141 Θεὸς
1375 1077 1632 1140 τοιαύτας
1649 1077 1930 1148 ἐπήγαγεν
1951 1093 1966 1108 ·

383 1168 581 1222 αὐτίκα
611 1167 740 1234 γοῦν
779 1169 875 1221 καὶ
930 1169 1060 1240 περὶ
1109 1167 1330 1238 λεπρῶν
1369 1169 1556 1221 οίκιῶν
1603 1169 1777 1232 οὕτως
1829 1168 1968 1239 ἔφη·

390 1277 409 1309 ι
451 1259 539 1320 Ὠς
601 1256 666 1310 ἂν
697 1259 981 1330 εἰσέλθητε
1013 1261 1093 1323 είς
1145 1259 1242 1331 τὴν
1271 1263 1376 1330 γῆν
1404 1261 1513 1312 τῶν
1546 1259 1872 1314 Χαναναίων
1904 1260 1974 1332 ἢν

385 1351 496 1416 ἐγὼ
547 1350 742 1421 δίδωμι
799 1352 968 1422 ὑμῖν·
1004 1353 1100 1406 καὶ
1143 1353 1297 1406 δώσω
1328 1352 1473 1424 ἁφὴν
1495 1353 1702 1422 λέπρας
1747 1355 1804 1406 ἐν
1856 1355 1978 1415 ταῖς

385 1441 584 1504 οἰκίαις
600 1441 700 1509 τῆς
721 1444 824 1512 γῆς
843 1442 942 1512 τῆς
967 1443 1234 1513 ὲγκτήτου
1253 1444 1282 1496 ὑ
1291 1443 1428 1512 μῶν,
1468 1463 1486 1494 ι
1523 1443 1618 1496 καὶ
1641 1443 1768 1513 ἑξῆς
1789 1459 1802 1473 ·
1833 1442 1978 1496 διδά-

389 1548 509 1586 σκει
537 1532 594 1584 δὲ
614 1531 702 1586 διὰ
725 1533 929 1586 τούτων
955 1534 1038 1586 ὅτι
1071 1535 1318 1606 θεήλατοι
1340 1531 1480 1606 ἦσαν
1507 1536 1564 1588 αί
1595 1535 1822 1605 πληγαὶ,
1849 1534 1980 1588 ποτὲ

390 1625 488 1693 μὲν
517 1624 659 1677 κατὰ
694 1625 946 1694 ἱματίων,
979 1626 1111 1678 ποτὲ
1136 1626 1195 1679 δὲ
1229 1627 1371 1680 κατὰ
1411 1627 1600 1679 οἰκιῶν
1637 1626 1937 1696 φερόμεναι
1961 1643 1974 1655 ·

386 1713 560 1766 ταῦτα
591 1714 649 1767 δὲ
678 1713 778 1785 τὴν
805 1715 1019 1784 ἄφατον
1049 1715 1144 1768 τοῦ
1179 1715 1316 1768 Θεοῦ
1347 1716 1762 1787 φιλανθρωπίαν
1785 1716 1977 1786 ἀνεδή-

387 1804 482 1858 λου
501 1820 517 1836 ·
544 1806 777 1878 τῶνγὰρ
805 1806 1109 1878 ἀνθρώπων
1139 1809 1589 1879 ἁμαρτανόντων,
1619 1810 1862 1879 ἱματίοις
1883 1809 1978 1863 καὶ

2141 1077 2548 1132 Judaeismultae
2605 1074 2852 1142 talesque
2901 1069 3278 1124 institutiones
3308 1080 3338 1120 a
3369 1065 3479 1119 Deo
3520 1061 3661 1117 datae

2075 1180 2223 1227 sunt.
2263 1169 2463 1224 Statim
2505 1169 2673 1238 igitur
2709 1166 2778 1219 de
2813 1162 3046 1233 leprosis
3072 1159 3328 1214 domibus
3370 1157 3450 1211 sic
3479 1154 3662 1225 loqui-

2076 1268 2167 1316 tur
2193 1277 2206 1314 :
2237 1277 2255 1310 ι
2285 1257 2423 1314 Cum
2456 1255 2688 1326 ingressi
2717 1254 2930 1308 fueritis
2960 1262 3164 1308 terram
3193 1249 3456 1305 Chanaan
3494 1261 3664 1317 quam

2079 1365 2182 1422 ego
2229 1351 2372 1404 dabo
2421 1348 2580 1403 vobis
2626 1348 2680 1400 in
2731 1343 3167 1416 possessionem,
3213 1340 3258 1395 si
3310 1339 3477 1394 fuerit
3505 1337 3665 1408 plaga

2079 1442 2246 1511 Ieprae
2293 1442 2347 1496 in
2384 1440 2680 1502 aedibus”,
2707 1457 2725 1490 ι
2764 1446 2818 1492 et
2862 1436 3095 1506 reliqua.
3130 1433 3224 1488 Sic
3250 1433 3412 1487 docet
3435 1429 3664 1484 vulnera

2077 1549 2199 1590 esse
2250 1549 2280 1588 a
2333 1533 2445 1588 Deo
2501 1532 2774 1596 immissa,
2833 1528 2993 1584 modo
3038 1529 3090 1581 iu
3138 1538 3355 1590 vestes,
3404 1521 3568 1576 modo
3609 1521 3664 1574 iu

2077 1626 2292 1682 domos.
2330 1624 2454 1680 llaec
2497 1631 2680 1678 autem
2714 1623 2830 1694 ipsa
2866 1619 3194 1676 incﬂabilem
3243 1617 3338 1672 Dei
3385 1628 3517 1684 erga
3567 1612 3668 1667 ho-

2077 1719 2255 1773 mines
2287 1732 2530 1772 amorem
2562 1714 2945 1770 demonstrant
2979 1730 2992 1766 :
3033 1710 3320 1764 hominum
3357 1705 3504 1760 enim
3540 1718 3668 1772 pec-

2075 1819 2320 1864 catorum
2371 1807 2426 1862 in
2473 1808 2806 1864 vestimenta
2875 1814 2931 1859 et
2985 1803 3180 1858 domos
3245 1799 3473 1853 vulnera
3539 1810 3668 1850 cum

387 1896 590 1960 οἰκίαις
621 1899 857 1970 ἐπέφερε
902 1899 1002 1962 τὰς
1034 1899 1269 1971 πληγὰς,
1301 1899 1391 1953 διὰ
1416 1901 1624 1952 τούτων
1652 1903 1765 1964 τοῖς
1802 1900 1975 1954 ταῦτα

2083 1900 2423 1963 immitteret,
2458 1901 2533 1954 ita
2579 1898 2926 1954 sanationem
2959 1909 3022 1950 ea
3074 1890 3483 1964 possidentibus
3533 1887 3668 1943 aII'e-

387 1992 749 2062 κεκτημένοις
787 1992 888 2061 τὴν
919 1992 1216 2063 θεραπείαν
1246 1992 1570 2064 προσφέρων
1591 2009 1605 2023 ·
1638 1992 1781 2046 ἔοικε
1810 1993 1867 2046 δὲ
1896 1992 1976 2064 τῷ

385 2083 659 2154 λεπρῶντι
699 2083 834 2155 οἴκῳ
867 2085 895 2136 ό
917 2080 1063 2148 οἶκος
1080 2085 1174 2138 τοῦ
1219 2084 1452 2156 Ἰσραὴλ,
1479 2080 1540 2138 οῦ
1572 2086 1832 2150 πολλάκις
1876 2085 1975 2156 μὲν

386 2173 727 2244 ἐξῃρέθησαν
765 2175 1016 2246 καθάπερ
1033 2176 1170 2229 λίθοι
1197 2177 1343 2240 τινὲς
1375 2177 1683 2248 λεπρῶντες
1711 2181 1760 2231 οἱ
1791 2178 1974 2249 πλημ-

391 2267 764 2336 μελήσαντες,
816 2268 947 2320 ποτὲ
975 2269 1071 2339 μὲν
1117 2268 1206 2321 διὰ
1258 2270 1558 2340 Ἀσσυρίων
1582 2310 1597 2334 ,
1638 2271 1767 2322 ποτὲ
1796 2269 1853 2322 δὲ
1892 2270 1982 2322 διὰ

390 2357 781 2425 Βαϐυλωνίων,
821 2359 1008 2413 ἄλλοτε
1053 2361 1111 2413 δὲ
1157 2361 1246 2414 διὰ
1283 2361 1612 2416 Μακεδόνων
1643 2379 1656 2394 ·
1690 2361 1878 2432 ἐπειδὴ
1925 2361 1984 2414 δὲ

393 2447 601 2514 παγίαν
632 2448 791 2519 ἔσχον
838 2450 937 2522 τὴν
962 2451 1206 2523 λέπραν,
1239 2452 1410 2524 ἄρδην
1456 2451 1831 2522 καταλυθῆναι
1882 2451 1982 2516 τὴν

389 2538 568 2592 οἰκίαν
594 2541 623 2593 6
660 2541 960 2614 νομοθέτης
989 2543 1259 2598 ἐκέλευεν.

913 2657 1250 2710 ΕΡΩΤΗΣΙΣ
1283 2657 1447 2710 ΣΟΑ’.

398 2805 465 2862 τί
491 2811 772 2880 σημαίνει
800 2812 872 2867 τὰ
887 2811 998 2867 δύο
1029 2814 1260 2881 ὀρνίθια
1284 2813 1437 2881 ὑπὲρ
1461 2813 1568 2867 τοῦ
1602 2809 1978 2882 καθαριζομέ-

871 2899 983 2937 νου
1013 2885 1474 2953 προσφερόμενα
1497 2899 1517 2946 ;

2084 1994 2254 2047 rehat.
2279 1992 2468 2046 Simile
2487 2001 2572 2046 est
2599 1989 2788 2044 domui
2821 1989 3048 2057 leprosze
3081 1985 3280 2039 domus
3309 1981 3477 2037 Israel
3503 1995 3534 2033 e
3559 1992 3669 2048 qua

2084 2085 2411 2154 saepissime,
2438 2083 2596 2152 quasi
2648 2092 2815 2152 petra:
2867 2077 3116 2148 quaedam
3144 2117 3157 2139 ,
3197 2073 3374 2129 Juda-i
3429 2070 3668 2140 leprosi,

2085 2174 2138 2228 id
2166 2181 2270 2239 est,
2302 2181 2619 2242 peceatores
2670 2169 2846 2225 avulsi
2902 2176 3052 2234 sunt,
3099 2180 3247 2220 nunc
3292 2163 3360 2217 ab
3398 2159 3666 2233 Assyriis,

2082 2281 2230 2319 nunc
2263 2280 2294 2319 a
2328 2264 2666 2335 Babyloniis,
2711 2263 2850 2317 alias
2883 2259 3104 2314 tandem
3153 2273 3184 2312 a
3228 2253 3666 2314 Macedonibus;

2082 2372 2206 2411 eum
2247 2365 2428 2411 autem
2488 2357 2788 2410 inveterata
2844 2352 3034 2408 domui
3079 2348 3298 2404 cuidam
3352 2347 3502 2416 lepra
3553 2344 3666 2398 ha:-

2083 2458 2248 2512 reret,
2284 2449 2422 2502 hanc
2446 2447 2603 2502 evelli
2631 2445 2878 2501 funditus
2907 2442 3188 2514 legislator
3217 2438 3552 2509 imperabat.

2085 2624 2417 2694 QUIESTIO
2471 2625 2748 2683 CCLXXI.
2808 2623 3000 2697 [CoisL
3067 2616 3452 2680 CCLXXXIX,
3495 2613 3666 2669 Taur.

2663 2715 3123 2787 ccexxvurtl

2091 2814 2234 2882 Quid
2268 2814 2563 2884 signiﬁcent
2594 2817 2715 2884 dure
2758 2828 2876 2884 aues
2905 2824 3149 2884 qurejgro
3174 2805 3436 2876 expianda
3461 2803 3674 2860 homine

2621 2879 2979 2951 o/ferebantur
3003 2879 3141 2950 (7i).

1281 2996 1426 3047 Edita
1455 3011 1482 3046 a
1508 2997 1633 3046 Maio
1666 2997 1721 3060 (Ι.
1759 3009 1802 3046 c.
1837 3008 1886 3057 p.
1924 2998 2030 3058 133,
2062 3013 2111 3062 q.
2145 2997 2279 3062 280).
2311 3023 2374 3034 ——
2403 2995 2567 3046 Levit.
2601 3010 2701 3056 xiv,
2735 2996 2784 3045 4.

467 3101 574 3154 Τοῦ
607 3102 877 3172 σωτηρίου
908 3101 1115 3165 πάθους
1146 3104 1392 3174 περιέχει
1431 3105 1522 3158 τὸν
1553 3104 1757 3158 τύπον·
1791 3104 1981 3176 ὥσπερ

2159 3107 2364 3178 Figura
2390 3117 2522 3161 sunt
2552 3103 2813 3160 salutaris
2847 3101 3143 3173 passionis.
3180 3098 3253 3154 Ut
3291 3098 3434 3154 enim
3472 3099 3673 3154 horum

395 3190 506 3262 γὰρ
533 3189 738 3244 τούτων
766 3189 828 3243 τὸ
855 3191 954 3262 μὲν
979 3188 1191 3256 θύεται,
1216 3193 1275 3246 τὸ
1313 3193 1370 3246 δὲ
1398 3194 1480 3256 είς
1510 3193 1571 3246 τὸ
1602 3193 1699 3248 τοῦ
1728 3193 1983 3257 τυθέντος

394 3277 538 3353 αἷμα
570 3283 912 3354 βαπτόμενον
937 3285 1224 3349 ἀπελύετο,
1259 3285 1432 3348 οὕτως
1467 3286 1609 3355 ὑπὲρ
1635 3287 1737 3356 τῆς
1767 3286 1982 3357 λεπρὼ-

397 3393 501 3446 σης
529 3375 953 3448 ἀνθρωπότητος
985 3378 1014 3430 ό
1053 3378 1328 3448 Δεσπότης
1360 3379 1684 3451 ἐσταυρώθη
1725 3381 1982 3452 Χριστὸς,

396 3467 498 3537 τῆς
519 3467 620 3538 μὲν
647 3467 849 3539 σαρκὸς
871 3467 1174 3538 δεξαμένης
1196 3471 1286 3522 τὸν
1309 3470 1560 3538 θάνατον,
1587 3473 1687 3542 τῆς
1713 3471 1770 3526 δὲ
1793 3471 1988 3542 Θεότηο

396 3575 490 3620 τος
520 3558 952 3628 οίκειωσαμένης
982 3559 1044 3611 τὸ
1079 3561 1178 3629 τῆς
1211 3560 1630 3632 άνθρωπότητος
1664 3562 1856 3625 πάθος·
1890 3564 1986 3616 καὶ

399 3651 655 3722 καθάπερ
687 3649 843 3704 ῦδατι
886 3651 1114 3723 καθαρῷ
1152 3652 1246 3704 τοῦ
1298 3653 1601 3722 σφαγέντος
1636 3654 1878 3726 ὀρνιθίου
1925 3656 1988 3709 τὸ

399 3738 543 3813 αἷμα
588 3740 952 3812 μιγνύμενον,
983 3743 1077 3796 καὶ
1114 3744 1363 3816 κεδρίνου
1401 3744 1559 3811 ξύλου
1595 3747 1691 3801 καὶ
1731 3747 1985 3803 ὑσσώπου

403 3835 501 3888 καὶ
531 3833 785 3887 κοκκίνου
814 3833 1198 3905 κεκλωσμένον
1232 3837 1721 3909 περιρραινόμενος
1746 3841 1772 3893 ό
1808 3840 1984 3894 καθα-

405 3924 692 3994 ριζόμενος
748 3923 948 3994 λεπρὸς
998 3923 1252 3995 λαμπρός
1302 3943 1362 3979 τε
1415 3928 1510 3980 καὶ
1557 3928 1798 3999 καθαρὸς
1850 3932 1986 3985 ἁπο-

402 4013 702 4078 δείκνυται,
731 4012 905 4078 οὕτως
933 4015 961 4066 6
984 4013 1061 4083 τῷ
1099 4015 1314 4086 Σωτῆρι
1343 4015 1619 4071 πιστεύων
1645 4021 1867 4090 Χριστῷ
1893 4024 1987 4075 καὶ

402 4105 482 4177 τῷ
527 4105 620 4159 τοῦ
668 4108 935 4177 παναγίου
986 4108 1303 4177 Πνεύματος
1343 4109 1498 4163 ῦδατι
1542 4110 1983 4182 καθαιρόμενος,

403 4197 504 4262 τὰς
529 4199 638 4251 τῶν
666 4199 1080 4269 ἁμαρτημάτων
1107 4199 1405 4260 ἀποϐάλλει
1434 4202 1679 4273 κηλῖδας·
1715 4202 1987 4273 σύμϐολον

404 4288 464 4346 δὲ
507 4290 568 4341 τὸ
617 4291 712 4360 μὲν
753 4290 999 4361 κέδρινον
1047 4290 1224 4357 ξύλον,
1271 4291 1371 4362 τῆς
1411 4292 1658 4357 ἀπαθοῦς
1699 4294 1986 4365 656mm;-

405 4381 652 4451 ἄσηπτον
693 4382 749 4434 δὲ
783 4381 846 4434 τὸ
881 4382 1072 4448 ξύλον·
1120 4381 1182 4436 τὸ
1214 4383 1271 4436 δὲ
1311 4385 1564 4440 κόκκινον
1612 4386 1674 4439 τὸ
1719 4386 1984 4455 κλωστὸν,

2088 3195 2193 3250 alia
2241 3195 2580 3258 immolatur,
2627 3192 2844 3262 aliaque
2893 3193 2945 3245 iu
3013 3189 3339 3260 sanguiuetn
3381 3187 3678 3244 immolata:

2090 3287 2346 3340 immersa
2371 3285 2768 3350 dimittebatur,
2788 3282 2927 3337 haud
2951 3283 3108 3336 aliter
3134 3295 3234 3351 pro
3255 3281 3496 3336 humana
3521 3279 3676 3350 lepra

2089 3376 2358 3433 Dominus
2386 3376 2647 3432 Christus
2682 3375 2983 3431 cruciﬁxus
3015 3387 3248 3443 corpore
3275 3372 3499 3442 quidem
3524 3386 3674 3427 mor-

2088 3476 2198 3522 tem
2238 3467 2502 3536 suscepit,
2554 3467 2861 3536 diviuaeque
2908 3473 3122 3520 naturae
3157 3463 3518 3520 humanitatis
3551 3479 3678 3534 pas-

2089 3559 2325 3614 sionem.
2358 3561 2438 3614 Ac
2464 3557 2630 3613 veluti
2665 3573 2830 3613 cruor
2876 3557 3174 3610 immolatae
3227 3557 3345 3610 avis
3383 3561 3674 3625 postquam

2093 3650 2297 3706 viventi
2339 3665 2497 3719 aquae
2533 3650 2858 3704 commistus
2892 3647 3094 3710 fuerat,
3120 3648 3397 3717 homoque
3422 3646 3678 3716 leprosos

2091 3744 2242 3815 ligno
2282 3743 2528 3805 cedrino,
2558 3743 2822 3813 hyssopo,
2865 3754 3145 3810 coccoque
3174 3752 3508 3808 conspersus
3533 3743 3674 3802 erat,

2093 3847 2223 3890 tunc
2244 3835 2480 3890 mundus
2509 3849 2790 3903 purusque
2807 3831 3125 3897 videbatur;
3147 3830 3229 3886 sic
3264 3831 3359 3901 qui
3395 3829 3451 3884 in
3486 3828 3682 3883 Salva-

2092 3937 2265 3982 torem
2293 3927 2574 3982 Christum
2591 3925 2786 3990 credit,
2809 3936 2863 3980 et
2883 3925 3059 3980 sancti
3083 3923 3322 3993 Spiritus
3343 3938 3485 3992 aqua
3507 3937 3679 3992 purus

2091 4020 2270 4076 factus
2329 4028 2436 4087 est,
2476 4034 2671 4075 omnes
2723 4027 3073 4088 peccatorum
3130 4017 3376 4072 maculas
3433 4015 3676 4086 proiicit.

2091 4111 2360 4182 Exprimit
2383 4111 2589 4180 lignum
2615 4111 2902 4166 cedrinum
2937 4118 3221 4178 expertem
3241 4107 3449 4162 doloris
3467 4107 3678 4162 divini-

2093 4211 2290 4269 tatem;
2338 4203 2720 4273 iucorruptum
2751 4201 2899 4256 enim
2928 4208 3013 4256 est
3053 4199 3159 4254 hoc
3187 4199 3434 4268 lignum;
3471 4212 3678 4254 coccus

2093 4309 2222 4349 vero
2250 4295 2433 4350 uendo
2482 4293 2773 4358 deductus,
2833 4291 3238 4346 humanitatem
3283 4303 3349 4344 ex
3397 4289 3580 4343 anima
3623 4297 3680 4345 et

2093 4399 2325 4455 corpore
2371 4385 2698 4451 conﬂatam;
2751 4383 3026 4455 hyssopus
3075 4381 3317 4452 Spiritus
3363 4383 3540 4436 sancti
3581 4393 3678 4436 ca-

405 4473 508 4542 τῆς
538 4474 603 4526 ἐκ
624 4472 800 4544 ψυχῆς
836 4473 930 4526 καὶ
961 4472 1214 4544 σώματος
1243 4476 1684 4547 άνθρωπότητος·
1717 4481 1778 4530 τὸ
1806 4479 1863 4532 δὲ
1891 4479 1981 4532 ῦσ-

2092 4480 2266 4536 lorem
2317 4488 2372 4536 et
2419 4481 2770 4536 suavitatem.
2809 4477 2903 4534 Sic
2955 4477 3026 4533 iis
3071 4478 3167 4547 qui
3213 4477 3566 4548 haptizautur
3609 4491 3680 4528 ex

409 4577 613 4626 σωπον,
641 4561 742 4631 τῆς
783 4561 876 4614 τοῦ
909 4563 1178 4631 παναγίου
1209 4564 1528 4635 Πνεύματος
1559 4567 1891 4638 θερμότητός
1927 4585 1988 4622 τε

407 4655 503 4706 καὶ
530 4654 792 4724 εὐοσμίας
814 4670 828 4683 ·
864 4654 952 4710 διὰ
979 4654 1188 4708 τούτων
1235 4656 1285 4708 οἱ
1331 4656 1718 4727 βαπτιζόμενοι
1760 4661 1858 4727 τῆς
1888 4659 1989 4729 ψυ-

407 4745 573 4816 χικῆς
619 4745 1052 4800 ἀπαλλάττονται
1087 4746 1293 4818 λέπρας
1315 4763 1328 4777 ·
1363 4749 1456 4801 καὶ
1503 4750 1536 4818 ή
1576 4749 1776 4821 κοτύλη
1807 4752 1864 4805 δὲ
1895 4753 1987 4806 τοῦ

411 4835 617 4899 ἐλαίου,
664 4835 760 4888 τοῦ
797 4836 1175 4905 Πνευματικοῦ
1227 4839 1343 4890 ἐστι
1391 4837 1566 4909 μύρου
1621 4843 1936 4911 σημαντικὴ
1975 4857 1988 4872 ·

2091 4574 2276 4628 anima
2309 4573 2460 4644 lepra
2487 4572 2786 4639 adimitur;
2823 4571 3006 4628 cotula
3036 4571 3160 4628 oleo
3194 4571 3356 4641 plena
3407 4567 3683 4640 signiﬁcat

2092 4665 2270 4721 sancti
2295 4664 2536 4734 Spiritus
2585 4662 2843 4734 gratiam,
2897 4663 3099 4718 illitum
3156 4675 3324 4732 super
3365 4667 3682 4716 extremum

2093 4756 2353 4811 auriculae
2380 4755 2607 4821 dextrae,
2645 4763 2702 4810 et
2747 4769 2913 4825 super
2944 4767 3168 4810 manum
3209 4752 3460 4807 dextram
3486 4757 3542 4804 et
3585 4762 3682 4819 pe-

2094 4848 2256 4914 dem,
2317 4847 2498 4903 oleum
2563 4846 2826 4905 ostendit.
2883 4845 3145 4902 Auditum
3204 4843 3425 4914 quidem
3481 4838 3682 4913 aperiri

410 4928 560 4998 δηλοῖ
599 4928 654 4981 δὲ
703 4929 763 4982 τὸ
804 4929 1188 5002 ὲπιχριόμενον
1221 4929 1398 4984 ἔλαιον
1444 4932 1522 5002 τῷ
1553 4932 1701 5004 ὠτίῳ
1729 4934 1803 5004 τῷ
1833 4934 1981 5005 δεξιᾷ

2098 4939 2306 4995 dextris
2334 4939 2600 5010 eloquiis,
2634 4953 2859 4994 manum
2891 4952 3024 4993 vero
3047 4944 3101 4992 et
3131 4936 3324 5007 pedem
3352 4941 3500 4990 recte
3534 4930 3680 4986 facta

412 5021 508 5074 καὶ
545 5022 612 5092 τῇ
656 5019 810 5092 δεξιᾷ
845 5020 992 5091 χειρὶ
1041 5021 1136 5073 καὶ
1177 5019 1254 5090 τῷ
1283 5020 1442 5091 δεξιῷ
1474 5021 1634 5086 ποδὶ,
1659 5022 1722 5076 τὸ
1753 5023 1852 5092 μὲν
1896 5023 1981 5094 τὴι

2099 5031 2498 5088 elaboraturos.
2548 5031 2751 5087 lllitum
2799 5040 2982 5088 autem
3021 5028 3189 5100 capiti
3241 5027 3443 5082 mentis
3485 5035 3686 5080 conse-

413 5112 582 5182 ἁκοὴν
608 5115 721 5177 τοῖς
753 5112 950 5178 δεξιοῖς
986 5113 1334 5183 ἀφοριείσθαι
1369 5113 1570 5183 λογίοις
1589 5131 1602 5144 ·
1628 5115 1728 5185 τὴν
1752 5116 1809 5168 δὲ
1837 5118 1981 5188 χεῖρε

2099 5125 2402 5180 cratiouem
2443 5125 2738 5196 signiﬁcat.
2781 5125 2883 5190 Qui
2918 5134 3101 5178 autem
3138 5123 3390 5193 Ieprosus
3422 5132 3684 5190 perman-

417 5205 514 5259 καὶ
551 5206 645 5260 τὸν
681 5206 841 5274 πόδα,
887 5209 1007 5270 ταῖς
1034 5206 1234 5272 δεξιαῖς
1264 5206 1529 5278 πράξεσιν
1566 5208 1981 5279 ἐπιϐαλλόμενοι

2102 5215 2258 5282 serit,
2289 5232 2356 5272 ex
2384 5215 2629 5272 Ecclesia
2663 5217 2934 5282 ejicietur.

415 5297 471 5350 δὲ
493 5299 587 5351 καὶ
610 5301 677 5369 τῇ
706 5299 938 5371 κεφαλῇ,
979 5299 1079 5370 τὴν
1118 5301 1414 5374 ἀφιέρωσιν
1440 5299 1536 5355 τοῦ
1561 5299 1777 5368 λογικοῦ
1808 5299 1978 5371 δηλοῖ·
2007 5303 2037 5358 ό
2068 5306 2169 5376 μέν
2192 5325 2275 5363 τοι
2331 5308 2616 5379 διαμείνας
2663 5308 2863 5376 λεπρὸς
2900 5306 3007 5374 ἔξω
3061 5304 3164 5376 τῆς
3206 5303 3531 5377 Ἐκκλησίας
3573 5302 3683 5357 ἐκ·

417 5393 695 5450 ϐάλλεται.

489 5615 537 5648 ’³
560 5612 725 5670 Num.
756 5631 944 5682 xxxrv,
977 5615 1032 5669 2.

1931 5723 2167 5780 ΝΟΤιλΕ.

645 5846 722 5904 Ex
759 5847 1100 5903 Theodoreto
1133 5863 1188 5917 q.
1236 5847 1301 5901 18
1342 5845 1396 5902 in
1434 5845 1603 5904 Levit.
1653 5844 1716 5900 T.
1775 5843 1988 5908 LXXX,

424 5939 477 5995 ι).
521 5939 645 5974 ozz.

2323 5843 2394 5899 [ἰκ
2447 5841 2788 5898 Thcodoreto
2837 5857 2888 5908 σι.
2943 5839 3006 5893 I9
3056 5841 3108 5892 in
3142 5837 3311 5894 Levit.
3358 5833 3422 5892 Τ.
3468 5834 3702 5899 LXXX,

2193 5929 2268 5967 ον.
2303 5953 2315 5967 .

2107 5930 2159 5982 p.
2193 5929 2315 5967 οπο.
