4136 6466
470 477 613 545 1090

574 588 904 659 ΟΗᾸΞΒΤΙΟ
941 589 1219 650 CCLXXII
1259 591 1450 664 [CoisL
1487 590 1691 657 CCXC,
1749 593 1916 648 Taur.

1075 685 1433 758 CCLXXIXJ

1675 484 1947 547 ΡΗΟἹΙΙ
1989 485 2500 548 PATRIARCH/E
2525 485 2635 548 ΟΡ.

2077 601 2130 659 Δ

3604 479 3770 546 1100

2686 592 3022 648 ΕΡΩΤΗΣΙΣ
3047 592 3206 648 ΣΟΒ⁸.

469 779 580 837 Cur
607 797 710 835 non
740 779 953 834 licuerit
973 779 1183 834 Judaei:
1217 780 1398 834 edulia
1459 781 1736 836 immolare
1795 780 2054 834 animalia

2177 776 2327 830 Matt
2353 775 2711 845 ἀπαγορεύει
2736 775 2938 843 πόῤῥω
2975 772 3086 845 τῆς
3113 772 3354 840 σκηνῆς
3391 772 3648 827 θύεσθαι
3685 769 3770 822 τὰ

834 851 941 905 nisi
971 867 1150 904 coram
1185 850 1532 904 tabernaculo
1565 852 1704 921 (ηρ

2617 846 2941 914 ἐσθιόμενα
2972 844 3273 914 θρέμματα
3301 860 3321 909 ;

1043 961 1185 1012 Edita
1207 977 1234 1011 a
1260 962 1388 1012 Maio
1423 964 1480 1027 (l.
1517 977 1562 1013 c.
1597 979 1645 1026 p.
1682 963 1792 1025 155,
1824 963 1934 1025 156,
1963 978 2013 1026 q.
2043 962 2178 1021 282).
2211 987 2271 998 --
2301 961 2377 1010 De
2407 966 2661 1023 praecepto
2713 960 2875 1009 Levit.
2903 972 3022 1020 xvu,
3044 960 3094 1020 5,
3119 958 3166 1006 4.

539 1055 660 1110 Non
701 1053 874 1110 Deum
913 1054 1159 1124 fugiebat
1205 1053 1426 1112 Iudaeos
1472 1070 1596 1110 esse
1642 1055 1878 1125 impios,
1923 1069 2056 1125 pro-

471 1160 779 1215 pensosque
858 1144 928 1201 ad
986 1145 1246 1202 victimas
1313 1146 1658 1202 daemonibus
1723 1144 2055 1202 offerendas.

2230 1051 2387 1122 ’ᾘδει
2413 1049 2513 1119 τὴν
2539 1048 2698 1102 ὲνίων
2723 1047 2999 1111 ἀσέϐειαν,
3025 1049 3122 1100 καὶ
3147 1047 3229 1099 ὅτι
3258 1048 3370 1109 τοῖς
3392 1046 3616 1118 δαίμοσι
3652 1049 3772 1104 Θυ-

2159 1145 2280 1207 σίας
2331 1142 2704 1216 προσοίσουσι·
2767 1139 3071 1212 προσέταξε
3129 1140 3310 1194 τοίνυν
3348 1141 3529 1197 πάντα
3585 1143 3779 1197 θύσαι

471 1239 769 1309 Imperavit
798 1238 968 1310 igitur
987 1250 1049 1295 ut
1072 1239 1169 1311 qui
1203 1239 1364 1296 vellet
1391 1240 1597 1310 aliquid
1631 1241 1939 1304 immolare,
1970 1240 2059 1295 vel

2177 1238 2486 1308 Βουλόμενον
2535 1234 2736 1306 μόσχον
2783 1233 2818 1305 ἢ
2865 1234 3138 1303 πρόϐατον
3170 1233 3205 1305 ἢ
3237 1229 3405 1302 αἶγα,
3461 1236 3620 1306 παρὰ
3656 1236 3776 1306 τὴν

473 1328 729 1396 vitulum,
773 1330 859 1385 vel
893 1345 1076 1394 ovem,
1118 1330 1206 1387 vel
1241 1347 1488 1402 capram,
1527 1332 1574 1387 is
1614 1333 1682 1387 ad
1710 1333 1938 1402 januam
1972 1339 2061 1386 ta-

2177 1331 2332 1400 )ύραν
2363 1331 2464 1399 τῆς
2507 1328 2715 1398 σκηνῆς
2745 1327 2996 1395 ἀγαγεῖν*
3037 1326 3134 1378 καὶ
3166 1326 3227 1378 τὸ
3266 1320 3408 1396 αἷμα
3441 1326 3636 1396 ἐκχέαι
3666 1326 3777 1380 καὶ

425 1467 444 1496 Ι,
473 1420 756 1476 bernaculi
801 1421 1122 1486 adduceret,
1166 1431 1297 1478 tunc
1346 1423 1575 1493 profuso
1619 1425 1739 1493 ejus
1790 1423 2061 1495 sanguine

2177 1421 2490 1476 ιεταϐαλεῖν
2521 1419 2707 1473 οῐκαδε
2735 1419 2844 1471 τῶν
2873 1417 3083 1488 κρεῶνο
3119 1416 3210 1472 τδν
3262 1417 3318 1470 δὲ
3347 1417 3509 1472 τοῦτο
3555 1419 3633 1489 μὴ
3675 1419 3779 1472 δε-

422 1513 442 1546 ·’
473 1524 662 1565 secum
697 1525 893 1567 carnes
928 1512 1154 1567 domum
1206 1520 1542 1585 asportaret.
1589 1511 1728 1567 Eum
1778 1513 1872 1583 qui
1903 1512 2063 1568 aliter

2177 1514 2422 1588 Βρακότα,
2452 1513 2528 1577 ὡς
2559 1512 2737 1582 φόνων
2764 1509 2951 1580 ἔνοχον
2979 1508 3410 1580 κατηγορεῖσθαι
3447 1509 3774 1564 ἐκέλευσεν·

419 1600 681 1672 ἴδιεειυει,
730 1610 792 1657 ut
844 1601 1132 1659 homicidii
1183 1619 1339 1660 reum
1402 1604 1520 1660 ﬂeri
1565 1604 1754 1676 jussit,
1819 1603 2062 1660 dicens:

426 1719 432 1724 -
483 1707 504 1742 r
543 1688 846 1762 Sanguinis
877 1708 1007 1749 reus
1050 1694 1174 1758 erit,
1227 1694 1386 1764 quasi
1436 1695 1482 1750 si
1539 1696 1865 1765 sanguinem
1909 1694 2066 1750 lude-

475 1780 552 1835 rit
582 1779 656 1846 ",
697 1799 716 1833 ι
747 1791 802 1838 et
834 1783 1068 1855 reliqua.
1102 1783 1260 1851 Quod
1313 1794 1496 1840 autem
1527 1787 1613 1841 lex
1645 1788 1710 1840 ad
1737 1787 1790 1841 id
1837 1794 2067 1856 spectet,

2173 1626 2193 1660 ι
2212 1603 2364 1677 Αἷμα
2385 1605 2518 1678 γὰρ,
2547 1604 2707 1676 φησὶ,
2727 1603 3119 1677 λογισθήσεται
3139 1602 3217 1672 τῷ
3242 1601 3518 1673 ἀνθρώπῳ
3538 1604 3773 1675 ἐκείνῳ·

2165 1701 2305 1771 αἷμα
2339 1700 2555 1768 ἐξέχεε,
2601 1716 2620 1749 ι
2674 1696 2771 1749 καὶ¹
2816 1694 2966 1765 ἑξῆς.
3004 1695 3132 1748 Ὅτι
3177 1693 3237 1747 δὲ
3285 1693 3478 1748 τοῦτον
3512 1693 3629 1765 ἔχει
3671 1695 3778 1748 τὸν

2169 1792 2374 1846 σκοπὸν
2397 1791 2426 1843 6
2457 1789 2644 1861 νόμος,
2677 1787 2744 1840 τὰ
2775 1787 2974 1858 ἐφεξῆς
2998 1787 3266 1842 διδάσκει.
3298 1804 3317 1838 ι
3367 1787 3596 1842 Ἀνοίσει
3627 1786 3775 1857 γὰρ,

478 1889 512 1932 e
545 1878 908 1947 sequentibus
957 1889 1176 1936 constat
1212 1900 1226 1936 :
1269 1898 1288 1933 ι
1320 1879 1457 1935 Nam
1511 1881 1753 1938 adolcbit
1784 1879 2067 1946 sacerdos,

2177 1884 2362 1954 φησιν,
2391 1883 2420 1936 ὁ
2451 1882 2631 1953 ἱερεὺς
2659 1882 2719 1934 τὸ
2759 1879 2929 1950 στέαρ
2961 1880 3041 1944 είς
3071 1880 3247 1949 ὀσμὴν
3273 1878 3502 1941 εὐωδίας
3532 1878 3609 1949 τῷ
3643 1880 3737 1932 Κυ
3761 1911 3775 1920 -

481 1968 684 2039 inquit,
717 1971 952 2041 ladipem
990 1974 1045 2028 in
1097 1973 1320 2029 odorem
1374 1976 1667 2031 suavitatis
1711 1974 1965 2040 Domino,
2017 1981 2073 2030 et

482 2077 945 2133 nequaquaquam
1021 2065 1168 2121 ultra
1235 2066 1599 2122 immolabuut
1665 2067 1876 2123 hostias
1941 2081 2074 2122 suas

482 2154 828 2211 dmmonibus
882 2171 1006 2212 cum
1059 2158 1265 2228 quibus
1316 2159 1576 2214 fornicati
1627 2169 1756 2215 sunt
1803 2160 1872 2214 ⁷³.
1910 2178 1928 2212 ι
1967 2159 2075 2214 Ista

481 2256 567 2304 est
600 2247 682 2302 lex
715 2263 840 2318 qua:
873 2249 1016 2318 apud
1047 2247 1267 2305 Judteos
1309 2250 1485 2321 viget;
1521 2266 1648 2306 nam
1682 2249 1938 2309 sacerdos
1973 2249 2078 2303 im-

483 2339 656 2395 molat
698 2340 882 2396 edulia
936 2341 1215 2407 animalia,
1249 2343 1530 2413 prohibuit
1567 2357 1695 2398 vero
1735 2358 1805 2397 ne
1852 2341 2078 2413 sanguis

483 2449 613 2491 esca
649 2435 802 2491 lieret
849 2434 941 2491 his
979 2435 1048 2490 de
1082 2434 1270 2492 causis
1308 2454 1322 2491 :
1359 2453 1379 2488 ι
1413 2437 1613 2490 Anima
1639 2435 1826 2492 carnis
1857 2435 1911 2490 in
1945 2449 2079 2490 san-

485 2531 651 2602 guine
693 2539 801 2598 est,
830 2539 886 2586 et
921 2546 1024 2604 ego
1057 2530 1182 2587 dedi
1213 2531 1372 2586 illum
1399 2532 1557 2589 vobis
1593 2540 1654 2587 ut
1687 2545 1854 2602 super
1903 2530 2080 2586 altare

487 2623 545 2676 in
574 2637 642 2678 eo
667 2623 902 2693 expietis
933 2639 1032 2694 pro
1069 2624 1366 2680 animabus
1393 2625 1612 2690 vestris,
1642 2633 1698 2680 et
1727 2626 1953 2696 sanguis
1978 2640 2081 2696 pro

489 2712 688 2768 anima:
718 2715 937 2784 piaculo
969 2717 1058 2770 sit.
1087 2715 1304 2770 Idcirco
1332 2715 1445 2770 dixi
1481 2715 1610 2770 ﬁliis
1638 2714 1807 2770 Israel
1841 2735 1855 2771 :
1889 2713 2082 2771 Omnis

491 2804 678 2861 anima
706 2819 774 2859 ex
807 2804 964 2860 vobis
992 2821 1100 2860 non
1129 2806 1380 2861 comedet
1410 2806 1736 2877 sanguinem
1762 2806 1832 2860 ’⁵.
1866 2825 1884 2857 ι
1920 2803 2083 2859 Velut

2179 1977 2302 2048 ρίῳ,
2343 1975 2440 2029 καὶ
2483 1974 2546 2027 ού
2603 1972 2856 2027 θύσουσιν
2909 1971 2988 2025 έτι
3043 1970 3142 2035 τὰς
3174 1970 3368 2035 θυσίας
3417 1970 3600 2024 αὐτῶν
3649 1971 3778 2034 τοῖς

2179 2068 2455 2139 ματαίοις,
2489 2060 2566 2120 ὧν
2599 2067 2755 2121 αὐτοὶ
2795 2066 3256 2136 έκπορνεύσουσιν
3281 2064 3458 2118 ὀπίσω
3485 2065 3702 2119 αὐτῶν·
3749 2082 3772 2117 ι

2175 2151 2336 2223 οὗτος
2372 2161 2401 2213 ό
2430 2158 2596 2228 νόμος
2638 2157 2791 2229 παρὰ
2835 2157 3109 2221 Ἰουδαίοις
3145 2157 3450 2226 ἐπικρατεῖ·
3481 2155 3512 2207 6
3541 2155 3653 2226 γὰρ
3689 2155 3777 2208 is-

2183 2253 2310 2324 ρεὺς
2341 2251 2462 2305 θύει
2503 2251 2574 2306 τὰ
2604 2249 2894 2319 ἐσθιόμενα
2927 2250 3043 2316 ζῶα
3064 2265 3078 2280 ⁸
3113 2249 3461 2321 ἀπηγόρευσε
3495 2247 3551 2301 δὲ
3583 2249 3680 2302 καὶ
3710 2247 3781 2302 τδ

2180 2345 2383 2402 ἐσθίειν
2433 2339 2575 2416 αἷμα
2625 2344 2720 2400 καὶ
2757 2344 2858 2415 τὴν
2909 2343 3089 2398 αἰτίαν
3144 2342 3404 2409 ἐδίδαξεν.
3457 2360 3477 2394 ι
3540 2341 3607 2395 Ἡ
3660 2340 3779 2412 γὰρ

2179 2438 2346 2510 ψυχὴ,
2401 2438 2558 2508 φησὶ,
2605 2438 2788 2508 πάσης
2827 2437 3032 2508 σαρκὸς
3077 2431 3216 2506 αἷμα
3254 2434 3421 2490 αὐτοῦ
3470 2437 3623 2487 ἐστι’
3678 2432 3782 2487 καὶ

2185 2531 2298 2602 ἐγὼ
2331 2531 2467 2586 αὐτὸ
2494 2531 2704 2586 δέδωκα
2759 2531 2890 2600 ύμῖν
2921 2531 3015 2583 ἐπὶ
3041 2529 3137 2584 τοῦ
3166 2528 3557 2598 θυσιαστηρίου
3587 2527 3778 2592 ἐξιλά-

2185 2625 2418 2680 σκεσθαι
2451 2624 2582 2696 περὶ
2624 2624 2734 2676 τῶν
2763 2622 2953 2693 ψυχῶν
2993 2623 3168 2693 ὑμῶν·
3202 2622 3264 2674 τὸ
3303 2620 3412 2692 γὰρ
3442 2613 3582 2691 αἷμα
3607 2617 3780 2672 αὐτοῦ

2185 2719 2310 2773 ἀντὶ
2338 2721 2440 2791 τῆς
2470 2717 2648 2789 ψυχῆς
2688 2716 2852 2771 αὑτοῦ
2888 2715 3193 2780 ἐξιλάσεται
3215 2729 3230 2744 ⁸
3261 2713 3351 2768 διὰ
3388 2713 3548 2767 τοῦτο
3578 2713 3783 2784 εἴρηκα

2186 2815 2302 2875 τοῖς
2331 2813 2468 2876 υἱοῖς
2500 2811 2719 2884 Ἰσραὴλ
2740 2829 2752 2840 ·
2789 2813 2946 2864 Πᾶσα
2977 2809 3124 2880 ψυχὴ
3153 2809 3212 2875 ἐξ
3243 2808 3399 2879 ὑμῶν
3431 2808 3492 2860 ού
3542 2808 3782 2876 φάγεται

492 2895 632 2964 ipse,
666 2894 870 2966 inquit,
915 2895 1158 2951 animam
1196 2896 1562 2951 immortalem
1604 2897 1793 2962 habes,
1839 2896 1920 2952 sic
1958 2896 2073 2950 ani-

2186 2899 2344 2974 αἷμαο
2385 2924 2404 2956 ι
2429 2903 2620 2976 ὥσπερ
2641 2904 2729 2968 σὺ,
2755 2905 2909 2974 φησὶ,
2934 2903 3114 2972 ψυχὴν
3143 2901 3411 2956 ἀθάνατον
3445 2901 3608 2970 ἔχεις,
3637 2899 3788 2953 οὕτω

495 2987 605 3042 mal
634 3003 800 3043 sensu
833 3005 1051 3056 carens,
1083 3005 1182 3060 pro
1215 2989 1400 3045 anima
1426 3005 1625 3060 corpus
1658 2990 1842 3044 habet.
1877 2988 2073 3056 Quam-

2187 2998 2248 3051 τὸ
2273 2998 2468 3066 ἄλογον
2497 2996 2635 3063 ζῶον
2666 2997 2788 3051 ἀντὶ
2817 2997 2917 3066 τῆς
2948 2995 3128 3066 ψυχῆς
3162 2995 3274 3066 ἔχει
3301 2995 3363 3048 τὸ
3394 2994 3574 3063 σῶμα·
3612 2986 3674 3046 οῦ
3715 2993 3785 3062 δὴ

496 3080 689 3135 obrem
753 3096 855 3151 pro
928 3083 1118 3137 anima
1169 3090 1256 3136 tua
1326 3083 1467 3138 hanc
1521 3082 1665 3138 Deus
1724 3082 1853 3152 poni
1903 3082 2073 3151 jubet.

2188 3089 2351 3162 χάριν
2392 3088 2606 3142 κελεύει
2644 3088 2768 3144 ἀντὶ
2795 3089 2895 3157 τῆς
2935 3087 3039 3158 σῆς
3076 3087 3284 3156 ταύτην
3317 3085 3781 3156 προσενεχθῆναι·

498 3171 831 3244 Sanguinem
871 3175 1036 3244 igitur
1070 3175 1117 3230 si
1152 3176 1429 3240 comedes,
1463 3176 1646 3230 anima
1677 3177 1935 3242 vesceris;
1960 3190 2073 3229 nam

2191 3183 2287 3237 ἐὰν
2314 3182 2373 3236 δὲ
2400 3180 2561 3236 τοῦτο
2587 3181 2792 3252 φάγῃς,
2821 3180 3000 3251 ψυχὴν
3031 3180 3252 3243 ἐσθίειςο
3283 3180 3512 3250 λογικῆς
3542 3177 3652 3248 γάρ
3680 3177 3786 3248 ψυο

497 3267 791 3324 rationalis
814 3267 997 3325 anima
1029 3268 1180 3323 vices
1205 3268 1411 3339 implet.
1436 3268 1611 3336 Quam
1646 3269 1899 3325 edentem
1923 3278 2073 3324 vocat

2198 3275 2302 3348 χῆς
2331 3274 2488 3340 τάξιν
2521 3273 2682 3327 τοῦτο
2731 3272 2949 3344 πληροῖ·
2985 3272 3066 3325 διὸ
3107 3271 3205 3326 καλ⁸
3244 3271 3405 3340 φόνον
3442 3269 3543 3340 τὴν
3584 3269 3788 3341 βρῶσιν

502 3360 861 3418 homicidam.
892 3363 1264 3428 Quamobrem
1292 3362 1586 3419 morticina
1615 3363 1872 3418 animalia
1904 3377 2073 3418 come-

2198 3367 2474 3438 ὠνόμασε·
2514 3365 2707 3419 τούτου
2735 3364 2902 3418 ἕνεκα
2943 3365 3038 3418 καὶ
3065 3363 3132 3417 τὰ
3161 3363 3464 3435 τεθνηκότα
3490 3361 3599 3416 τῶν
3635 3360 3788 3426 ζώων

499 3453 628 3509 dere
677 3465 845 3523 vetat,
866 3456 1130 3528 quoniam
1158 3471 1190 3511 a
1229 3459 1500 3530 sanguine
1530 3466 1843 3527 separatum
1871 3470 1981 3511 non
2012 3469 2071 3512 es

2202 3458 2404 3512 ἐσθίειν
2433 3455 2792 3526 ἀπαγορεύει,
2825 3455 2900 3520 ὡς
2926 3454 3020 3510 τοῦ
3055 3455 3288 3526 αἵματος
3323 3453 3399 3525 μὴ
3429 3451 3786 3524 χωρισθέντος

503 3560 729 3618 corpus.

2201 3547 2295 3602 τοῦ
2328 3547 2494 3614 ζὼου.
3095 3582 3103 3590 .

954 3634 1288 3706 QUASSTIO
1315 3635 1640 3693 cccxxm.

2717 3638 3054 3693 ΕΡΩΤΗΣΙΣ
3091 3634 3254 3693 ΣοΓ’.

511 3727 701 3786 Sancti
725 3727 955 3783 Joannis
997 3729 1224 3784 Climaci
1256 3731 1400 3783 locus
1443 3745 1507 3782 ea:
1547 3730 1717 3795 capite
1745 3727 1808 3782 de
1835 3729 2008 3798 quiete
2043 3746 2070 3782 e

2206 3727 2326 3797 Τῆς
2359 3727 2662 3795 Κλίμακος
2689 3727 2758 3782 ἐκ
2803 3728 2913 3783 τοῦ
2954 3727 3089 3796 περὶ
3120 3726 3387 3796 ἡσυχίας
3425 3725 3526 3798 καὶ
3568 3727 3792 3798 ὑπομοσ-

581 3800 860 3866 patientia,
885 3819 901 3850 ι
929 3797 1165 3852 Medium
1191 3800 1497 3868 prwleriens
1520 3799 1573 3851 in
1603 3801 1788 3852 mediis
1812 3797 2040 3867 perveni,

2276 3799 2389 3867 γῆς
2414 3817 2428 3831 ο
2470 3818 2489 3849 ι
2527 3801 2972 3868 Μετερχόμενος
3013 3799 3081 3868 τό
3096 3799 3376 3868 μέσονὲν
3391 3797 3606 3867 μέσοις
3634 3797 3794 3864 τέτο-

581 3880 629 3922 et
650 3885 672 3922 :
694 3887 712 3919 ι
744 3869 938 3922 Pomm
960 3870 1160 3923 sitienti
1194 3867 1386 3937 dabat,
1417 3888 1435 3919 ι
1464 3885 1626 3938 usque
1645 3871 1713 3923 ad
1731 3869 1908 3926 verba:
1940 3889 1958 3922 ι
1994 3869 2063 3923 Di

2279 3886 2375 3934 να,
2403 3887 2422 3920 i
2453 3870 2573 3934 καὶ,
2607 3888 2626 3920 r
2657 3867 2884 3930 ἐπότιζε
2916 3867 3189 3936 διψῶντα
3213 3888 3230 3921 ι
3256 3869 3369 3934 ἕως
3394 3869 3522 3934 τοῦ,
3553 3887 3571 3918 ι
3597 3871 3795 3937 λέγειν

585 3954 929 4008 cereprorsus
957 3956 1174 4009 nequeo.
1215 3959 1234 3990 1

2281 3943 2370 4007 εἰς
2391 3939 2556 3995 ἅπαν
2583 3941 2696 3994 οὐκ
2726 3941 2845 4010 ἔχω
2877 3941 3009 4010 (75).
3047 3959 3066 3990 ι

514 4049 655 4100 Nunc
675 4052 887 4114 primum
912 4049 1048 4102 edita
1072 4065 1097 4100 a
1120 4051 1182 4102 D.
1214 4050 1626 4115 Hergenroether
1654 4065 1683 4102 e
1704 4053 1814 4103 cod.
1836 4052 2087 4114 Vaticano,
2107 4051 2142 4101 ἰ.
2167 4050 2277 4100 186.
2299 4077 2361 4086 -
2394 4049 2674 4113 Explicatio
2694 4050 3017 4114 quorumdam
3040 4049 3306 4102 verborum
3347 4050 3552 4099 Joannis
3581 4048 3798 4098 Climaci'

589 4169 641 4222 l.
676 4167 835 4223 Sa-n‘s
860 4167 1002 4223 sacri
1031 4177 1196 4238 atquc
1219 4169 1490 4224 laboriosi
1516 4170 1727 4241 petitio,
1761 4170 1911 4225 senis
1945 4185 2073 4223 vene

2281 4175 2350 4223 α’.
2385 4167 2647 4240 Γέροντος
2673 4167 2820 4236 ἱεροῦ
2844 4168 2939 4221 καὶ
2967 4167 3258 4235 φιλοπόνου
3287 4168 3526 4236 αἴτησις,
3551 4166 3803 4236 γέροντος

521 4260 707 4316 rabilis
736 4270 789 4314 et
813 4261 1224 4334 contemplativi
1279 4263 1638 4334 quaastionem
1668 4263 1927 4334 proponit
1957 4262 2073 4332 ejus

2212 4257 2503 4312 θεσπεσίου
2531 4260 2626 4312 καὶ
2655 4256 2994 4329 θεωρητικοῦ
3032 4257 3268 4331 θεωρίαν
3313 4256 3680 4328 προϐάλλεται
3707 4257 3806 4328 τὴν

519 4355 641 4409 dem
669 4356 950 4424 postulans
1003 4355 1448 4425 explicationem,
1498 4371 1622 4410 cum
1665 4365 1848 4410 tamen
1907 4355 1995 4420 iis,
2020 4371 2072 4425 qt

2212 4351 2418 4422 ταύτης
2470 4349 2809 4421 ἐπιζητοῦσα
2862 4351 3194 4421 σαφήνειαν·
3235 4350 3413 4403 καίτοι
3455 4365 3520 4418 γε
3580 4351 3693 4411 τοῖς
3743 4348 3809 4401 τὰ

522 4456 652 4500 sunt
703 4446 757 4500 in
802 4447 910 4500 vita
966 4446 1146 4501 activa
1178 4447 1480 4516 sapientes,
1513 4462 1625 4500 non
1670 4447 1810 4500 solet
1851 4454 1910 4500 ut
1939 4445 2073 4515 pluri

2219 4442 2504 4515 πρακτικὰ
2536 4445 2722 4511 σοφοῖς
2751 4443 2812 4495 ού
2847 4442 3006 4512 λόγος
3037 4440 3112 4507 ὡς
3139 4443 3343 4495 ἐπίπαν
3378 4441 3524 4511 φιλεῖ
3548 4441 3810 4495 καθίστα-

524 4552 674 4591 mum
707 4537 968 4607 magister
989 4552 1114 4593 esse
1143 4553 1348 4601 sermo,
1377 4537 1473 4593 sed
1511 4538 1655 4593 actio
1685 4545 1852 4606 atque
1883 4536 2073 4592 imitati

2227 4535 2351 4588 σθαι
2373 4535 2698 4597 διδάσκαλος
2723 4552 2736 4564 ·
2767 4537 2801 4605 ἡ
2845 4535 2903 4588 δὲ
2935 4535 3135 4606 πρᾶξις
3187 4535 3281 4587 καλ⁵
3313 4533 3547 4604 μίμησις
3587 4532 3813 4586 αὐτόθεν

525 4646 621 4700 per
668 4645 729 4686 se
768 4631 1074 4686 doctrinam
1122 4633 1346 4687 revelat.
1391 4631 1577 4687 Nostri
1619 4632 1788 4703 igitur
1833 4633 1982 4687 senis
2011 4647 2070 4687 es

2177 4641 2198 4697 )
2229 4625 2688 4680 ἀνακαλύπτειτὸ
2713 4626 2970 4696 μάθημα.
3018 4625 3126 4678 Τοῦ
3153 4624 3425 4697 ἡμετέρου
3471 4623 3653 4677 τοίνυν
3700 4621 3815 4674 ἐστὶ

530 4723 730 4778 vetusti
781 4722 933 4779 senis
963 4739 1028 4778 ex
1068 4724 1346 4779 actionum
1396 4724 1647 4779 instituto
1698 4723 1986 4794 aenigmata
2015 4738 2073 4778 ex

2219 4718 2501 4790 γέροντος,
2531 4719 2626 4772 τοῦ
2660 4718 2897 4772 παλαιοῦ
2928 4719 3185 4790 γέροντος
3208 4720 3278 4772 τὰ
3307 4717 3416 4772 ἀπὸ
3431 4718 3533 4787 τῆς
3564 4716 3815 4788 πράξεως

527 4820 731 4893 plicare
757 4838 771 4888 ;
808 4818 953 4876 facto
983 4821 1130 4876 enim
1158 4836 1284 4876 cum
1318 4821 1524 4875 habeas
1553 4835 1643 4875 res
1674 4822 1845 4889 ipsas,
1873 4834 2073 4888 quasqt

2219 4808 2461 4864 διαλύειν
2511 4810 2848 4881 αἰνίγματα’
2895 4811 3041 4882 ἔργῳ
3067 4811 3177 4881 γὰρ
3218 4809 3357 4880 ἔχων
3403 4810 3468 4862 τὰ
3513 4811 3819 4879 πράγματα

530 4910 720 4981 nequit
757 4925 940 4965 sermo
970 4910 1306 4979 qumstiones
1349 4909 1578 4971 diluere,
1623 4907 1767 4962 actio
1796 4906 1862 4960 ad
1899 4905 2073 4960 illarui

2223 4903 2319 4955 καὶ
2343 4903 2445 4955 ὅσα
2477 4903 2636 4972 λόγος
2660 4903 2914 4957 ἀδυνατεῖ
2940 4904 3048 4955 τῶν
3078 4901 3458 4972 ἀπορημάτων
3495 4899 3755 4962 διαλύειν,
3786 4899 3818 4966 ἠ

530 5003 902 5072 cognitionem
937 5003 1090 5072 praeit
1116 5018 1180 5057 ac
1235 5002 1408 5057 ducit.
1441 5001 1712 5066 Quoniam
1745 5008 1925 5054 tamen
1961 5007 2073 5053 caete

2226 4993 2428 5066 πρᾶξις
2451 4994 2749 5064 καθοδηγεῖ
2779 4992 3208 5047 συνεπίστασθαι
3229 5011 3242 5027 ο
3270 4993 3411 5061 πλὴν
3437 4992 3559 5044 ἐπεὶ
3581 4989 3820 5060 προσλα-

532 5101 608 5149 ris
651 5096 768 5151 vult
808 5095 1106 5150 virtutibus
1139 5095 1306 5149 etiam
1340 5094 1430 5149 hic
1457 5091 1784 5148 humilitatis
1831 5090 2073 5160 perfectit

2235 5088 2351 5140 ϐεῖν
2378 5090 2501 5151 ταῖς
2531 5087 2722 5150 ἄλλαις
2764 5089 2988 5159 ἀρεταῖς
3029 5086 3308 5140 κάνταῦθα
3343 5086 3404 5138 τὸ
3435 5086 3533 5155 τῆς
3565 5101 3823 5139 ταπεινο-

533 5197 656 5238 nem
683 5183 985 5254 adjungere
1009 5194 1064 5238 ct
1093 5183 1164 5238 ab
1198 5183 1292 5251 iis,
1329 5182 1382 5236 in
1421 5182 1626 5252 quibus
1669 5195 1778 5234 non
1809 5187 1990 5235 exstat
2017 5179 2068 5233 vi

2237 5178 2516 5250 φροσύνης
2567 5179 2772 5233 τέλειον
2811 5180 2906 5233 καὶ
2937 5181 3069 5249 παρ’
3114 5173 3198 5240 οἷς
3229 5179 3331 5230 οὐκ
3381 5178 3499 5230 ἐστι
3547 5175 3769 5247 πρᾶξις,
3797 5178 3824 5228 6

532 5283 712 5332 tutum
772 5277 995 5347 praxis,
1066 5276 1343 5347 practicus
1417 5275 1521 5330 iste
1597 5274 1681 5327 vir
1763 5273 2066 5342 practicaru

2238 5273 2546 5346 πρακτικὸς
2561 5274 2670 5326 τῶν
2684 5272 3006 5343 πρακτικῶν
3037 5271 3416 5342 θεωρημάτων
3443 5268 3510 5324 τὰ
3538 5269 3828 5338 ἀπόρρητα

532 5367 910 5424 doctrinarum
938 5383 1139 5423 arcana
1159 5368 1337 5438 poscit
1357 5367 1460 5422 sibi
1485 5365 1748 5436 explicari
1771 5379 1835 5420 ac
1861 5365 2073 5434 pateliet

2239 5364 2396 5436 ζητεῖ
2425 5363 2684 5433 γενέσθαι
2711 5363 2873 5436 ῥητὰ,
2906 5365 3007 5434 οὐχ
3034 5365 3190 5434 ἡμῖν,
3228 5360 3368 5415 ἀλλὰ
3390 5364 3458 5432 τῇ
3489 5360 3703 5413 ἐκείνου
3732 5368 3828 5420 καὶ

606 5485 654 5519 ⁷⁸
678 5484 853 5542 Lavit.
879 5499 1014 5552 xvn,
1051 5491 1107 5541 4.
1183 5485 1228 5516 ⁷⁵
1255 5481 1389 5538 ibid.
1422 5483 1474 5538 6.
1553 5482 1600 5513 ⁷⁸
1638 5479 1771 5535 ibid.
1806 5479 1895 5534 II.

2063 5569 2297 5628 NOTAE.

613 5673 734 5742 (72)
780 5671 860 5726 Ex
896 5669 1249 5726 Theodorcto
1285 5685 1341 5740 q.
1377 5668 1448 5723 95
1491 5667 1546 5723 in
1577 5666 1754 5721 chit.
1792 5661 1856 5716 T.
1897 5661 2118 5732 LXXX,
2241 5676 2611 5742 mincupatus,
2650 5666 2878 5742 saeculo
2922 5673 3075 5742 59x19
3101 5660 3458 5742 conscripsit
3503 5658 3599 5742 (cf.
3652 5659 3831 5742 {loco

545 5760 601 5814 Ρ·
622 5730 843 5814 ἶδδίοη
1244 5811 1257 5814 _
1303 5730 1318 5740 ’
1469 5808 1505 5814 __
1544 5808 1556 5814 _
1720 5806 1748 5814 ν,
1820 5805 1832 5814 _
2079 5730 2108 5814 _'
2238 5730 3007 5814 chslerPatrologatomfnll,
3036 5735 3213 5806 ξιιμ),
3240 5750 3294 5804 p.
3324 5731 3428 5787 890
3453 5732 3621 5814 δρψ).
3656 5730 3830 5798 l-lujus

753 5811 978 5894 -Climax
1013 5827 1109 5868 εοιι
1145 5808 1560 5894 αρσια-νομιιίῑεί
1596 5813 1683 5894 ρξῑ
1705 5803 2126 5894 Διίιιιξιιεηοροιῑςξ
2243 5814 2368 5893 “pri
2402 5813 2582 5867 locum
2612 5803 2843 5894 [:hbliu-s
2881 5803 3120 5894 ill‘lu'slju-L
3167 5815 3221 5859 ει
3244 5803 3506 5894 ίσίχρβοιιίι.
3537 5804 3829 5894 ᾖᾼιιῖυηὲιέιῗ-

544 5873 789 5950 asceti'ci,
827 5898 990 5952 quem
1027 5890 1255 5952 rogante
1299 5873 1511 5952 Joanne
1535 5879 1776 5952 _ahba_te_
1799 5873 2128 5952 lta_i_t_huensi
2236 5884 2437 5947 suone,
2479 5895 2602 5951 quae
2635 5880 2691 5937 in
2729 5880 2850 5940 cod.
2883 5877 3225 5934 Coisliniano
3243 5885 3297 5933 et
3340 5873 3675 5928 Taurincnsi
3711 5885 3832 5929 om-

547 5947 788 6009 .loannes
837 5947 1008 6009 abbas
1058 5947 1121 6007 ἰιῖ
1161 5961 1347 6006 monte
1395 5949 1570 6015 Sinai,
1617 5948 1813 6004 exinde
1848 5947 2127 6002 Climacus
2237 5958 2368 6014 nino
2398 5947 2573 6012 dco'sz,
