4136 6514
458 464 592 532 1101

1162 471 1265 530 AD
1294 472 1894 532 AMPHILOCHIUM
1930 473 2279 545 QUJ’ESTIO
2312 474 3015 538 CCLXXII-CCLXXI”;

3611 471 3755 538 1102

455 579 626 651 ἀρετῇ
659 579 754 632 καὶ
779 579 996 650 αἰτήσει
1032 578 1362 653 θαρροῦντες
1394 582 1488 636 ἐπὶ
1524 583 1626 654 τὴν
1659 583 1769 637 τῶν
1796 585 2039 656 ἀπορου-

2153 600 2252 639 non
2303 585 2484 652 nobis,
2519 587 2615 644 sed
2643 587 2790 644 illius
2817 597 2873 642 et
2903 590 3107 642 virtute
3135 595 3192 642 et
3220 585 3594 656 postulatione
3621 586 3746 645 freti

459 671 643 739 μένων
669 670 824 724 λύσιν
858 671 1210 742 βαδιούμεθα.

533 760 601 831 β’.
635 762 797 833 Τρεῖς
830 765 858 816 6
887 763 1112 828 παλαιὸς
1149 764 1247 820 καὶ
1275 765 1441 830 καλὸς
1466 768 1674 832 ἐκεῖνος
1699 784 1879 840 γερων
1905 786 2014 840 προ

461 854 638 918 κοπάς
666 855 779 907 εἴτε
824 855 1009 920 τάξεις
1040 857 1150 910 εἴτε
1193 856 1460 928 βαθμοὺς,
1487 861 1597 914 εἴτε
1644 878 1699 915 τι
1732 862 1861 918 άλλο
1893 862 2046 933 φίλον

459 948 574 1009 τοῖς
597 945 948 1018 βουλομένοις
975 948 1186 1017 καλεῖν,
1211 951 1268 1004 ἐν
1296 953 1409 1016 τοῖς
1444 952 1712 1025 παροῦσιν
1739 955 2045 1010 ἐκδιδάσκει

463 1037 742 1109 ῥήμασιν’
797 1038 1138 1110 ἀμεριμνίαν
1178 1041 1290 1095 τῶν
1341 1045 1400 1096 ἐν
1443 1042 1545 1114 βίῳ
1593 1045 1689 1097 καὶ
1736 1041 1819 1110 οἷς
1850 1047 1879 1100 6
1931 1045 2047 1117 βίος

464 1127 903 1195 συγκαταλύεται
939 1133 1307 1203 πραγμάτων,
1361 1135 1674 1205 προσευχὴν
1705 1135 1919 1204 ἄοκνον,
1953 1139 2049 1191 καὶ

461 1218 647 1289 τρίτον
693 1221 962 1291 ἐργασίαν
1011 1223 1208 1278 ἄσυλον
1265 1225 1528 1294 καρδίας·
1561 1225 1702 1280 ὥστε
1757 1227 1916 1297 δῆλον
1967 1231 2048 1283 ὅτι

466 1311 635 1380 μέσον
658 1313 924 1386 ἐκατέρου
955 1315 1062 1368 τῶν
1114 1316 1300 1389 άκρων
1335 1321 1369 1387 ἡ
1419 1318 1696 1392 προσευχὴ
1742 1322 1942 1375 κεῖται.
1991 1321 2051 1375 '0

463 1401 646 1455 τοίνυν
673 1403 772 1476 τὴν
801 1405 1140 1479 ἀμεριμνίαν
1170 1409 1247 1481 μὴ
1294 1411 1639 1481 κτησάμενος
1667 1411 1791 1466 οὐδὲ
1824 1411 1894 1466 τά
1925 1415 2053 1484 ἐφε-

466 1495 564 1567 ξῆς
591 1496 686 1551 δύο
721 1497 948 1564 δυνατός
991 1502 1109 1556 ἐστι
1142 1503 1442 1574 μετελθεῖν.
1491 1503 1650 1558 Ἀλλά
1687 1505 1741 1558 τί
1773 1505 1836 1558 τὸ
1867 1505 2052 1559 ἐντεῦ-

467 1589 589 1656 θεν;
621 1590 697 1644 T6
727 1591 892 1662 μέσον
932 1595 1115 1650 τοίνυν
1145 1597 1266 1666 ἢτοι
1295 1595 1394 1668 τὴν
1445 1599 1757 1672 προσευχὴν
1794 1599 2053 1669 μετερχό-

469 1697 634 1751 μενος
661 1683 720 1736 ἐν
755 1683 944 1754 μέσοις
968 1687 1162 1756 γέγονε
1192 1690 1306 1752 τοῖς
1330 1689 1538 1754 καλοῖς,
1571 1690 1672 1745 κᾶν
1707 1691 1877 1762 μήπω
1913 1691 2053 1760 πρὸς

464 1771 527 1825 τὸ
556 1772 724 1844 ἀκρον
761 1775 1081 1850 ἀναϐεϐήκῃ
1112 1777 1222 1834 τῶν
1248 1779 1488 1849 ἀγαθῶν.

536 1959 606 2021 γ’.
648 1954 910 2018 Ἐπότιζε
959 1957 1014 2011 δ’
1066 1956 1226 2028 ὅμως
1275 1956 1545 2028 διψῶντα
1609 1961 1704 2014 καὶ
1765 1960 2051 2033 πόρῤωθεν

462 2045 603 2101 οὖσα
655 2049 689 2120 ἡ
736 2049 833 2103 τοῦ
887 2051 1225 2122 σελασφόρου
1281 2051 1558 2124 θεάματος
1619 2054 1905 2125 πλήρωσις
1957 2057 2053 2108 καὶ

463 2141 644 2214 τρυφὴ
677 2145 771 2197 καὶ
799 2143 929 2198 θέα·
964 2139 1086 2199 εἶτα
1117 2147 1180 2199 ού
1214 2145 1377 2218 μέχρι
1413 2147 1616 2211 παντὸς
1642 2147 1738 2200 τοῦ
1777 2148 2053 2219 θεάματος

463 2234 742 2306 ἐτρύφων,
765 2236 903 2290 ἀλλά
931 2237 1072 2308 μετὰ
1114 2236 1288 2292 ταῦτα
1317 2237 1480 2292 πάλιν
1509 2239 1566 2293 ἐν
1593 2238 1846 2307 ἐκείνοις,
1887 2243 1946 2295 ἐν
1969 2236 2053 2305 οἷς

463 2329 559 2380 καὶ
589 2326 805 2400 πρώην.
843 2329 910 2382 Τί
958 2329 1058 2400 μὲν
1085 2329 1176 2385 οὖν
1203 2327 1272 2404 ἦν
1311 2331 1417 2405 πρὸ
1457 2333 1556 2402 τῆς
1595 2334 1800 2404 ὁρατῆς
1835 2334 2052 2404 μορφῆς

462 2423 523 2475 ἐν
553 2423 666 2486 τοῖς
706 2421 1032 2494 ὁρωμένοις,
1062 2423 1172 2478 οὐδ’
1203 2425 1342 2478 αὐτὰ
1381 2426 1449 2480 τά
1485 2425 1741 2496 ὁρώμενα
1778 2426 2053 2481 διδάσκειν

465 2514 752 2584 ἠδύναντο,
770 2515 961 2588 ὥσπερ
989 2516 1180 2571 εἴωθεν
1198 2519 1233 2589 ἡ
1263 2518 1384 2588 ὄψις
1407 2519 1477 2573 τὰ
1507 2520 1678 2574 πολλὰ
1706 2521 1814 2575 τῶν
1839 2521 2053 2593 ὁρωμέ-

464 2625 574 2662 νων
601 2608 924 2673 διδάσκαλος
973 2611 1258 2679 γίνεσθαι·
1311 2612 1433 2666 οὐδὲ
1488 2612 1598 2684 γὰρ
1630 2609 1699 2684 ἦν
1748 2615 1859 2668 τῶν
1909 2616 2053 2668 κατὰ

461 2699 626 2770 φύσιν
651 2700 747 2757 καὶ
775 2702 1023 2775 συνήθων
1075 2703 1387 2775 θεαμάτων,
1423 2707 1561 2760 ἀλλά
1605 2707 1769 2778 χάρις
1802 2704 1871 2779 ῆν
1903 2710 1935 2778 ή
1971 2709 2051 2762 δι-

459 2793 631 2850 δοῦσα
661 2795 742 2851 τά
777 2797 878 2868 μὲν
907 2797 1063 2869 ὀρᾷν,
1095 2799 1165 2852 τὰ
1193 2799 1250 2854 δὲ
1295 2799 1532 2870 κρείττω
1563 2799 1797 2855 ποιοῦσα
1825 2800 1936 2856 τῶν
1959 2802 2050 2856 διὰ

459 2886 562 2956 τῆς
587 2886 765 2958 ὅψεως
787 2888 1144 2962 καταλήψεων
1164 2907 1178 2920 ·
1205 2891 1433 2964 καὶγὰρ
1459 2891 1582 2946 ούδέ
1633 2894 1662 2946 6
1687 2891 1894 2964 ταύτης
1919 2895 2052 2966 ἡμῖν

458 2981 561 3050 τῆς
614 2981 932 3053 ἀπορρήτου
987 2983 1202 3052 τρυφῆς
1261 2983 1354 3036 καὶ
1421 2982 1656 3054 θεωρίας
1710 2985 2052 3056 ἀρχιτέκτων

461 3073 645 3142 ἐφεῖτο
672 3073 766 3126 καὶ
789 3072 1087 3145 συνεχώρει
1115 3075 1394 3146 ἀκραιφνῆ
1420 3075 1724 3147 λαμϐάνειν
1747 3080 1848 3150 τὴν
1876 3080 2054 3151 μάθη-

465 3182 572 3219 σιν.
611 3165 754 3219 Ἀλλ’
808 3166 985 3236 ἔγωγε
1026 3168 1178 3238 πόθῳ
1208 3168 1306 3222 καὶ
1349 3168 1514 3240 ἔρωτι
1566 3171 1763 3240 μαθεῖν
1821 3173 2052 3244 ἠρώτων

462 3256 636 3325 ὅμως,
686 3255 805 3319 πῶς
837 3255 902 3326 δὴ
944 3255 1040 3310 νῦν
1073 3259 1102 3310 6
1149 3258 1248 3328 τῆς
1300 3257 1574 3328 σωτηρίας
1610 3260 1768 3330 ἡμῶν
1819 3261 2051 3314 καὶτῶν

463 3348 648 3402 καλῶν
668 3348 956 3418 θεαμάτων
987 3349 1287 3420 αὐτουργὸς
1313 3350 1548 3421 ὑπάρχει
1570 3368 1584 3383 ο
1620 3353 1715 3406 καὶ
1745 3354 1777 3423 ἡ
1821 3352 2056 3424 ἀπόκρι-

470 3459 560 3505 σις
594 3441 782 3509 ἐλεγεν
819 3443 880 3495 ἐν
929 3444 1043 3505 τοῖς
1075 3442 1226 3506 ἰδίοις
1265 3443 1390 3512 μὲν,
1420 3443 1535 3496 ἀλλ’
1567 3445 1668 3496 οὐκ
1708 3445 1766 3496 ἐν
1805 3438 1887 3508 οἷς
1909 3443 2055 3515 ᾠκο-

464 3536 620 3604 νόμει
652 3535 749 3604 τὴν
772 3534 966 3605 ὅρασιν
990 3533 1151 3588 εἶναι·
1174 3535 1245 3589 τά
1285 3536 1384 3604 μὲν
1407 3535 1519 3604 γάρ
1541 3530 1609 3606 ἦν
1637 3534 2056 3606 φιλανθρωπίας

467 3625 564 3680 καὶ
598 3624 1086 3693 συγκαταϐἀσεως,
1133 3624 1203 3678 τὰ
1257 3625 1316 3678 δὲ
1346 3625 1424 3696 τῷ
1455 3625 1534 3698 μὴ
1575 3626 1677 3696 τῆς
1715 3627 1926 3690 οἰκείας
1967 3628 2056 3694 ἐξ·

469 3717 723 3773 ίστασθαι
762 3716 981 3786 φύσεως
1019 3718 1080 3771 τὺ
1100 3717 1272 3772 ἀΐδιον
1305 3717 1694 3789 ὑπογράφοντα
1721 3719 1814 3772 καὶ
1851 3719 2057 3790 ἀμετά-

467 3808 688 3879 ϐλητον.
719 3802 856 3863 Εἶτα
895 3807 1082 3879 ἐπειδή
1140 3825 1211 3878 με
1273 3807 1411 3879 πρὸς
1452 3807 1613 3876 φύσιν
1663 3809 1836 3879 ἀνῆγε
1875 3809 2058 3880 πάσης

467 3900 641 3970 ῠψεως
676 3901 771 3954 καὶ
793 3899 1156 3972 καταλήψεως
1196 3899 1771 3971 ύπεραναὸεϐηκυῖαν,
1817 3901 2056 3956 ἐπυνθα-

466 3993 638 4066 νόμην
669 3991 1206 4066 ἔτιζπροσδιαπορῶν,
1232 3992 1307 4057 ὡς
1332 3993 1396 4046 Εἰ
1417 3992 1574 4046 ταῦθ’
1603 3992 1775 4058 οὕτως
1806 3994 1940 4065 ἔχει,
1973 3995 2057 4059 τίς

468 4085 502 4154 ή
533 4083 684 4151 δεξιὰ
713 4084 904 4149 στάσις
927 4085 1026 4140 καὶ
1074 4083 1314 4155 καθέδρα
1337 4083 1433 4137 καὶ
1462 4083 1532 4137 τά
1558 4087 1667 4138 τῶν
1697 4084 1901 4138 ὑλικῶν
1934 4086 2056 4157 σχέ-

469 4193 611 4230 σεων
635 4177 728 4229 καὶ
777 4175 1070 4232 διαθέσεων
1114 4176 1392 4247 ὀνόματα;
1438 4175 1544 4230 ποῦ
1591 4176 1703 4250 γὰρ
1738 4178 1852 4248 ἔχει
1880 4179 2056 4231 ταῦτα

465 4265 651 4338 χώραν
673 4266 930 4337 λέγεσθαι
961 4268 1020 4321 ἐν
1049 4261 1132 4332 οἷς
1176 4268 1272 4322 καὶ
1303 4268 1412 4321 τῶν
1442 4268 1738 4338 ὁρωμένων
1788 4270 1856 4323 τά
1885 4268 2055 4323 πολλὰ

464 4362 562 4433 οὐχ
590 4362 780 4434 ὅρασίς
823 4363 993 4429 ἐστιν,
1025 4360 1166 4415 ἀλλὰ
1197 4361 1298 4432 τῆς
1337 4362 1639 4431 φαντασίας
1675 4363 2012 4427 διατύπωσις
2037 4380 2052 4394 ·

464 4458 494 4510 6
523 4455 581 4509 δὲ
602 4455 711 4508 τῶν
737 4453 980 4526 ἀποριῶν
998 4456 1274 4526 ἀκροατὴς
1291 4455 1583 4524 ἐπιτιμῶν,
1609 4455 1684 4519 ὡς
1701 4454 1868 4522 ἔοικε,
1896 4455 2054 4525 φιλο-

461 4549 758 4621 πράγμονα
798 4549 1048 4603 ἔνστασιν
1083 4549 1179 4603 καὶ
1217 4549 1319 4602 ούκ
1356 4547 1462 4601 ἐῶν
1488 4547 1786 4602 ἀπολαύειν
1817 4546 1911 4601 τοῦ
1951 4547 2052 4618 ζη-

2150 679 2216 731 ad
2245 678 2540 734 dubiorum
2573 680 2905 734 solutionem
2961 679 3330 750 procedimus.

2231 769 2286 828 2.
2323 770 2458 827 Tres
2504 770 2768 841 antiquus
2819 771 2908 825 ille
2945 771 3234 842 bonusque
3273 786 3438 827 senex
3494 785 3751 842 progres-

2151 871 2336 927 siones
2379 865 2449 922 ad
2493 865 2750 919 virtutem
2795 864 2910 919 sive
2955 865 3178 919 ordines
3225 864 3344 920 sive
3394 863 3600 934 gradus
3632 865 3750 918 sive

2151 961 2282 1032 quid
2314 957 2463 1014 aliud
2499 957 2774 1028 appellare
2821 956 3013 1022 libeat,
3047 957 3103 1011 in
3154 958 3240 1012 his
3273 957 3695 1013 verbis‘indicat
3730 977 3743 1011 :

2153 1052 2366 1121 plenam
2397 1061 2582 1103 rerum
2631 1046 2797 1116 hujus
2829 1045 2973 1111 vitae,
3019 1061 3143 1100 cum
3173 1047 3374 1116 quibus
3400 1055 3453 1101 ct
3483 1047 3610 1116 ipsa
3635 1048 3745 1100 vita

2154 1142 2316 1198 simul
2341 1140 2551 1204 interit,
2603 1139 2896 1206 incuriam,
2934 1138 3180 1194 sedulam
3213 1150 3376 1210 atque
3407 1140 3742 1196 indefessam

2153 1234 2479 1298 oralionem,
2511 1240 2566 1286 et
2591 1233 2751 1287 tertio
2782 1231 3098 1286 inviolatam
3124 1234 3304 1288 cordis
3332 1234 3702 1302 operationem
3728 1251 3744 1294 ;

2155 1324 2299 1380 unde
2340 1332 2560 1379 constat
2614 1323 2851 1378 mediam
2888 1323 3030 1378 inter
3069 1331 3300 1394 utraque
3339 1334 3586 1378 extrema
3617 1340 3746 1378 ora-

2155 1417 2358 1469 tionem
2402 1429 2542 1470 esse.
2577 1413 2680 1480 Qui
2729 1413 2896 1482 igitur
2930 1413 3240 1484 neglectum
3294 1430 3477 1469 rerum
3513 1415 3748 1468 munda-

2155 1522 2354 1561 narum
2403 1521 2514 1562 non
2552 1506 2879 1577 possederit,
2930 1522 3030 1562 nec
3081 1507 3294 1576 reliqua
3345 1507 3455 1561 duo
3490 1508 3747 1576 persequi

2157 1599 2378 1670 poterit.
2409 1597 2614 1654 Verum
2644 1597 2777 1667 quid
2808 1597 2974 1652 inde?
3000 1596 3235 1652 Medium
3274 1597 3460 1667 igitur,
3492 1597 3742 1650 videlicet

2156 1694 2505 1757 orationem,
2571 1707 2834 1747 exercens
2890 1691 2945 1745 in
3002 1691 3197 1745 mediis
3263 1689 3480 1745 exsistit
3541 1689 3751 1754 bonis,

2157 1787 2412 1856 quamvis
2451 1783 2694 1840 nondum
2751 1784 2818 1838 ad
2874 1793 3179 1838 extremum
3247 1781 3520 1838 bonorum
3555 1797 3748 1838 ascen-

2157 1877 2314 1932 derit.

2083 1946 2129 2005 Β
2227 1969 2282 2025 5.
2334 1967 2529 2022 Petunt
2549 1981 2668 2021 vero
2697 1964 2900 2020 sitienti
2934 1964 3096 2019 dabat
3129 1963 3213 2019 vel
3233 1963 3450 2019 eminus
3477 1961 3748 2018 exsistens

2157 2061 2430 2132 Splendidi
2493 2058 2792 2131 spectaculi
2855 2058 3102 2128 impletio
3135 2064 3192 2112 et
3243 2056 3545 2111 oblectatio
3575 2066 3742 2125 atque

2157 2154 2340 2220 visio;
2375 2151 2571 2208 deinde
2617 2166 2727 2206 non
2780 2165 2955 2222 usque
3001 2151 3069 2205 ad
3103 2149 3423 2205 universum
3453 2157 3750 2217 spectacu-

2156 2246 2268 2300 lum
2306 2244 2641 2310 deliciabar;
2676 2243 2770 2299 sed
2805 2251 2992 2313 postea
3024 2256 3221 2296 rursus
3252 2255 3406 2295 eram
3442 2239 3496 2294 in
3534 2239 3667 2304 illis,
3692 2238 3747 2293 in

2155 2338 2358 2409 quibus
2401 2344 2457 2392 et
2504 2345 2686 2391 antea.
2733 2334 2874 2402 Quid
2923 2333 3090 2405 igitur
3137 2343 3284 2389 esset
3316 2340 3444 2386 ante
3470 2329 3744 2386 visibilem

2156 2425 2390 2481 formam
2439 2425 2493 2480 in
2545 2425 2736 2491 rebus,
2787 2439 2922 2494 quas
2954 2423 3225 2488 videmus,
3268 2437 3338 2477 ne
3365 2422 3495 2492 ipsa:
3524 2419 3747 2492 quidem

2156 2536 2267 2586 res,
2300 2534 2438 2590 quas
2475 2517 2746 2583 videmus,
2775 2518 2971 2572 docere
2993 2531 3094 2572 nos
3127 2524 3403 2586 poterant,
3435 2516 3579 2571 sicut
3609 2514 3750 2570 solet

2156 2613 2294 2666 visio
2307 2611 2623 2680 frequenter
2639 2625 2830 2664 eorum
2851 2625 2970 2678 quae
2984 2609 3233 2664 videntur
3247 2608 3574 2678 interpretes
3591 2621 3711 2662 esse
3729 2622 3745 2672 ;

2158 2720 2334 2774 neque
2365 2703 2509 2757 enim
2559 2711 2676 2756 erat
2727 2717 2794 2757 ex
2826 2702 2890 2757 iis
2916 2701 3270 2772 spectaculis,
3303 2716 3427 2771 quae
3472 2701 3748 2755 naturalia

2159 2796 2426 2867 nobisque
2484 2795 2776 2849 familiaria
2845 2794 3149 2858 exsistunt,
3202 2793 3300 2849 sed
3346 2792 3522 2863 gratia
3583 2800 3747 2852 erat,

2156 2905 2277 2963 quae
2321 2889 2487 2944 dabat
2523 2888 2629 2943 alia
2659 2889 2881 2959 quidem
2920 2887 3204 2949 intuenda,
3231 2885 3339 2940 alia
3371 2900 3502 2941 vero
3536 2885 3749 2954 potiora

2155 2983 2444 3039 oculorum
2495 2979 2849 3051 perceptione
2897 2976 3194 3043 eliiciebat;
3244 2975 3450 3030 etenim
3499 2991 3601 3030 nec
3634 2977 3749 3043 ipse

2154 3095 2371 3135 arcanae
2412 3080 2575 3150 hujus
2606 3075 2992 3133 oblectationis
3031 3086 3085 3130 et
3125 3071 3607 3143 contemplationis
3653 3084 3751 3124 no-

2157 3183 2284 3228 strae
2337 3183 2528 3227 auctor
2596 3169 2949 3241 permittebat
3001 3169 3089 3224 vel
3143 3166 3484 3222 concedebat
3537 3164 3748 3218 claram

2156 3259 2301 3314 illius
2346 3259 2567 3314 haurire
2614 3256 3009 3327 cognitionem.
3065 3251 3170 3307 Sed
3221 3266 3323 3322 ego
3358 3249 3545 3304 studio
3577 3256 3746 3318 atque

2159 3364 2350 3405 amore
2377 3349 2623 3405 discendi
2665 3347 2990 3404 sciscitabar
3040 3344 3424 3408 nihilominus,
3465 3342 3558 3397 ubi
3600 3356 3750 3396 nunc

2158 3441 2350 3498 salutis
2369 3449 2572 3497 nostrae
2597 3441 3098 3511 praeelarorumque
3122 3437 3561 3508 spectaculorum
3585 3434 3749 3490 nobis

2159 3543 2353 3590 auctor
2396 3542 2597 3590 exstet.
2630 3535 2697 3588 Et
2754 3535 3044 3602 responsio
3086 3530 3305 3587 dicebat
3341 3548 3354 3584 :
3409 3529 3463 3583 in
3507 3527 3751 3598 propriis

2159 3627 2400 3697 quidem,
2435 3641 2545 3681 non
2573 3637 2752 3680 tamen
2791 3625 2845 3679 in
2873 3626 3074 3694 quibus
3108 3622 3441 3694 disponebat
3472 3621 3741 3674 visionem

2158 3733 2323 3782 esse;
2356 3717 2471 3772 haec
2493 3717 2642 3771 enim
2683 3724 2840 3770 erant
2870 3715 3226 3783 benignitatis
3270 3723 3319 3768 et
3354 3710 3748 3782 indulgentiae;

2161 3807 2253 3861 illa
2277 3821 2408 3860 vero
2451 3805 2810 3861 :eternitatem
2860 3813 3026 3874 atque
3068 3802 3570 3857 immutabilitutem
3602 3792 3749 3854 desi-

2159 3900 2420 3970 gnabant,
2461 3898 2608 3968 quod
2657 3913 2721 3954 ex
2781 3897 3002 3967 propria
3042 3911 3150 3950 non
3199 3896 3480 3950 recederet
3526 3901 3747 3946 natura.

2161 3991 2363 4046 Deinde
2382 3991 2474 4046 ubi
2492 4005 2578 4045 tne
2593 3990 2658 4044 ad
2679 4000 2934 4044 naturam
2953 3989 3133 4046 evexit
3154 3987 3303 4043 omni
3324 3986 3536 4041 visione
3555 3994 3608 4040 et
3622 3997 3750 4038 con-

2159 4081 2515 4152 templatione
2539 4081 2903 4151 superiorem,
2928 4080 3337 4149 interrogabant
3360 4077 3541 4132 adhuc
3577 4075 3750 4130 addu-

2159 4177 2337 4232 bitans
2376 4191 2389 4229 :
2427 4172 2484 4229 Si
2509 4174 2626 4230 haec
2650 4174 2724 4228 ita
2755 4188 2815 4229 se
2845 4173 3068 4239 habent,
3126 4185 3374 4238 quaenam
3411 4179 3492 4224 est
3524 4168 3750 4223 dextera

2157 4264 2321 4321 statio
2355 4272 2411 4319 et
2443 4263 2619 4320 sessio
2660 4271 2713 4319 et
2736 4262 3100 4317 materialium
3141 4259 3523 4315 habitudinum
3559 4259 3748 4326 dispo-

2157 4356 2531 4428 sitionumque
2551 4355 2803 4411 nomina?
2825 4353 2928 4410 Ubi
2944 4355 3089 4410 enim
3112 4354 3228 4408 haec
3249 4353 3431 4408 locum
3459 4353 3658 4406 habent
3687 4362 3748 4406 ut

2157 4449 2432 4514 dicantur,
2471 4448 2526 4504 in
2563 4447 2766 4519 quibus
2799 4456 2853 4503 et
2893 4446 3064 4501 multa
3095 4460 3313 4508 eorum,
3360 4460 3487 4515 quae
3517 4446 3741 4514 conspi-

2157 4541 2398 4608 ciuntur,
2435 4555 2544 4596 non
2579 4540 2720 4595 visio
2743 4548 2894 4606 sunt,
2920 4541 3014 4596 sed
3053 4539 3468 4610 imaginationis
3499 4539 3746 4594 delinea-

460 4643 724 4713 τήματος,
782 4643 1030 4714 κρεῖττον
1082 4641 1254 4712 ἀκοῆς
1305 4641 1408 4714 ἔφη
1465 4641 1565 4712 τὴν
1620 4626 1893 4713 ἐρώτησιν
1947 4643 2044 4696 καὶ

2153 4631 2248 4687 tio.
2300 4630 2394 4686 llle
2437 4631 2844 4686 dubitationum
2899 4630 3117 4685 auditor
3165 4631 3498 4700 im-repans,
3543 4640 3603 4684 ut
3649 4645 3746 4699 par

460 4737 879 4810 καιρὸνοίκείον
908 4737 1054 4810 ἐχειν
1073 4739 1173 4810 τῆς
1197 4736 1612 4807 ἀποκαλύψεως.
1652 4737 1794 4806 Ἐγὼ
1821 4736 1880 4790 δὲ
1904 4736 2048 4806 φιλο-

459 4830 658 4883 νεικῶν
695 4829 778 4884 ἔτι
825 4830 920 4883 καὶ¹
973 4829 1087 4900 τδνξ
1115 4830 1309 4900 καιρόν
1349 4845 1418 4900 με
1460 4830 1790 4898 συναγαγεῖν
1841 4844 2049 4900 παρεκ-

457 4923 622 4981 άλουν
642 4924 734 4977 καὶ
757 4923 832 4994 μὴ
858 4923 956 4994 τῆς
973 4923 1148 4993 καλῆς
1177 4924 1501 4993 ἀποστερεῖν
1536 4922 1776 4991 ἐφέσεως
1794 4937 1808 4952 ο
1840 4923 2048 4985 ἐκεῖνος

457 5017 516 5070 δὲ
545 5015 640 5069 τοῦ
667 5014 966 5078 λυποῦντος
1005 5015 1080 5079 ὡς
1108 5009 1220 5068 οἷόν
1249 5033 1308 5068 τε
1351 5015 1448 5069 καὶ
1474 5013 1873 5084 ἀδημονοῦντος
1905 5012 2049 5066 ἀπά-

456 5123 572 5163 γων
599 5104 753 5158 οὔπω
773 5105 863 5158 τὸν
887 5105 1079 5176 καιρὸν
1106 5104 1258 5174 ἔλεγε
1291 5106 1572 5176 παρεῖναι·
1610 5102 1765 5157 οὔπω
1796 5102 1906 5172 γὰρ
1927 5103 2050 5156 ούδέ

457 5197 521 5251 τὸ
557 5197 673 5269 πῦρ
695 5197 756 5250 τὸ
784 5198 884 5270 τὴν
909 5197 1224 5269 ἀφθαρσίαν
1250 5197 1491 5252 άνάπτον
1521 5200 1578 5252 ἐν
1605 5199 1718 5260 τοῖς
1750 5195 1871 5251 καθ’
1891 5197 2044 5266 ἡμᾶς

457 5289 849 5358 ἀναφλέγεται.

525 5554 591 5609 δ’.
631 5553 850 5624 Ταύτην
875 5551 969 5608 οὖν
995 5555 1095 5625 τὴν
1120 5555 1388 5609 ὀπτασίαν
1410 5558 1438 5610 6
1477 5556 1639 5620 καλὸς
1669 5557 1761 5610 καὶ
1798 5556 2044 5626 φιλόθεος

458 5645 554 5700 καὶ
581 5644 811 5709 παλαιὸς
839 5645 1049 5709 ἐκεῖνος
1077 5646 1420 5714 ἀπαγγείλας
1458 5647 1637 5718 γέρων
1669 5647 1731 5700 ού
1768 5647 2044 5717 μεγαλαυ-

456 5737 561 5807 χεῖ,
599 5735 724 5788 οὐδὲ
776 5735 1003 5789 τοιαῦτα
1032 5737 1360 5807 τεθεαμένος
1409 5737 1698 5809 ἐπαίρεται
1723 5755 1734 5768 ·
1787 5739 1925 5792 ἀλλά
1954 5740 2047 5793 καὶ

457 5831 685 5896 ἄγνοιαν
719 5827 898 5898 ἐαυτῷ
958 5832 1262 5898 προσάπτει
1292 5829 1468 5899 λέγων
1493 5846 1506 5857 ·
1549 5831 1664 5885 Ούκ
1703 5825 1819 5886 οῖδα
1869 5832 1916 5885 εί
1949 5833 2045 5886 σὺν

460 5917 537 5990 τῷ
568 5919 652 5989 χοῖ
683 5919 856 5975 ταῦτα
901 5919 1160 5991 ἐθεάμην,
1196 5922 1302 5976 εἴτε
1352 5920 1472 5976 καθ’
1513 5922 1713 5994 ἑαυτὴν
1744 5923 1840 5997 τῆς
1867 5925 2044 5996 ψυχῆς

2151 4731 2299 4788 erat,
2324 4721 2602 4777 curiosam
2636 4721 2954 4776 instantiam
2992 4738 3092 4776 nec
3121 4721 3227 4776 frui
3264 4737 3352 4776 me
3383 4721 3570 4777 sinens
3593 4737 3744 4790 qua:-

2152 4814 2348 4870 stionis
2378 4815 2671 4881 solutione,
2711 4832 2818 4870 non
2862 4831 3022 4884 posse
3050 4815 3238 4869 auditu
3266 4815 3470 4885 percipi
3503 4817 3743 4868 interro-

2150 4905 2425 4974 gationem
2463 4907 2664 4976 inquit,
2689 4921 2920 4977 eamque
2967 4907 3248 4976 proprium
3285 4905 3487 4960 habere
3532 4907 3742 4959 revela-

2153 4998 2317 5054 tionis
2357 5007 2598 5069 tempus.
2625 4997 2740 5069 Ego
2787 5014 2916 5055 vero
2959 4997 3140 5054 adhuc
3163 4997 3506 5055 contendens
3529 5007 3577 5052 ct
3606 5013 3742 5053 con-

2151 5092 2295 5148 trahi
2344 5093 2479 5149 mihi
2570 5101 2785 5165 tempus
2863 5093 3127 5163 precabar
3179 5108 3280 5148 nec
3339 5108 3424 5148 me
3508 5092 3739 5148 honesta

2150 5185 2452 5255 cupiditate
2484 5184 2748 5242 fraudari.
2793 5186 2886 5241 Ille
2913 5193 3095 5241 autem
3126 5185 3396 5248 dolorem,
3440 5200 3547 5256 qua
3585 5195 3740 5256 pote-

2151 5286 2254 5344 rat,
2287 5278 2719 5349 mmstitiamque
2761 5279 2950 5335 levans
2982 5279 3226 5333 nondum
3279 5278 3476 5334 adesse
3523 5279 3741 5334 dicebat

2150 5381 2402 5440 tempus;
2455 5370 2698 5426 nondum
2743 5373 2889 5427 enim
2945 5373 3106 5442 ignis,
3157 5372 3250 5441 qui
3306 5372 3739 5441 incorruptibili—

2150 5471 2314 5518 tatem
2373 5464 2632 5534 impertit,
2663 5465 2806 5520 inter
2869 5480 2969 5522 nos
3027 5466 3202 5521 ardet.

2221 5552 2457 5609 4.llanc
2489 5555 2654 5625 igitur
2684 5556 2950 5612 visionem
2999 5557 3177 5614 bonus
3233 5557 3348 5620 ille.
3403 5558 3528 5628 pius
3573 5565 3739 5626 atque

2150 5651 2412 5721 antiquus
2448 5667 2614 5706 senex
2658 5652 2954 5708 enuntians
2989 5669 3095 5715 non
3128 5670 3186 5708 se
3224 5655 3513 5722 magniﬁce
3539 5653 3734 5722 jactat,

2149 5759 2254 5798 nec
2299 5758 2358 5799 se
2391 5745 2538 5813 quod
2579 5745 2696 5799 hazc
2748 5744 2946 5800 viderit
2983 5747 3216 5812 extollit,
3259 5747 3351 5802 sed
3386 5757 3441 5801 et
3478 5747 3738 5816 ignoran-

2151 5831 2279 5887 tiam
2306 5833 2412 5889 sibi
2446 5833 2640 5890 tribuit
2668 5835 2922 5906 inquiens
2950 5853 2963 5889 :
3006 5834 3225 5903 Nescio,
3257 5854 3324 5891 an
3359 5852 3482 5892 cum
3507 5851 3738 5904 corpore

2151 5932 2367 5981 terreno
2391 5925 2507 5981 haec
2533 5925 2797 5992 intuerer,
2822 5941 2890 5984 an
2913 5943 3042 5986 vero
3068 5927 3249 5984 anima
3276 5942 3369 5997 per
3397 5942 3457 5984 sc
3477 5925 3544 5982 ad
3563 5923 3732 5981 Deum
