4136 6516
368 472 507 543 1103
1557 474 1823 539 ΡΙΙΟΤΙΙ
1859 478 2047 538 ΡΑΤΗ

2096 479 2367 539 ARCH/E
2391 479 2501 540 (ΖΡ.
3514 474 3665 542 1104

365 585 665 644 evolaverit
704 599 1014 656 corpusque
1058 584 1126 640 ad
1187 583 1461 640 modicum
1514 587 1780 656 temporis
1834 587 1961 641 I'cli-
1990 597 2035 652 Α

2092 590 2442 662 ινιπταμένης
2482 587 2620 660 πρὸς
2645 587 2706 642 τὸ
2737 591 2988 661 κρεῖττον
3013 589 3109 644 καὶ
3135 590 3198 644 τὸ
3242 590 3404 663 σῶμα
3429 590 3662 647 λειπού-

365 680 551 750 qucrit
593 692 660 733 ac
710 677 1108 747 conjunctione
1155 691 1219 732 ac
1265 675 1526 733 rnistione
1550 691 1677 733 cum
1713 678 1833 748 ipsa
1864 693 1955 733 se-

2092 697 2162 750 ἠς
2187 681 2282 734 ἐπὶ
2321 678 2520 750 βραχὺ,
2551 678 2646 732 τοῦ
2673 680 2812 750 πρὸς
2865 680 3037 752 αὐτὴν
3069 681 3375 754 συνδέσμου
3415 699 3665 756 κεχωριε

368 773 640 844 junctum.

2092 771 2260 843 ’μένον
2291 772 2388 826 καὶ
2417 772 2517 842 τῆς
2540 772 2924 843 ἀνακράσεως.

367 885 702 955 ρυΑεεΤιο
735 884 1059 942 ocnxxw.
1099 885 1290 954 [Coisl.
1322 881 1550 948 ccxet,
1589 881 1737 938 Maio
1771 883 1962 939 exinde
2586 885 2925 940 sparum
2963 885 3129 941 sor.

655 977 1040 1043 ceLxxxw,
1089 979 1257 1032 Taur.
1299 975 1631 1047 CCLXXX.]

513 1065 625 1122 Cur
648 1066 901 1136 pupulum
936 1067 1206 1119 numerari
1235 1064 1374 1119 Deus
1397 1064 1621 1134 jusserit
1653 1064 1810 1134 (75').

2092 1062 2228 1116 ita?!
2263 1059 2639 1132 προσέταξεν
2665 1061 3066 1132 ἀριθμηθῆναι
3098 1060 3208 1117 τὸν
3233 1061 3392 1118 λαόν
3415 1063 3449 1118 ὁ
3471 1062 3618 1132 Θεός
3640 1079 3668 1130 ;

750 1179 888 1230 lidita
915 1194 940 1226 a
970 1179 1093 1227 lllaio
1129 1178 1273 1240 (Nov.
1305 1178 1427 1229 Coll.
1461 1185 1494 1227 t.
1524 1177 1603 1238 IX,
1635 1194 1684 1242 p.
1719 1178 1851 1242 156).
1875 1206 1939 1216 -—-
1970 1177 2046 1228 De
2077 1185 2339 1227 numerato
2369 1177 2462 1228 Dei
2489 1179 2634 1241 jussu
2679 1178 2882 1240 pepnlo.
2915 1177 3061 1228 Num.
3097 1191 3130 1238 I,
3187 1177 3285 1228 1ο5.

447 1265 524 1323 Ut
565 1280 681 1320 sua:
723 1263 1106 1333 promissionis
1139 1265 1459 1318 ostenderet
1506 1263 1821 1318 veritatem.
1874 1261 1965 1318 Et-

2140 1264 2262 1318 Ἵνα
2282 1266 2381 1336 τῆς
2409 1264 2618 1326 οἰκείας
2643 1262 2981 1331 ἐπαγγελίας
3015 1263 3166 1335 δείξῃ
3204 1263 3265 1317 τὸ
3290 1262 3491 1335 ἀληθές
3511 1278 3528 1294 ⁶
3559 1261 3671 1316 ὕπε

374 1359 522 1416 cnim
555 1358 826 1428 promissa
854 1356 1131 1411 Abraham
1157 1354 1392 1420 faciens,
1427 1355 1645 1412 dixerat
1675 1374 1689 1410 :
1727 1376 1746 1408 ι
1785 1355 1968 1412 Multi-

2094 1357 2423 1430 σχνούμενος
2475 1357 2586 1428 γὰρ
2631 1355 2711 1428 τῷ
2773 1355 3027 1428 ’Λόραὰμ
3082 1355 3228 1426 ἔφη·
3290 1373 3311 1408 ι
3366 1353 3669 1427 Πληθύνων

378 1453 592 1522 plicans
621 1449 1000 1521 multiplicabo
1024 1465 1213 1507 semen
1247 1460 1400 1505 tuum
1433 1450 1580 1506 sicut
1609 1450 1794 1506 stellas
1819 1451 1966 1516 coeli,

2092 1449 2326 1521 πληθυνῶ
2355 1449 2415 1503 τὸ
2449 1449 2677 1521 σπέρμα
2708 1466 2802 1503 σου
2831 1447 2908 1512 ὡς
2939 1449 3064 1512 τοὺς
3097 1448 3336 1519 ἀστέρας
3368 1446 3462 1501 τοῦ
3497 1447 3669 1519 οὐρα-

309 1544 311 1546 ’
379 1550 434 1595 et
481 1541 633 1596 velut
682 1555 904 1594 arenam
956 1555 1077 1609 quae
1122 1548 1209 1595 est
1256 1539 1310 1594 in
1362 1539 1548 1594 littore
1605 1540 1778 1594 maris
1819 1541 1884 1591 ⁷⁷.
1941 1557 1960 1590 ι

2092 1543 2158 1596 ’οὖ
2189 1542 2284 1596 καὶ
2306 1542 2382 1605 ὡς
2407 1542 2508 1609 τὴν
2530 1543 2714 1612 ἄμμον
2737 1539 2835 1612 τὴν
2863 1540 3016 1613 παρὰ
3040 1541 3101 1594 τὸ
3126 1541 3308 1610 χεῖλος
3330 1541 3431 1610 τῆς
3462 1539 3672 1596 θαλάσ-

311 1694 318 1705 ,
380 1635 656 1690 Caeterum
718 1634 1112 1704 promissionis
1161 1633 1452 1689 veritatem
1507 1635 1783 1700 ostendit;
1835 1647 1964 1688 nam

2092 1652 2171 1704 της
2197 1652 2210 1668 ο
2247 1653 2265 1685 ι
2305 1633 2474 1700 ἔδειξε
2501 1633 2610 1702 γὰρ
2638 1632 2737 1704 τὴν
2763 1634 2861 1704 τῆς
2908 1632 3246 1702 ἐπαγγελίας
3273 1631 3536 1704 ἀλήθειαν
3556 1649 3571 1663 ·
3600 1633 3674 1687 ὲκ

311 1724 319 1737 ’
380 1743 504 1798 qua:
532 1743 661 1784 cum
717 1731 782 1783 de
829 1725 1068 1798 Aﬂgypto
1116 1727 1327 1794 egressi
1361 1725 1598 1781 fuissent
1625 1727 1968 1795 septuaginta

2092 1727 2233 1780 πέντε
2263 1725 2372 1797 γὰρ
2411 1726 2504 1779 καὶ
2534 1726 2911 1796 ἐϐδομήκοντα
2927 1724 3038 1779 τῶν
3085 1726 3163 1789 εἰς
3199 1725 3481 1793 Αίγυπτον
3529 1741 3672 1780 κατ-

381 1828 436 1875 ct
467 1818 714 1890 quinque
747 1818 1002 1885 millium,
1037 1826 1150 1872 tum
1187 1825 1448 1872 sexcenta
1472 1816 1577 1871 tria
1609 1814 1775 1869 millia
1807 1814 1971 1886 quin—

2092 1817 2354 1884 ιλθόντων,
2411 1816 2691 1882 ἑξακόσιαι
2717 1815 2955 1886 χιλιάδες
2981 1817 3078 1870 καὶ
3097 1815 3389 1886 τρισχίλιοι
3417 1814 3515 1868 καὶ⁵
3537 1815 3674 1881 ἐξα-

379 1913 529 1982 genti
593 1910 995 1982 quinquaginta
1058 1911 1302 1966 virorum
1337 1910 1616 1965 numerati
1647 1918 1796 1974 sunt,
1866 1908 1965 1979 qui

2092 1911 2245 1964 ιόσιοι
2269 1909 2361 1963 καὶ
2385 1909 2727 1979 πεντήκοντα
2744 1907 3134 1980 ἠριθμήθησαν
3157 1907 3350 1978 ἄνδρες
3375 1908 3672 1977 δυνάμενοι

380 2010 632 2072 poterant
665 2002 730 2056 ad
779 2001 919 2057 bella
948 2001 1272 2074 procedere,
1304 2011 1532 2071 excepta
1582 1998 1972 2070 intempestiva

2092 2000 2350 2070 τολεμεῖν,
2383 2000 2475 2053 καὶ
2509 1998 2718 2069 ἐξώρου
2764 1997 2982 2070 ἡλικίας
3009 1999 3106 2052 καὶ
3130 1997 3233 2068 τῆς
3262 1996 3444 2070 ἀώρου
3490 2014 3672 2068 κεχω-

379 2104 434 2147 et
485 2093 779 2148 immatura
835 2102 1001 2147 aetate
1049 2101 1102 2146 et
1165 2091 1408 2146 femineo
1444 2106 1666 2163 genere,
1721 2099 1775 2145 et
1823 2089 1967 2144 tribu
1998 2077 2045 2137 B

2092 2093 2361 2164 >ισμένης,
2395 2092 2491 2146 καὶ
2521 2092 2706 2163 μέντοι
2759 2090 2972 2144 καὶτοῦ
2997 2090 3186 2160 θήλεος
3221 2091 3414 2160 γένους
3442 2090 3539 2143 κοιλ⁵
3566 2091 3672 2159 τῆς

382 2184 532 2245 Levi.
590 2183 746 2241 Hane
799 2200 959 2241 suam
1017 2185 1179 2240 docet
1245 2185 1550 2255 potentiam
1600 2181 1776 2248 Deus,
1837 2196 1965 2239 cum

2092 2185 2354 2255 ιεευῐτικῆς
2393 2184 2570 2255 φυλῆς
2591 2201 2605 2216 ’
2638 2181 2842 2254 ταύτην
2869 2183 3036 2236 αὐτοῦ
3073 2183 3341 2237 διδάσκων
3370 2183 3472 2254 τὴν
3507 2181 3674 2236 δύνα-

378 2277 560 2334 dicit:
601 2296 619 2329 ι
659 2277 941 2334 Attendite
1001 2277 1068 2332 ad
1113 2276 1392 2333 Abraham
1463 2284 1673 2346 patrem
1720 2285 1968 2330 vestrum

2092 2293 2174 2347 μιν
2192 2277 2220 2328 6
2244 2275 2375 2340 Θεὸς
2407 2277 2500 2329 καὶ
2526 2275 2616 2330 διὰ
2643 2275 2738 2329 τοῦ
2755 2275 2976 2328 Ἦσαῖου
3005 2276 3109 2346 ἔφη
3134 2292 3149 2308 -
3174 2295 3193 2328 ι
3216 2275 3558 2346 Ἐμσλέψατε
3588 2277 3673 2339 είς

377 2381 434 2427 et
478 2367 549 2424 ad
593 2365 789 2423 Saram
833 2383 957 2438 quae
1004 2369 1214 2439 peperit
1265 2370 1544 2439 vos,quia
1580 2383 1748 2422 unum
1779 2365 1970 2423 vocavi

2095 2368 2350 2440 Ἀϐραὰμ
2395 2369 2489 2421 τὸν
2539 2369 2755 2439 πατέρα
2807 2368 2964 2438 ὑμῶν
3001 2367 3096 2421 καὶ
3158 2369 3239 2432 εἰς
3287 2367 3509 2438 Σάρῤαν
3571 2367 3678 2439 τὴν

379 2476 531 2528 eam,
559 2467 616 2516 et.
644 2461 1005 2530 multiplicavi
1036 2476 1163 2515 eum
1192 2461 1259 2513 ⁷⁸.
1297 2480 1315 2511 ι

2092 2459 2349 2514 ὣδίνασαν
2388 2459 2564 2529 ὑμᾶς,
2599 2459 2681 2512 ὃτι
2713 2451 2793 2522 εἷς
2829 2453 2921 2528 ἦν,
2954 2458 3051 2512 καὶ
3080 2457 3317 2513 ἐκάλεσα
3358 2458 3544 2528 αὐτὸν,
3577 2460 3677 2514 καὶ

2083 2550 2359 2621 ἐπλήθυνα.
2388 2550 2572 2604 αὐτόν.
2614 2569 2632 2600 ι

379 2659 714 2728 ρυΑΕδΤιο
729 2660 1008 2727 CCLXXV
1038 2660 1230 2734 [CoisL
1270 2662 1495 2729 CCCVI,
1531 2662 1696 2718 Taur.
1722 2661 1972 2725 ορκον.

2599 2664 2939 2720 ΕΡΩΤΗΣΙΣ
2973 2663 3104 2724 ΣΟΕ
3123 2705 3141 2722 .

881 2754 1026 2808 Μαὶο
1066 2754 1449 2826 CCLXXXV.)

384 2843 506 2912 Qua
534 2845 599 2902 de
621 2862 787 2901 causa
839 2846 1019 2920 farina
1042 2845 1320 2920 exM/iordeo
1346 2862 1454 2920 pro
1475 2846 1697 2901 muliere
1718 2860 1972 2902 accusata

2092 2851 2236 2904 ὶιατί
2265 2849 2530 2920 ἄλευρον
2551 2850 2825 2918 κρίθινον
2846 2849 3000 2917 ὑπὲρ
3037 2847 3150 2917 τῆς
3175 2844 3679 2920 ὺποπτευομένης

846 2916 1020 2984 stupri
1052 2916 1340 2985 a/ferretur
1370 2917 1507 2986 (74).

2413 2916 2823 2991 ’μοιχευθῆναι
2851 2916 3186 2990 προσεκομί
3189 2916 3316 2980 ζετο
3333 2935 3356 2985 ;

1219 3029 1365 3088 Edita
1386 3046 1414 3082 a
1438 3031 1562 3082 Maio
1595 3032 1652 3094 (ι.
1675 3046 1718 3082 c.
1744 3046 1794 3094 p.
1833 3032 1940 3094 156,
1973 3034 2105 3098 157).
2133 3064 2191 3072 —
2215 3037 2291 3087 De
2324 3041 2464 3087 textu
2496 3035 2642 3086 Num.
2679 3048 2726 3098 ν,
2760 3034 2839 3085 15.

457 3115 579 3187 Ipse
608 3115 874 3172 Dominus
917 3118 1213 3188 explicavit
1248 3119 1480 3176 dicens:
1517 3140 1535 3172 ι
1575 3119 1715 3188 Quia
1762 3121 1978 3179 sacrifi-

2150 3125 2323 3189 Αὐτὸς
2355 3128 2383 3180 ό
2420 3125 2700 3192 Δεσπότης
2731 3125 3079 3196 ήρμήνευσεν
3102 3139 3117 3154 ·
3149 3139 3170 3172 ι
3199 3120 3354 3173 Ἐστι
3377 3119 3510 3190 γὰρ,
3547 3118 3677 3188 ἔφη,

386 3212 534 3266 cium
586 3211 870 3282 zelotypite
931 3220 1031 3278 est,
1076 3211 1412 3268 sacriﬁcium
1455 3213 1881 3280 recordationis,
1927 3223 1984 3270 et

2092 3217 2245 3271 θυσία
2288 3215 2648 3288 ζηλοτυπίας,
2700 3214 2862 3269 θυσία
2916 3211 3290 3285 μνημοσύνου,
3337 3209 3498 3264 θυσία
3541 3209 3682 3263 ἀνα-

386 3304 594 3360 oblatio
621 3304 922 3374 zelotypiaz.
945 3325 964 3357 ι
994 3303 1122 3360 Inde
1160 3321 1340 3377 neque
1368 3305 1572 3367 oleum.
1630 3324 1808 3379 neque
1855 3310 1982 3367 thus

2092 3308 2478 3379 μιμνήσκουσα
2526 3306 2836 3379 ἁμαρτίαν·
2879 3323 2898 3357 ι
2939 3305 3062 3358 ὅθεν
3105 3303 3229 3357 οὐδὲ
3257 3301 3454 3355 ἔλαιον
3507 3299 3681 3371 αὐτὴν

389 3396 446 3449 in
497 3395 604 3450 hoc
649 3395 920 3451 sacriﬁcio
973 3412 1096 3453 esse
1135 3397 1340 3467 jussit;
1397 3400 1653 3456 orbatum
1699 3411 1785 3456 est
1835 3402 1985 3457 enim

2092 3402 2210 3454 οὐδὲ
2243 3399 2460 3455 λίϐανον
2493 3401 2636 3472 ἔχειν
2687 3399 3022 3471 προσέταξεν
3043 3414 3057 3428 ·
3103 3397 3402 3470 ἐστέρηται
3441 3394 3552 3467 γὰρ
3584 3395 3683 3448 καὶ

389 3489 677 3546 suavitatis
709 3499 762 3544 et
783 3488 1013 3557 justitiae
1046 3489 1188 3546 luce.
1239 3489 1356 3546 Hoc
1385 3492 1664 3564 {praecepit
1704 3494 1987 3566 legislator
2013 3529 2047 3591 ε

2092 3495 2187 3560 τῆς
2216 3493 2446 3556 εὐωδέας
2477 3494 2572 3546 καὶ
2615 3491 2711 3546 τοῦ
2743 3492 2840 3562 τῆς
2873 3489 3226 3561 δικαιοσύνης
3259 3489 3473 3558 φωτός·
3521 3485 3686 3543 τοῦτα

390 3598 554 3652 quem
589 3599 696 3636 non
741 3581 1024 3653 fugiebant
1068 3584 1359 3641 homicidae
1405 3584 1721 3641 Judmorum
1770 3589 1981 3660 cogita-
2017 3577 2047 3591 “

2093 3585 2192 3657 μέν
2213 3601 2297 3637 τοι
2326 3583 2575 3654 γίνεσθαι
2609 3583 3004 3655 νενομοθέτηκε
3034 3582 3134 3654 τὴν
3169 3581 3456 3651 μιαιφόνον
3500 3577 3684 3633 αὐτῶν

390 3675 606 3740 tiones;
637 3691 704 3729 ne
733 3676 881 3729 enim
913 3675 1060 3730 tenui
1099 3676 1166 3730 de
1191 3677 1510 3746 suspicione
1540 3679 1807 3748 conjuges
1833 3680 1985 3734 occi-

391 3767 609 3830 derent,
647 3775 959 3836 suspectam
987 3767 1186 3822 adduci
1221 3769 1395 3827 voluit
1425 3770 1490 3823 ad
1522 3787 1645 3824 eum
1679 3773 1770 3840 qui
1795 3773 1984 3826 omnia

393 3860 584 3916 abdita
615 3859 784 3914 etiam
808 3861 1100 3932 perspicue
1125 3863 1299 3916 novit.
1341 3883 1360 3914 ι
1391 3863 1598 3919 OlIerct
1643 3865 1808 3934 igitur
1841 3881 1987 3930 eam,

393 3948 595 4020 inquit,
655 3948 913 4004 sacerdos
968 3957 1025 4004 et
1072 3958 1277 4006 statuet
1315 3967 1500 4006 coram
1537 3951 1796 4020 Domino,
1830 3970 1989 4011 assu-

393 4049 619 4112 metque
661 4056 863 4112 aquam
892 4055 1164 4108 sanctam,
1187 4044 1380 4099 vivens
1401 4060 1586 4100 coram
1610 4046 1845 4103 Domino
1862 4048 1931 4115 ⁷⁸,
1959 4066 1980 4100 ι

394 4143 452 4194 et
480 4134 713 4206 reliqua.
750 4134 878 4192 Harc
923 4145 1108 4190 autem
1138 4136 1324 4196 omnia
1367 4136 1487 4200 fieri
1517 4153 1548 4193 a
1609 4139 1844 4194 muliere
1891 4156 1987 4195 su-

395 4237 583 4301 specta
630 4229 895 4300 praecipit,
933 4238 992 4284 ut
1019 4231 1272 4299 perculsa
1296 4230 1514 4298 timore,
1549 4233 1596 4288 si
1621 4233 1986 4304 peccavisset,

396 4321 753 4378 conﬁteretur
769 4333 823 4377 et
841 4337 938 4393 per
956 4323 1337 4392 paenitentiam
1361 4324 1572 4395 peccati
1599 4325 1987 4383 remissionem

399 4411 699 4481 acciperet.
748 4410 1123 4477 Quamobrem
1178 4415 1342 4482 hanc,
1405 4413 1620 4471 detecto
1660 4416 1862 4488 capite,
1920 4417 1990 4473 ad

399 4502 697 4557 Dominum
752 4502 879 4560 duci
909 4503 1098 4573 jubet,
1142 4504 1229 4560 bis
1255 4504 1420 4561 dictis
1457 4523 1472 4561 :
1512 4525 1531 4560 ι
1573 4505 1774 4563 Omnia
1803 4518 1988 4564 autem

397 4594 548 4648 nuda
583 4602 637 4648 et
665 4602 855 4662 aperta
879 4604 1007 4649 sunt
1028 4596 1202 4652 oculis
1232 4597 1352 4665 ejus
1378 4597 1448 4654 ⁸ο.
1487 4617 1506 4651 ι
1547 4598 1590 4654 Ε
1621 4600 1990 4670 sequentibus

399 4687 546 4742 haud
567 4687 799 4742 dubium
825 4697 909 4744 est
929 4689 1064 4759 quin
1088 4689 1160 4743 ita
1182 4690 1470 4746 mulierem
1499 4700 1706 4748 terrere
1731 4693 1988 4749 voluerit.

406 4799 425 4830 α
462 4779 868 4850 Adjurabitque
914 4797 1061 4846 eam,
1121 4791 1176 4837 et
1218 4783 1364 4840 dicet
1403 4784 1622 4840 mulieri
1676 4786 1986 4841 sacerdos:

2090 3677 2455 3747 ἐπιστάμενος
2479 3676 2706 3746 γνώμην
2729 3693 2744 3709 ο
2772 3675 2862 3729 ἵνα
2889 3674 3000 3744 γὰρ
3043 3672 3119 3745 μὴ
3161 3670 3222 3739 ἐξ
3249 3670 3485 3741 ὑποψίας
3512 3687 3684 3724 κατα-

2091 3769 2346 3822 κτείνωσι
2384 3766 2485 3830 τὰς
2515 3766 2841 3838 όμοζύγους,
2880 3765 3140 3819 ἐκέλευσε
3165 3764 3267 3837 τὴν
3299 3761 3680 3832 ὑποπτευομές

2093 3878 2189 3931 νην
2219 3860 2370 3932 αὐτῷ
2413 3859 2867 3932 προσενεχθῆναι,
2907 3858 3004 3914 ἆτε
3037 3859 3104 3930 δὴ
3143 3859 3326 3913 πάντα
3355 3858 3449 3912 καὶ
3488 3857 3559 3910 τὰ
3585 3856 3685 3915 λα·

2092 3955 2256 4026 θραῖα
2297 3954 2487 4025 σαφῶς
2532 3953 2918 4024 ἐπισταμένῳ·
2956 3971 2975 4007 ι
3018 3953 3441 4024 Προσάξειγὰρ,
3489 3954 3687 4023 φησιν,

2090 4049 2120 4100 6
2145 4049 2326 4119 ἱερεὺς
2349 4049 2441 4102 καὶ
2472 4050 2658 4118 στήσει
2688 4047 2787 4119 τὴν
2827 4049 3064 4117 γυναῖκα
3093 4046 3278 4101 ἔναντι
3309 4043 3404 4099 τοῦ
3448 4044 3685 4116 Κυρίου,

2092 4144 2188 4196 καὶ
2217 4142 2449 4214 λήψεται
2479 4143 2508 4194 6
2543 4142 2722 4213 ἱερεὺς
2756 4139 2900 4212 ὕδωρ
2937 4139 3178 4212 καθαρὸν
3209 4139 3318 4206 ζῶν
3351 4139 3535 4193 ἔναντι
3574 4140 3688 4194 Ku-

2096 4236 2245 4308 piou'
2285 4255 2304 4289 ›
2346 4235 2442 4290 καὶ
2489 4235 2646 4306 ἐξῆςο
2677 4235 2851 4288 ταῦτα
2889 4233 2947 4288 δὲ
2977 4235 3158 4288 πάντα
3195 4231 3454 4302 γενέσθαι
3516 4247 3688 4302 προσ-

2093 4327 2273 4397 έταξε,
2296 4328 2395 4399 τὴν
2420 4312 2654 4398 γυναῖκα
2687 4327 2788 4398 τὴν
2825 4326 3278 4398 ὑποπτευομένην
3319 4323 3687 4394 ὲκδειματῶν,

2095 4424 2182 4479 ἵνα
2209 4424 2259 4478 εἰ
2281 4423 2612 4495 ἐξήμαρτεν,
2642 4422 2958 4493 ὁμολογήσῃ
2991 4422 3086 4475 καὶ
3109 4420 3199 4474 διὰ
3228 4417 3522 4488 μετανοίας
3544 4417 3690 4488 λάϐῃ

2093 4516 2192 4588 τὴν
2214 4516 2410 4586 ἄφεσιν
2435 4531 2450 4547 ο
2498 4513 2691 4568 τούτου
2721 4515 2881 4585 χάριν
2930 4514 3023 4567 καὶ
3065 4512 3381 4567 ἀκάλυπτον
3405 4510 3581 4580 αὐτὴν
3610 4507 3689 4579 τῷ

2093 4609 2212 4680 Θεῷ
2265 4607 2701 4680 προσενεχθῆναι
2747 4605 2998 4671 κελεύει,
3051 4604 3320 4659 διδάσκων
3369 4605 3454 4657 ὄτι
3500 4602 3692 4673 γυμνὰ

2094 4704 2274 4758 πάντα
2321 4701 2416 4754 καὶ
2450 4698 2926 4772 τετραχηλισμένα
2971 4696 3202 4752 ἐνώπιον
3242 4696 3408 4751 αὑτοῦ
3434 4711 3449 4725 ·
3497 4696 3580 4749 ὅτι
3629 4695 3690 4748 δὲ

2096 4794 2292 4861 ταῦτα,
2330 4793 2699 4864 δεδιττόμενος
2745 4791 2938 4862 αὐτὴν,
2967 4790 3224 4861 γενέσθαι
3268 4789 3591 4854 κεκέλευκε,
3617 4787 3687 4841 τά

403 4873 461 4927 Si
489 4889 599 4928 non
636 4873 900 4929 dormivit
922 4874 1005 4928 vir
1027 4874 1241 4931 alienus
1274 4884 1478 4944 tecum,
1509 4885 1564 4934 et
1590 4879 1635 4934 si
1660 4894 1769 4935 non
1784 4880 1990 4950 polluta
2025 4859 2047 4915 ί

2099 4888 2226 4958 ἑξῆς
2277 4859 2576 4958 μαρτυρεέ·
2620 4905 2638 4937 ι
2678 4884 2790 4938 Καὶ
2845 4859 3028 4956 ό-ρκιεῖ
3075 4881 3247 4953 αὐτὴν
3293 4883 3321 4936 ό
3361 4882 3543 4953 ἱερεὺς
3592 4881 3688 4934 καὶ

402 4981 486 5031 es,
529 4964 748 5021 deserto
776 4968 957 5021 mariti
1015 4976 1159 5034 toro,
1213 4984 1322 5024 non
1374 4971 1475 5024 tibi
1515 4973 1797 5028 nocebunt
1835 4989 1998 5044 aqua:

2095 4978 2214 5048 ἐρεῖ
2239 4978 2305 5047 τῇ
2343 4973 2562 5044 γυναικί
2583 4990 2597 5005 ο
2630 4972 2694 5027 Ei
2728 4973 2803 5044 μὴ
2832 4972 3163 5043 κεκοίμηταί
3197 4989 3281 5034 τις
3313 4972 3454 5041 μετὰ
3486 4970 3601 5034 σοῦ,
3637 4971 3688 5023 εἰ

400 5059 521 5114 istae
546 5060 929 5116 amarissimaa.
957 5059 1050 5116 Sin
1086 5073 1269 5121 autem
1303 5063 1592 5120 declinasti
1621 5081 1652 5121 a
1680 5066 1800 5122 viro
1822 5077 1940 5132 tuo,
1972 5087 1991 5122 ι

2099 5068 2174 5140 μὴ
2198 5067 2596 5140 παραϐέϐηκας
2627 5065 2922 5137 μιανθῆναι
2954 5065 3060 5118 ὑπὸ
3091 5065 3184 5117 τὸν
3226 5063 3397 5136 ἄνδρα
3428 5064 3688 5133 σεαυτῆς,

406 5161 464 5207 et
493 5153 705 5225 reliqua
739 5173 754 5209 :
796 5173 814 5206 ι
841 5155 908 5210 ad
933 5165 1150 5226 tempus
1190 5156 1283 5211 det
1313 5166 1366 5210 te
1405 5157 1670 5214 Dominus
1720 5161 1776 5213 in
1821 5161 1994 5216 male-

2096 5161 2274 5225 άθῶος
2317 5160 2426 5214 ίσθι
2477 5160 2586 5214 ἀπὸ
2629 5159 2725 5212 τοῦ
2768 5156 3005 5228 ἐλεγμοῦ
3052 5156 3149 5210 τοῦ
3192 5154 3690 5227 ἐπικαταρωμένου

405 5247 726 5314 dictionem,
780 5249 1213 5319 exemplumque
1277 5261 1608 5307 cunctorum
1672 5252 1728 5308 in
1791 5255 1996 5325 populo

2094 5253 2288 5306 τούτου
2312 5268 2326 5283 ο
2359 5253 2408 5304 εἰ
2457 5250 2516 5303 δὲ
2567 5248 2987 5321 παραϐέϐηκας,
3030 5246 3302 5318 ὕπανδρος
3343 5244 3502 5310 οὖσα,
3542 5265 3562 5297 ι
3595 5244 3692 5297 καὶ

405 5349 536 5407 tuo;
575 5349 894 5411 putrescere
937 5339 1102 5395 faciat
1133 5339 1310 5396 femur
1343 5350 1520 5407 tuum,
1555 5351 1612 5398 et
1654 5351 1846 5400 uterus
1882 5344 1997 5400 dis.

2097 5344 2250 5414 ἑξῆς,
2278 5343 2437 5408 ἓως,ι
2474 5343 2548 5394 Οὐ
2594 5340 2708 5412 δῴη
2745 5358 2829 5393 σοι
2852 5338 3057 5410 Κύριος
3086 5339 3144 5391 ὲν
3175 5337 3286 5408 ἀρᾷ
3321 5337 3418 5391 καὶ
3445 5335 3691 5405 ἐνόρκιον

401 5432 783 5503 rumpatur“.
825 5453 842 5485 ι
877 5431 1040 5489 Jussa
1067 5443 1188 5488 erat
1220 5435 1418 5490 mulier
1451 5434 1539 5490 his
1587 5435 1847 5505 precibus
1897 5451 1989 5492 as-

2098 5441 2158 5492 ὲν
2194 5437 2346 5508 μέσῳ
2372 5435 2468 5489 τοῦ
2505 5435 2638 5488 λαοῦ
2673 5451 2790 5500 σου,
2819 5435 2877 5487 ὲν
2921 5431 3216 5503 τῷοδοῦναι
3258 5431 3350 5486 τὸν
3391 5430 3567 5503 μηρόν
3595 5445 3693 5482 σου

402 5527 617 5595 sentiri,
651 5544 717 5584 ac
748 5527 1084 5598 respondere
1121 5546 1136 5582 :
1186 5529 1384 5585 Amen.
1431 5544 1612 5588 amen.
1647 5530 1990 5602 Praeceptum

2104 5529 2586 5602 περιπεπτωκέναι
2603 5527 2699 5581 καὶ
2723 5525 2824 5598 τὴν
2856 5526 3068 5582 κοιλίαν
3093 5542 3188 5579 σου
3220 5523 3605 5598 πεπρισμένην
3627 5538 3642 5554 ⁸
3664 5538 3687 5575 ι

482 5693 525 5728 ⁷⁷
551 5693 752 5753 Genes.
784 5712 898 5765 xvr,
933 5696 1019 5750 10.
1097 5695 1143 5726 ⁷⁸
1181 5693 1312 5753 lsai.
1347 5711 1424 5764 Li,
1460 5695 1515 5752 ‘2.
1593 5695 1640 5728 "°
1671 5693 1835 5751 Num.
1902 5710 1960 5758 ν,
1997 5693 2047 5749 1(

2161 5695 2207 5725 ⁸ο
2237 5693 2370 5750 ibid.
2407 5692 2494 5748 18.
2538 5691 2584 5723 ⁸¹
2613 5691 2746 5748 ibid.
2801 5691 2890 5759 19,
2919 5690 3010 5746 21.

1931 5785 2167 5842 NOTAE.

478 5875 615 5970 (75;)
648 5878 1100 5970 Dttpt‘mnpl‘avejl.
1131 5877 1518 5970 haacuqumstio
1553 5893 1615 5934 cx
1654 5876 1989 5934 Theodoreti

2171 5876 2280 5943 (714)
2311 5874 2436 5932 Haec
2465 5889 2687 5944 quoque
2714 5889 2781 5944 ex
2828 5871 3273 5944 'lflreodoretguq.
3319 5870 3385 5927 lO
3425 5869 3482 5935 in
3518 5867 3689 5928 Num.

409 5965 460 6023 ig.
490 5949 541 6002 in
567 5946 792 6002 Numer.
825 5959 859 6002 t.
888 5947 1100 6013 LXXX,
1141 5963 1192 6017 p.
1224 5946 1348 6002 550.

2104 5947 2395 6020 descripsit.
2424 5946 2580 6004 Photi

2104 5941 2395 6020 descripsit.
2424 5941 2675 6004 Photitts.
2711 5943 2773 6000 T.
2810 5941 3023 6009 LXXX,
3052 5956 3106 6015 p.
3136 5941 3261 5997 338.
