  <div class='ocr_page' id='page_1' title='image "/cluster/home/n/w/nwhite01/storage/ocr_20150623/101:no.1/coo.31924054870054/580.png"; bbox 0 0 4136 6484; ppageno 0'>
   <div class='ocr_carea' id='block_1_1' title="bbox 415 455 582 540">
    <p class='ocr_par' dir='ltr' id='par_1_1' title="bbox 415 455 582 540">
     <span class='ocr_line' id='line_1_1' title="bbox 415 455 582 540; baseline 0 0"><span class='ocrx_word' id='word_1_1' title='bbox 415 455 582 540; x_wconf 72' lang='grc'>1105</span> 
     </span>
    </p>
   </div>
   <div class='ocr_carea' id='block_1_2' title="bbox 1084 483 2951 559">
    <p class='ocr_par' dir='ltr' id='par_1_2' title="bbox 1084 483 2951 559">
     <span class='ocr_line' id='line_1_2' title="bbox 1084 483 2951 559; baseline 0.001 -16"><span class='ocrx_word' id='word_1_2' title='bbox 1084 484 1186 544; x_wconf 83' lang='lat' dir='ltr'><strong>AD</strong></span> <span class='ocrx_word' id='word_1_3' title='bbox 1217 483 1816 548; x_wconf 84' lang='lat' dir='ltr'><strong>AMPHILOCHIUM</strong></span> <span class='ocrx_word' id='word_1_4' title='bbox 1855 484 2203 559; x_wconf 65' lang='lat' dir='ltr'><strong>QU/‘ESTIO</strong></span> <span class='ocrx_word' id='word_1_5' title='bbox 2241 483 2951 547; x_wconf 79' lang='lat' dir='ltr'><strong>CCLXXIV-CCI.XXVI.</strong></span> 
     </span>
    </p>
   </div>
   <div class='ocr_carea' id='block_1_3' title="bbox 3567 479 3706 548">
    <p class='ocr_par' dir='ltr' id='par_1_3' title="bbox 3567 479 3706 548">
     <span class='ocr_line' id='line_1_3' title="bbox 3567 479 3706 548; baseline 0.007 -1"><span class='ocrx_word' id='word_1_6' title='bbox 3567 479 3706 548; x_wconf 80' lang='lat'><strong>1106</strong></span> 
     </span>
    </p>
   </div>
   <div class='ocr_carea' id='block_1_4' title="bbox 413 586 2042 666">
    <p class='ocr_par' dir='ltr' id='par_1_4' title="bbox 413 586 2042 666">
     <span class='ocr_line' id='line_1_4' title="bbox 413 586 2042 666; baseline 0.005 -26"><span class='ocrx_word' id='word_1_7' title='bbox 413 587 668 642; x_wconf 79' lang='grc' dir='ltr'>ἐκέλευσε</span> <span class='ocrx_word' id='word_1_8' title='bbox 718 586 775 641; x_wconf 79' lang='grc' dir='ltr'>δὲ</span> <span class='ocrx_word' id='word_1_9' title='bbox 807 587 904 641; x_wconf 69' lang='grc' dir='ltr'><strong>καὶ</strong></span> <span class='ocrx_word' id='word_1_10' title='bbox 938 589 1037 659; x_wconf 83' lang='grc' dir='ltr'><strong>τὴν</strong></span> <span class='ocrx_word' id='word_1_11' title='bbox 1086 593 1326 658; x_wconf 85' lang='grc' dir='ltr'>γυναῖκα</span> <span class='ocrx_word' id='word_1_12' title='bbox 1376 591 1723 646; x_wconf 87' lang='grc' dir='ltr'>συντίθεσθαι</span> <span class='ocrx_word' id='word_1_13' title='bbox 1764 596 1830 666; x_wconf 84' lang='grc' dir='ltr'>τῇ</span> <span class='ocrx_word' id='word_1_14' title='bbox 1862 594 2009 665; x_wconf 82' lang='grc' dir='ltr'>ἀρᾷ,</span> <span class='ocrx_word' id='word_1_15' title='bbox 2039 648 2042 654; x_wconf 75' lang='grc'><strong>,</strong></span> 
     </span>
    </p>
   </div>
   <div class='ocr_carea' id='block_1_5' title="bbox 2146 586 3708 666">
    <p class='ocr_par' dir='ltr' id='par_1_5' title="bbox 2146 589 3708 663">
     <span class='ocr_line' id='line_1_5' title="bbox 2146 589 3708 663; baseline 0.002 -18"><span class='ocrx_word' id='word_1_16' title='bbox 2146 607 2340 663; x_wconf 9' lang='lat' dir='ltr'><strong>{noque</strong></span> <span class='ocrx_word' id='word_1_17' title='bbox 2395 600 2516 646; x_wconf 90' lang='lat' dir='ltr'><strong>erat</strong></span> <span class='ocrx_word' id='word_1_18' title='bbox 2562 592 2668 646; x_wconf 88' lang='lat' dir='ltr'><strong>ista</strong></span> <span class='ocrx_word' id='word_1_19' title='bbox 2742 590 3034 646; x_wconf 87' lang='lat' dir='ltr'><strong>maledicta</strong></span> <span class='ocrx_word' id='word_1_20' title='bbox 3095 589 3386 647; x_wconf 87' lang='lat' dir='ltr'><strong>scribenda</strong></span> <span class='ocrx_word' id='word_1_21' title='bbox 3436 605 3584 660; x_wconf 78' lang='lat' dir='ltr'><strong>csso,</strong></span> <span class='ocrx_word' id='word_1_22' title='bbox 3649 601 3708 648; x_wconf 86' lang='lat' dir='ltr'><strong>ct</strong></span> 
     </span>
    </p>
   </div>
   <div class='ocr_carea' id='block_1_6' title="bbox 415 681 2014 760">
    <p class='ocr_par' dir='ltr' id='par_1_6' title="bbox 415 681 2014 760">
     <span class='ocr_line' id='line_1_6' title="bbox 415 681 2014 760; baseline 0.004 -25"><span class='ocrx_word' id='word_1_23' title='bbox 415 681 512 735; x_wconf 74' lang='grc' dir='ltr'>καὶ</span> <span class='ocrx_word' id='word_1_24' title='bbox 533 681 715 751; x_wconf 85' lang='grc' dir='ltr'>λέγειν</span> <span class='ocrx_word' id='word_1_25' title='bbox 735 695 747 710; x_wconf 87' lang='grc'><em>’</em></span> <span class='ocrx_word' id='word_1_26' title='bbox 778 682 1032 738; x_wconf 74' lang='grc' dir='ltr'>Γένοιτό</span> <span class='ocrx_word' id='word_1_27' title='bbox 1057 702 1161 752; x_wconf 87' lang='grc' dir='ltr'><strong>μοι</strong></span> <span class='ocrx_word' id='word_1_28' title='bbox 1181 701 1194 714; x_wconf 90' lang='grc'><strong>·</strong></span> <span class='ocrx_word' id='word_1_29' title='bbox 1225 684 1460 755; x_wconf 76' lang='grc' dir='ltr'>γένοιτό</span> <span class='ocrx_word' id='word_1_30' title='bbox 1480 705 1584 756; x_wconf 81' lang='grc' dir='ltr'><strong>μοι</strong></span> <span class='ocrx_word' id='word_1_31' title='bbox 1607 703 1622 718; x_wconf 89' lang='grc'><strong>·</strong></span> <span class='ocrx_word' id='word_1_32' title='bbox 1658 687 1755 742; x_wconf 73' lang='grc' dir='ltr'>καὶ</span> <span class='ocrx_word' id='word_1_33' title='bbox 1792 689 2014 760; x_wconf 83' lang='grc' dir='ltr'>γραφῆ-</span> 
     </span>
    </p>
   </div>
   <div class='ocr_carea' id='block_1_7' title="bbox 415 773 2011 850">
    <p class='ocr_par' dir='ltr' id='par_1_7' title="bbox 415 773 2011 850">
     <span class='ocr_line' id='line_1_7' title="bbox 415 773 2011 850; baseline 0.003 -22"><span class='ocrx_word' id='word_1_34' title='bbox 415 793 505 829; x_wconf 83' lang='grc' dir='ltr'><strong>ναι</strong></span> <span class='ocrx_word' id='word_1_35' title='bbox 529 774 586 828; x_wconf 76' lang='grc' dir='ltr'>δὲ</span> <span class='ocrx_word' id='word_1_36' title='bbox 616 775 716 845; x_wconf 78' lang='grc' dir='ltr'>τὴν</span> <span class='ocrx_word' id='word_1_37' title='bbox 746 773 888 844; x_wconf 82' lang='grc' dir='ltr'>ἀρὰν</span> <span class='ocrx_word' id='word_1_38' title='bbox 918 774 1225 845; x_wconf 82' lang='grc' dir='ltr'>προσέταξε</span> <span class='ocrx_word' id='word_1_39' title='bbox 1269 779 1366 830; x_wconf 69' lang='grc' dir='ltr'><strong>καὶ</strong></span> <span class='ocrx_word' id='word_1_40' title='bbox 1399 778 1785 850; x_wconf 81' lang='grc' dir='ltr'>ἐξαλειφθῆναι</span> <span class='ocrx_word' id='word_1_41' title='bbox 1822 778 1975 833; x_wconf 79' lang='grc' dir='ltr'>ὕδατι</span> <span class='ocrx_word' id='word_1_42' title='bbox 1995 797 2011 815; x_wconf 88' lang='grc'><strong>·</strong></span> 
     </span>
    </p>
   </div>
   <div class='ocr_carea' id='block_1_8' title="bbox 417 867 2015 943">
    <p class='ocr_par' dir='ltr' id='par_1_8' title="bbox 417 867 2015 943">
     <span class='ocr_line' id='line_1_8' title="bbox 417 867 2015 943; baseline 0.003 -24"><span class='ocrx_word' id='word_1_43' title='bbox 417 867 514 920; x_wconf 72' lang='grc' dir='ltr'>καὶ</span> <span class='ocrx_word' id='word_1_44' title='bbox 549 868 696 920; x_wconf 75' lang='grc' dir='ltr'>πιεῖν</span> <span class='ocrx_word' id='word_1_45' title='bbox 733 867 833 938; x_wconf 79' lang='grc' dir='ltr'><strong>τὴν</strong></span> <span class='ocrx_word' id='word_1_46' title='bbox 881 871 1122 935; x_wconf 84' lang='grc' dir='ltr'>γυναῖκα</span> <span class='ocrx_word' id='word_1_47' title='bbox 1147 869 1210 921; x_wconf 83' lang='grc' dir='ltr'>τὸ</span> <span class='ocrx_word' id='word_1_48' title='bbox 1259 867 1404 940; x_wconf 82' lang='grc' dir='ltr'>ὕδωρ</span> <span class='ocrx_word' id='word_1_49' title='bbox 1431 887 1444 900; x_wconf 92' lang='grc'><strong>·</strong></span> <span class='ocrx_word' id='word_1_50' title='bbox 1495 871 1762 941; x_wconf 84' lang='grc' dir='ltr'>πρότερον</span> <span class='ocrx_word' id='word_1_51' title='bbox 1812 871 1870 925; x_wconf 87' lang='grc' dir='ltr'><strong>δὲ</strong></span> <span class='ocrx_word' id='word_1_52' title='bbox 1917 871 2015 943; x_wconf 80' lang='grc' dir='ltr'>τὴν</span> 
     </span>
    </p>
   </div>
   <div class='ocr_carea' id='block_1_9' title="bbox 421 957 2018 1034">
    <p class='ocr_par' dir='ltr' id='par_1_9' title="bbox 421 957 2018 1034">
     <span class='ocr_line' id='line_1_9' title="bbox 421 957 2018 1034; baseline 0.004 -24"><span class='ocrx_word' id='word_1_53' title='bbox 421 957 612 1011; x_wconf 84' lang='grc' dir='ltr'>θυσίαν</span> <span class='ocrx_word' id='word_1_54' title='bbox 647 959 1103 1030; x_wconf 77' lang='grc' dir='ltr'><strong>προσενεχθῆναι,</strong></span> <span class='ocrx_word' id='word_1_55' title='bbox 1151 961 1432 1016; x_wconf 76' lang='grc' dir='ltr'><strong>τουτέστιν</strong></span> <span class='ocrx_word' id='word_1_56' title='bbox 1481 962 1544 1016; x_wconf 83' lang='grc' dir='ltr'><strong>τὸ</strong></span> <span class='ocrx_word' id='word_1_57' title='bbox 1584 962 1825 1034; x_wconf 83' lang='grc' dir='ltr'><strong>κρίθινον</strong></span> <span class='ocrx_word' id='word_1_58' title='bbox 1855 964 2018 1019; x_wconf 78' lang='grc' dir='ltr'>ἄλευ-</span> 
     </span>
    </p>
   </div>
   <div class='ocr_carea' id='block_1_10' title="bbox 423 1042 2019 1123">
    <p class='ocr_par' dir='ltr' id='par_1_10' title="bbox 423 1042 2019 1123">
     <span class='ocr_line' id='line_1_10' title="bbox 423 1042 2019 1123; baseline 0.004 -23"><span class='ocrx_word' id='word_1_59' title='bbox 423 1063 550 1117; x_wconf 86' lang='grc' dir='ltr'>ρον·</span> <span class='ocrx_word' id='word_1_60' title='bbox 585 1042 706 1100; x_wconf 81' lang='grc' dir='ltr'>είτα</span> <span class='ocrx_word' id='word_1_61' title='bbox 757 1047 1001 1102; x_wconf 78' lang='grc' dir='ltr'>διδάσκει</span> <span class='ocrx_word' id='word_1_62' title='bbox 1029 1050 1106 1114; x_wconf 85' lang='grc' dir='ltr'>ὡς</span> <span class='ocrx_word' id='word_1_63' title='bbox 1137 1052 1316 1116; x_wconf 84' lang='grc' dir='ltr'>ἀθῶος</span> <span class='ocrx_word' id='word_1_64' title='bbox 1371 1054 1468 1122; x_wconf 84' lang='grc' dir='ltr'><strong>μὲν</strong></span> <span class='ocrx_word' id='word_1_65' title='bbox 1498 1049 1653 1116; x_wconf 79' lang='grc' dir='ltr'>οὖσα,</span> <span class='ocrx_word' id='word_1_66' title='bbox 1709 1051 1869 1123; x_wconf 85' lang='grc' dir='ltr'>ὑγιὴς</span> <span class='ocrx_word' id='word_1_67' title='bbox 1917 1070 2019 1122; x_wconf 85' lang='grc' dir='ltr'>φυ-</span> 
     </span>
    </p>
   </div>
   <div class='ocr_carea' id='block_1_11' title="bbox 399 1139 2016 1218">
    <p class='ocr_par' dir='ltr' id='par_1_11' title="bbox 399 1139 2016 1218">
     <span class='ocr_line' id='line_1_11' title="bbox 399 1139 2016 1218; baseline 0.004 -27"><span class='ocrx_word' id='word_1_68' title='bbox 399 1139 790 1210; x_wconf 70' lang='grc' dir='ltr'>λαχθήσεται·</span> <span class='ocrx_word' id='word_1_69' title='bbox 845 1139 1028 1212; x_wconf 75' lang='grc' dir='ltr'>ἔνοχος</span> <span class='ocrx_word' id='word_1_70' title='bbox 1081 1143 1138 1197; x_wconf 87' lang='grc' dir='ltr'>δὲ</span> <span class='ocrx_word' id='word_1_71' title='bbox 1195 1144 1328 1198; x_wconf 73' lang='grc' dir='ltr'>οὖσα</span> <span class='ocrx_word' id='word_1_72' title='bbox 1383 1145 1480 1200; x_wconf 81' lang='grc' dir='ltr'><strong>καὶ</strong></span> <span class='ocrx_word' id='word_1_73' title='bbox 1536 1145 1890 1216; x_wconf 78' lang='grc' dir='ltr'>κρύπτουσα,</span> <span class='ocrx_word' id='word_1_74' title='bbox 1948 1148 2016 1218; x_wconf 85' lang='grc' dir='ltr'>τῇ</span> 
     </span>
    </p>
   </div>
   <div class='ocr_carea' id='block_1_12' title="bbox 423 1228 2019 1308">
    <p class='ocr_par' dir='ltr' id='par_1_12' title="bbox 423 1228 2019 1308">
     <span class='ocr_line' id='line_1_12' title="bbox 423 1228 2019 1308; baseline 0.008 -29"><span class='ocrx_word' id='word_1_75' title='bbox 423 1228 592 1300; x_wconf 75' lang='grc' dir='ltr'>πείρα</span> <span class='ocrx_word' id='word_1_76' title='bbox 628 1229 935 1300; x_wconf 82' lang='grc' dir='ltr'>μαθήσεται</span> <span class='ocrx_word' id='word_1_77' title='bbox 975 1233 1076 1302; x_wconf 82' lang='grc' dir='ltr'>τῆς</span> <span class='ocrx_word' id='word_1_78' title='bbox 1107 1235 1251 1304; x_wconf 81' lang='grc' dir='ltr'>ἀρᾶς</span> <span class='ocrx_word' id='word_1_79' title='bbox 1295 1236 1396 1307; x_wconf 82' lang='grc' dir='ltr'>τὴν</span> <span class='ocrx_word' id='word_1_80' title='bbox 1428 1237 1600 1307; x_wconf 79' lang='grc' dir='ltr'>ἰσχὺν,</span> <span class='ocrx_word' id='word_1_81' title='bbox 1646 1237 1864 1308; x_wconf 78' lang='grc' dir='ltr'>καὶτῆς</span> <span class='ocrx_word' id='word_1_82' title='bbox 1900 1255 2019 1291; x_wconf 90' lang='grc' dir='ltr'>κοι-</span> 
     </span>
    </p>
   </div>
   <div class='ocr_carea' id='block_1_13' title="bbox 423 1319 2018 1401">
    <p class='ocr_par' dir='ltr' id='par_1_13' title="bbox 423 1319 2018 1401">
     <span class='ocr_line' id='line_1_13' title="bbox 423 1319 2018 1401; baseline 0.008 -29"><span class='ocrx_word' id='word_1_83' title='bbox 423 1319 546 1384; x_wconf 85' lang='grc' dir='ltr'>λίας</span> <span class='ocrx_word' id='word_1_84' title='bbox 587 1321 1068 1394; x_wconf 80' lang='grc' dir='ltr'>διαῤῥηγνυμένης</span> <span class='ocrx_word' id='word_1_85' title='bbox 1100 1328 1196 1380; x_wconf 77' lang='grc' dir='ltr'><strong>καὶ</strong></span> <span class='ocrx_word' id='word_1_86' title='bbox 1243 1327 1339 1382; x_wconf 81' lang='grc' dir='ltr'>τοῦ</span> <span class='ocrx_word' id='word_1_87' title='bbox 1386 1330 1565 1401; x_wconf 81' lang='grc' dir='ltr'>μηροῦ</span> <span class='ocrx_word' id='word_1_88' title='bbox 1597 1331 2018 1394; x_wconf 84' lang='grc' dir='ltr'>διαπίπτοντος·</span> 
     </span>
    </p>
   </div>
   <div class='ocr_carea' id='block_1_14' title="bbox 424 1405 2021 1492">
    <p class='ocr_par' dir='ltr' id='par_1_14' title="bbox 424 1405 2021 1492">
     <span class='ocr_line' id='line_1_14' title="bbox 424 1405 2021 1492; baseline 0.008 -28"><span class='ocrx_word' id='word_1_89' title='bbox 424 1411 490 1464; x_wconf 84' lang='grc' dir='ltr'>δι’</span> <span class='ocrx_word' id='word_1_90' title='bbox 525 1405 601 1465; x_wconf 82' lang='grc' dir='ltr'>ὧν</span> <span class='ocrx_word' id='word_1_91' title='bbox 635 1413 746 1484; x_wconf 84' lang='grc' dir='ltr'><strong>γὰρ</strong></span> <span class='ocrx_word' id='word_1_92' title='bbox 781 1416 814 1485; x_wconf 89' lang='grc' dir='ltr'><strong>ή</strong></span> <span class='ocrx_word' id='word_1_93' title='bbox 845 1416 1114 1486; x_wconf 82' lang='grc' dir='ltr'>ἁμαρτία,</span> <span class='ocrx_word' id='word_1_94' title='bbox 1146 1418 1234 1472; x_wconf 83' lang='grc' dir='ltr'>διὰ</span> <span class='ocrx_word' id='word_1_95' title='bbox 1265 1420 1474 1474; x_wconf 83' lang='grc' dir='ltr'>τούτων</span> <span class='ocrx_word' id='word_1_96' title='bbox 1502 1422 1832 1492; x_wconf 84' lang='grc' dir='ltr'>ήτιμωρία·</span> <span class='ocrx_word' id='word_1_97' title='bbox 1872 1423 1932 1474; x_wconf 83' lang='grc' dir='ltr'><strong>τὸ</strong></span> <span class='ocrx_word' id='word_1_98' title='bbox 1965 1423 2021 1476; x_wconf 80' lang='grc' dir='ltr'>δὲ</span> 
     </span>
    </p>
   </div>
   <div class='ocr_carea' id='block_1_15' title="bbox 427 1504 2023 1584">
    <p class='ocr_par' dir='ltr' id='par_1_15' title="bbox 427 1504 2023 1584">
     <span class='ocr_line' id='line_1_15' title="bbox 427 1504 2023 1584; baseline 0.009 -30"><span class='ocrx_word' id='word_1_99' title='bbox 427 1504 675 1574; x_wconf 75' lang='grc' dir='ltr'>ἐνόρκιον</span> <span class='ocrx_word' id='word_1_100' title='bbox 708 1507 852 1560; x_wconf 79' lang='grc' dir='ltr'>οὕτω</span> <span class='ocrx_word' id='word_1_101' title='bbox 889 1511 1110 1577; x_wconf 85' lang='grc' dir='ltr'>νοητέον</span> <span class='ocrx_word' id='word_1_102' title='bbox 1134 1528 1149 1544; x_wconf 87' lang='grc'><strong>·</strong></span> <span class='ocrx_word' id='word_1_103' title='bbox 1175 1512 1303 1565; x_wconf 85' lang='grc' dir='ltr'>ὅταν</span> <span class='ocrx_word' id='word_1_104' title='bbox 1329 1529 1414 1576; x_wconf 89' lang='grc' dir='ltr'><strong>τις</strong></span> <span class='ocrx_word' id='word_1_105' title='bbox 1441 1513 1592 1567; x_wconf 90' lang='grc' dir='ltr'>δεινά</span> <span class='ocrx_word' id='word_1_106' title='bbox 1624 1514 1718 1568; x_wconf 73' lang='grc' dir='ltr'>καὶ</span> <span class='ocrx_word' id='word_1_107' title='bbox 1745 1515 2023 1584; x_wconf 82' lang='grc' dir='ltr'>ἀνήκεστα</span> 
     </span>
    </p>
   </div>
   <div class='ocr_carea' id='block_1_16' title="bbox 428 1594 2026 1677">
    <p class='ocr_par' dir='ltr' id='par_1_16' title="bbox 428 1594 2026 1677">
     <span class='ocr_line' id='line_1_16' title="bbox 428 1594 2026 1677; baseline 0.01 -33"><span class='ocrx_word' id='word_1_108' title='bbox 428 1594 601 1664; x_wconf 78' lang='grc' dir='ltr'>πάθῃ,</span> <span class='ocrx_word' id='word_1_109' title='bbox 629 1595 857 1650; x_wconf 73' lang='grc' dir='ltr'>εἰώθασί</span> <span class='ocrx_word' id='word_1_110' title='bbox 883 1616 1027 1663; x_wconf 90' lang='grc' dir='ltr'>τινες</span> <span class='ocrx_word' id='word_1_111' title='bbox 1057 1599 1322 1672; x_wconf 84' lang='grc' dir='ltr'>ὀμνύντες</span> <span class='ocrx_word' id='word_1_112' title='bbox 1354 1603 1556 1672; x_wconf 83' lang='grc' dir='ltr'>λέγειν,</span> <span class='ocrx_word' id='word_1_113' title='bbox 1588 1605 1681 1677; x_wconf 83' lang='grc' dir='ltr'><strong>Μὴ</strong></span> <span class='ocrx_word' id='word_1_114' title='bbox 1726 1605 1958 1676; x_wconf 86' lang='grc' dir='ltr'>πάθοιμι</span> <span class='ocrx_word' id='word_1_115' title='bbox 1987 1606 2026 1660; x_wconf 80' lang='grc' dir='ltr'><strong>ἀ</strong></span> 
     </span>
    </p>
   </div>
   <div class='ocr_carea' id='block_1_17' title="bbox 429 1687 958 1746">
    <p class='ocr_par' dir='ltr' id='par_1_17' title="bbox 429 1687 958 1746">
     <span class='ocr_line' id='line_1_17' title="bbox 429 1687 958 1746; baseline 0.011 -8"><span class='ocrx_word' id='word_1_116' title='bbox 429 1687 455 1738; x_wconf 87' lang='grc' dir='ltr'><strong>ό</strong></span> <span class='ocrx_word' id='word_1_117' title='bbox 489 1687 636 1740; x_wconf 83' lang='grc' dir='ltr'>δεῖνα</span> <span class='ocrx_word' id='word_1_118' title='bbox 670 1689 958 1746; x_wconf 82' lang='grc' dir='ltr'>πέπονθεν.</span> 
     </span>
    </p>
   </div>
   <div class='ocr_carea' id='block_1_18' title="bbox 945 1806 1510 1876">
    <p class='ocr_par' dir='ltr' id='par_1_18' title="bbox 945 1806 1510 1876">
     <span class='ocr_line' id='line_1_18' title="bbox 945 1806 1510 1876; baseline 0.009 -19"><span class='ocrx_word' id='word_1_119' title='bbox 945 1806 1282 1860; x_wconf 69' lang='grc' dir='ltr'><strong>ΕΡΩΤΗΣιΣ</strong></span> <span class='ocrx_word' id='word_1_120' title='bbox 1331 1809 1510 1876; x_wconf 68' lang='grc' dir='ltr'>Συςι.</span> 
     </span>
    </p>
   </div>
   <div class='ocr_carea' id='block_1_19' title="bbox 435 1887 2025 1983">
    <p class='ocr_par' dir='ltr' id='par_1_19' title="bbox 435 1887 2025 1983">
     <span class='ocr_line' id='line_1_19' title="bbox 435 1887 2025 1983; baseline 0.008 -39"><span class='ocrx_word' id='word_1_121' title='bbox 435 1887 610 1958; x_wconf 77' lang='grc' dir='ltr'>Τίνος</span> <span class='ocrx_word' id='word_1_122' title='bbox 653 1889 865 1947; x_wconf 76' lang='grc' dir='ltr'>ἕνεκεν</span> <span class='ocrx_word' id='word_1_123' title='bbox 912 1893 1366 1983; x_wconf 70' lang='grc' dir='ltr'>ἁμαρτάνουρνιν</span> <span class='ocrx_word' id='word_1_124' title='bbox 1430 1899 1616 1966; x_wconf 80' lang='grc' dir='ltr'>εὐθὺς</span> <span class='ocrx_word' id='word_1_125' title='bbox 1678 1900 1889 1971; x_wconf 82' lang='grc' dir='ltr'><strong>ἐπάγει</strong></span> <span class='ocrx_word' id='word_1_126' title='bbox 1918 1901 2025 1969; x_wconf 83' lang='grc' dir='ltr'>τὰς</span> 
     </span>
    </p>
   </div>
   <div class='ocr_carea' id='block_1_20' title="bbox 1068 1984 1382 2036">
    <p class='ocr_par' dir='ltr' id='par_1_20' title="bbox 1068 1984 1382 2036">
     <span class='ocr_line' id='line_1_20' title="bbox 1068 1984 1382 2036; baseline 0.003 -16"><span class='ocrx_word' id='word_1_127' title='bbox 1068 1984 1382 2036; x_wconf 79' lang='grc' dir='ltr'>τιμωριας;</span> 
     </span>
    </p>
   </div>
   <div class='ocr_carea' id='block_1_21' title="bbox 2117 683 3704 756">
    <p class='ocr_par' dir='ltr' id='par_1_21' title="bbox 2117 683 3704 756">
     <span class='ocr_line' id='line_1_21' title="bbox 2117 683 3704 756; baseline -0.001 -16"><span class='ocrx_word' id='word_1_128' title='bbox 2117 686 2276 756; x_wconf 90' lang='lat' dir='ltr'><strong>aquis</strong></span> <span class='ocrx_word' id='word_1_129' title='bbox 2298 685 2588 750; x_wconf 87' lang='lat' dir='ltr'><strong>deluenda,</strong></span> <span class='ocrx_word' id='word_1_130' title='bbox 2619 700 2791 755; x_wconf 82' lang='lat' dir='ltr'><strong>aquas</strong></span> <span class='ocrx_word' id='word_1_131' title='bbox 2813 691 2996 737; x_wconf 89' lang='lat' dir='ltr'><strong>autem</strong></span> <span class='ocrx_word' id='word_1_132' title='bbox 3023 683 3242 740; x_wconf 86' lang='lat' dir='ltr'><strong>mulieri</strong></span> <span class='ocrx_word' id='word_1_133' title='bbox 3271 683 3704 752; x_wconf 80' lang='lat' dir='ltr'><strong>exhauriendas,</strong></span> 
     </span>
    </p>
   </div>
   <div class='ocr_carea' id='block_1_22' title="bbox 2119 775 3708 848">
    <p class='ocr_par' dir='ltr' id='par_1_22' title="bbox 2119 775 3708 848">
     <span class='ocr_line' id='line_1_22' title="bbox 2119 775 3708 848; baseline -0.001 -17"><span class='ocrx_word' id='word_1_134' title='bbox 2119 780 2389 848; x_wconf 86' lang='lat' dir='ltr'><strong>priusque</strong></span> <span class='ocrx_word' id='word_1_135' title='bbox 2441 777 2779 832; x_wconf 76' lang='lat' dir='ltr'><strong>oblationem</strong></span> <span class='ocrx_word' id='word_1_136' title='bbox 2826 775 3048 836; x_wconf 80' lang='lat' dir='ltr'><strong>aﬂ&#39;erri.</strong></span> <span class='ocrx_word' id='word_1_137' title='bbox 3103 777 3154 832; x_wconf 87' lang='lat' dir='ltr'><strong>id</strong></span> <span class='ocrx_word' id='word_1_138' title='bbox 3211 784 3297 832; x_wconf 88' lang='lat' dir='ltr'><strong>est</strong></span> <span class='ocrx_word' id='word_1_139' title='bbox 3341 776 3708 834; x_wconf 83' lang='lat' dir='ltr'><strong>hordeaceam</strong></span> 
     </span>
    </p>
   </div>
   <div class='ocr_carea' id='block_1_23' title="bbox 2118 867 3708 938">
    <p class='ocr_par' dir='ltr' id='par_1_23' title="bbox 2118 867 3708 938">
     <span class='ocr_line' id='line_1_23' title="bbox 2118 867 3708 938; baseline 0 -14"><span class='ocrx_word' id='word_1_140' title='bbox 2118 869 2375 925; x_wconf 77' lang='lat' dir='ltr'><strong>farinam.</strong></span> <span class='ocrx_word' id='word_1_141' title='bbox 2417 867 2621 924; x_wconf 84' lang='lat' dir='ltr'><strong>Deinde</strong></span> <span class='ocrx_word' id='word_1_142' title='bbox 2651 868 2914 924; x_wconf 90' lang='lat' dir='ltr'><strong>admonet</strong></span> <span class='ocrx_word' id='word_1_143' title='bbox 2941 868 3249 936; x_wconf 86' lang='lat' dir='ltr'><strong>mulierem,</strong></span> <span class='ocrx_word' id='word_1_144' title='bbox 3279 868 3326 924; x_wconf 89' lang='lat' dir='ltr'><strong>si</strong></span> <span class='ocrx_word' id='word_1_145' title='bbox 3355 868 3430 925; x_wconf 89' lang='lat' dir='ltr'><strong>sit</strong></span> <span class='ocrx_word' id='word_1_146' title='bbox 3460 869 3708 938; x_wconf 79' lang='lat' dir='ltr'><strong>innoxia,</strong></span> 
     </span>
    </p>
   </div>
   <div class='ocr_carea' id='block_1_24' title="bbox 2119 959 3708 1032">
    <p class='ocr_par' dir='ltr' id='par_1_24' title="bbox 2119 959 3708 1032">
     <span class='ocr_line' id='line_1_24' title="bbox 2119 959 3708 1032; baseline -0.001 -16"><span class='ocrx_word' id='word_1_147' title='bbox 2119 961 2452 1017; x_wconf 89' lang='lat' dir='ltr'><strong>incolumem</strong></span> <span class='ocrx_word' id='word_1_148' title='bbox 2503 960 2796 1028; x_wconf 83' lang='lat' dir='ltr'><strong>futuram;</strong></span> <span class='ocrx_word' id='word_1_149' title='bbox 2847 959 2930 1014; x_wconf 91' lang='lat' dir='ltr'><strong>sin</strong></span> <span class='ocrx_word' id='word_1_150' title='bbox 2983 971 3166 1016; x_wconf 89' lang='lat' dir='ltr'><strong>autem</strong></span> <span class='ocrx_word' id='word_1_151' title='bbox 3213 961 3452 1017; x_wconf 81' lang='lat' dir='ltr'><strong>obnoxia</strong></span> <span class='ocrx_word' id='word_1_152' title='bbox 3492 961 3708 1032; x_wconf 84' lang='lat' dir='ltr'><strong>culpam</strong></span> 
     </span>
    </p>
   </div>
   <div class='ocr_carea' id='block_1_25' title="bbox 2119 1052 3711 1124">
    <p class='ocr_par' dir='ltr' id='par_1_25' title="bbox 2119 1052 3711 1124">
     <span class='ocr_line' id='line_1_25' title="bbox 2119 1052 3711 1124; baseline -0.001 -16"><span class='ocrx_word' id='word_1_153' title='bbox 2119 1055 2278 1119; x_wconf 84' lang='lat' dir='ltr'><strong>celet,</strong></span> <span class='ocrx_word' id='word_1_154' title='bbox 2309 1054 2642 1124; x_wconf 76' lang='lat' dir='ltr'><strong>experiendo</strong></span> <span class='ocrx_word' id='word_1_155' title='bbox 2676 1052 3004 1108; x_wconf 88' lang='lat' dir='ltr'><strong>discituram</strong></span> <span class='ocrx_word' id='word_1_156' title='bbox 3052 1069 3177 1124; x_wconf 71' lang='lat' dir='ltr'><strong>qua:</strong></span> <span class='ocrx_word' id='word_1_157' title='bbox 3207 1053 3283 1107; x_wconf 90' lang='lat' dir='ltr'><strong>sit</strong></span> <span class='ocrx_word' id='word_1_158' title='bbox 3306 1053 3711 1109; x_wconf 82' lang='lat' dir='ltr'><strong>exsecrationis</strong></span> 
     </span>
    </p>
   </div>
   <div class='ocr_carea' id='block_1_26' title="bbox 2120 1141 3711 1215">
    <p class='ocr_par' dir='ltr' id='par_1_26' title="bbox 2120 1141 3711 1215">
     <span class='ocr_line' id='line_1_26' title="bbox 2120 1141 3711 1215; baseline -0.001 -16"><span class='ocrx_word' id='word_1_159' title='bbox 2120 1147 2225 1210; x_wconf 85' lang='lat' dir='ltr'><strong>vis,</strong></span> <span class='ocrx_word' id='word_1_160' title='bbox 2256 1156 2312 1201; x_wconf 91' lang='lat' dir='ltr'><strong>et</strong></span> <span class='ocrx_word' id='word_1_161' title='bbox 2349 1145 2562 1214; x_wconf 89' lang='lat' dir='ltr'><strong>dilapso</strong></span> <span class='ocrx_word' id='word_1_162' title='bbox 2599 1154 2790 1200; x_wconf 90' lang='lat' dir='ltr'><strong>ventre</strong></span> <span class='ocrx_word' id='word_1_163' title='bbox 2816 1143 2993 1200; x_wconf 84' lang='lat' dir='ltr'><strong>femur</strong></span> <span class='ocrx_word' id='word_1_164' title='bbox 3022 1142 3520 1215; x_wconf 83' lang='lat' dir='ltr'><strong>putrefaciendum.</strong></span> <span class='ocrx_word' id='word_1_165' title='bbox 3552 1141 3711 1198; x_wconf 91' lang='lat' dir='ltr'><strong>Unde</strong></span> 
     </span>
    </p>
   </div>
   <div class='ocr_carea' id='block_1_27' title="bbox 2121 1235 3712 1308">
    <p class='ocr_par' dir='ltr' id='par_1_27' title="bbox 2121 1235 3712 1308">
     <span class='ocr_line' id='line_1_27' title="bbox 2121 1235 3712 1308; baseline -0.001 -16"><span class='ocrx_word' id='word_1_166' title='bbox 2121 1238 2268 1292; x_wconf 84' lang='lat' dir='ltr'><strong>enim</strong></span> <span class='ocrx_word' id='word_1_167' title='bbox 2310 1251 2618 1308; x_wconf 87' lang='lat' dir='ltr'><strong>peccatum,</strong></span> <span class='ocrx_word' id='word_1_168' title='bbox 2670 1238 2869 1293; x_wconf 82' lang='lat' dir='ltr'><strong>exinde</strong></span> <span class='ocrx_word' id='word_1_169' title='bbox 2914 1251 3099 1308; x_wconf 74' lang='lat' dir='ltr'><strong>poma.</strong></span> <span class='ocrx_word' id='word_1_170' title='bbox 3150 1235 3549 1306; x_wconf 75' lang='lat' dir='ltr'><strong>Jusjurandum</strong></span> <span class='ocrx_word' id='word_1_171' title='bbox 3581 1251 3712 1290; x_wconf 88' lang='lat' dir='ltr'><strong>vero</strong></span> 
     </span>
    </p>
   </div>
   <div class='ocr_carea' id='block_1_28' title="bbox 2124 1329 3715 1400">
    <p class='ocr_par' dir='ltr' id='par_1_28' title="bbox 2124 1329 3715 1400">
     <span class='ocr_line' id='line_1_28' title="bbox 2124 1329 3715 1400; baseline -0.001 -16"><span class='ocrx_word' id='word_1_172' title='bbox 2124 1331 2196 1384; x_wconf 87' lang='lat' dir='ltr'><strong>ita</strong></span> <span class='ocrx_word' id='word_1_173' title='bbox 2236 1330 2649 1400; x_wconf 87' lang='lat' dir='ltr'><strong>intelligendum</strong></span> <span class='ocrx_word' id='word_1_174' title='bbox 2679 1339 2806 1386; x_wconf 85' lang='lat' dir='ltr'><strong>est:</strong></span> <span class='ocrx_word' id='word_1_175' title='bbox 2850 1347 2975 1386; x_wconf 92' lang='lat' dir='ltr'><strong>cum</strong></span> <span class='ocrx_word' id='word_1_176' title='bbox 3015 1330 3215 1400; x_wconf 89' lang='lat' dir='ltr'><strong>aliquis</strong></span> <span class='ocrx_word' id='word_1_177' title='bbox 3278 1329 3424 1384; x_wconf 89' lang='lat' dir='ltr'><strong>mala</strong></span> <span class='ocrx_word' id='word_1_178' title='bbox 3454 1337 3510 1385; x_wconf 90' lang='lat' dir='ltr'><strong>et</strong></span> <span class='ocrx_word' id='word_1_179' title='bbox 3565 1329 3715 1385; x_wconf 83' lang='lat' dir='ltr'><strong>insa-</strong></span> 
     </span>
    </p>
   </div>
   <div class='ocr_carea' id='block_1_29' title="bbox 2125 1423 3712 1493">
    <p class='ocr_par' dir='ltr' id='par_1_29' title="bbox 2125 1423 3712 1493">
     <span class='ocr_line' id='line_1_29' title="bbox 2125 1423 3712 1493; baseline 0.002 -18"><span class='ocrx_word' id='word_1_180' title='bbox 2125 1423 2325 1476; x_wconf 86' lang='lat' dir='ltr'><strong>nabilia</strong></span> <span class='ocrx_word' id='word_1_181' title='bbox 2351 1423 2493 1488; x_wconf 90' lang='lat' dir='ltr'><strong>tulit,</strong></span> <span class='ocrx_word' id='word_1_182' title='bbox 2519 1423 2934 1493; x_wconf 89' lang='lat' dir='ltr'><strong>solentquidam</strong></span> <span class='ocrx_word' id='word_1_183' title='bbox 2963 1423 3469 1493; x_wconf 87' lang='lat' dir='ltr'><strong>cumjurejurando</strong></span> <span class='ocrx_word' id='word_1_184' title='bbox 3490 1423 3673 1479; x_wconf 88' lang='lat' dir='ltr'><strong>dicere</strong></span> <span class='ocrx_word' id='word_1_185' title='bbox 3695 1436 3712 1478; x_wconf 89' lang='lat'><strong>:</strong></span> 
     </span>
    </p>
   </div>
   <div class='ocr_carea' id='block_1_30' title="bbox 2127 1514 3456 1588">
    <p class='ocr_par' dir='ltr' id='par_1_30' title="bbox 2127 1514 3456 1588">
     <span class='ocr_line' id='line_1_30' title="bbox 2127 1514 3456 1588; baseline 0.002 -18"><span class='ocrx_word' id='word_1_186' title='bbox 2127 1514 2349 1572; x_wconf 88' lang='lat' dir='ltr'><strong>Utinam</strong></span> <span class='ocrx_word' id='word_1_187' title='bbox 2383 1531 2492 1572; x_wconf 90' lang='lat' dir='ltr'><strong>non</strong></span> <span class='ocrx_word' id='word_1_188' title='bbox 2524 1516 2696 1572; x_wconf 76' lang='lat' dir='ltr'><strong>feram</strong></span> <span class='ocrx_word' id='word_1_189' title='bbox 2735 1532 2858 1588; x_wconf 87' lang='lat' dir='ltr'><strong>quae</strong></span> <span class='ocrx_word' id='word_1_190' title='bbox 2887 1517 2990 1573; x_wconf 87' lang='lat' dir='ltr'><strong>iste</strong></span> <span class='ocrx_word' id='word_1_191' title='bbox 3020 1531 3320 1588; x_wconf 86' lang='lat' dir='ltr'><strong>perpessus</strong></span> <span class='ocrx_word' id='word_1_192' title='bbox 3350 1524 3456 1572; x_wconf 87' lang='lat' dir='ltr'><strong>est.</strong></span> 
     </span>
    </p>
   </div>
   <div class='ocr_carea' id='block_1_31' title="bbox 2277 1822 3578 1898">
    <p class='ocr_par' dir='ltr' id='par_1_31' title="bbox 2277 1822 3578 1898">
     <span class='ocr_line' id='line_1_31' title="bbox 2277 1822 3578 1898; baseline -0.002 -18"><span class='ocrx_word' id='word_1_193' title='bbox 2277 1823 2614 1890; x_wconf 58' lang='lat' dir='ltr'><strong>&#39;QUIESTIO</strong></span> <span class='ocrx_word' id='word_1_194' title='bbox 2652 1824 2980 1881; x_wconf 78' lang='lat' dir='ltr'><strong>CCLXXVI.</strong></span> <span class='ocrx_word' id='word_1_195' title='bbox 3024 1824 3198 1898; x_wconf 77' lang='lat' dir='ltr'><strong>[Maio</strong></span> <span class='ocrx_word' id='word_1_196' title='bbox 3225 1822 3578 1897; x_wconf 82' lang='lat' dir='ltr'><strong>CCLXXVI.]</strong></span> 
     </span>
    </p>
   </div>
   <div class='ocr_carea' id='block_1_32' title="bbox 2166 1915 3678 1990">
    <p class='ocr_par' dir='ltr' id='par_1_32' title="bbox 2166 1915 3678 1990">
     <span class='ocr_line' id='line_1_32' title="bbox 2166 1915 3678 1990; baseline 0.001 -20"><span class='ocrx_word' id='word_1_197' title='bbox 2166 1915 2276 1971; x_wconf 86' lang='lat' dir='ltr'><strong>Cur</strong></span> <span class='ocrx_word' id='word_1_198' title='bbox 2300 1935 2332 1971; x_wconf 81' lang='grc' dir='ltr'><strong>τι</strong></span> <span class='ocrx_word' id='word_1_199' title='bbox 2359 1919 2726 1988; x_wconf 82' lang='lat' dir='ltr'><strong>peccatoribus</strong></span> <span class='ocrx_word' id='word_1_200' title='bbox 2770 1935 2935 1989; x_wconf 64' lang='lat' dir='ltr'><strong>paena:</strong></span> <span class='ocrx_word' id='word_1_201' title='bbox 2976 1921 3160 1975; x_wconf 78' lang='lat' dir='ltr'><strong>statim</strong></span> <span class='ocrx_word' id='word_1_202' title='bbox 3187 1928 3506 1990; x_wconf 73' lang='lat' dir='ltr'><strong>expetantur</strong></span> <span class='ocrx_word' id='word_1_203' title='bbox 3538 1916 3678 1989; x_wconf 80' lang='lat'><strong>(75).</strong></span> 
     </span>
    </p>
   </div>
   <div class='ocr_carea' id='block_1_33' title="bbox 1211 2059 2949 2134">
    <p class='ocr_par' dir='ltr' id='par_1_33' title="bbox 1211 2059 2949 2134">
     <span class='ocr_line' id='line_1_33' title="bbox 1211 2059 2949 2134; baseline 0.007 -25"><span class='ocrx_word' id='word_1_204' title='bbox 1211 2059 1356 2110; x_wconf 85' lang='lat' dir='ltr'><strong>Edita</strong></span> <span class='ocrx_word' id='word_1_205' title='bbox 1385 2074 1414 2109; x_wconf 88' lang='lat' dir='ltr'><strong>a</strong></span> <span class='ocrx_word' id='word_1_206' title='bbox 1441 2059 1568 2110; x_wconf 79' lang='lat' dir='ltr'><strong>Maio</strong></span> <span class='ocrx_word' id='word_1_207' title='bbox 1600 2061 1657 2124; x_wconf 85' lang='grc' dir='ltr'><strong>(Ι.</strong></span> <span class='ocrx_word' id='word_1_208' title='bbox 1687 2075 1726 2112; x_wconf 90' lang='lat' dir='ltr'><strong>c.</strong></span> <span class='ocrx_word' id='word_1_209' title='bbox 1754 2076 1802 2124; x_wconf 92' lang='lat' dir='ltr'><strong>p.</strong></span> <span class='ocrx_word' id='word_1_210' title='bbox 1837 2062 1948 2124; x_wconf 84' lang='grc'><strong>157,</strong></span> <span class='ocrx_word' id='word_1_211' title='bbox 1980 2061 2116 2127; x_wconf 80' lang='grc'><strong>158).</strong></span> <span class='ocrx_word' id='word_1_212' title='bbox 2137 2093 2199 2103; x_wconf 87' lang='grc'><strong>--</strong></span> <span class='ocrx_word' id='word_1_213' title='bbox 2222 2067 2292 2117; x_wconf 90' lang='lat' dir='ltr'><strong>De</strong></span> <span class='ocrx_word' id='word_1_214' title='bbox 2318 2074 2461 2119; x_wconf 74' lang='lat' dir='ltr'><strong>textu</strong></span> <span class='ocrx_word' id='word_1_215' title='bbox 2492 2069 2638 2120; x_wconf 80' lang='lat' dir='ltr'><strong>Num.</strong></span> <span class='ocrx_word' id='word_1_216' title='bbox 2673 2085 2742 2132; x_wconf 77' lang='lat' dir='ltr'><strong>XI,</strong></span> <span class='ocrx_word' id='word_1_217' title='bbox 2780 2071 2800 2121; x_wconf 85' lang='lat' dir='ltr'><strong>l</strong></span> <span class='ocrx_word' id='word_1_218' title='bbox 2839 2085 2949 2134; x_wconf 89' lang='lat' dir='ltr'><strong>seq.</strong></span> 
     </span>
    </p>
   </div>
   <div class='ocr_carea' id='block_1_34' title="bbox 517 2139 2030 2221">
    <p class='ocr_par' dir='ltr' id='par_1_34' title="bbox 517 2139 2030 2221">
     <span class='ocr_line' id='line_1_34' title="bbox 517 2139 2030 2221; baseline 0.005 -24"><span class='ocrx_word' id='word_1_219' title='bbox 517 2142 717 2216; x_wconf 78' lang='grc' dir='ltr'>’Δρχήν</span> <span class='ocrx_word' id='word_1_220' title='bbox 755 2139 902 2216; x_wconf 81' lang='grc' dir='ltr'>εῖχεν</span> <span class='ocrx_word' id='word_1_221' title='bbox 934 2145 964 2199; x_wconf 79' lang='grc' dir='ltr'><strong>ό</strong></span> <span class='ocrx_word' id='word_1_222' title='bbox 1002 2145 1167 2216; x_wconf 88' lang='grc' dir='ltr'>νόμος</span> <span class='ocrx_word' id='word_1_223' title='bbox 1190 2162 1205 2177; x_wconf 89' lang='grc'><strong>·</strong></span> <span class='ocrx_word' id='word_1_224' title='bbox 1246 2147 1356 2201; x_wconf 77' lang='grc' dir='ltr'>ἔδει</span> <span class='ocrx_word' id='word_1_225' title='bbox 1399 2148 1577 2202; x_wconf 81' lang='grc' dir='ltr'>τοίνυν</span> <span class='ocrx_word' id='word_1_226' title='bbox 1605 2151 1671 2220; x_wconf 84' lang='grc' dir='ltr'>τῇ</span> <span class='ocrx_word' id='word_1_227' title='bbox 1703 2151 1812 2203; x_wconf 84' lang='grc' dir='ltr'><strong>τῶν</strong></span> <span class='ocrx_word' id='word_1_228' title='bbox 1851 2168 2030 2221; x_wconf 88' lang='grc' dir='ltr'>παρα-</span> 
     </span>
    </p>
   </div>
   <div class='ocr_carea' id='block_1_35' title="bbox 435 2233 2030 2310">
    <p class='ocr_par' dir='ltr' id='par_1_35' title="bbox 435 2233 2030 2310">
     <span class='ocr_line' id='line_1_35' title="bbox 435 2233 2030 2310; baseline 0.004 -22"><span class='ocrx_word' id='word_1_229' title='bbox 435 2233 734 2290; x_wconf 75' lang='grc' dir='ltr'>ϐαινόντων</span> <span class='ocrx_word' id='word_1_230' title='bbox 789 2238 1033 2310; x_wconf 65' lang='grc' dir='ltr'>τιμωρίᾳ</span> <span class='ocrx_word' id='word_1_231' title='bbox 1093 2237 1532 2310; x_wconf 81' lang='grc' dir='ltr'>σωφρονίζεσθαι</span> <span class='ocrx_word' id='word_1_232' title='bbox 1581 2241 1712 2304; x_wconf 83' lang='grc' dir='ltr'>τοὺς</span> <span class='ocrx_word' id='word_1_233' title='bbox 1767 2241 2030 2305; x_wconf 82' lang='grc' dir='ltr'>λοιπούς·</span> 
     </span>
    </p>
   </div>
   <div class='ocr_carea' id='block_1_36' title="bbox 438 2329 2036 2403">
    <p class='ocr_par' dir='ltr' id='par_1_36' title="bbox 438 2329 2036 2403">
     <span class='ocr_line' id='line_1_36' title="bbox 438 2329 2036 2403; baseline 0.003 -20"><span class='ocrx_word' id='word_1_234' title='bbox 438 2329 698 2400; x_wconf 81' lang='grc' dir='ltr'>ἁρμόδιος</span> <span class='ocrx_word' id='word_1_235' title='bbox 735 2330 846 2403; x_wconf 81' lang='grc' dir='ltr'><strong>γάρ</strong></span> <span class='ocrx_word' id='word_1_236' title='bbox 881 2334 997 2394; x_wconf 83' lang='grc' dir='ltr'>τοῖς</span> <span class='ocrx_word' id='word_1_237' title='bbox 1029 2331 1356 2403; x_wconf 81' lang='grc' dir='ltr'>ἀρχομένοις</span> <span class='ocrx_word' id='word_1_238' title='bbox 1390 2333 1418 2385; x_wconf 85' lang='grc' dir='ltr'><strong>ό</strong></span> <span class='ocrx_word' id='word_1_239' title='bbox 1451 2332 1618 2402; x_wconf 80' lang='grc' dir='ltr'>φόϐος</span> <span class='ocrx_word' id='word_1_240' title='bbox 1646 2349 1662 2364; x_wconf 90' lang='grc'><strong>·</strong></span> <span class='ocrx_word' id='word_1_241' title='bbox 1707 2333 2036 2399; x_wconf 80' lang='grc' dir='ltr'>συνέζευκτο</span> 
     </span>
    </p>
   </div>
   <div class='ocr_carea' id='block_1_37' title="bbox 442 2421 2036 2498">
    <p class='ocr_par' dir='ltr' id='par_1_37' title="bbox 442 2421 2036 2498">
     <span class='ocr_line' id='line_1_37' title="bbox 442 2421 2036 2498; baseline 0.003 -23"><span class='ocrx_word' id='word_1_242' title='bbox 442 2421 628 2493; x_wconf 84' lang='grc' dir='ltr'>μέντοι</span> <span class='ocrx_word' id='word_1_243' title='bbox 690 2425 758 2494; x_wconf 78' lang='grc' dir='ltr'>τῇ</span> <span class='ocrx_word' id='word_1_244' title='bbox 806 2423 1050 2496; x_wconf 84' lang='grc' dir='ltr'>τιμωρίᾳ</span> <span class='ocrx_word' id='word_1_245' title='bbox 1103 2423 1528 2497; x_wconf 82' lang='grc' dir='ltr'>φιλανθρωπία·</span> <span class='ocrx_word' id='word_1_246' title='bbox 1602 2427 2036 2498; x_wconf 85' lang='grc' dir='ltr'>μεταμελόμενοι</span> 
     </span>
    </p>
   </div>
   <div class='ocr_carea' id='block_1_38' title="bbox 439 2514 2036 2589">
    <p class='ocr_par' dir='ltr' id='par_1_38' title="bbox 439 2514 2036 2589">
     <span class='ocr_line' id='line_1_38' title="bbox 439 2514 2036 2589; baseline 0.002 -21"><span class='ocrx_word' id='word_1_247' title='bbox 439 2515 552 2585; x_wconf 81' lang='grc' dir='ltr'>γὰρ</span> <span class='ocrx_word' id='word_1_248' title='bbox 609 2514 1027 2588; x_wconf 81' lang='grc' dir='ltr'>φιλανθρωπίας</span> <span class='ocrx_word' id='word_1_249' title='bbox 1098 2517 1417 2588; x_wconf 81' lang='grc' dir='ltr'>ἀπήλαυον·</span> <span class='ocrx_word' id='word_1_250' title='bbox 1484 2519 1689 2574; x_wconf 74' lang='grc' dir='ltr'>αὐτίκα</span> <span class='ocrx_word' id='word_1_251' title='bbox 1757 2520 1891 2589; x_wconf 82' lang='grc' dir='ltr'>γοῦν</span> <span class='ocrx_word' id='word_1_252' title='bbox 1941 2519 2036 2572; x_wconf 77' lang='grc' dir='ltr'>τοῦ</span> 
     </span>
    </p>
   </div>
   <div class='ocr_carea' id='block_1_39' title="bbox 442 2605 2040 2683">
    <p class='ocr_par' dir='ltr' id='par_1_39' title="bbox 442 2605 2040 2683">
     <span class='ocr_line' id='line_1_39' title="bbox 442 2605 2040 2683; baseline 0.003 -23"><span class='ocrx_word' id='word_1_253' title='bbox 442 2605 707 2677; x_wconf 81' lang='grc' dir='ltr'>θεηλάτου</span> <span class='ocrx_word' id='word_1_254' title='bbox 763 2607 936 2679; x_wconf 81' lang='grc' dir='ltr'>πυρὸς</span> <span class='ocrx_word' id='word_1_255' title='bbox 973 2610 1139 2681; x_wconf 82' lang='grc' dir='ltr'>μέρος</span> <span class='ocrx_word' id='word_1_256' title='bbox 1177 2627 1231 2664; x_wconf 89' lang='grc' dir='ltr'><strong>τι</strong></span> <span class='ocrx_word' id='word_1_257' title='bbox 1271 2613 1372 2682; x_wconf 82' lang='grc' dir='ltr'>τῆς</span> <span class='ocrx_word' id='word_1_258' title='bbox 1421 2611 1781 2683; x_wconf 77' lang='grc' dir='ltr'>παρεμϐολῆς</span> <span class='ocrx_word' id='word_1_259' title='bbox 1830 2610 2040 2666; x_wconf 84' lang='grc' dir='ltr'>ἀναλώ-</span> 
     </span>
    </p>
   </div>
   <div class='ocr_carea' id='block_1_40' title="bbox 447 2695 2036 2778">
    <p class='ocr_par' dir='ltr' id='par_1_40' title="bbox 447 2695 2036 2778">
     <span class='ocr_line' id='line_1_40' title="bbox 447 2695 2036 2778; baseline 0.004 -26"><span class='ocrx_word' id='word_1_260' title='bbox 447 2715 662 2766; x_wconf 86' lang='grc' dir='ltr'>σαντος,</span> <span class='ocrx_word' id='word_1_261' title='bbox 694 2695 815 2753; x_wconf 73' lang='grc' dir='ltr'>εἶτα</span> <span class='ocrx_word' id='word_1_262' title='bbox 859 2703 1081 2754; x_wconf 78' lang='grc' dir='ltr'>πάντων</span> <span class='ocrx_word' id='word_1_263' title='bbox 1126 2702 1654 2776; x_wconf 79' lang='grc' dir='ltr'>συνδεδραμηκότων</span> <span class='ocrx_word' id='word_1_264' title='bbox 1698 2708 1776 2771; x_wconf 86' lang='grc' dir='ltr'><strong>είς</strong></span> <span class='ocrx_word' id='word_1_265' title='bbox 1827 2704 2036 2778; x_wconf 79' lang='grc' dir='ltr'>δέησιν,</span> 
     </span>
    </p>
   </div>
   <div class='ocr_carea' id='block_1_41' title="bbox 445 2789 2040 2872">
    <p class='ocr_par' dir='ltr' id='par_1_41' title="bbox 445 2789 2040 2872">
     <span class='ocr_line' id='line_1_41' title="bbox 445 2789 2040 2872; baseline 0.021 -11"><span class='ocrx_word' id='word_1_266' title='bbox 445 2789 652 2862; x_wconf 71' lang='grc' dir='ltr'>ᾔτησεν</span> <span class='ocrx_word' id='word_1_267' title='bbox 687 2792 715 2845; x_wconf 79' lang='grc' dir='ltr'>ὁ</span> <span class='ocrx_word' id='word_1_268' title='bbox 750 2792 1051 2866; x_wconf 76' lang='grc' dir='ltr'>νομοθέτης</span> <span class='ocrx_word' id='word_1_269' title='bbox 1081 2795 1182 2864; x_wconf 76' lang='grc' dir='ltr'><strong>τὴν</strong></span> <span class='ocrx_word' id='word_1_270' title='bbox 1222 2794 1449 2866; x_wconf 59' lang='grc' dir='ltr'><strong>ἄφεσιν</strong></span> <span class='ocrx_word' id='word_1_271' title='bbox 1487 2799 1729 2870; x_wconf 68' lang='grc' dir='ltr'><strong>παρέσχε</strong></span> <span class='ocrx_word' id='word_1_272' title='bbox 1762 2798 1818 2852; x_wconf 68' lang='grc' dir='ltr'>δὲ</span> <span class='ocrx_word' id='word_1_273' title='bbox 1867 2800 2040 2872; x_wconf 61' lang='grc' dir='ltr'><strong>αὐτὴν</strong></span> 
     </span>
    </p>
   </div>
   <div class='ocr_carea' id='block_1_42' title="bbox 445 2882 2039 2958">
    <p class='ocr_par' dir='ltr' id='par_1_42' title="bbox 445 2882 2039 2958">
     <span class='ocr_line' id='line_1_42' title="bbox 445 2882 2039 2958; baseline 0.006 -23"><span class='ocrx_word' id='word_1_274' title='bbox 445 2884 474 2935; x_wconf 91' lang='grc' dir='ltr'><strong>ό</strong></span> <span class='ocrx_word' id='word_1_275' title='bbox 513 2882 904 2954; x_wconf 85' lang='grc' dir='ltr'>φιλάνθρωπος</span> <span class='ocrx_word' id='word_1_276' title='bbox 956 2885 1130 2949; x_wconf 88' lang='grc' dir='ltr'>Θεός·</span> <span class='ocrx_word' id='word_1_277' title='bbox 1178 2887 1258 2939; x_wconf 83' lang='grc' dir='ltr'><strong>ὅτι</strong></span> <span class='ocrx_word' id='word_1_278' title='bbox 1296 2886 1353 2939; x_wconf 83' lang='grc' dir='ltr'>δὲ</span> <span class='ocrx_word' id='word_1_279' title='bbox 1395 2887 1582 2952; x_wconf 77' lang='grc' dir='ltr'>αὐτοῖς</span> <span class='ocrx_word' id='word_1_280' title='bbox 1631 2889 1951 2958; x_wconf 82' lang='grc' dir='ltr'>ἀναγκαίως</span> <span class='ocrx_word' id='word_1_281' title='bbox 1983 2893 2039 2945; x_wconf 91' lang='grc' dir='ltr'><strong>αί</strong></span> 
     </span>
    </p>
   </div>
   <div class='ocr_carea' id='block_1_43' title="bbox 446 2976 2042 3055">
    <p class='ocr_par' dir='ltr' id='par_1_43' title="bbox 446 2976 2042 3055">
     <span class='ocr_line' id='line_1_43' title="bbox 446 2976 2042 3055; baseline 0.005 -25"><span class='ocrx_word' id='word_1_282' title='bbox 446 2976 713 3047; x_wconf 80' lang='grc' dir='ltr'>τιμωρίαι</span> <span class='ocrx_word' id='word_1_283' title='bbox 759 2977 1052 3046; x_wconf 86' lang='grc' dir='ltr'>ἐπήγοντο,</span> <span class='ocrx_word' id='word_1_284' title='bbox 1083 2977 1155 3031; x_wconf 86' lang='grc' dir='ltr'><strong>τὰ</strong></span> <span class='ocrx_word' id='word_1_285' title='bbox 1197 2977 1330 3049; x_wconf 78' lang='grc' dir='ltr'>ἑξῆς</span> <span class='ocrx_word' id='word_1_286' title='bbox 1376 2983 1680 3052; x_wconf 84' lang='grc' dir='ltr'>μαρτυρεῖ·</span> <span class='ocrx_word' id='word_1_287' title='bbox 1736 2982 1901 3046; x_wconf 81' lang='grc' dir='ltr'>εὐθὺς</span> <span class='ocrx_word' id='word_1_288' title='bbox 1932 2983 2042 3055; x_wconf 83' lang='grc' dir='ltr'><strong>γὰρ</strong></span> 
     </span>
    </p>
   </div>
   <div class='ocr_carea' id='block_1_44' title="bbox 451 3068 2045 3145">
    <p class='ocr_par' dir='ltr' id='par_1_44' title="bbox 451 3068 2045 3145">
     <span class='ocr_line' id='line_1_44' title="bbox 451 3068 2045 3145; baseline 0.005 -24"><span class='ocrx_word' id='word_1_289' title='bbox 451 3070 590 3139; x_wconf 73' lang='grc' dir='ltr'>μετὰ</span> <span class='ocrx_word' id='word_1_290' title='bbox 620 3069 724 3140; x_wconf 81' lang='grc' dir='ltr'><strong>τὴν</strong></span> <span class='ocrx_word' id='word_1_291' title='bbox 753 3068 967 3124; x_wconf 81' lang='grc' dir='ltr'>παῦλαν</span> <span class='ocrx_word' id='word_1_292' title='bbox 1001 3070 1107 3139; x_wconf 76' lang='grc' dir='ltr'>τῆς</span> <span class='ocrx_word' id='word_1_293' title='bbox 1137 3071 1430 3143; x_wconf 84' lang='grc' dir='ltr'>τιμωρίας,</span> <span class='ocrx_word' id='word_1_294' title='bbox 1472 3075 1573 3145; x_wconf 85' lang='grc' dir='ltr'>τῆς</span> <span class='ocrx_word' id='word_1_295' title='bbox 1616 3074 1899 3143; x_wconf 77' lang='grc' dir='ltr'>Αἰγύπτου</span> <span class='ocrx_word' id='word_1_296' title='bbox 1947 3077 2045 3129; x_wconf 79' lang='grc' dir='ltr'><strong>καὶ</strong></span> 
     </span>
    </p>
   </div>
   <div class='ocr_carea' id='block_1_45' title="bbox 447 3162 2044 3238">
    <p class='ocr_par' dir='ltr' id='par_1_45' title="bbox 447 3162 2044 3238">
     <span class='ocr_line' id='line_1_45' title="bbox 447 3162 2044 3238; baseline 0.004 -23"><span class='ocrx_word' id='word_1_297' title='bbox 447 3162 556 3216; x_wconf 82' lang='grc' dir='ltr'>τῶν</span> <span class='ocrx_word' id='word_1_298' title='bbox 598 3163 658 3215; x_wconf 86' lang='grc' dir='ltr'><strong>ἐν</strong></span> <span class='ocrx_word' id='word_1_299' title='bbox 701 3162 968 3232; x_wconf 80' lang='grc' dir='ltr'>Αἰγύπτῳ</span> <span class='ocrx_word' id='word_1_300' title='bbox 1023 3164 1125 3234; x_wconf 83' lang='grc' dir='ltr'>τὴν</span> <span class='ocrx_word' id='word_1_301' title='bbox 1173 3165 1397 3234; x_wconf 85' lang='grc' dir='ltr'>μνήμην</span> <span class='ocrx_word' id='word_1_302' title='bbox 1445 3165 1858 3221; x_wconf 83' lang='grc' dir='ltr'>ἀνενεώσαντο·</span> <span class='ocrx_word' id='word_1_303' title='bbox 1896 3168 2044 3238; x_wconf 83' lang='grc' dir='ltr'>μάλα</span> 
     </span>
    </p>
   </div>
   <div class='ocr_carea' id='block_1_46' title="bbox 447 3254 2044 3330">
    <p class='ocr_par' dir='ltr' id='par_1_46' title="bbox 447 3254 2044 3330">
     <span class='ocr_line' id='line_1_46' title="bbox 447 3254 2044 3330; baseline 0.004 -24"><span class='ocrx_word' id='word_1_304' title='bbox 447 3254 627 3313; x_wconf 85' lang='grc' dir='ltr'>τοίνυν</span> <span class='ocrx_word' id='word_1_305' title='bbox 660 3254 889 3318; x_wconf 84' lang='grc' dir='ltr'>εἰκότως</span> <span class='ocrx_word' id='word_1_306' title='bbox 911 3257 976 3326; x_wconf 75' lang='grc' dir='ltr'>τῇ</span> <span class='ocrx_word' id='word_1_307' title='bbox 998 3255 1224 3309; x_wconf 77' lang='grc' dir='ltr'>ἐκείνων</span> <span class='ocrx_word' id='word_1_308' title='bbox 1265 3257 1565 3328; x_wconf 76' lang='grc' dir='ltr'>ἀχαριστίᾳ</span> <span class='ocrx_word' id='word_1_309' title='bbox 1595 3257 1695 3330; x_wconf 83' lang='grc' dir='ltr'>τὴν</span> <span class='ocrx_word' id='word_1_310' title='bbox 1730 3259 1883 3312; x_wconf 88' lang='grc' dir='ltr'>θείαν</span> <span class='ocrx_word' id='word_1_311' title='bbox 1913 3277 2044 3313; x_wconf 83' lang='grc' dir='ltr'>συν-</span> 
     </span>
    </p>
   </div>
   <div class='ocr_carea' id='block_1_47' title="bbox 447 3347 2042 3425">
    <p class='ocr_par' dir='ltr' id='par_1_47' title="bbox 447 3347 2042 3425">
     <span class='ocr_line' id='line_1_47' title="bbox 447 3347 2042 3425; baseline 0.004 -24"><span class='ocrx_word' id='word_1_312' title='bbox 447 3347 554 3418; x_wconf 72' lang='grc' dir='ltr'><strong>ῆψε</strong></span> <span class='ocrx_word' id='word_1_313' title='bbox 622 3349 939 3420; x_wconf 82' lang='grc' dir='ltr'>φιλοτιμίαν</span> <span class='ocrx_word' id='word_1_314' title='bbox 977 3352 1006 3404; x_wconf 87' lang='grc' dir='ltr'><strong>ό</strong></span> <span class='ocrx_word' id='word_1_315' title='bbox 1041 3352 1397 3421; x_wconf 79' lang='grc' dir='ltr'>συγγραφεὺς</span> <span class='ocrx_word' id='word_1_316' title='bbox 1444 3353 1514 3405; x_wconf 79' lang='grc' dir='ltr'><strong>τά</strong></span> <span class='ocrx_word' id='word_1_317' title='bbox 1555 3353 1687 3424; x_wconf 77' lang='grc' dir='ltr'>περὶ</span> <span class='ocrx_word' id='word_1_318' title='bbox 1732 3354 1828 3406; x_wconf 82' lang='grc' dir='ltr'>τοῦ</span> <span class='ocrx_word' id='word_1_319' title='bbox 1866 3355 2042 3425; x_wconf 85' lang='grc' dir='ltr'>μάννα</span> 
     </span>
    </p>
   </div>
   <div class='ocr_carea' id='block_1_48' title="bbox 448 3425 2117 3518">
    <p class='ocr_par' dir='ltr' id='par_1_48' title="bbox 448 3425 2117 3518">
     <span class='ocr_line' id='line_1_48' title="bbox 448 3425 2117 3518; baseline 0.005 -24"><span class='ocrx_word' id='word_1_320' title='bbox 448 3441 882 3514; x_wconf 80' lang='grc' dir='ltr'>διηγησάμενος,</span> <span class='ocrx_word' id='word_1_321' title='bbox 923 3444 1016 3497; x_wconf 74' lang='grc' dir='ltr'><strong>καὶ</strong></span> <span class='ocrx_word' id='word_1_322' title='bbox 1061 3445 1142 3498; x_wconf 80' lang='grc' dir='ltr'><strong>ὅτι</strong></span> <span class='ocrx_word' id='word_1_323' title='bbox 1175 3444 1235 3496; x_wconf 82' lang='grc' dir='ltr'><strong>οὑ</strong></span> <span class='ocrx_word' id='word_1_324' title='bbox 1285 3445 1444 3514; x_wconf 91' lang='grc' dir='ltr'>μόνον</span> <span class='ocrx_word' id='word_1_325' title='bbox 1476 3446 1642 3516; x_wconf 85' lang='grc' dir='ltr'>ἄρτου</span> <span class='ocrx_word' id='word_1_326' title='bbox 1667 3446 1878 3518; x_wconf 84' lang='grc' dir='ltr'>χρείαν,</span> <span class='ocrx_word' id='word_1_327' title='bbox 1905 3447 2045 3502; x_wconf 81' lang='grc' dir='ltr'>ἀλλὰ</span> <span class='ocrx_word' id='word_1_328' title='bbox 2075 3425 2117 3482; x_wconf 78' lang='lat' dir='ltr'>c</span> 
     </span>
    </p>
   </div>
   <div class='ocr_carea' id='block_1_49' title="bbox 451 3535 2046 3612">
    <p class='ocr_par' dir='ltr' id='par_1_49' title="bbox 451 3535 2046 3612">
     <span class='ocr_line' id='line_1_49' title="bbox 451 3535 2046 3612; baseline 0.003 -23"><span class='ocrx_word' id='word_1_329' title='bbox 451 3535 548 3589; x_wconf 77' lang='grc' dir='ltr'><strong>καὶ</strong></span> <span class='ocrx_word' id='word_1_330' title='bbox 582 3535 762 3606; x_wconf 84' lang='grc' dir='ltr'>κρεῶν</span> <span class='ocrx_word' id='word_1_331' title='bbox 804 3537 1046 3609; x_wconf 81' lang='grc' dir='ltr'>ἐπλήρου</span> <span class='ocrx_word' id='word_1_332' title='bbox 1071 3553 1085 3566; x_wconf 72' lang='grc' dir='ltr'><strong><em>ο</em></strong></span> <span class='ocrx_word' id='word_1_333' title='bbox 1122 3535 1325 3606; x_wconf 80' lang='grc' dir='ltr'>ήληθον</span> <span class='ocrx_word' id='word_1_334' title='bbox 1367 3537 1478 3608; x_wconf 86' lang='grc' dir='ltr'>γὰρ</span> <span class='ocrx_word' id='word_1_335' title='bbox 1513 3541 1570 3592; x_wconf 90' lang='grc' dir='ltr'><strong>ἐν</strong></span> <span class='ocrx_word' id='word_1_336' title='bbox 1614 3541 1694 3610; x_wconf 84' lang='grc' dir='ltr'>τῷ</span> <span class='ocrx_word' id='word_1_337' title='bbox 1744 3541 1900 3612; x_wconf 80' lang='grc' dir='ltr'>μύλῳ</span> <span class='ocrx_word' id='word_1_338' title='bbox 1949 3542 2046 3595; x_wconf 77' lang='grc' dir='ltr'>καὶ</span> 
     </span>
    </p>
   </div>
   <div class='ocr_carea' id='block_1_50' title="bbox 450 3628 2045 3706">
    <p class='ocr_par' dir='ltr' id='par_1_50' title="bbox 450 3628 2045 3706">
     <span class='ocr_line' id='line_1_50' title="bbox 450 3628 2045 3706; baseline 0.005 -24"><span class='ocrx_word' id='word_1_339' title='bbox 450 3628 666 3702; x_wconf 73' lang='grc' dir='ltr'>ἔτριϐον</span> <span class='ocrx_word' id='word_1_340' title='bbox 693 3633 750 3684; x_wconf 86' lang='grc' dir='ltr'><strong>ἐν</strong></span> <span class='ocrx_word' id='word_1_341' title='bbox 781 3634 847 3703; x_wconf 84' lang='grc' dir='ltr'>τῇ</span> <span class='ocrx_word' id='word_1_342' title='bbox 871 3630 974 3702; x_wconf 65' lang='grc' dir='ltr'>θύα</span> <span class='ocrx_word' id='word_1_343' title='bbox 995 3633 1090 3684; x_wconf 71' lang='grc' dir='ltr'><strong>καὶ</strong></span> <span class='ocrx_word' id='word_1_344' title='bbox 1113 3631 1289 3702; x_wconf 75' lang='grc' dir='ltr'>ἥψουν</span> <span class='ocrx_word' id='word_1_345' title='bbox 1322 3635 1379 3687; x_wconf 85' lang='grc' dir='ltr'><strong>ἐν</strong></span> <span class='ocrx_word' id='word_1_346' title='bbox 1402 3636 1468 3705; x_wconf 83' lang='grc' dir='ltr'>τῇ</span> <span class='ocrx_word' id='word_1_347' title='bbox 1499 3634 1678 3706; x_wconf 72' lang='grc' dir='ltr'>χύτρα</span> <span class='ocrx_word' id='word_1_348' title='bbox 1699 3636 1795 3687; x_wconf 78' lang='grc' dir='ltr'><strong>καὶ</strong></span> <span class='ocrx_word' id='word_1_349' title='bbox 1822 3637 2045 3690; x_wconf 88' lang='grc' dir='ltr'>ἐποίουν</span> 
     </span>
    </p>
   </div>
   <div class='ocr_carea' id='block_1_51' title="bbox 451 3722 2047 3797">
    <p class='ocr_par' dir='ltr' id='par_1_51' title="bbox 451 3722 2047 3797">
     <span class='ocr_line' id='line_1_51' title="bbox 451 3722 2047 3797; baseline 0.003 -22"><span class='ocrx_word' id='word_1_350' title='bbox 451 3722 794 3793; x_wconf 82' lang='grc' dir='ltr'>ἐγκρυφίας·</span> <span class='ocrx_word' id='word_1_351' title='bbox 846 3724 1074 3776; x_wconf 85' lang='grc' dir='ltr'>ἐκείνων</span> <span class='ocrx_word' id='word_1_352' title='bbox 1136 3723 1193 3776; x_wconf 86' lang='grc' dir='ltr'>δὲ</span> <span class='ocrx_word' id='word_1_353' title='bbox 1251 3722 1674 3796; x_wconf 77' lang='grc' dir='ltr'>ὀλοφυρομένων</span> <span class='ocrx_word' id='word_1_354' title='bbox 1727 3727 2047 3797; x_wconf 81' lang='grc' dir='ltr'>χαλεπαίνει</span> 
     </span>
    </p>
   </div>
   <div class='ocr_carea' id='block_1_52' title="bbox 457 3812 2050 3890">
    <p class='ocr_par' dir='ltr' id='par_1_52' title="bbox 457 3812 2050 3890">
     <span class='ocr_line' id='line_1_52' title="bbox 457 3812 2050 3890; baseline 0.005 -25"><span class='ocrx_word' id='word_1_355' title='bbox 457 3812 557 3882; x_wconf 83' lang='grc' dir='ltr'><strong>μὲν</strong></span> <span class='ocrx_word' id='word_1_356' title='bbox 590 3815 618 3866; x_wconf 83' lang='grc' dir='ltr'><strong>ό</strong></span> <span class='ocrx_word' id='word_1_357' title='bbox 660 3813 940 3884; x_wconf 85' lang='grc' dir='ltr'>Δεσπότης</span> <span class='ocrx_word' id='word_1_358' title='bbox 981 3813 1138 3878; x_wconf 83' lang='grc' dir='ltr'>Θεὸς,</span> <span class='ocrx_word' id='word_1_359' title='bbox 1185 3813 1525 3885; x_wconf 82' lang='grc' dir='ltr'>δυσχεραίνει</span> <span class='ocrx_word' id='word_1_360' title='bbox 1576 3816 1634 3869; x_wconf 85' lang='grc' dir='ltr'><strong>δέ</strong></span> <span class='ocrx_word' id='word_1_361' title='bbox 1680 3820 1708 3872; x_wconf 91' lang='grc' dir='ltr'><strong>ό</strong></span> <span class='ocrx_word' id='word_1_362' title='bbox 1755 3819 2050 3890; x_wconf 83' lang='grc' dir='ltr'>προφήτης</span> 
     </span>
    </p>
   </div>
   <div class='ocr_carea' id='block_1_53' title="bbox 455 3905 2050 3984">
    <p class='ocr_par' dir='ltr' id='par_1_53' title="bbox 455 3905 2050 3984">
     <span class='ocr_line' id='line_1_53' title="bbox 455 3905 2050 3984; baseline 0.005 -24"><span class='ocrx_word' id='word_1_363' title='bbox 455 3905 550 3960; x_wconf 77' lang='grc' dir='ltr'>καὶ</span> <span class='ocrx_word' id='word_1_364' title='bbox 586 3905 685 3976; x_wconf 79' lang='grc' dir='ltr'>βοᾷ</span> <span class='ocrx_word' id='word_1_365' title='bbox 716 3905 927 3975; x_wconf 85' lang='grc' dir='ltr'>λέγων·</span> <span class='ocrx_word' id='word_1_366' title='bbox 971 3925 988 3957; x_wconf 76' lang='grc' dir='ltr'><strong>ι</strong></span> <span class='ocrx_word' id='word_1_367' title='bbox 1021 3907 1139 3961; x_wconf 76' lang='grc' dir='ltr'>Ἵνα</span> <span class='ocrx_word' id='word_1_368' title='bbox 1177 3907 1230 3960; x_wconf 91' lang='grc' dir='ltr'><strong>τί</strong></span> <span class='ocrx_word' id='word_1_369' title='bbox 1282 3908 1572 3972; x_wconf 77' lang='grc' dir='ltr'>ἐκάκωσας</span> <span class='ocrx_word' id='word_1_370' title='bbox 1609 3911 1704 3964; x_wconf 82' lang='grc' dir='ltr'><strong>τὸν</strong></span> <span class='ocrx_word' id='word_1_371' title='bbox 1737 3910 2050 3984; x_wconf 86' lang='grc' dir='ltr'>θεράποντά</span> 
     </span>
    </p>
   </div>
   <div class='ocr_carea' id='block_1_54' title="bbox 457 3999 2052 4072">
    <p class='ocr_par' dir='ltr' id='par_1_54' title="bbox 457 3999 2052 4072">
     <span class='ocr_line' id='line_1_54' title="bbox 457 3999 2052 4072; baseline 0.005 -21"><span class='ocrx_word' id='word_1_372' title='bbox 457 4014 578 4062; x_wconf 88' lang='grc' dir='ltr'>σου,</span> <span class='ocrx_word' id='word_1_373' title='bbox 610 3999 706 4052; x_wconf 81' lang='grc' dir='ltr'><strong>καὶ</strong></span> <span class='ocrx_word' id='word_1_374' title='bbox 750 3999 892 4052; x_wconf 88' lang='grc' dir='ltr'>διατί</span> <span class='ocrx_word' id='word_1_375' title='bbox 925 3999 1024 4069; x_wconf 80' lang='grc' dir='ltr'><strong>οὐχ</strong></span> <span class='ocrx_word' id='word_1_376' title='bbox 1071 3999 1284 4072; x_wconf 76' lang='grc' dir='ltr'>εὕρηκα</span> <span class='ocrx_word' id='word_1_377' title='bbox 1327 4001 1490 4072; x_wconf 87' lang='grc' dir='ltr'>χάριν</span> <span class='ocrx_word' id='word_1_378' title='bbox 1524 4002 1758 4056; x_wconf 85' lang='grc' dir='ltr'>ἐνώπιόν</span> <span class='ocrx_word' id='word_1_379' title='bbox 1801 4021 1895 4057; x_wconf 92' lang='grc' dir='ltr'><strong>σου</strong></span> <span class='ocrx_word' id='word_1_380' title='bbox 1926 4007 2052 4059; x_wconf 81' lang='grc' dir='ltr'>ἐπι-</span> 
     </span>
    </p>
   </div>
   <div class='ocr_carea' id='block_1_55' title="bbox 457 4089 2052 4168">
    <p class='ocr_par' dir='ltr' id='par_1_55' title="bbox 457 4089 2052 4168">
     <span class='ocr_line' id='line_1_55' title="bbox 457 4089 2052 4168; baseline 0.005 -27"><span class='ocrx_word' id='word_1_381' title='bbox 457 4089 631 4144; x_wconf 87' lang='grc' dir='ltr'>θεῖναι</span> <span class='ocrx_word' id='word_1_382' title='bbox 667 4107 756 4160; x_wconf 86' lang='grc' dir='ltr'><strong>μοι</strong></span> <span class='ocrx_word' id='word_1_383' title='bbox 806 4090 904 4162; x_wconf 83' lang='grc' dir='ltr'>τὴν</span> <span class='ocrx_word' id='word_1_384' title='bbox 935 4091 1115 4162; x_wconf 79' lang='grc' dir='ltr'>ὁρμὴν</span> <span class='ocrx_word' id='word_1_385' title='bbox 1159 4090 1256 4144; x_wconf 81' lang='grc' dir='ltr'>τοῦ</span> <span class='ocrx_word' id='word_1_386' title='bbox 1281 4091 1414 4145; x_wconf 81' lang='grc' dir='ltr'>λαοῦ</span> <span class='ocrx_word' id='word_1_387' title='bbox 1453 4091 1649 4146; x_wconf 81' lang='grc' dir='ltr'>τούτου</span> <span class='ocrx_word' id='word_1_388' title='bbox 1685 4095 1772 4148; x_wconf 84' lang='grc' dir='ltr'>ἐπ’</span> <span class='ocrx_word' id='word_1_389' title='bbox 1804 4096 1940 4166; x_wconf 84' lang='grc' dir='ltr'>ἐμέ;</span> <span class='ocrx_word' id='word_1_390' title='bbox 1976 4097 2052 4168; x_wconf 80' lang='grc' dir='ltr'>μὴ</span> 
     </span>
    </p>
   </div>
   <div class='ocr_carea' id='block_1_56' title="bbox 456 4181 2048 4260">
    <p class='ocr_par' dir='ltr' id='par_1_56' title="bbox 456 4181 2048 4260">
     <span class='ocr_line' id='line_1_56' title="bbox 456 4181 2048 4260; baseline 0.007 -28"><span class='ocrx_word' id='word_1_391' title='bbox 456 4181 571 4249; x_wconf 83' lang='grc' dir='ltr'><strong>ἐγὼ</strong></span> <span class='ocrx_word' id='word_1_392' title='bbox 603 4183 659 4234; x_wconf 88' lang='grc' dir='ltr'><strong>ἐν</strong></span> <span class='ocrx_word' id='word_1_393' title='bbox 683 4185 885 4253; x_wconf 72' lang='grc' dir='ltr'>γαστρὶ</span> <span class='ocrx_word' id='word_1_394' title='bbox 915 4182 1109 4237; x_wconf 78' lang='grc' dir='ltr'>ἐλαδον</span> <span class='ocrx_word' id='word_1_395' title='bbox 1155 4183 1247 4237; x_wconf 83' lang='grc' dir='ltr'><strong>τὸν</strong></span> <span class='ocrx_word' id='word_1_396' title='bbox 1285 4183 1415 4238; x_wconf 77' lang='grc' dir='ltr'>λαὸν</span> <span class='ocrx_word' id='word_1_397' title='bbox 1448 4185 1669 4253; x_wconf 74' lang='grc' dir='ltr'>τοῦτονς</span> <span class='ocrx_word' id='word_1_398' title='bbox 1702 4205 1720 4237; x_wconf 82' lang='grc' dir='ltr'><strong>ι</strong></span> <span class='ocrx_word' id='word_1_399' title='bbox 1757 4188 1856 4241; x_wconf 75' lang='grc' dir='ltr'><strong>καὶ</strong></span> <span class='ocrx_word' id='word_1_400' title='bbox 1881 4188 2010 4260; x_wconf 70' lang='grc' dir='ltr'>ἐξῆς</span> <span class='ocrx_word' id='word_1_401' title='bbox 2031 4200 2048 4222; x_wconf 77' lang='grc'><strong>⁸</strong></span> 
     </span>
    </p>
   </div>
   <div class='ocr_carea' id='block_1_57' title="bbox 457 4273 2050 4352">
    <p class='ocr_par' dir='ltr' id='par_1_57' title="bbox 457 4273 2050 4352">
     <span class='ocr_line' id='line_1_57' title="bbox 457 4273 2050 4352; baseline 0.006 -26"><span class='ocrx_word' id='word_1_402' title='bbox 457 4273 733 4344; x_wconf 87' lang='grc' dir='ltr'>δεδήλωκε</span> <span class='ocrx_word' id='word_1_403' title='bbox 759 4274 848 4329; x_wconf 85' lang='grc' dir='ltr'>διὰ</span> <span class='ocrx_word' id='word_1_404' title='bbox 882 4274 1090 4330; x_wconf 83' lang='grc' dir='ltr'>τούτων</span> <span class='ocrx_word' id='word_1_405' title='bbox 1115 4275 1177 4330; x_wconf 83' lang='grc' dir='ltr'><strong>τδ</strong></span> <span class='ocrx_word' id='word_1_406' title='bbox 1201 4277 1394 4340; x_wconf 77' lang='grc' dir='ltr'>ἀτελὲς</span> <span class='ocrx_word' id='word_1_407' title='bbox 1416 4277 1594 4332; x_wconf 83' lang='grc' dir='ltr'>αὐτῶν</span> <span class='ocrx_word' id='word_1_408' title='bbox 1622 4280 1718 4333; x_wconf 76' lang='grc' dir='ltr'><strong>καὶ</strong></span> <span class='ocrx_word' id='word_1_409' title='bbox 1744 4281 2016 4352; x_wconf 81' lang='grc' dir='ltr'>νηπιῶδες</span> <span class='ocrx_word' id='word_1_410' title='bbox 2035 4300 2050 4315; x_wconf 91' lang='grc'><strong>·</strong></span> 
     </span>
    </p>
   </div>
   <div class='ocr_carea' id='block_1_58' title="bbox 395 4364 2051 4442">
    <p class='ocr_par' dir='ltr' id='par_1_58' title="bbox 395 4364 2051 4442">
     <span class='ocr_line' id='line_1_58' title="bbox 395 4364 2051 4442; baseline 0.007 -26"><span class='ocrx_word' id='word_1_411' title='bbox 395 4436 398 4438; x_wconf 89' lang='lat'><em>_</em></span> <span class='ocrx_word' id='word_1_412' title='bbox 460 4364 750 4435; x_wconf 79' lang='grc' dir='ltr'>θηλὰζοντι</span> <span class='ocrx_word' id='word_1_413' title='bbox 788 4365 896 4437; x_wconf 90' lang='grc' dir='ltr'><strong>γάρ</strong></span> <span class='ocrx_word' id='word_1_414' title='bbox 945 4367 1146 4431; x_wconf 79' lang='grc' dir='ltr'>αὐτοὺς</span> <span class='ocrx_word' id='word_1_415' title='bbox 1193 4368 1519 4436; x_wconf 84' lang='grc' dir='ltr'>ἀπείκασεν,</span> <span class='ocrx_word' id='word_1_416' title='bbox 1563 4369 1693 4425; x_wconf 82' lang='grc' dir='ltr'>ἄλλο</span> <span class='ocrx_word' id='word_1_417' title='bbox 1745 4372 1844 4442; x_wconf 85' lang='grc' dir='ltr'><strong>μὲν</strong></span> <span class='ocrx_word' id='word_1_418' title='bbox 1896 4372 2051 4428; x_wconf 79' lang='grc' dir='ltr'>οὐδὲν</span> 
     </span>
    </p>
   </div>
   <div class='ocr_carea' id='block_1_59' title="bbox 463 4458 2054 4538">
    <p class='ocr_par' dir='ltr' id='par_1_59' title="bbox 463 4458 2054 4538">
     <span class='ocr_line' id='line_1_59' title="bbox 463 4458 2054 4538; baseline 0.005 -28"><span class='ocrx_word' id='word_1_419' title='bbox 463 4458 807 4528; x_wconf 82' lang='grc' dir='ltr'>ἐργάσασθαι</span> <span class='ocrx_word' id='word_1_420' title='bbox 835 4460 1140 4532; x_wconf 77' lang='grc' dir='ltr'>δυναμένῳ,</span> <span class='ocrx_word' id='word_1_421' title='bbox 1169 4461 1407 4536; x_wconf 80' lang='grc' dir='ltr'>ἐκϐυζᾷν</span> <span class='ocrx_word' id='word_1_422' title='bbox 1448 4464 1504 4518; x_wconf 86' lang='grc' dir='ltr'><strong>δέ</strong></span> <span class='ocrx_word' id='word_1_423' title='bbox 1541 4464 1702 4536; x_wconf 85' lang='grc' dir='ltr'>μόνον</span> <span class='ocrx_word' id='word_1_424' title='bbox 1741 4464 2054 4538; x_wconf 76' lang='grc' dir='ltr'>βουλομένῳ</span> 
     </span>
    </p>
   </div>
   <div class='ocr_carea' id='block_1_60' title="bbox 463 4550 2056 4630">
    <p class='ocr_par' dir='ltr' id='par_1_60' title="bbox 463 4550 2056 4630">
     <span class='ocr_line' id='line_1_60' title="bbox 463 4550 2056 4630; baseline 0.006 -27"><span class='ocrx_word' id='word_1_425' title='bbox 463 4550 528 4604; x_wconf 85' lang='grc' dir='ltr'>τὸ</span> <span class='ocrx_word' id='word_1_426' title='bbox 553 4551 726 4620; x_wconf 85' lang='grc' dir='ltr'>γάλα·</span> <span class='ocrx_word' id='word_1_427' title='bbox 759 4553 950 4624; x_wconf 81' lang='grc' dir='ltr'>ἐπειδὴ</span> <span class='ocrx_word' id='word_1_428' title='bbox 975 4554 1033 4607; x_wconf 79' lang='grc' dir='ltr'>δὲ</span> <span class='ocrx_word' id='word_1_429' title='bbox 1074 4555 1281 4627; x_wconf 84' lang='grc' dir='ltr'>σφόδρα</span> <span class='ocrx_word' id='word_1_430' title='bbox 1297 4551 1368 4629; x_wconf 81' lang='grc' dir='ltr'>ἦν</span> <span class='ocrx_word' id='word_1_431' title='bbox 1394 4557 1463 4611; x_wconf 88' lang='grc' dir='ltr'><strong>τά</strong></span> <span class='ocrx_word' id='word_1_432' title='bbox 1499 4559 1722 4630; x_wconf 80' lang='grc' dir='ltr'>ῥήματα</span> <span class='ocrx_word' id='word_1_433' title='bbox 1762 4558 1833 4614; x_wconf 85' lang='grc' dir='ltr'>τὰ</span> <span class='ocrx_word' id='word_1_434' title='bbox 1856 4560 2056 4630; x_wconf 69' lang='grc' dir='ltr'>δυσχε-</span> 
     </span>
    </p>
   </div>
   <div class='ocr_carea' id='block_1_61' title="bbox 465 4646 2055 4724">
    <p class='ocr_par' dir='ltr' id='par_1_61' title="bbox 465 4646 2055 4724">
     <span class='ocr_line' id='line_1_61' title="bbox 465 4646 2055 4724; baseline 0.004 -25"><span class='ocrx_word' id='word_1_435' title='bbox 465 4646 762 4716; x_wconf 88' lang='grc' dir='ltr'>ραίνοντος,</span> <span class='ocrx_word' id='word_1_436' title='bbox 792 4647 891 4701; x_wconf 76' lang='grc' dir='ltr'><strong>καὶ</strong></span> <span class='ocrx_word' id='word_1_437' title='bbox 916 4649 984 4701; x_wconf 82' lang='grc' dir='ltr'>τὰ</span> <span class='ocrx_word' id='word_1_438' title='bbox 1009 4649 1138 4720; x_wconf 79' lang='grc' dir='ltr'>ἑξῆς</span> <span class='ocrx_word' id='word_1_439' title='bbox 1170 4649 1279 4724; x_wconf 80' lang='grc' dir='ltr'><strong>γᾲρ</strong></span> <span class='ocrx_word' id='word_1_440' title='bbox 1308 4649 1500 4704; x_wconf 77' lang='grc' dir='ltr'>τοῦτον</span> <span class='ocrx_word' id='word_1_441' title='bbox 1524 4651 1639 4723; x_wconf 81' lang='grc' dir='ltr'>ἕχει</span> <span class='ocrx_word' id='word_1_442' title='bbox 1672 4651 1767 4705; x_wconf 79' lang='grc' dir='ltr'>τὸν</span> <span class='ocrx_word' id='word_1_443' title='bbox 1794 4650 1942 4718; x_wconf 80' lang='grc' dir='ltr'>νοῦν,</span> <span class='ocrx_word' id='word_1_444' title='bbox 1971 4652 2055 4706; x_wconf 86' lang='grc' dir='ltr'>δι-</span> 
     </span>
    </p>
   </div>
   <div class='ocr_carea' id='block_1_62' title="bbox 2203 2155 3724 2232">
    <p class='ocr_par' dir='ltr' id='par_1_62' title="bbox 2203 2155 3724 2232">
     <span class='ocr_line' id='line_1_62' title="bbox 2203 2155 3724 2232; baseline -0.001 -20"><span class='ocrx_word' id='word_1_445' title='bbox 2203 2160 2335 2213; x_wconf 85' lang='lat' dir='ltr'><strong>Erat</strong></span> <span class='ocrx_word' id='word_1_446' title='bbox 2391 2160 2497 2231; x_wconf 85' lang='lat' dir='ltr'><strong>legi</strong></span> <span class='ocrx_word' id='word_1_447' title='bbox 2574 2177 2829 2232; x_wconf 90' lang='lat' dir='ltr'><strong>suprema</strong></span> <span class='ocrx_word' id='word_1_448' title='bbox 2883 2169 3184 2231; x_wconf 87' lang='lat' dir='ltr'><strong>potestas:</strong></span> <span class='ocrx_word' id='word_1_449' title='bbox 3250 2172 3479 2213; x_wconf 89' lang='lat' dir='ltr'><strong>necesse</strong></span> <span class='ocrx_word' id='word_1_450' title='bbox 3535 2155 3724 2226; x_wconf 87' lang='lat' dir='ltr'><strong>igitur,</strong></span> 
     </span>
    </p>
   </div>
   <div class='ocr_carea' id='block_1_63' title="bbox 2137 2250 3726 2328">
    <p class='ocr_par' dir='ltr' id='par_1_63' title="bbox 2137 2250 3726 2328">
     <span class='ocr_line' id='line_1_63' title="bbox 2137 2250 3726 2328; baseline -0.004 -21"><span class='ocrx_word' id='word_1_451' title='bbox 2137 2253 2369 2308; x_wconf 89' lang='lat' dir='ltr'><strong>multata</strong></span> <span class='ocrx_word' id='word_1_452' title='bbox 2424 2254 2562 2325; x_wconf 77' lang='lat' dir='ltr'><strong>legis</strong></span> <span class='ocrx_word' id='word_1_453' title='bbox 2593 2255 2917 2320; x_wconf 88' lang='lat' dir='ltr'><strong>violatione,</strong></span> <span class='ocrx_word' id='word_1_454' title='bbox 2970 2255 3170 2309; x_wconf 89' lang='lat' dir='ltr'><strong>docere</strong></span> <span class='ocrx_word' id='word_1_455' title='bbox 3220 2260 3473 2328; x_wconf 38' lang='lat' dir='ltr'><strong>creteros.</strong></span> <span class='ocrx_word' id='word_1_456' title='bbox 3504 2250 3726 2319; x_wconf 83' lang='lat' dir='ltr'><strong>sapien-</strong></span> 
     </span>
    </p>
   </div>
   <div class='ocr_carea' id='block_1_64' title="bbox 2139 2345 3729 2417">
    <p class='ocr_par' dir='ltr' id='par_1_64' title="bbox 2139 2345 3729 2417">
     <span class='ocr_line' id='line_1_64' title="bbox 2139 2345 3729 2417; baseline -0.001 -17"><span class='ocrx_word' id='word_1_457' title='bbox 2139 2347 2288 2401; x_wconf 84' lang='lat' dir='ltr'><strong>tiam.</strong></span> <span class='ocrx_word' id='word_1_458' title='bbox 2324 2346 2483 2402; x_wconf 86' lang='lat' dir='ltr'><strong>Dccct</strong></span> <span class='ocrx_word' id='word_1_459' title='bbox 2503 2349 2648 2402; x_wconf 83' lang='lat' dir='ltr'><strong>enim</strong></span> <span class='ocrx_word' id='word_1_460' title='bbox 2669 2347 2918 2404; x_wconf 87' lang='lat' dir='ltr'><strong>subditos</strong></span> <span class='ocrx_word' id='word_1_461' title='bbox 2947 2350 3134 2402; x_wconf 87' lang='lat' dir='ltr'><strong>timor.</strong></span> <span class='ocrx_word' id='word_1_462' title='bbox 3157 2345 3264 2401; x_wconf 89' lang='lat' dir='ltr'><strong>Sed</strong></span> <span class='ocrx_word' id='word_1_463' title='bbox 3291 2346 3587 2417; x_wconf 85' lang='lat' dir='ltr'><strong>conjuncta</strong></span> <span class='ocrx_word' id='word_1_464' title='bbox 3610 2353 3729 2399; x_wconf 89' lang='lat' dir='ltr'><strong>erat</strong></span> 
     </span>
    </p>
   </div>
   <div class='ocr_carea' id='block_1_65' title="bbox 2137 2435 3728 2507">
    <p class='ocr_par' dir='ltr' id='par_1_65' title="bbox 2137 2435 3728 2507">
     <span class='ocr_line' id='line_1_65' title="bbox 2137 2435 3728 2507; baseline -0.003 -15"><span class='ocrx_word' id='word_1_465' title='bbox 2137 2453 2264 2492; x_wconf 88' lang='lat' dir='ltr'><strong>cum</strong></span> <span class='ocrx_word' id='word_1_466' title='bbox 2305 2453 2492 2493; x_wconf 88' lang='lat' dir='ltr'><strong>amore</strong></span> <span class='ocrx_word' id='word_1_467' title='bbox 2548 2454 2728 2507; x_wconf 69' lang='lat' dir='ltr'><strong>poena.</strong></span> <span class='ocrx_word' id='word_1_468' title='bbox 2776 2436 2928 2503; x_wconf 85' lang='lat' dir='ltr'><strong>Quos</strong></span> <span class='ocrx_word' id='word_1_469' title='bbox 2978 2437 3127 2491; x_wconf 89' lang='lat' dir='ltr'><strong>enim</strong></span> <span class='ocrx_word' id='word_1_470' title='bbox 3174 2435 3500 2506; x_wconf 70' lang='lat' dir='ltr'><strong>pmnitebat,</strong></span> <span class='ocrx_word' id='word_1_471' title='bbox 3540 2448 3728 2489; x_wconf 87' lang='lat' dir='ltr'><strong>amore</strong></span> 
     </span>
    </p>
   </div>
   <div class='ocr_carea' id='block_1_66' title="bbox 2141 2528 3727 2600">
    <p class='ocr_par' dir='ltr' id='par_1_66' title="bbox 2141 2528 3727 2600">
     <span class='ocr_line' id='line_1_66' title="bbox 2141 2528 3727 2600; baseline -0.001 -17"><span class='ocrx_word' id='word_1_472' title='bbox 2141 2529 2482 2586; x_wconf 78' lang='lat' dir='ltr'><strong>fruebantur.</strong></span> <span class='ocrx_word' id='word_1_473' title='bbox 2527 2530 2724 2585; x_wconf 80' lang='lat' dir='ltr'><strong>Statim</strong></span> <span class='ocrx_word' id='word_1_474' title='bbox 2772 2531 2938 2600; x_wconf 80' lang='lat' dir='ltr'><strong>igitur</strong></span> <span class='ocrx_word' id='word_1_475' title='bbox 2962 2529 3211 2584; x_wconf 90' lang='lat' dir='ltr'><strong>immisso</strong></span> <span class='ocrx_word' id='word_1_476' title='bbox 3241 2528 3388 2598; x_wconf 82' lang='lat' dir='ltr'><strong>igne,</strong></span> <span class='ocrx_word' id='word_1_477' title='bbox 3417 2540 3727 2598; x_wconf 86' lang='lat' dir='ltr'><strong>magnaque</strong></span> 
     </span>
    </p>
   </div>
   <div class='ocr_carea' id='block_1_67' title="bbox 2139 2619 3731 2694">
    <p class='ocr_par' dir='ltr' id='par_1_67' title="bbox 2139 2619 3731 2694">
     <span class='ocr_line' id='line_1_67' title="bbox 2139 2619 3731 2694; baseline -0.002 -16"><span class='ocrx_word' id='word_1_478' title='bbox 2139 2624 2418 2678; x_wconf 76' lang='lat' dir='ltr'><strong>exercitus</strong></span> <span class='ocrx_word' id='word_1_479' title='bbox 2466 2631 2622 2694; x_wconf 89' lang='lat' dir='ltr'><strong>parte</strong></span> <span class='ocrx_word' id='word_1_480' title='bbox 2673 2633 3031 2693; x_wconf 86' lang='lat' dir='ltr'><strong>consumpta,</strong></span> <span class='ocrx_word' id='word_1_481' title='bbox 3085 2621 3286 2678; x_wconf 89' lang='lat' dir='ltr'><strong>deinde</strong></span> <span class='ocrx_word' id='word_1_482' title='bbox 3344 2621 3605 2676; x_wconf 90' lang='lat' dir='ltr'><strong>omnibus</strong></span> <span class='ocrx_word' id='word_1_483' title='bbox 3661 2619 3731 2675; x_wconf 85' lang='lat' dir='ltr'><strong>ad</strong></span> 
     </span>
    </p>
   </div>
   <div class='ocr_carea' id='block_1_68' title="bbox 2140 2708 3730 2782">
    <p class='ocr_par' dir='ltr' id='par_1_68' title="bbox 2140 2708 3730 2782">
     <span class='ocr_line' id='line_1_68' title="bbox 2140 2708 3730 2782; baseline -0.003 -16"><span class='ocrx_word' id='word_1_484' title='bbox 2140 2712 2555 2782; x_wconf 87' lang='lat' dir='ltr'><strong>deprecationes</strong></span> <span class='ocrx_word' id='word_1_485' title='bbox 2585 2711 3070 2777; x_wconf 87' lang='lat' dir='ltr'><strong>concurrentibus,</strong></span> <span class='ocrx_word' id='word_1_486' title='bbox 3105 2708 3315 2779; x_wconf 87' lang='lat' dir='ltr'><strong>peccati</strong></span> <span class='ocrx_word' id='word_1_487' title='bbox 3344 2709 3730 2764; x_wconf 87' lang='lat' dir='ltr'><strong>remissionem</strong></span> 
     </span>
    </p>
   </div>
   <div class='ocr_carea' id='block_1_69' title="bbox 2141 2795 3734 2870">
    <p class='ocr_par' dir='ltr' id='par_1_69' title="bbox 2141 2795 3734 2870">
     <span class='ocr_line' id='line_1_69' title="bbox 2141 2795 3734 2870; baseline -0.003 -16"><span class='ocrx_word' id='word_1_488' title='bbox 2141 2799 2445 2870; x_wconf 67' lang='lat' dir='ltr'><strong>postulavit</strong></span> <span class='ocrx_word' id='word_1_489' title='bbox 2481 2799 2794 2869; x_wconf 81' lang='lat' dir='ltr'><strong>legislator;</strong></span> <span class='ocrx_word' id='word_1_490' title='bbox 2850 2805 2905 2852; x_wconf 89' lang='lat' dir='ltr'><strong>et</strong></span> <span class='ocrx_word' id='word_1_491' title='bbox 2933 2797 3168 2866; x_wconf 83' lang='lat' dir='ltr'><strong>benigne</strong></span> <span class='ocrx_word' id='word_1_492' title='bbox 3199 2813 3226 2850; x_wconf 80' lang='grc' dir='ltr'><strong>ιι</strong></span> <span class='ocrx_word' id='word_1_493' title='bbox 3280 2796 3390 2851; x_wconf 89' lang='lat' dir='ltr'><strong>Deo</strong></span> <span class='ocrx_word' id='word_1_494' title='bbox 3437 2795 3734 2851; x_wconf 78' lang='lat' dir='ltr'><strong>exauditus</strong></span> 
     </span>
    </p>
   </div>
   <div class='ocr_carea' id='block_1_70' title="bbox 2142 2889 3736 2964">
    <p class='ocr_par' dir='ltr' id='par_1_70' title="bbox 2142 2889 3736 2964">
     <span class='ocr_line' id='line_1_70' title="bbox 2142 2889 3736 2964; baseline -0.004 -14"><span class='ocrx_word' id='word_1_495' title='bbox 2142 2905 2246 2950; x_wconf 90' lang='lat' dir='ltr'><strong>est.</strong></span> <span class='ocrx_word' id='word_1_496' title='bbox 2288 2891 2495 2949; x_wconf 71' lang='lat' dir='ltr'><strong>Judaeis</strong></span> <span class='ocrx_word' id='word_1_497' title='bbox 2540 2908 2737 2964; x_wconf 64' lang='lat' dir='ltr'><strong>poenas</strong></span> <span class='ocrx_word' id='word_1_498' title='bbox 2787 2907 2853 2946; x_wconf 84' lang='lat' dir='ltr'><strong>ex</strong></span> <span class='ocrx_word' id='word_1_499' title='bbox 2907 2890 3238 2946; x_wconf 85' lang='lat' dir='ltr'><strong>necessitate</strong></span> <span class='ocrx_word' id='word_1_500' title='bbox 3285 2889 3565 2945; x_wconf 89' lang='lat' dir='ltr'><strong>immissas</strong></span> <span class='ocrx_word' id='word_1_501' title='bbox 3610 2903 3736 2959; x_wconf 71' lang='lat' dir='ltr'><strong>quae</strong></span> 
     </span>
    </p>
   </div>
   <div class='ocr_carea' id='block_1_71' title="bbox 2145 2981 3739 3058">
    <p class='ocr_par' dir='ltr' id='par_1_71' title="bbox 2145 2981 3739 3058">
     <span class='ocr_line' id='line_1_71' title="bbox 2145 2981 3739 3058; baseline -0.004 -16"><span class='ocrx_word' id='word_1_502' title='bbox 2145 2997 2460 3058; x_wconf 85' lang='lat' dir='ltr'><strong>sequuntur</strong></span> <span class='ocrx_word' id='word_1_503' title='bbox 2511 2986 2917 3042; x_wconf 85' lang='lat' dir='ltr'><strong>demonstrant.</strong></span> <span class='ocrx_word' id='word_1_504' title='bbox 2960 2982 3063 3038; x_wconf 81' lang='lat' dir='ltr'><strong>Vix</strong></span> <span class='ocrx_word' id='word_1_505' title='bbox 3119 2982 3270 3046; x_wconf 70' lang='lat' dir='ltr'><strong>enim</strong></span> <span class='ocrx_word' id='word_1_506' title='bbox 3325 2981 3500 3053; x_wconf 89' lang='lat' dir='ltr'><strong>priori</strong></span> <span class='ocrx_word' id='word_1_507' title='bbox 3561 2995 3739 3050; x_wconf 61' lang='lat' dir='ltr'><strong>paena:</strong></span> 
     </span>
    </p>
   </div>
   <div class='ocr_carea' id='block_1_72' title="bbox 2148 3071 3737 3150">
    <p class='ocr_par' dir='ltr' id='par_1_72' title="bbox 2148 3071 3737 3150">
     <span class='ocr_line' id='line_1_72' title="bbox 2148 3071 3737 3150; baseline -0.004 -17"><span class='ocrx_word' id='word_1_508' title='bbox 2148 3079 2272 3136; x_wconf 83' lang='lat' dir='ltr'><strong>linis</strong></span> <span class='ocrx_word' id='word_1_509' title='bbox 2309 3087 2452 3147; x_wconf 90' lang='lat' dir='ltr'><strong>erat,</strong></span> <span class='ocrx_word' id='word_1_510' title='bbox 2487 3093 2653 3150; x_wconf 89' lang='lat' dir='ltr'><strong>quam</strong></span> <span class='ocrx_word' id='word_1_511' title='bbox 2709 3075 3012 3149; x_wconf 67' lang='lat' dir='ltr'><strong>Egyptum</strong></span> <span class='ocrx_word' id='word_1_512' title='bbox 3068 3076 3516 3131; x_wconf 86' lang='lat' dir='ltr'><strong>recordarentur.</strong></span> <span class='ocrx_word' id='word_1_513' title='bbox 3579 3071 3737 3127; x_wconf 82' lang='lat' dir='ltr'><strong>Haud</strong></span> 
     </span>
    </p>
   </div>
   <div class='ocr_carea' id='block_1_73' title="bbox 2146 3163 3738 3242">
    <p class='ocr_par' dir='ltr' id='par_1_73' title="bbox 2146 3163 3738 3242">
     <span class='ocr_line' id='line_1_73' title="bbox 2146 3163 3738 3242; baseline -0.006 -16"><span class='ocrx_word' id='word_1_514' title='bbox 2146 3172 2426 3227; x_wconf 87' lang='lat' dir='ltr'><strong>immerito</strong></span> <span class='ocrx_word' id='word_1_515' title='bbox 2459 3170 2627 3242; x_wconf 80' lang='lat' dir='ltr'><strong>igitur</strong></span> <span class='ocrx_word' id='word_1_516' title='bbox 2649 3169 2955 3225; x_wconf 87' lang='lat' dir='ltr'><strong>historicus</strong></span> <span class='ocrx_word' id='word_1_517' title='bbox 2997 3183 3122 3223; x_wconf 91' lang='lat' dir='ltr'><strong>cum</strong></span> <span class='ocrx_word' id='word_1_518' title='bbox 3168 3167 3387 3236; x_wconf 89' lang='lat' dir='ltr'><strong>ingrato</strong></span> <span class='ocrx_word' id='word_1_519' title='bbox 3419 3163 3738 3219; x_wconf 79' lang='lat' dir='ltr'><strong>Judzeorum</strong></span> 
     </span>
    </p>
   </div>
   <div class='ocr_carea' id='block_1_74' title="bbox 2147 3254 3742 3323">
    <p class='ocr_par' dir='ltr' id='par_1_74' title="bbox 2147 3254 3742 3323">
     <span class='ocr_line' id='line_1_74' title="bbox 2147 3254 3742 3323; baseline -0.007 -6"><span class='ocrx_word' id='word_1_520' title='bbox 2147 3263 2334 3317; x_wconf 91' lang='lat' dir='ltr'><strong>animo</strong></span> <span class='ocrx_word' id='word_1_521' title='bbox 2367 3261 2610 3315; x_wconf 87' lang='lat' dir='ltr'><strong>divinam</strong></span> <span class='ocrx_word' id='word_1_522' title='bbox 2642 3258 2860 3316; x_wconf 79' lang='lat' dir='ltr'><strong>confert</strong></span> <span class='ocrx_word' id='word_1_523' title='bbox 2889 3256 3366 3323; x_wconf 79' lang='lat' dir='ltr'><strong>muniﬁcentiam;</strong></span> <span class='ocrx_word' id='word_1_524' title='bbox 3397 3257 3452 3308; x_wconf 87' lang='lat' dir='ltr'><strong>in</strong></span> <span class='ocrx_word' id='word_1_525' title='bbox 3487 3254 3574 3308; x_wconf 87' lang='lat' dir='ltr'><strong>his</strong></span> <span class='ocrx_word' id='word_1_526' title='bbox 3617 3268 3742 3322; x_wconf 68' lang='lat' dir='ltr'><strong>qua:</strong></span> 
     </span>
    </p>
   </div>
   <div class='ocr_carea' id='block_1_75' title="bbox 2149 3343 3740 3416">
    <p class='ocr_par' dir='ltr' id='par_1_75' title="bbox 2149 3343 3740 3416">
     <span class='ocr_line' id='line_1_75' title="bbox 2149 3343 3740 3416; baseline -0.008 -8"><span class='ocrx_word' id='word_1_527' title='bbox 2149 3352 2216 3408; x_wconf 85' lang='lat' dir='ltr'><strong>de</strong></span> <span class='ocrx_word' id='word_1_528' title='bbox 2245 3367 2448 3407; x_wconf 89' lang='lat' dir='ltr'><strong>manna</strong></span> <span class='ocrx_word' id='word_1_529' title='bbox 2479 3351 2745 3416; x_wconf 89' lang='lat' dir='ltr'><strong>narravit,</strong></span> <span class='ocrx_word' id='word_1_530' title='bbox 2800 3349 2994 3405; x_wconf 91' lang='lat' dir='ltr'><strong>dicens</strong></span> <span class='ocrx_word' id='word_1_531' title='bbox 3039 3348 3190 3404; x_wconf 90' lang='lat' dir='ltr'><strong>illam</strong></span> <span class='ocrx_word' id='word_1_532' title='bbox 3214 3363 3326 3401; x_wconf 90' lang='lat' dir='ltr'><strong>non</strong></span> <span class='ocrx_word' id='word_1_533' title='bbox 3352 3345 3530 3402; x_wconf 89' lang='lat' dir='ltr'><strong>solum</strong></span> <span class='ocrx_word' id='word_1_534' title='bbox 3560 3343 3740 3414; x_wconf 87' lang='lat' dir='ltr'><strong>panis,</strong></span> 
     </span>
    </p>
   </div>
   <div class='ocr_carea' id='block_1_76' title="bbox 2153 3433 3742 3500">
    <p class='ocr_par' dir='ltr' id='par_1_76' title="bbox 2153 3433 3742 3500">
     <span class='ocr_line' id='line_1_76' title="bbox 2153 3433 3742 3500; baseline -0.007 -1"><span class='ocrx_word' id='word_1_535' title='bbox 2153 3444 2248 3500; x_wconf 90' lang='lat' dir='ltr'><strong>sed</strong></span> <span class='ocrx_word' id='word_1_536' title='bbox 2296 3445 2463 3499; x_wconf 89' lang='lat' dir='ltr'><strong>etiam</strong></span> <span class='ocrx_word' id='word_1_537' title='bbox 2509 3444 2696 3498; x_wconf 91' lang='lat' dir='ltr'><strong>carnis</strong></span> <span class='ocrx_word' id='word_1_538' title='bbox 2743 3441 2870 3497; x_wconf 88' lang='lat' dir='ltr'><strong>loco</strong></span> <span class='ocrx_word' id='word_1_539' title='bbox 2939 3439 3132 3496; x_wconf 81' lang='lat' dir='ltr'><strong>fuisse.</strong></span> <span class='ocrx_word' id='word_1_540' title='bbox 3197 3437 3352 3493; x_wconf 86' lang='lat' dir='ltr'><strong>Hanc</strong></span> <span class='ocrx_word' id='word_1_541' title='bbox 3400 3435 3547 3491; x_wconf 84' lang='lat' dir='ltr'><strong>enim</strong></span> <span class='ocrx_word' id='word_1_542' title='bbox 3595 3433 3742 3489; x_wconf 87' lang='lat' dir='ltr'><strong>mola</strong></span> 
     </span>
    </p>
   </div>
   <div class='ocr_carea' id='block_1_77' title="bbox 2151 3526 3746 3607">
    <p class='ocr_par' dir='ltr' id='par_1_77' title="bbox 2151 3526 3746 3607">
     <span class='ocr_line' id='line_1_77' title="bbox 2151 3526 3746 3607; baseline -0.007 -16"><span class='ocrx_word' id='word_1_543' title='bbox 2151 3537 2479 3607; x_wconf 86' lang='lat' dir='ltr'><strong>frangebant</strong></span> <span class='ocrx_word' id='word_1_544' title='bbox 2511 3544 2566 3590; x_wconf 87' lang='lat' dir='ltr'><strong>et</strong></span> <span class='ocrx_word' id='word_1_545' title='bbox 2594 3534 2844 3589; x_wconf 86' lang='lat' dir='ltr'><strong>terebant</strong></span> <span class='ocrx_word' id='word_1_546' title='bbox 2894 3532 2948 3587; x_wconf 93' lang='lat' dir='ltr'><strong>in</strong></span> <span class='ocrx_word' id='word_1_547' title='bbox 2981 3529 3272 3596; x_wconf 87' lang='lat' dir='ltr'><strong>mortario,</strong></span> <span class='ocrx_word' id='word_1_548' title='bbox 3327 3535 3384 3585; x_wconf 86' lang='lat' dir='ltr'><strong>et</strong></span> <span class='ocrx_word' id='word_1_549' title='bbox 3429 3526 3746 3598; x_wconf 83' lang='lat' dir='ltr'><strong>coquebant</strong></span> 
     </span>
    </p>
   </div>
   <div class='ocr_carea' id='block_1_78' title="bbox 2151 3615 3744 3692">
    <p class='ocr_par' dir='ltr' id='par_1_78' title="bbox 2151 3615 3744 3692">
     <span class='ocr_line' id='line_1_78' title="bbox 2151 3615 3744 3692; baseline -0.008 -9"><span class='ocrx_word' id='word_1_550' title='bbox 2151 3629 2205 3683; x_wconf 91' lang='lat' dir='ltr'><strong>in</strong></span> <span class='ocrx_word' id='word_1_551' title='bbox 2238 3629 2372 3692; x_wconf 92' lang='lat' dir='ltr'><strong>olla,</strong></span> <span class='ocrx_word' id='word_1_552' title='bbox 2418 3635 2474 3681; x_wconf 86' lang='lat' dir='ltr'><strong>et</strong></span> <span class='ocrx_word' id='word_1_553' title='bbox 2505 3642 2573 3682; x_wconf 82' lang='lat' dir='ltr'><strong>ex</strong></span> <span class='ocrx_word' id='word_1_554' title='bbox 2607 3641 2674 3682; x_wconf 87' lang='lat' dir='ltr'><strong>eo</strong></span> <span class='ocrx_word' id='word_1_555' title='bbox 2704 3625 2940 3680; x_wconf 89' lang='lat' dir='ltr'><strong>tortulas</strong></span> <span class='ocrx_word' id='word_1_556' title='bbox 2992 3622 3322 3678; x_wconf 80' lang='lat' dir='ltr'><strong>eﬂlciebant.</strong></span> <span class='ocrx_word' id='word_1_557' title='bbox 3358 3617 3614 3675; x_wconf 85' lang='lat' dir='ltr'><strong>Graviter</strong></span> <span class='ocrx_word' id='word_1_558' title='bbox 3657 3615 3744 3672; x_wconf 86' lang='lat' dir='ltr'><strong>la-</strong></span> 
     </span>
    </p>
   </div>
   <div class='ocr_carea' id='block_1_79' title="bbox 2153 3707 3747 3790">
    <p class='ocr_par' dir='ltr' id='par_1_79' title="bbox 2153 3707 3747 3790">
     <span class='ocr_line' id='line_1_79' title="bbox 2153 3707 3747 3790; baseline -0.006 -15"><span class='ocrx_word' id='word_1_559' title='bbox 2153 3730 2461 3776; x_wconf 89' lang='lat' dir='ltr'><strong>mentantes</strong></span> <span class='ocrx_word' id='word_1_560' title='bbox 2489 3718 2747 3790; x_wconf 89' lang='lat' dir='ltr'><strong>objurgat</strong></span> <span class='ocrx_word' id='word_1_561' title='bbox 2781 3716 3052 3772; x_wconf 90' lang='lat' dir='ltr'><strong>Dominus</strong></span> <span class='ocrx_word' id='word_1_562' title='bbox 3081 3713 3244 3778; x_wconf 86' lang='lat' dir='ltr'><strong>Deus,</strong></span> <span class='ocrx_word' id='word_1_563' title='bbox 3278 3726 3346 3768; x_wconf 89' lang='lat' dir='ltr'><strong>ac</strong></span> <span class='ocrx_word' id='word_1_564' title='bbox 3375 3711 3606 3766; x_wconf 88' lang='lat' dir='ltr'><strong>moleste</strong></span> <span class='ocrx_word' id='word_1_565' title='bbox 3637 3707 3747 3765; x_wconf 80' lang='lat' dir='ltr'><strong>fert</strong></span> 
     </span>
    </p>
   </div>
   <div class='ocr_carea' id='block_1_80' title="bbox 2154 3803 3746 3883">
    <p class='ocr_par' dir='ltr' id='par_1_80' title="bbox 2154 3803 3746 3883">
     <span class='ocr_line' id='line_1_80' title="bbox 2154 3803 3746 3883; baseline -0.008 -14"><span class='ocrx_word' id='word_1_566' title='bbox 2154 3814 2271 3883; x_wconf 90' lang='lat' dir='ltr'><strong>ipse</strong></span> <span class='ocrx_word' id='word_1_567' title='bbox 2299 3811 2567 3883; x_wconf 85' lang='lat' dir='ltr'><strong>prOpheta</strong></span> <span class='ocrx_word' id='word_1_568' title='bbox 2597 3850 2612 3876; x_wconf 90' lang='lat'><strong>,</strong></span> <span class='ocrx_word' id='word_1_569' title='bbox 2639 3809 2956 3866; x_wconf 85' lang='lat' dir='ltr'><strong>exclamans</strong></span> <span class='ocrx_word' id='word_1_570' title='bbox 2984 3825 2998 3862; x_wconf 92' lang='lat'>:</span> <span class='ocrx_word' id='word_1_571' title='bbox 3039 3825 3058 3860; x_wconf 76' lang='grc' dir='ltr'><strong>ι</strong></span> <span class='ocrx_word' id='word_1_572' title='bbox 3092 3805 3207 3861; x_wconf 88' lang='lat' dir='ltr'><strong>Cur</strong></span> <span class='ocrx_word' id='word_1_573' title='bbox 3241 3803 3484 3860; x_wconf 80' lang='lat' dir='ltr'><strong>aﬂlixisti</strong></span> <span class='ocrx_word' id='word_1_574' title='bbox 3525 3815 3746 3857; x_wconf 85' lang='lat' dir='ltr'><strong>servum</strong></span> 
     </span>
    </p>
   </div>
   <div class='ocr_carea' id='block_1_81' title="bbox 2154 3894 3749 3973">
    <p class='ocr_par' dir='ltr' id='par_1_81' title="bbox 2154 3894 3749 3973">
     <span class='ocr_line' id='line_1_81' title="bbox 2154 3894 3749 3973; baseline -0.009 -10"><span class='ocrx_word' id='word_1_575' title='bbox 2154 3906 2352 3963; x_wconf 85' lang='lat' dir='ltr'><strong>tuum?</strong></span> <span class='ocrx_word' id='word_1_576' title='bbox 2389 3905 2569 3973; x_wconf 86' lang='lat' dir='ltr'><strong>Quare</strong></span> <span class='ocrx_word' id='word_1_577' title='bbox 2613 3918 2724 3959; x_wconf 88' lang='lat' dir='ltr'><strong>non</strong></span> <span class='ocrx_word' id='word_1_578' title='bbox 2777 3901 2999 3958; x_wconf 89' lang='lat' dir='ltr'><strong>invenio</strong></span> <span class='ocrx_word' id='word_1_579' title='bbox 3031 3899 3270 3972; x_wconf 83' lang='lat' dir='ltr'><strong>gratiam</strong></span> <span class='ocrx_word' id='word_1_580' title='bbox 3322 3912 3507 3954; x_wconf 84' lang='lat' dir='ltr'><strong>coram</strong></span> <span class='ocrx_word' id='word_1_581' title='bbox 3556 3894 3649 3951; x_wconf 75' lang='lat' dir='ltr'><strong>te?</strong></span> <span class='ocrx_word' id='word_1_582' title='bbox 3682 3895 3749 3948; x_wconf 80' lang='lat' dir='ltr'><strong>Et</strong></span> 
     </span>
    </p>
   </div>
   <div class='ocr_carea' id='block_1_82' title="bbox 2154 3988 3749 4068">
    <p class='ocr_par' dir='ltr' id='par_1_82' title="bbox 2154 3988 3749 4068">
     <span class='ocr_line' id='line_1_82' title="bbox 2154 3988 3749 4068; baseline -0.009 -14"><span class='ocrx_word' id='word_1_583' title='bbox 2154 4016 2254 4054; x_wconf 88' lang='lat' dir='ltr'><strong>cur</strong></span> <span class='ocrx_word' id='word_1_584' title='bbox 2285 3997 2599 4068; x_wconf 79' lang='lat' dir='ltr'><strong>imposuisti</strong></span> <span class='ocrx_word' id='word_1_585' title='bbox 2629 3997 2845 4066; x_wconf 90' lang='lat' dir='ltr'><strong>pondus</strong></span> <span class='ocrx_word' id='word_1_586' title='bbox 2873 3993 3123 4050; x_wconf 86' lang='lat' dir='ltr'><strong>universi</strong></span> <span class='ocrx_word' id='word_1_587' title='bbox 3158 3991 3348 4063; x_wconf 89' lang='lat' dir='ltr'><strong>populi</strong></span> <span class='ocrx_word' id='word_1_588' title='bbox 3382 3988 3550 4060; x_wconf 86' lang='lat' dir='ltr'><strong>hujus</strong></span> <span class='ocrx_word' id='word_1_589' title='bbox 3579 4001 3749 4057; x_wconf 86' lang='lat' dir='ltr'><strong>super</strong></span> 
     </span>
    </p>
   </div>
   <div class='ocr_carea' id='block_1_83' title="bbox 2158 4079 3757 4160">
    <p class='ocr_par' dir='ltr' id='par_1_83' title="bbox 2158 4079 3757 4160">
     <span class='ocr_line' id='line_1_83' title="bbox 2158 4079 3757 4160; baseline -0.009 -15"><span class='ocrx_word' id='word_1_590' title='bbox 2158 4093 2282 4146; x_wconf 85' lang='lat' dir='ltr'><strong>me?</strong></span> <span class='ocrx_word' id='word_1_591' title='bbox 2331 4090 2590 4160; x_wconf 77' lang='lat' dir='ltr'><strong>Nunquid</strong></span> <span class='ocrx_word' id='word_1_592' title='bbox 2627 4103 2729 4158; x_wconf 82' lang='lat' dir='ltr'><strong>ego</strong></span> <span class='ocrx_word' id='word_1_593' title='bbox 2782 4086 3011 4156; x_wconf 90' lang='lat' dir='ltr'><strong>concepi</strong></span> <span class='ocrx_word' id='word_1_594' title='bbox 3037 4099 3262 4140; x_wconf 88' lang='lat' dir='ltr'><strong>onmem</strong></span> <span class='ocrx_word' id='word_1_595' title='bbox 3315 4083 3457 4137; x_wconf 90' lang='lat' dir='ltr'><strong>hanc</strong></span> <span class='ocrx_word' id='word_1_596' title='bbox 3499 4079 3757 4134; x_wconf 52' lang='lat' dir='ltr'><strong>multitu-t</strong></span> 
     </span>
    </p>
   </div>
   <div class='ocr_carea' id='block_1_84' title="bbox 2156 4171 3750 4252">
    <p class='ocr_par' dir='ltr' id='par_1_84' title="bbox 2156 4171 3750 4252">
     <span class='ocr_line' id='line_1_84' title="bbox 2156 4171 3750 4252; baseline -0.009 -13"><span class='ocrx_word' id='word_1_597' title='bbox 2156 4187 2382 4239; x_wconf 79' lang='lat' dir='ltr'><strong>dinem?</strong></span> <span class='ocrx_word' id='word_1_598' title='bbox 2430 4185 2513 4239; x_wconf 85' lang='lat' dir='ltr'><strong>vel</strong></span> <span class='ocrx_word' id='word_1_599' title='bbox 2550 4182 2711 4252; x_wconf 86' lang='lat' dir='ltr'><strong>genui</strong></span> <span class='ocrx_word' id='word_1_600' title='bbox 2742 4195 2865 4234; x_wconf 88' lang='lat' dir='ltr'><strong>eam</strong></span> <span class='ocrx_word' id='word_1_601' title='bbox 2893 4179 2981 4233; x_wconf 74' lang='lat'><strong>8&quot;3</strong></span> <span class='ocrx_word' id='word_1_602' title='bbox 3013 4197 3032 4230; x_wconf 76' lang='grc' dir='ltr'><strong>ι</strong></span> <span class='ocrx_word' id='word_1_603' title='bbox 3064 4187 3120 4232; x_wconf 92' lang='lat' dir='ltr'><strong>ct</strong></span> <span class='ocrx_word' id='word_1_604' title='bbox 3163 4175 3398 4245; x_wconf 89' lang='lat' dir='ltr'><strong>reliqua.</strong></span> <span class='ocrx_word' id='word_1_605' title='bbox 3452 4171 3550 4228; x_wconf 74' lang='lat' dir='ltr'><strong>llis</strong></span> <span class='ocrx_word' id='word_1_606' title='bbox 3582 4171 3750 4227; x_wconf 89' lang='lat' dir='ltr'><strong>dictis</strong></span> 
     </span>
    </p>
   </div>
   <div class='ocr_carea' id='block_1_85' title="bbox 2158 4258 3749 4344">
    <p class='ocr_par' dir='ltr' id='par_1_85' title="bbox 2158 4258 3749 4344">
     <span class='ocr_line' id='line_1_85' title="bbox 2158 4258 3749 4344; baseline -0.011 -15"><span class='ocrx_word' id='word_1_607' title='bbox 2158 4275 2365 4330; x_wconf 88' lang='lat' dir='ltr'><strong>indicat</strong></span> <span class='ocrx_word' id='word_1_608' title='bbox 2386 4288 2550 4344; x_wconf 91' lang='lat' dir='ltr'><strong>quam</strong></span> <span class='ocrx_word' id='word_1_609' title='bbox 2575 4271 2855 4341; x_wconf 89' lang='lat' dir='ltr'><strong>simplices</strong></span> <span class='ocrx_word' id='word_1_610' title='bbox 2876 4268 3230 4340; x_wconf 82' lang='lat' dir='ltr'><strong>puerilesque</strong></span> <span class='ocrx_word' id='word_1_611' title='bbox 3249 4263 3504 4327; x_wconf 79' lang='lat' dir='ltr'><strong>luerunt;</strong></span> <span class='ocrx_word' id='word_1_612' title='bbox 3528 4258 3749 4328; x_wconf 86' lang='lat' dir='ltr'><strong>sugenli</strong></span> 
     </span>
    </p>
   </div>
   <div class='ocr_carea' id='block_1_86' title="bbox 2160 4355 3752 4438">
    <p class='ocr_par' dir='ltr' id='par_1_86' title="bbox 2160 4355 3752 4438">
     <span class='ocr_line' id='line_1_86' title="bbox 2160 4355 3752 4438; baseline -0.013 -14"><span class='ocrx_word' id='word_1_613' title='bbox 2160 4383 2329 4438; x_wconf 89' lang='lat' dir='ltr'><strong>puero</strong></span> <span class='ocrx_word' id='word_1_614' title='bbox 2355 4369 2478 4423; x_wconf 90' lang='lat' dir='ltr'><strong>illos</strong></span> <span class='ocrx_word' id='word_1_615' title='bbox 2507 4365 2850 4435; x_wconf 88' lang='lat' dir='ltr'><strong>comparavit</strong></span> <span class='ocrx_word' id='word_1_616' title='bbox 2875 4362 2969 4432; x_wconf 91' lang='lat' dir='ltr'><strong>qui</strong></span> <span class='ocrx_word' id='word_1_617' title='bbox 3001 4359 3137 4415; x_wconf 86' lang='lat' dir='ltr'><strong>nihil</strong></span> <span class='ocrx_word' id='word_1_618' title='bbox 3167 4357 3314 4412; x_wconf 88' lang='lat' dir='ltr'><strong>aliud</strong></span> <span class='ocrx_word' id='word_1_619' title='bbox 3353 4355 3535 4410; x_wconf 81' lang='lat' dir='ltr'><strong>facere</strong></span> <span class='ocrx_word' id='word_1_620' title='bbox 3562 4357 3752 4424; x_wconf 87' lang='lat' dir='ltr'><strong>potest</strong></span> 
     </span>
    </p>
   </div>
   <div class='ocr_carea' id='block_1_87' title="bbox 2161 4449 3752 4524">
    <p class='ocr_par' dir='ltr' id='par_1_87' title="bbox 2161 4449 3752 4524">
     <span class='ocr_line' id='line_1_87' title="bbox 2161 4449 3752 4524; baseline -0.011 -8"><span class='ocrx_word' id='word_1_621' title='bbox 2161 4462 2267 4518; x_wconf 87' lang='lat' dir='ltr'><strong>nisi</strong></span> <span class='ocrx_word' id='word_1_622' title='bbox 2299 4461 2385 4516; x_wconf 87' lang='lat' dir='ltr'><strong>lac</strong></span> <span class='ocrx_word' id='word_1_623' title='bbox 2413 4474 2536 4517; x_wconf 89' lang='lat' dir='ltr'><strong>cum</strong></span> <span class='ocrx_word' id='word_1_624' title='bbox 2586 4456 2928 4514; x_wconf 88' lang='lat' dir='ltr'><strong>clamoribus</strong></span> <span class='ocrx_word' id='word_1_625' title='bbox 3009 4465 3329 4524; x_wconf 72' lang='lat' dir='ltr'><strong>exposcere.</strong></span> <span class='ocrx_word' id='word_1_626' title='bbox 3377 4449 3518 4504; x_wconf 87' lang='lat' dir='ltr'><strong>Cum</strong></span> <span class='ocrx_word' id='word_1_627' title='bbox 3565 4455 3752 4501; x_wconf 78' lang='lat' dir='ltr'><strong>autem</strong></span> 
     </span>
    </p>
   </div>
   <div class='ocr_carea' id='block_1_88' title="bbox 2165 4541 3752 4621">
    <p class='ocr_par' dir='ltr' id='par_1_88' title="bbox 2165 4541 3752 4621">
     <span class='ocr_line' id='line_1_88' title="bbox 2165 4541 3752 4621; baseline -0.011 -11"><span class='ocrx_word' id='word_1_628' title='bbox 2165 4554 2508 4611; x_wconf 88' lang='lat' dir='ltr'><strong>vehementia</strong></span> <span class='ocrx_word' id='word_1_629' title='bbox 2533 4561 2723 4610; x_wconf 89' lang='lat' dir='ltr'><strong>essent</strong></span> <span class='ocrx_word' id='word_1_630' title='bbox 2745 4550 2952 4621; x_wconf 76' lang='lat' dir='ltr'><strong>Illoysis</strong></span> <span class='ocrx_word' id='word_1_631' title='bbox 2981 4546 3325 4619; x_wconf 85' lang='lat' dir='ltr'><strong>indignantis</strong></span> <span class='ocrx_word' id='word_1_632' title='bbox 3379 4541 3569 4609; x_wconf 87' lang='lat' dir='ltr'><strong>verba,</strong></span> <span class='ocrx_word' id='word_1_633' title='bbox 3621 4555 3752 4594; x_wconf 87' lang='lat' dir='ltr'><strong>nam</strong></span> 
     </span>
    </p>
   </div>
   <div class='ocr_carea' id='block_1_89' title="bbox 2163 4637 3754 4720">
    <p class='ocr_par' dir='ltr' id='par_1_89' title="bbox 2163 4637 3754 4720">
     <span class='ocr_line' id='line_1_89' title="bbox 2163 4637 3754 4720; baseline -0.012 -16"><span class='ocrx_word' id='word_1_634' title='bbox 2163 4649 2450 4720; x_wconf 88' lang='lat' dir='ltr'><strong>sequentia</strong></span> <span class='ocrx_word' id='word_1_635' title='bbox 2499 4646 2648 4702; x_wconf 90' lang='lat' dir='ltr'><strong>hunc</strong></span> <span class='ocrx_word' id='word_1_636' title='bbox 2679 4660 2905 4701; x_wconf 85' lang='lat' dir='ltr'><strong>sensum</strong></span> <span class='ocrx_word' id='word_1_637' title='bbox 2954 4641 3182 4706; x_wconf 86' lang='lat' dir='ltr'><strong>habent,</strong></span> <span class='ocrx_word' id='word_1_638' title='bbox 3219 4637 3539 4694; x_wconf 88' lang='lat' dir='ltr'><strong>admonitus</strong></span> <span class='ocrx_word' id='word_1_639' title='bbox 3583 4641 3670 4690; x_wconf 88' lang='lat' dir='ltr'><strong>cst</strong></span> <span class='ocrx_word' id='word_1_640' title='bbox 3720 4645 3754 4686; x_wconf 68' lang='grc' dir='ltr'><strong>ε</strong></span> 
     </span>
    </p>
   </div>
   <div class='ocr_carea' id='block_1_90' title="bbox 461 4730 2042 4821">
    <p class='ocr_par' dir='ltr' id='par_1_90' title="bbox 461 4737 2042 4818">
     <span class='ocr_line' id='line_1_90' title="bbox 461 4737 2042 4818; baseline 0.008 -28"><span class='ocrx_word' id='word_1_641' title='bbox 461 4737 725 4793; x_wconf 87' lang='grc' dir='ltr'>δάσκεται</span> <span class='ocrx_word' id='word_1_642' title='bbox 775 4740 926 4812; x_wconf 87' lang='grc' dir='ltr'><strong>παρά</strong></span> <span class='ocrx_word' id='word_1_643' title='bbox 959 4743 1054 4796; x_wconf 82' lang='grc' dir='ltr'>τοῦ</span> <span class='ocrx_word' id='word_1_644' title='bbox 1099 4744 1376 4798; x_wconf 81' lang='grc' dir='ltr'>Δεσπότου</span> <span class='ocrx_word' id='word_1_645' title='bbox 1415 4744 1573 4810; x_wconf 81' lang='grc' dir='ltr'>Θεοῦ,</span> <span class='ocrx_word' id='word_1_646' title='bbox 1600 4746 1678 4810; x_wconf 85' lang='grc' dir='ltr'>ὡς</span> <span class='ocrx_word' id='word_1_647' title='bbox 1722 4746 1823 4800; x_wconf 86' lang='grc' dir='ltr'><strong>οὐκ</strong></span> <span class='ocrx_word' id='word_1_648' title='bbox 1846 4747 2042 4818; x_wconf 88' lang='grc' dir='ltr'>ἀνθρω-</span> 
     </span>
    </p>
   </div>
   <div class='ocr_carea' id='block_1_91' title="bbox 2146 4730 3750 4821">
    <p class='ocr_par' dir='ltr' id='par_1_91' title="bbox 2168 4730 3750 4806">
     <span class='ocr_line' id='line_1_91' title="bbox 2168 4730 3750 4806; baseline -0.011 -13"><span class='ocrx_word' id='word_1_649' title='bbox 2168 4740 2403 4796; x_wconf 87' lang='lat' dir='ltr'><strong>Domino</strong></span> <span class='ocrx_word' id='word_1_650' title='bbox 2425 4743 2534 4794; x_wconf 82' lang='lat' dir='ltr'><strong>Deo</strong></span> <span class='ocrx_word' id='word_1_651' title='bbox 2561 4738 2708 4792; x_wconf 91' lang='lat' dir='ltr'><strong>hunc</strong></span> <span class='ocrx_word' id='word_1_652' title='bbox 2737 4735 3001 4806; x_wconf 88' lang='lat' dir='ltr'><strong>populum</strong></span> <span class='ocrx_word' id='word_1_653' title='bbox 3024 4746 3135 4788; x_wconf 92' lang='lat' dir='ltr'><strong>non</strong></span> <span class='ocrx_word' id='word_1_654' title='bbox 3164 4731 3407 4785; x_wconf 90' lang='lat' dir='ltr'><strong>humana</strong></span> <span class='ocrx_word' id='word_1_655' title='bbox 3457 4730 3750 4796; x_wconf 80' lang='lat' dir='ltr'><strong>potestate,</strong></span> 
     </span>
    </p>
   </div>
   <div class='ocr_carea' id='block_1_92' title="bbox 466 4830 2054 4910">
    <p class='ocr_par' dir='ltr' id='par_1_92' title="bbox 466 4830 2054 4910">
     <span class='ocr_line' id='line_1_92' title="bbox 466 4830 2054 4910; baseline 0.004 -25"><span class='ocrx_word' id='word_1_656' title='bbox 466 4830 602 4904; x_wconf 83' lang='grc' dir='ltr'>πίνῃ</span> <span class='ocrx_word' id='word_1_657' title='bbox 626 4831 880 4903; x_wconf 80' lang='grc' dir='ltr'>δυνάμει,</span> <span class='ocrx_word' id='word_1_658' title='bbox 917 4833 1038 4905; x_wconf 68' lang='grc' dir='ltr'>θεία</span> <span class='ocrx_word' id='word_1_659' title='bbox 1064 4835 1122 4888; x_wconf 85' lang='grc' dir='ltr'>δὲ</span> <span class='ocrx_word' id='word_1_660' title='bbox 1163 4837 1346 4907; x_wconf 85' lang='grc' dir='ltr'>χάριτι</span> <span class='ocrx_word' id='word_1_661' title='bbox 1376 4837 1468 4891; x_wconf 86' lang='grc' dir='ltr'><strong>τὸν</strong></span> <span class='ocrx_word' id='word_1_662' title='bbox 1483 4837 1613 4892; x_wconf 86' lang='grc' dir='ltr'>λαὸν</span> <span class='ocrx_word' id='word_1_663' title='bbox 1641 4839 1886 4910; x_wconf 75' lang='grc' dir='ltr'>κυϐερνᾷ</span> <span class='ocrx_word' id='word_1_664' title='bbox 1907 4855 1920 4869; x_wconf 86' lang='grc'><strong>·</strong></span> <span class='ocrx_word' id='word_1_665' title='bbox 1951 4838 2054 4910; x_wconf 69' lang='grc' dir='ltr'><strong>ἐφη</strong></span> 
     </span>
    </p>
   </div>
   <div class='ocr_carea' id='block_1_93' title="bbox 464 4921 2056 5002">
    <p class='ocr_par' dir='ltr' id='par_1_93' title="bbox 464 4921 2056 5002">
     <span class='ocr_line' id='line_1_93' title="bbox 464 4921 2056 5002; baseline 0.008 -28"><span class='ocrx_word' id='word_1_666' title='bbox 464 4921 602 4993; x_wconf 85' lang='grc' dir='ltr'>γάρ·</span> <span class='ocrx_word' id='word_1_667' title='bbox 622 4923 938 4995; x_wconf 74' lang='grc' dir='ltr'>(Συναγαγέ</span> <span class='ocrx_word' id='word_1_668' title='bbox 957 4943 1047 4996; x_wconf 87' lang='grc' dir='ltr'><strong>μοι</strong></span> <span class='ocrx_word' id='word_1_669' title='bbox 1069 4926 1455 4998; x_wconf 74' lang='grc' dir='ltr'>ἐϐδομήκοντα</span> <span class='ocrx_word' id='word_1_670' title='bbox 1483 4928 1687 5000; x_wconf 82' lang='grc' dir='ltr'>ἄνδρας</span> <span class='ocrx_word' id='word_1_671' title='bbox 1708 4946 1720 4958; x_wconf 88' lang='grc'><strong>·</strong></span> <span class='ocrx_word' id='word_1_672' title='bbox 1736 4948 1754 4981; x_wconf 74' lang='grc' dir='ltr'><strong>ι</strong></span> <span class='ocrx_word' id='word_1_673' title='bbox 1789 4926 1910 4984; x_wconf 74' lang='grc' dir='ltr'>εἶτα</span> <span class='ocrx_word' id='word_1_674' title='bbox 1937 4931 2056 5002; x_wconf 87' lang='grc' dir='ltr'>μετ’</span> 
     </span>
    </p>
   </div>
   <div class='ocr_carea' id='block_1_94' title="bbox 463 5013 2054 5092">
    <p class='ocr_par' dir='ltr' id='par_1_94' title="bbox 463 5013 2054 5092">
     <span class='ocr_line' id='line_1_94' title="bbox 463 5013 2054 5092; baseline 0.007 -25"><span class='ocrx_word' id='word_1_675' title='bbox 463 5013 624 5085; x_wconf 83' lang='grc' dir='ltr'>ὀλίγα</span> <span class='ocrx_word' id='word_1_676' title='bbox 645 5030 661 5046; x_wconf 92' lang='grc'><strong>·</strong></span> <span class='ocrx_word' id='word_1_677' title='bbox 698 5035 716 5068; x_wconf 77' lang='grc' dir='ltr'><strong>ι</strong></span> <span class='ocrx_word' id='word_1_678' title='bbox 750 5017 862 5070; x_wconf 72' lang='grc' dir='ltr'><strong>Καὶ</strong></span> <span class='ocrx_word' id='word_1_679' title='bbox 891 5018 1077 5086; x_wconf 79' lang='grc' dir='ltr'>ἀφελῶ</span> <span class='ocrx_word' id='word_1_680' title='bbox 1115 5018 1331 5072; x_wconf 79' lang='grc' dir='ltr'>ἀπὸτοῦ</span> <span class='ocrx_word' id='word_1_681' title='bbox 1355 5019 1673 5092; x_wconf 84' lang='grc' dir='ltr'>πνεύματος</span> <span class='ocrx_word' id='word_1_682' title='bbox 1695 5023 1790 5076; x_wconf 80' lang='grc' dir='ltr'>τοῦ</span> <span class='ocrx_word' id='word_1_683' title='bbox 1819 5024 1915 5077; x_wconf 81' lang='grc' dir='ltr'>ἐπὶ</span> <span class='ocrx_word' id='word_1_684' title='bbox 1949 5024 2054 5092; x_wconf 69' lang='grc' dir='ltr'>σοὶ,</span> 
     </span>
    </p>
   </div>
   <div class='ocr_carea' id='block_1_95' title="bbox 468 5105 2058 5185">
    <p class='ocr_par' dir='ltr' id='par_1_95' title="bbox 468 5105 2058 5185">
     <span class='ocr_line' id='line_1_95' title="bbox 468 5105 2058 5185; baseline 0.007 -28"><span class='ocrx_word' id='word_1_685' title='bbox 468 5105 562 5158; x_wconf 78' lang='grc' dir='ltr'>καὶ</span> <span class='ocrx_word' id='word_1_686' title='bbox 585 5105 833 5177; x_wconf 87' lang='grc' dir='ltr'>ἐπιθήσω</span> <span class='ocrx_word' id='word_1_687' title='bbox 863 5108 952 5159; x_wconf 80' lang='grc' dir='ltr'>ἐπ’</span> <span class='ocrx_word' id='word_1_688' title='bbox 983 5107 1183 5172; x_wconf 80' lang='grc' dir='ltr'>αὐτούς</span> <span class='ocrx_word' id='word_1_689' title='bbox 1208 5126 1222 5141; x_wconf 88' lang='grc'><strong>·</strong></span> <span class='ocrx_word' id='word_1_690' title='bbox 1267 5109 1364 5163; x_wconf 72' lang='grc' dir='ltr'>καὶ</span> <span class='ocrx_word' id='word_1_691' title='bbox 1406 5111 1882 5184; x_wconf 71' lang='grc' dir='ltr'>συναντιλήψομαι</span> <span class='ocrx_word' id='word_1_692' title='bbox 1915 5115 2058 5185; x_wconf 86' lang='grc' dir='ltr'><strong>μετά</strong></span> 
     </span>
    </p>
   </div>
   <div class='ocr_carea' id='block_1_96' title="bbox 470 5196 2056 5272">
    <p class='ocr_par' dir='ltr' id='par_1_96' title="bbox 470 5196 2056 5272">
     <span class='ocr_line' id='line_1_96' title="bbox 470 5196 2056 5272; baseline 0.006 -21"><span class='ocrx_word' id='word_1_693' title='bbox 470 5196 566 5252; x_wconf 84' lang='grc' dir='ltr'>σοῦ</span> <span class='ocrx_word' id='word_1_694' title='bbox 594 5199 693 5271; x_wconf 82' lang='grc' dir='ltr'><strong>τὴν</strong></span> <span class='ocrx_word' id='word_1_695' title='bbox 717 5199 896 5272; x_wconf 83' lang='grc' dir='ltr'>ὁρμὴν</span> <span class='ocrx_word' id='word_1_696' title='bbox 923 5199 1018 5254; x_wconf 81' lang='grc' dir='ltr'>τοῦ</span> <span class='ocrx_word' id='word_1_697' title='bbox 1050 5201 1186 5256; x_wconf 81' lang='grc' dir='ltr'>λαοῦ</span> <span class='ocrx_word' id='word_1_698' title='bbox 1224 5202 1443 5269; x_wconf 86' lang='grc' dir='ltr'>τούτου,</span> <span class='ocrx_word' id='word_1_699' title='bbox 1476 5203 1572 5258; x_wconf 80' lang='grc' dir='ltr'><strong>καὶ</strong></span> <span class='ocrx_word' id='word_1_700' title='bbox 1611 5205 1713 5260; x_wconf 86' lang='grc' dir='ltr'><strong>οὐκ</strong></span> <span class='ocrx_word' id='word_1_701' title='bbox 1758 5206 1926 5271; x_wconf 74' lang='grc' dir='ltr'>οἴσεις</span> <span class='ocrx_word' id='word_1_702' title='bbox 1957 5209 2056 5262; x_wconf 79' lang='grc' dir='ltr'>αὐ-</span> 
     </span>
    </p>
   </div>
   <div class='ocr_carea' id='block_1_97' title="bbox 467 5291 2062 5366">
    <p class='ocr_par' dir='ltr' id='par_1_97' title="bbox 467 5291 2062 5366">
     <span class='ocr_line' id='line_1_97' title="bbox 467 5291 2062 5366; baseline 0.006 -23"><span class='ocrx_word' id='word_1_703' title='bbox 467 5291 596 5355; x_wconf 84' lang='grc' dir='ltr'>τοὺς</span> <span class='ocrx_word' id='word_1_704' title='bbox 645 5293 711 5345; x_wconf 79' lang='grc' dir='ltr'><strong>σὺ</strong></span> <span class='ocrx_word' id='word_1_705' title='bbox 747 5293 941 5366; x_wconf 76' lang='grc' dir='ltr'>μόνος·</span> <span class='ocrx_word' id='word_1_706' title='bbox 983 5313 1003 5346; x_wconf 75' lang='grc' dir='ltr'><strong>ι</strong></span> <span class='ocrx_word' id='word_1_707' title='bbox 1055 5293 1345 5366; x_wconf 87' lang='grc' dir='ltr'>μεμάθηκε</span> <span class='ocrx_word' id='word_1_708' title='bbox 1374 5295 1431 5350; x_wconf 84' lang='grc' dir='ltr'>δὲ</span> <span class='ocrx_word' id='word_1_709' title='bbox 1475 5296 1567 5351; x_wconf 81' lang='grc' dir='ltr'>διὰ</span> <span class='ocrx_word' id='word_1_710' title='bbox 1602 5296 1810 5352; x_wconf 80' lang='grc' dir='ltr'>τούτων</span> <span class='ocrx_word' id='word_1_711' title='bbox 1835 5298 1943 5352; x_wconf 86' lang='grc' dir='ltr'><strong>τῶν</strong></span> <span class='ocrx_word' id='word_1_712' title='bbox 1971 5298 2062 5352; x_wconf 85' lang='grc' dir='ltr'>λό-</span> 
     </span>
    </p>
   </div>
   <div class='ocr_carea' id='block_1_98' title="bbox 469 5385 2063 5464">
    <p class='ocr_par' dir='ltr' id='par_1_98' title="bbox 469 5385 2063 5464">
     <span class='ocr_line' id='line_1_98' title="bbox 469 5385 2063 5464; baseline 0.004 -28"><span class='ocrx_word' id='word_1_713' title='bbox 469 5400 584 5451; x_wconf 91' lang='grc' dir='ltr'><strong>γων</strong></span> <span class='ocrx_word' id='word_1_714' title='bbox 613 5385 641 5437; x_wconf 89' lang='grc' dir='ltr'><strong>ό</strong></span> <span class='ocrx_word' id='word_1_715' title='bbox 661 5385 962 5457; x_wconf 85' lang='grc' dir='ltr'>νομοθέτης</span> <span class='ocrx_word' id='word_1_716' title='bbox 1003 5386 1078 5451; x_wconf 84' lang='grc' dir='ltr'>ὡς</span> <span class='ocrx_word' id='word_1_717' title='bbox 1110 5387 1443 5458; x_wconf 85' lang='grc' dir='ltr'>ἀποχρῶσαν</span> <span class='ocrx_word' id='word_1_718' title='bbox 1483 5388 1645 5442; x_wconf 78' lang='grc' dir='ltr'>ἔλαϐε</span> <span class='ocrx_word' id='word_1_719' title='bbox 1674 5392 1742 5462; x_wconf 82' lang='grc' dir='ltr'>τῇ</span> <span class='ocrx_word' id='word_1_720' title='bbox 1777 5390 2063 5464; x_wconf 83' lang='grc' dir='ltr'>οἰκονομίᾳ</span> 
     </span>
    </p>
   </div>
   <div class='ocr_carea' id='block_1_99' title="bbox 470 5474 2066 5550">
    <p class='ocr_par' dir='ltr' id='par_1_99' title="bbox 470 5474 2066 5550">
     <span class='ocr_line' id='line_1_99' title="bbox 470 5474 2066 5550; baseline 0.004 -20"><span class='ocrx_word' id='word_1_721' title='bbox 470 5479 568 5547; x_wconf 80' lang='grc' dir='ltr'>τὴν</span> <span class='ocrx_word' id='word_1_722' title='bbox 605 5476 797 5548; x_wconf 86' lang='grc' dir='ltr'>χάριν·</span> <span class='ocrx_word' id='word_1_723' title='bbox 827 5477 918 5532; x_wconf 91' lang='grc' dir='ltr'><strong>διά</strong></span> <span class='ocrx_word' id='word_1_724' title='bbox 971 5478 1130 5532; x_wconf 73' lang='grc' dir='ltr'>τοῦτο</span> <span class='ocrx_word' id='word_1_725' title='bbox 1157 5474 1343 5532; x_wconf 79' lang='grc' dir='ltr'>εἶπεν·</span> <span class='ocrx_word' id='word_1_726' title='bbox 1387 5478 1601 5550; x_wconf 87' lang='grc' dir='ltr'>Ἀφελῶ</span> <span class='ocrx_word' id='word_1_727' title='bbox 1629 5480 1739 5534; x_wconf 86' lang='grc' dir='ltr'><strong>άπὸ</strong></span> <span class='ocrx_word' id='word_1_728' title='bbox 1766 5481 1881 5546; x_wconf 77' lang='grc' dir='ltr'><strong>τοῦ¹</strong></span> <span class='ocrx_word' id='word_1_729' title='bbox 1901 5483 2066 5536; x_wconf 79' lang='grc' dir='ltr'>πνεύ-</span> 
     </span>
    </p>
   </div>
   <div class='ocr_carea' id='block_1_100' title="bbox 473 5567 2056 5646">
    <p class='ocr_par' dir='ltr' id='par_1_100' title="bbox 473 5567 2056 5646">
     <span class='ocr_line' id='line_1_100' title="bbox 473 5567 2056 5646; baseline 0.005 -25"><span class='ocrx_word' id='word_1_730' title='bbox 473 5567 643 5639; x_wconf 85' lang='grc' dir='ltr'>ματός</span> <span class='ocrx_word' id='word_1_731' title='bbox 671 5585 765 5622; x_wconf 89' lang='grc' dir='ltr'><strong>σου</strong></span> <span class='ocrx_word' id='word_1_732' title='bbox 789 5569 847 5623; x_wconf 86' lang='grc' dir='ltr'><strong>ἐν</strong></span> <span class='ocrx_word' id='word_1_733' title='bbox 872 5569 958 5623; x_wconf 92' lang='grc' dir='ltr'><strong>σοί</strong></span> <span class='ocrx_word' id='word_1_734' title='bbox 978 5585 992 5599; x_wconf 91' lang='grc'><strong>·</strong></span> <span class='ocrx_word' id='word_1_735' title='bbox 1015 5571 1076 5623; x_wconf 80' lang='grc' dir='ltr'><strong>οὐ</strong></span> <span class='ocrx_word' id='word_1_736' title='bbox 1098 5569 1208 5642; x_wconf 86' lang='grc' dir='ltr'>γὰρ</span> <span class='ocrx_word' id='word_1_737' title='bbox 1233 5571 1509 5636; x_wconf 78' lang='grc' dir='ltr'>σπανίζων</span> <span class='ocrx_word' id='word_1_738' title='bbox 1530 5571 1727 5641; x_wconf 82' lang='grc' dir='ltr'>ἐτέρας</span> <span class='ocrx_word' id='word_1_739' title='bbox 1750 5571 2056 5646; x_wconf 83' lang='grc' dir='ltr'>δυνάμεως,</span> 
     </span>
    </p>
   </div>
   <div class='ocr_carea' id='block_1_101' title="bbox 543 5678 1802 5753">
    <p class='ocr_par' dir='ltr' id='par_1_101' title="bbox 543 5678 1802 5753">
     <span class='ocr_line' id='line_1_101' title="bbox 543 5678 1802 5753; baseline 0.006 -19"><span class='ocrx_word' id='word_1_740' title='bbox 543 5681 590 5712; x_wconf 82' lang='grc'><strong>⁸³</strong></span> <span class='ocrx_word' id='word_1_741' title='bbox 621 5678 788 5738; x_wconf 80' lang='lat' dir='ltr'><strong>Num.</strong></span> <span class='ocrx_word' id='word_1_742' title='bbox 819 5697 896 5750; x_wconf 70' lang='grc' dir='ltr'>χι,</span> <span class='ocrx_word' id='word_1_743' title='bbox 930 5684 1019 5751; x_wconf 81' lang='grc' dir='ltr'>Η,</span> <span class='ocrx_word' id='word_1_744' title='bbox 1062 5683 1148 5738; x_wconf 70' lang='grc'><strong>19..</strong></span> <span class='ocrx_word' id='word_1_745' title='bbox 1226 5683 1273 5716; x_wconf 79' lang='grc'><strong>⁸³</strong></span> <span class='ocrx_word' id='word_1_746' title='bbox 1299 5681 1464 5739; x_wconf 88' lang='lat' dir='ltr'><strong>Num.</strong></span> <span class='ocrx_word' id='word_1_747' title='bbox 1500 5700 1574 5753; x_wconf 81' lang='lat' dir='ltr'><strong>x1,</strong></span> <span class='ocrx_word' id='word_1_748' title='bbox 1602 5684 1802 5741; x_wconf 63' lang='lat'><strong>24-?5.</strong></span> 
     </span>
    </p>
   </div>
   <div class='ocr_carea' id='block_1_102' title="bbox 2163 4819 3755 4906">
    <p class='ocr_par' dir='ltr' id='par_1_102' title="bbox 2163 4819 3755 4906">
     <span class='ocr_line' id='line_1_102' title="bbox 2163 4819 3755 4906; baseline -0.012 -16"><span class='ocrx_word' id='word_1_749' title='bbox 2163 4835 2259 4890; x_wconf 87' lang='lat' dir='ltr'><strong>sed</strong></span> <span class='ocrx_word' id='word_1_750' title='bbox 2301 4834 2479 4906; x_wconf 86' lang='lat' dir='ltr'><strong>gratia</strong></span> <span class='ocrx_word' id='word_1_751' title='bbox 2512 4831 2607 4887; x_wconf 87' lang='lat' dir='ltr'><strong>Dei</strong></span> <span class='ocrx_word' id='word_1_752' title='bbox 2641 4828 2976 4899; x_wconf 81' lang='lat' dir='ltr'><strong>gubernari;</strong></span> <span class='ocrx_word' id='word_1_753' title='bbox 3008 4826 3144 4881; x_wconf 84' lang='lat' dir='ltr'><strong>dicit</strong></span> <span class='ocrx_word' id='word_1_754' title='bbox 3189 4823 3338 4879; x_wconf 89' lang='lat' dir='ltr'><strong>enim</strong></span> <span class='ocrx_word' id='word_1_755' title='bbox 3370 4839 3384 4876; x_wconf 91' lang='lat'>:</span> <span class='ocrx_word' id='word_1_756' title='bbox 3425 4839 3444 4873; x_wconf 74' lang='grc' dir='ltr'><strong>ι</strong></span> <span class='ocrx_word' id='word_1_757' title='bbox 3472 4819 3755 4888; x_wconf 76' lang='lat' dir='ltr'><strong>Congrega</strong></span> 
     </span>
    </p>
   </div>
   <div class='ocr_carea' id='block_1_103' title="bbox 2163 4909 3758 4999">
    <p class='ocr_par' dir='ltr' id='par_1_103' title="bbox 2163 4909 3758 4999">
     <span class='ocr_line' id='line_1_103' title="bbox 2163 4909 3758 4999; baseline -0.016 -14"><span class='ocrx_word' id='word_1_758' title='bbox 2163 4929 2301 4985; x_wconf 89' lang='lat' dir='ltr'><strong>mihi</strong></span> <span class='ocrx_word' id='word_1_759' title='bbox 2333 4925 2685 4999; x_wconf 84' lang='lat' dir='ltr'><strong>septuaginta</strong></span> <span class='ocrx_word' id='word_1_760' title='bbox 2705 4925 2876 4979; x_wconf 86' lang='lat' dir='ltr'><strong>viros.</strong></span> <span class='ocrx_word' id='word_1_761' title='bbox 2913 4941 2933 4975; x_wconf 72' lang='grc' dir='ltr'><strong>ι</strong></span> <span class='ocrx_word' id='word_1_762' title='bbox 2968 4916 3180 4975; x_wconf 88' lang='lat' dir='ltr'><strong>Deinde</strong></span> <span class='ocrx_word' id='word_1_763' title='bbox 3215 4916 3381 4987; x_wconf 89' lang='lat' dir='ltr'><strong>paulo</strong></span> <span class='ocrx_word' id='word_1_764' title='bbox 3410 4921 3576 4985; x_wconf 89' lang='lat' dir='ltr'><strong>post:</strong></span> <span class='ocrx_word' id='word_1_765' title='bbox 3615 4909 3758 4964; x_wconf 69' lang='lat' dir='ltr'><strong>(Au-</strong></span> 
     </span>
    </p>
   </div>
   <div class='ocr_carea' id='block_1_104' title="bbox 2163 5003 3759 5091">
    <p class='ocr_par' dir='ltr' id='par_1_104' title="bbox 2163 5003 3759 5091">
     <span class='ocr_line' id='line_1_104' title="bbox 2163 5003 3759 5091; baseline -0.013 -13"><span class='ocrx_word' id='word_1_766' title='bbox 2163 5021 2336 5078; x_wconf 81' lang='lat' dir='ltr'><strong>feram</strong></span> <span class='ocrx_word' id='word_1_767' title='bbox 2372 5021 2441 5076; x_wconf 92' lang='lat' dir='ltr'><strong>de</strong></span> <span class='ocrx_word' id='word_1_768' title='bbox 2469 5019 2670 5091; x_wconf 88' lang='lat' dir='ltr'><strong>spiritu</strong></span> <span class='ocrx_word' id='word_1_769' title='bbox 2725 5016 2821 5088; x_wconf 90' lang='lat' dir='ltr'><strong>qui</strong></span> <span class='ocrx_word' id='word_1_770' title='bbox 2861 5023 2948 5070; x_wconf 89' lang='lat' dir='ltr'><strong>est</strong></span> <span class='ocrx_word' id='word_1_771' title='bbox 2990 5014 3046 5068; x_wconf 90' lang='lat' dir='ltr'><strong>in</strong></span> <span class='ocrx_word' id='word_1_772' title='bbox 3084 5020 3159 5077; x_wconf 89' lang='lat' dir='ltr'><strong>te,</strong></span> <span class='ocrx_word' id='word_1_773' title='bbox 3201 5009 3525 5078; x_wconf 81' lang='lat' dir='ltr'><strong>tradamquc</strong></span> <span class='ocrx_word' id='word_1_774' title='bbox 3569 5003 3674 5070; x_wconf 91' lang='lat' dir='ltr'><strong>eis,</strong></span> <span class='ocrx_word' id='word_1_775' title='bbox 3703 5009 3759 5057; x_wconf 91' lang='lat' dir='ltr'><strong>ct</strong></span> 
     </span>
    </p>
   </div>
   <div class='ocr_carea' id='block_1_105' title="bbox 2164 5095 3758 5177">
    <p class='ocr_par' dir='ltr' id='par_1_105' title="bbox 2164 5095 3758 5177">
     <span class='ocr_line' id='line_1_105' title="bbox 2164 5095 3758 5177; baseline -0.011 -9"><span class='ocrx_word' id='word_1_776' title='bbox 2164 5111 2488 5168; x_wconf 85' lang='lat' dir='ltr'><strong>sustentabo</strong></span> <span class='ocrx_word' id='word_1_777' title='bbox 2511 5117 2694 5164; x_wconf 93' lang='lat' dir='ltr'><strong>tecum</strong></span> <span class='ocrx_word' id='word_1_778' title='bbox 2721 5122 2863 5164; x_wconf 89' lang='lat' dir='ltr'><strong>onus</strong></span> <span class='ocrx_word' id='word_1_779' title='bbox 2888 5104 3074 5177; x_wconf 88' lang='lat' dir='ltr'><strong>populi</strong></span> <span class='ocrx_word' id='word_1_780' title='bbox 3099 5101 3285 5173; x_wconf 83' lang='lat' dir='ltr'><strong>hujus,</strong></span> <span class='ocrx_word' id='word_1_781' title='bbox 3305 5109 3361 5155; x_wconf 88' lang='lat' dir='ltr'><strong>et</strong></span> <span class='ocrx_word' id='word_1_782' title='bbox 3388 5115 3498 5154; x_wconf 91' lang='lat' dir='ltr'><strong>non</strong></span> <span class='ocrx_word' id='word_1_783' title='bbox 3519 5104 3578 5152; x_wconf 92' lang='lat' dir='ltr'><strong>tu</strong></span> <span class='ocrx_word' id='word_1_784' title='bbox 3603 5095 3758 5154; x_wconf 89' lang='lat' dir='ltr'><strong>solus</strong></span> 
     </span>
    </p>
   </div>
   <div class='ocr_carea' id='block_1_106' title="bbox 2165 5193 3758 5276">
    <p class='ocr_par' dir='ltr' id='par_1_106' title="bbox 2165 5193 3758 5276">
     <span class='ocr_line' id='line_1_106' title="bbox 2165 5193 3758 5276; baseline -0.009 -17"><span class='ocrx_word' id='word_1_785' title='bbox 2165 5204 2508 5276; x_wconf 72' lang='lat' dir='ltr'><strong>graveris”.</strong></span> <span class='ocrx_word' id='word_1_786' title='bbox 2569 5221 2589 5254; x_wconf 76' lang='grc' dir='ltr'><strong>ι</strong></span> <span class='ocrx_word' id='word_1_787' title='bbox 2643 5201 2742 5256; x_wconf 86' lang='lat' dir='ltr'><strong>His</strong></span> <span class='ocrx_word' id='word_1_788' title='bbox 2796 5199 2982 5256; x_wconf 86' lang='lat' dir='ltr'><strong>verbis</strong></span> <span class='ocrx_word' id='word_1_789' title='bbox 3041 5195 3302 5267; x_wconf 87' lang='lat' dir='ltr'><strong>cognovit</strong></span> <span class='ocrx_word' id='word_1_790' title='bbox 3349 5193 3638 5263; x_wconf 83' lang='lat' dir='ltr'><strong>legislator</strong></span> <span class='ocrx_word' id='word_1_791' title='bbox 3695 5204 3758 5245; x_wconf 85' lang='lat' dir='ltr'><strong>se</strong></span> 
     </span>
    </p>
   </div>
   <div class='ocr_carea' id='block_1_107' title="bbox 2166 5283 3754 5361">
    <p class='ocr_par' dir='ltr' id='par_1_107' title="bbox 2166 5283 3754 5361">
     <span class='ocr_line' id='line_1_107' title="bbox 2166 5283 3754 5361; baseline -0.008 -6"><span class='ocrx_word' id='word_1_792' title='bbox 2166 5299 2529 5355; x_wconf 84' lang='lat' dir='ltr'><strong>sufﬁcientem</strong></span> <span class='ocrx_word' id='word_1_793' title='bbox 2586 5297 2695 5350; x_wconf 86' lang='lat' dir='ltr'><strong>vim</strong></span> <span class='ocrx_word' id='word_1_794' title='bbox 2748 5289 3203 5351; x_wconf 74' lang='lat' dir='ltr'><strong>administranda:</strong></span> <span class='ocrx_word' id='word_1_795' title='bbox 3248 5286 3399 5361; x_wconf 85' lang='lat' dir='ltr'><strong>genti</strong></span> <span class='ocrx_word' id='word_1_796' title='bbox 3451 5283 3754 5355; x_wconf 63' lang='lat' dir='ltr'><strong>accepisse.</strong></span> 
     </span>
    </p>
   </div>
   <div class='ocr_carea' id='block_1_108' title="bbox 2166 5375 3759 5462">
    <p class='ocr_par' dir='ltr' id='par_1_108' title="bbox 2166 5375 3759 5462">
     <span class='ocr_line' id='line_1_108' title="bbox 2166 5375 3759 5462; baseline -0.013 -14"><span class='ocrx_word' id='word_1_797' title='bbox 2166 5393 2516 5462; x_wconf 81' lang='lat' dir='ltr'><strong>Quapmptcr</strong></span> <span class='ocrx_word' id='word_1_798' title='bbox 2543 5388 2751 5444; x_wconf 90' lang='lat' dir='ltr'><strong>dictum</strong></span> <span class='ocrx_word' id='word_1_799' title='bbox 2785 5395 2908 5442; x_wconf 87' lang='lat' dir='ltr'><strong>erat</strong></span> <span class='ocrx_word' id='word_1_800' title='bbox 2937 5403 2952 5440; x_wconf 89' lang='lat'><strong>:</strong></span> <span class='ocrx_word' id='word_1_801' title='bbox 3001 5381 3267 5438; x_wconf 80' lang='lat' dir='ltr'><strong>Auferam</strong></span> <span class='ocrx_word' id='word_1_802' title='bbox 3322 5378 3393 5434; x_wconf 87' lang='lat' dir='ltr'><strong>de</strong></span> <span class='ocrx_word' id='word_1_803' title='bbox 3429 5375 3629 5448; x_wconf 90' lang='lat' dir='ltr'><strong>spiritu</strong></span> <span class='ocrx_word' id='word_1_804' title='bbox 3659 5382 3759 5430; x_wconf 88' lang='lat' dir='ltr'><strong>tuo</strong></span> 
     </span>
    </p>
   </div>
   <div class='ocr_carea' id='block_1_109' title="bbox 2167 5466 3756 5551">
    <p class='ocr_par' dir='ltr' id='par_1_109' title="bbox 2167 5466 3756 5551">
     <span class='ocr_line' id='line_1_109' title="bbox 2167 5466 3756 5551; baseline -0.013 -12"><span class='ocrx_word' id='word_1_805' title='bbox 2167 5485 2224 5540; x_wconf 91' lang='lat' dir='ltr'><strong>in</strong></span> <span class='ocrx_word' id='word_1_806' title='bbox 2264 5493 2338 5549; x_wconf 91' lang='lat' dir='ltr'><strong>te,</strong></span> <span class='ocrx_word' id='word_1_807' title='bbox 2372 5496 2483 5536; x_wconf 93' lang='lat' dir='ltr'><strong>non</strong></span> <span class='ocrx_word' id='word_1_808' title='bbox 2510 5479 2658 5551; x_wconf 87' lang='lat' dir='ltr'><strong>quod</strong></span> <span class='ocrx_word' id='word_1_809' title='bbox 2709 5479 2849 5534; x_wconf 87' lang='lat' dir='ltr'><strong>Deus</strong></span> <span class='ocrx_word' id='word_1_810' title='bbox 2897 5485 3126 5532; x_wconf 81' lang='lat' dir='ltr'><strong>externa</strong></span> <span class='ocrx_word' id='word_1_811' title='bbox 3169 5469 3414 5543; x_wconf 89' lang='lat' dir='ltr'><strong>potentia</strong></span> <span class='ocrx_word' id='word_1_812' title='bbox 3464 5466 3756 5538; x_wconf 88' lang='lat' dir='ltr'><strong>indigeret,</strong></span> 
     </span>
    </p>
   </div>
   <div class='ocr_carea' id='block_1_110' title="bbox 2169 5562 3754 5638">
    <p class='ocr_par' dir='ltr' id='par_1_110' title="bbox 2169 5562 3754 5638">
     <span class='ocr_line' id='line_1_110' title="bbox 2169 5562 3754 5638; baseline -0.012 -8"><span class='ocrx_word' id='word_1_813' title='bbox 2169 5589 2356 5630; x_wconf 89' lang='lat' dir='ltr'><strong>verum</strong></span> <span class='ocrx_word' id='word_1_814' title='bbox 2388 5573 2470 5630; x_wconf 90' lang='lat' dir='ltr'><strong>sic</strong></span> <span class='ocrx_word' id='word_1_815' title='bbox 2496 5571 2713 5627; x_wconf 88' lang='lat' dir='ltr'><strong>locutus</strong></span> <span class='ocrx_word' id='word_1_816' title='bbox 2737 5577 2823 5627; x_wconf 90' lang='lat' dir='ltr'><strong>est</strong></span> <span class='ocrx_word' id='word_1_817' title='bbox 2843 5579 2902 5624; x_wconf 90' lang='lat' dir='ltr'><strong>ut</strong></span> <span class='ocrx_word' id='word_1_818' title='bbox 2922 5566 3146 5638; x_wconf 81' lang='lat' dir='ltr'><strong>Moysen</strong></span> <span class='ocrx_word' id='word_1_819' title='bbox 3173 5564 3410 5620; x_wconf 85' lang='lat' dir='ltr'><strong>doceret</strong></span> <span class='ocrx_word' id='word_1_820' title='bbox 3431 5562 3754 5617; x_wconf 78' lang='lat' dir='ltr'><strong>concessam</strong></span> 
     </span>
    </p>
   </div>
   <div class='ocr_carea' id='block_1_111' title="bbox 1995 5774 2230 5833">
    <p class='ocr_par' dir='ltr' id='par_1_111' title="bbox 1995 5774 2230 5833">
     <span class='ocr_line' id='line_1_111' title="bbox 1995 5774 2230 5833; baseline -0.004 -1"><span class='ocrx_word' id='word_1_821' title='bbox 1995 5774 2230 5833; x_wconf 71' lang='lat' dir='ltr'><strong>NOTAE.</strong></span> 
     </span>
    </p>
   </div>
   <div class='ocr_carea' id='block_1_112' title="bbox 545 5862 3750 5942">
    <p class='ocr_par' dir='ltr' id='par_1_112' title="bbox 545 5862 3750 5942">
     <span class='ocr_line' id='line_1_112' title="bbox 545 5862 3750 5942; baseline -0.002 -20"><span class='ocrx_word' id='word_1_822' title='bbox 545 5868 660 5939; x_wconf 76' lang='lat'><strong>(75)</strong></span> <span class='ocrx_word' id='word_1_823' title='bbox 693 5869 818 5942; x_wconf 64' lang='lat' dir='ltr'><strong>llaac</strong></span> <span class='ocrx_word' id='word_1_824' title='bbox 850 5869 1363 5942; x_wconf 19' lang='lat' dir='ltr'><strong>qinestio‘deestﬂin</strong></span> <span class='ocrx_word' id='word_1_825' title='bbox 1409 5870 1568 5942; x_wconf 88' lang='lat' dir='ltr'><strong>codd.</strong></span> <span class='ocrx_word' id='word_1_826' title='bbox 1607 5870 1942 5928; x_wconf 84' lang='lat' dir='ltr'><strong>Coisliniano</strong></span> <span class='ocrx_word' id='word_1_827' title='bbox 1982 5878 2035 5926; x_wconf 87' lang='lat' dir='ltr'><strong>et</strong></span> <span class='ocrx_word' id='word_1_828' title='bbox 2074 5867 2448 5938; x_wconf 81' lang='lat' dir='ltr'><strong>Taurinensi;</strong></span> <span class='ocrx_word' id='word_1_829' title='bbox 2473 5875 2528 5927; x_wconf 90' lang='lat' dir='ltr'><strong>ct</strong></span> <span class='ocrx_word' id='word_1_830' title='bbox 2553 5868 2671 5942; x_wconf 87' lang='lat' dir='ltr'><strong>ipsa</strong></span> <span class='ocrx_word' id='word_1_831' title='bbox 2696 5881 2915 5940; x_wconf 88' lang='lat' dir='ltr'><strong>quoque</strong></span> <span class='ocrx_word' id='word_1_832' title='bbox 2933 5881 3001 5924; x_wconf 85' lang='lat' dir='ltr'><strong>ex</strong></span> <span class='ocrx_word' id='word_1_833' title='bbox 3054 5864 3399 5923; x_wconf 82' lang='lat' dir='ltr'><strong>Theodoreto</strong></span> <span class='ocrx_word' id='word_1_834' title='bbox 3462 5862 3750 5932; x_wconf 78' lang='lat' dir='ltr'><strong>desumpta</strong></span> 
     </span>
    </p>
   </div>
   <div class='ocr_carea' id='block_1_113' title="bbox 488 5939 1639 6016">
    <p class='ocr_par' dir='ltr' id='par_1_113' title="bbox 488 5939 1639 6016">
     <span class='ocr_line' id='line_1_113' title="bbox 488 5939 1639 6016; baseline -0.003 -20"><span class='ocrx_word' id='word_1_835' title='bbox 488 5951 573 5997; x_wconf 78' lang='lat' dir='ltr'><strong>est</strong></span> <span class='ocrx_word' id='word_1_836' title='bbox 611 5957 665 6016; x_wconf 88' lang='lat' dir='ltr'><strong>q.</strong></span> <span class='ocrx_word' id='word_1_837' title='bbox 703 5940 768 5996; x_wconf 85' lang='grc'><strong>18</strong></span> <span class='ocrx_word' id='word_1_838' title='bbox 802 5943 853 5997; x_wconf 87' lang='lat' dir='ltr'><strong>in</strong></span> <span class='ocrx_word' id='word_1_839' title='bbox 887 5941 1048 5999; x_wconf 79' lang='lat' dir='ltr'><strong>Num.</strong></span> <span class='ocrx_word' id='word_1_840' title='bbox 1087 5939 1152 5996; x_wconf 88' lang='grc' dir='ltr'><strong>Τ.</strong></span> <span class='ocrx_word' id='word_1_841' title='bbox 1178 5940 1392 6010; x_wconf 67' lang='lat' dir='ltr'><strong>LXXX,</strong></span> <span class='ocrx_word' id='word_1_842' title='bbox 1421 5957 1472 6013; x_wconf 89' lang='lat' dir='ltr'><strong>p.</strong></span> <span class='ocrx_word' id='word_1_843' title='bbox 1518 5941 1639 5998; x_wconf 77' lang='lat'><strong>570.</strong></span> 
     </span>
    </p>
   </div>
  </div>
