2068 3219
236 184 306 219 1107

819 197 952 229 PHOTII
965 199 1221 232 PATRIARCH/E
1236 203 1290 234 (ΖΡ.

1816 210 1890 243 1108

232 243 259 271 ei
283 243 369 272 fuisse
382 244 436 272 vim
461 252 523 280 qua:
537 246 571 274 ad
592 254 673 275 usum
698 249 900 285 suppeditaret.
916 252 1012 280 Etenim

1078 254 1138 281 ἀλλ’
1154 256 1258 283 ἐκεῖνον
1273 256 1411 285 διδάσκων
1428 258 1466 290 ὡς
1482 259 1590 296 εἰλήφει
1609 261 1724 298 δύναμιν
1740 264 1886 300 ἀρκοῦσαν

233 290 407 325 septuaginta
423 290 491 319 viris
506 291 586 325 dans,
609 300 663 321 non
684 295 786 322 minuit
811 296 886 324 illius
901 299 1028 333 gratiam,

233 339 264 363 ut
279 343 313 363 ex
329 341 428 364 eventu
450 342 568 366 constat.
586 338 689 367 Eadem
709 341 782 369 enim
809 346 837 370 et
861 343 978 379 imperio
1001 350 1028 373 et

234 379 377 408 miraculis
389 382 537 417 peragebat
551 391 633 418 quam
652 389 743 414 antea.
759 386 838 420 Quod
851 394 877 416 et
890 396 941 418 nos
956 398 1025 425 quo-

233 425 300 453 tidie
315 426 390 454 idem
406 427 465 454 lieri
477 428 613 457 videmus.
630 430 708 459 Mulli
720 434 794 460 enim
809 434 843 462 ab
862 442 918 463 uno
934 444 1028 464 sacer-

230 470 294 499 dote
317 471 469 507 baptizati,
498 474 545 502 alii
573 484 681 504 summo
693 479 835 508 sacerdote
853 483 1025 517 consecrati,

230 524 386 553 munusque
416 519 542 548 divinum
570 523 754 558 accipientes,
784 527 899 555 minime
927 528 1021 558 dantis

229 563 357 592 minuunt
368 566 497 601 gratiam,
511 574 539 595 et
551 568 603 604 ipsi
615 569 716 598 donum
729 571 861 600 eximium
873 574 1022 610 accipiunt.

228 608 287 637 lloc
303 614 421 640 testatur
434 613 492 649 ipse
508 614 643 644 Dominus
660 617 733 644 servi
749 619 792 646 sui
806 608 951 656 suﬂragio,
977 621 1023 651 cui

226 656 316 686 dixit:
335 667 344 684 ι
363 658 506 695 Congrcga
521 668 592 696 quos
608 665 636 689 tu
651 663 736 690 nosti.
751 673 761 689 ι

260 798 426 832 ρυᾹΞΞΤΙΟ
444 802 618 832 CCLXXVII.
635 804 731 841 [CoisL
749 806 875 843 CCXCll,
889 810 974 839 Taur.

534 850 712 888 CCLXXXH

224 891 279 919 Cur
303 894 494 929 prmeripserit
513 896 582 932 Deus
599 897 775 932 factiosorum
801 901 937 931 tlmribula
964 904 1017 932 cir-

406 937 467 957 cum
498 931 585 959 altare
600 931 740 961 distribui
761 935 818 972 (76)
832 937 844 963 ?

1081 301 1115 336 τῇ
1131 301 1220 337 χρείᾳ,
1233 302 1314 329 τοῦτο
1327 303 1381 339 ἔφη
1395 311 1403 319 ·
1418 305 1460 331 ὅτι
1476 305 1530 341 γὰρ
1545 307 1594 333 καὶ
1615 308 1674 340 τοῖς
1688 309 1884 346 ἐϐδομήκοντα

1080 346 1153 379 δοὺς,
1177 348 1228 374 οὐκ
1253 349 1371 384 ἐμείωσε
1383 350 1479 378 τούτου
1496 352 1546 388 τὴν
1562 353 1654 389 χάριν,
1669 355 1704 382 τά
1724 357 1881 393 πράγματα

1082 395 1220 429 μαρτυρεῖ
1230 402 1237 410 ·
1253 395 1286 422 τὰ
1301 396 1372 423 αὐτὰ
1385 396 1441 433 γὰρ
1463 398 1512 425 καὶ
1526 399 1678 435 οἰκονομῶν
1698 403 1746 428 καὶ
1770 403 1881 439 θαυμα-

1077 438 1203 472 τουργῶν
1213 439 1326 467 διετέλει
1336 441 1354 469 ἃ
1367 443 1415 469 καὶ
1427 444 1561 480 πρότερον
1570 451 1579 460 ⁹
1592 446 1671 473 τοῦτο
1685 448 1732 475 καὶ
1748 448 1796 476 νῦν
1806 438 1880 486 ὁρῶ-

1078 491 1130 518 μεν
1140 485 1284 520 γινόμενον
1294 496 1300 503 ·
1313 488 1407 516 πολλοὶ
1417 491 1472 525 γὰρ
1484 491 1536 517 ὑπὸ
1548 491 1607 523 ἐνὸς
1619 493 1764 529 ἀνθρώπου
1779 485 1879 532 ἱερέως

1077 529 1282 567 βαπτιζόμενοι,
1299 534 1375 562 ἄλλοι
1392 535 1421 562 δέ
1443 537 1519 573 παρὰ
1536 538 1690 574 ἀρχιερέως
1703 529 1877 576 χειροτονού-

1077 584 1164 611 μενοι,
1178 578 1226 604 καὶ
1242 579 1291 615 τὴν
1306 580 1382 608 θείαν
1393 582 1535 618 δεχόμενοι
1547 584 1664 620 δωρεὰν,
1679 586 1740 613 οὔτε
1757 588 1878 624 σμικρῠ-

1074 630 1150 650 νουσι
1161 624 1209 651 τοῦ
1226 626 1388 660 μεταδόντας
1400 628 1451 664 τὴν
1462 629 1553 665 χάριν,
1568 632 1616 657 καὶ
1631 633 1710 659 αὐτοὶ
1721 633 1752 660 τὸ
1768 634 1876 661 τέλειον

1072 666 1213 702 δέχονται·
1231 672 1431 709 μεμαρτύρηκε
1451 675 1545 710 μέντοι
1567 677 1581 703 ὁ
1598 678 1740 714 Δεσπότης
1772 679 1820 706 καὶ
1837 682 1874 715 τῇ

1071 713 1119 740 τοῦ
1131 714 1298 750 θεράποντος
1327 719 1413 756 ψήφῳ
1428 729 1435 736 ·
1448 721 1501 758 ἔφη
1517 723 1571 758 γὰρ
1595 723 1685 759 αὐτῷ·
1706 713 1720 751 (ν
1740 713 1873 758 Ἔκλεξαι

1071 758 1119 791 οὒς
1134 759 1218 795 οἶδας.
1238 772 1248 790 ι
1657 758 1661 759 7
1785 768 1787 770 ’

1334 823 1505 852 ΕΡΩΤΗΣΙΣ
1525 824 1607 853 ΣΟΖλ.

1070 909 1152 935 Διατί
1178 909 1398 950 προσέταξεν-ὀ
1422 912 1495 950 Θερς
1526 913 1572 950 τὰ,
1587 913 1648 941 τῶν
1671 916 1872 943 στασιαστῶν

1123 947 1231 978 πυρεῖα
1241 947 1282 978 τῷ
1288 947 1494 982 θυσιαστηρίῳ
1504 948 1645 983 γενέσθαι
1655 951 1815 986 περίθεμα;

501 987 569 1013 Edita
584 995 598 1014 a
614 989 677 1015 Maio
694 990 722 1022 (1.
740 998 761 1017 e.
778 999 804 1024 p.
822 993 877 1024 158,
895 994 951 1026 139,
966 997 1012 1028 q.‘i

1064 1017 1070 1023 .
1086 1011 1118 1017 -—-
1136 1001 1284 1032 Expianatio
1297 1003 1321 1027 in
1334 1003 1406 1029 Num.
1424 1011 1474 1036 xw,
1489 1005 1519 1029 57
1531 1011 1585 1036 seq.

260 1023 295 1052 Ut
308 1031 470 1061 eoargueret
488 1032 591 1057 temere
606 1031 742 1061 adversus
763 1023 948 1064 sacerdotium
973 1023 1017 1066 in-

219 1075 315 1105 cepta,
347 1079 450 1108 eosque
482 1074 661 1105 conﬁrmaret
701 1079 749 1114 qui
785 1082 874 1110 sacris
904 1091 1016 1119 operam

219 1117 332 1145 dabant.
347 1117 406 1146 Hoc
418 1120 491 1147 enim
503 1121 591 1149 edixit
607 1132 613 1150 ι
629 1132 639 1149 ι
652 1123 805 1155 Commone
818 1128 889 1157 ﬁlios
900 1117 1013 1164 Israel”

218 1167 246 1190 et
263 1163 380 1199 reliqua.
396 1165 581 1198 Quamobrem
597 1171 783 1204 germinatam
801 1173 894 1201 Aaron
910 1163 1015 1211 virgam

218 1209 349 1237 collocari
377 1210 404 1238 in
433 1219 497 1239 arca
520 1215 660 1250 prmeepit,
686 1222 714 1244 et
737 1225 835 1247 rursus
858 1222 1016 1251 sacerdotes

217 1263 295 1283 sacra
311 1255 413 1289 facere,
430 1263 457 1285 et
469 1257 579 1288 Levitas
594 1261 635 1288 eis
660 1262 884 1298 subministrare,
906 1273 958 1294 nec
979 1267 1013 1295 ad

217 1302 315 1336 altare,
335 1310 388 1331 nec
403 1304 437 1331 ad
453 1312 533 1333 sacra
557 1307 690 1336 accedere
708 1317 785 1338 vasa.
806 1311 910 1341 Deinde
933 1313 1014 1342 docet

216 1356 279 1383 qua:
308 1349 500 1379 sacerdotibus
521 1352 595 1381 dono
619 1354 762 1383 darentur.
793 1358 907 1387 Oblatas
936 1361 1012 1388 enim

216 1393 355 1429 primitias
369 1396 461 1430 panis,
479 1401 507 1425 et
523 1398 592 1432 vini,
607 1404 635 1427 et
650 1400 715 1435 olei,
731 1406 758 1429 et
774 1403 828 1431 cibi
852 1411 900 1433 eos
919 1413 1015 1435 come-

216 1440 282 1468 dere
314 1443 505 1478 praescripsit,
535 1449 563 1472 et
591 1446 644 1473 alia
682 1456 853 1485 qumcunque
884 1451 1012 1481 donaria.

215 1486 373 1523 Posteaquc
398 1488 546 1519 decrevit:
574 1501 584 1518 ‹
599 1491 655 1520 Pro
685 1495 869 1531 primogenita
897 1498 1014 1527 immun-

216 1533 316 1562 dorum
353 1536 516 1565 animalium
553 1540 674 1574 pretium
705 1549 767 1570 esse
802 1543 878 1571 siclis
906 1547 1012 1580 argenti

214 1579 351 1614 quinque,
367 1582 491 1616 pondere
504 1585 669 1620 sanctuarii,
685 1586 771 1615 siclus
798 1588 895 1624 viginti
915 1579 1012 1620 obolos

215 1625 316 1660 habet;
356 1628 522 1657 mundorum
557 1639 623 1660 vero
653 1633 815 1662 animalium
848 1638 1010 1672 sanguinem

214 1674 323 1701 tantum
340 1681 437 1702 eorum
459 1675 575 1706 fundere
592 1686 677 1714 super
691 1680 779 1708 altare
797 1685 825 1709 et
837 1681 956 1711 farinam
969 1684 1011 1713 of-
1025 1678 1048 1708 C

215 1716 297 1750 ferre,
316 1719 393 1746 etab
413 1719 467 1748 illis
482 1728 581 1749 carnes
597 1722 695 1758 accipi.
723 1722 801 1752 Sicut
821 1728 1012 1761 pectusculum

214 1768 420 1798 consecratum,
436 1770 464 1793 et
478 1774 573 1795 armus
587 1768 694 1802 dexter,
720 1774 767 1799 tua
779 1775 861 1799 erunt
874 1773 908 1801 ⁸⁵,
928 1782 937 1800 ι
953 1773 1012 1803 Hoc

213 1806 304 1836 facilus
320 1813 431 1843 pactum
445 1810 510 1839 salis
526 1813 683 1848 appellavit,
695 1816 838 1851 quoniam,
856 1820 1010 1848 secundum

213 1854 307 1882 divum
332 1856 511 1891 Apostolum,
538 1868 549 1884 ε
565 1860 619 1893 Qui
645 1861 725 1889 altari
753 1863 922 1899 deserviunt,
946 1874 1010 1894 cum

213 1901 296 1928 altari
308 1903 517 1938 participant“.
531 1914 541 1931 ι
553 1905 577 1933 Α
589 1907 754 1942 quibusdam
765 1917 876 1946 quoque
888 1912 989 1940 dicitur
1000 1922 1009 1942 :

213 1946 366 1982 Postquam
383 1948 410 1976 in
433 1950 562 1979 victimas
579 1954 668 1989 spargi
687 1955 727 1982 sal
744 1957 922 1992 praescripsit,
949 1964 1007 1987 tum

212 1993 334 2021 cdixitet
346 1996 504 2025 sacerdotes
519 2003 545 2025 et
555 1997 665 2027 Levitas
678 2008 774 2029 omnes
786 2002 908 2032 decimas
918 2005 1008 2033 Israe-

212 2039 247 2067 lis
265 2040 293 2068 in
313 2043 516 2076 possessionem
533 2045 685 2079 habituros,
701 2053 729 2075 et
745 2049 867 2078 decimas
882 2052 952 2079 lucri
973 2060 1007 2080 ex

211 2086 321 2120 ovibus,
343 2092 371 2116 et
384 2096 418 2116 ex
430 2090 530 2123 bobus,
548 2097 573 2120 et
600 2100 636 2121 ex
653 2100 818 2129 mercatura,
840 2102 868 2124 et
896 2106 929 2126 ex
952 2099 1007 2128 alio

210 2140 376 2168 quocunque
399 2135 487 2162 lucro.
507 2136 638 2172 Praecepit
663 2148 774 2175 quoque
799 2142 907 2170 chilas
929 2152 943 2170 e
958 2145 992 2171 de

211 2178 291 2207 eimis
316 2179 436 2208 decimas
459 2182 558 2209 oliorre
585 2185 782 2213 sacerdotibus.
808 2187 887 2215 Jubct
912 2197 1005 2216 sacer-

212 2223 290 2251 dotes
306 2225 435 2253 omnibus
450 2226 518 2254 locis
541 2228 638 2256 harum
658 2238 750 2258 rerum
767 2232 825 2259 licri
843 2234 1002 2269 participes,

211 2267 334 2303 ipsisque
346 2271 482 2305 sepositas
496 2273 650 2302 hostiarum
668 2281 760 2310 partes
777 2278 851 2307 intus
863 2280 890 2307 in
904 2267 1004 2317 templo

210 2315 363 2343 comedere.
395 2317 533 2353 Vocatque
557 2320 678 2349 decimas
700 2332 708 2348 ι
731 2322 851 2351 Pretium
879 2334 929 2360 pro
953 2329 1003 2355 mi-

211 2359 325 2387 nisterio
352 2369 407 2396 quo
437 2365 538 2399 populo
561 2367 736 2402 serviunt“;
759 2379 768 2395 ›
785 2371 881 2403 vobis,
896 2373 1001 2407 inquit,

208 2405 419 2440 :cdilicantibus,
444 2410 485 2436 vel
515 2413 714 2446 mercantibus,
742 2415 785 2442 vel
810 2416 883 2444 domi
909 2419 1002 2446 viven-

209 2451 296 2483 tibus,
313 2452 350 2479 illi
367 2461 416 2487 pro
429 2454 508 2482 vobis
520 2457 649 2485 omnibus
661 2458 756 2486 sedulo
772 2468 833 2487 meo
847 2462 1002 2492 ministerio

208 2496 342 2524 serviunt.
358 2497 414 2526 lloc
426 2507 536 2535 quoque
549 2501 634 2529 dicit:
655 2512 664 2528 ‹
679 2503 748 2536 Quia
764 2506 882 2539 pretium
898 2513 939 2536 est
951 2517 1000 2544 pro

207 2542 362 2571 ministerio
376 2544 397 2560 ³⁷
417 2554 438 2580 η
452 2546 524 2580 quod
542 2549 680 2582 prmstnlis
707 2550 734 2577 in
759 2551 935 2581 tabernaculo
951 2542 1001 2583 tc-

206 2588 337 2616 stimonii.

252 2780 276 2797 ⁸⁸
291 2781 370 2810 Num.
390 2792 429 2816 III,
447 2786 491 2813 47.
509 2786 530 2803 ⁸⁷
548 2787 556 2814 Ι
571 2788 635 2816 Cor.
658 2798 695 2823 Ix,
714 2792 757 2819 15.
796 2793 818 2809 ⁸η
836 2793 916 2822 Νυηι.
936 2804 1013 2834 xvni,
1029 2798 1056 2825 ‘2.
1097 2801 1117 2816 ³⁷

1105 1042 1153 1079 Et;
1166 1043 1277 1078 ἔλεγχον
1291 1044 1345 1071 τῶν
1368 1046 1438 1073 κατὰ
1454 1048 1503 1083 τῆς
1524 1049 1678 1085 ἱερωσύνης
1695 1050 1869 1087 θρασυνομέ-

1067 1095 1131 1120 νων,
1159 1090 1206 1116 καὶ
1232 1090 1381 1125 βεϐαίωσιν
1408 1092 1463 1119 τῶν
1491 1093 1645 1130 ἱερουργεῖν
1669 1098 1866 1133 τεταγμένων·

1066 1131 1147 1158 τοῦτο
1180 1132 1235 1170 γάρ
1271 1135 1420 1171 ἐπήγαγεο
1453 1146 1463 1163 ε
1495 1139 1679 1174 Μνημὸσυνον
1712 1131 1770 1174 τοῖς
1797 1144 1868 1176 υἱοῖς

1073 1178 1182 1215 Ἰσραὴλ
1194 1201 1202 1213 ,
1221 1190 1231 1206 ι
1246 1183 1294 1208 καὶ
1308 1181 1390 1217 ἑξῆς·
1405 1183 1503 1211 τούτου
1523 1185 1605 1221 χάριν
1621 1187 1668 1214 καὶ
1677 1186 1728 1223 τὴν
1745 1188 1867 1225 βλαστὴ-

1067 1233 1154 1252 σασαν
1168 1226 1216 1254 τοῦ
1244 1228 1350 1264 Ἀαρὼν
1368 1229 1468 1265 ῥάϐδον
1494 1231 1636 1268 ἐντεθῆναι
1662 1234 1814 1269 προσέταξε
1830 1238 1865 1272 τῇ

1066 1271 1192 1308 κιϐωτῷ·
1218 1273 1266 1300 καὶ
1289 1275 1371 1302 πάλιν
1399 1276 1582 1313 ἐνομοθέτησε
1607 1279 1672 1311 τοὺς
1693 1280 1744 1315 μὲν
1771 1271 1865 1317 ἱερέας

1067 1317 1231 1353 ἱερουργεῖν,
1254 1320 1318 1352 τοὺς
1339 1320 1368 1348 δὲ
1391 1322 1509 1355 Λευῖτας
1535 1324 1703 1360 ὑπουργεῖν,
1729 1328 1800 1363 μήτε
1825 1328 1864 1364 τῷ

1065 1364 1253 1402 θυσιαστηρίῳ
1274 1368 1342 1403 μήτε
1353 1369 1410 1400 τοῖς
1429 1370 1511 1405 ἱεροῖς
1526 1371 1695 1405 πελάζοντας
1715 1374 1841 1401 σκεύεσιν
1853 1383 1862 1390 ⁶

1064 1408 1123 1438 εἶτα
1131 1411 1252 1440 διδάσκει
1264 1415 1310 1441 καὶ
1319 1414 1379 1442 τὶνα
1390 1416 1443 1452 χρὴ
1453 1417 1517 1449 τοὺς
1533 1418 1624 1454 ἱερέας
1634 1419 1785 1456 λαμϐάνειν
1795 1430 1801 1437 ·
1812 1423 1864 1455 τὰς

1064 1456 1118 1492 γάρ
1135 1458 1211 1494 αὐτῷ
1235 1462 1463 1497 προσφερομένας
1479 1465 1607 1500 ἀπαρχάς
1629 1466 1703 1493 σίτου
1719 1469 1767 1494 καὶ
1787 1468 1862 1496 οἴνου

1064 1503 1112 1530 xui.
1135 1503 1226 1532 ἐλαίου
1243 1507 1291 1532 καὶ
1319 1507 1420 1543 ἄρτων,
1442 1509 1542 1543 αὐτοὺς
1569 1511 1670 1540 ἐσθίειν
1696 1514 1863 1549 προσέταξε,

1064 1548 1112 1575 καὶ
1136 1550 1229 1585 μέντοι
1260 1552 1308 1578 καὶ
1329 1553 1364 1579 τά
1380 1554 1547 1590 ἀναθήματα
1566 1557 1614 1584 καὶ
1639 1558 1674 1585 τὰ
1698 1548 1862 1593 πρωτότοκα

1063 1595 1119 1622 τῶν
1134 1595 1184 1631 μὲν
1200 1597 1364 1633 ἀκαθάρτων
1383 1600 1492 1635 κτηνῶν
1508 1602 1613 1637 ὁρίσας,
1633 1603 1668 1631 τὰ
1682 1604 1761 1640 λίτρα
1779 1606 1862 1635 πέντε

1064 1641 1164 1668 σίκλων
1179 1642 1295 1670 ἕκαστον
1308 1645 1379 1672 κατὰ
1398 1646 1444 1673 τὸν
1460 1646 1552 1674 σίκλον
1572 1649 1619 1676 τὸν
1632 1650 1721 1685 ἅγιον,
1739 1652 1769 1683 ὅς
1784 1653 1861 1679 ἐστιν

1063 1687 1151 1714 εἴκοσι
1165 1688 1254 1715 ὀϐολοί
1264 1698 1271 1704 ·
1286 1690 1341 1717 τῶν
1354 1691 1383 1717 δὲ
1396 1692 1525 1728 καθαρῶν
1544 1697 1727 1729 πρωτοτόκων
1739 1698 1817 1730 ζώων
1828 1700 1862 1725 τὺ

1064 1733 1115 1769 μὲν
1128 1731 1198 1769 αἷμα
1222 1736 1369 1772 ἐκχεθῆναι
1392 1739 1468 1774 παρὰ
1479 1739 1529 1775 τὴν
1550 1741 1596 1768 τοῦ
1613 1742 1792 1779 θυσιατηρίου
1807 1746 1858 1779 βά-

1063 1779 1165 1811 σινμτὺ
1179 1781 1208 1807 δὲ
1233 1782 1317 1819 στέαρ
1332 1785 1559 1821 προσενεχθῆναι,
1575 1787 1609 1814 τὰ
1624 1788 1654 1815 δὲ
1675 1791 1743 1824 κρέα
1759 1792 1859 1824 αὐτοὺς

1061 1825 1213 1861 λαμϐάνειν
1225 1836 1233 1844 '
1248 1828 1342 1865 ὥσπερ
1359 1831 1391 1866 δὴ
1402 1832 1433 1858 τὸ
1451 1833 1594 1867 στηθύνιον
1606 1835 1654 1862 καὶ
1667 1836 1713 1862 τὸν
1727 1837 1859 1873 βραχίονα

1061 1872 1116 1899 ἀπὸ
1129 1872 1184 1900 τῶν
1207 1874 1297 1902 ἄλλων
1321 1875 1451 1912 θυμάτων
1475 1879 1653 1914 κομίζονται·
1672 1881 1806 1918 διαθήκην
1828 1884 1858 1910 δὲ

1060 1918 1124 1950 ἁλὸς
1138 1919 1188 1954 τὴν
1202 1921 1346 1949 κοινωνίαν
1357 1923 1487 1952 ἐκάλεσεν
1497 1933 1503 1939 ·
1520 1926 1624 1962 ἐπειδὴ,
1641 1928 1711 1955 κατὰ
1725 1929 1770 1955 τὸν
1785 1929 1858 1957 θεῖον

1067 1964 1239 1998 ’Λπόστολον,
1256 1976 1265 1992 ι
1282 1968 1313 1994 υἱ
1336 1969 1376 2003 τῷ
1400 1969 1588 2007 θυσιαστηρίῳ
1610 1974 1856 2009 προσεδρεύοντες,

1059 2009 1098 2044 τῷ
1121 2011 1308 2048 θυσιαστηρίῳ
1328 2015 1561 2050 συμμερίζονται·
1583 2027 1593 2043 ι
1612 2019 1683 2050 τινὲς
1708 2019 1735 2045 δέ
1760 2029 1854 2053 quam,

1059 2056 1154 2092 ἐπειδὴ
1171 2059 1233 2090 ταῖς
1247 2058 1354 2091 θυσίαις
1378 2061 1575 2090 ἐπιϐάλλεσθαι
1590 2064 1654 2095 τοὺς
1673 2065 1740 2097 ἃλας
1755 2067 1855 2100 προσέ-

1057 2101 1149 2134 ταξεν,
1164 2101 1224 2129 εἶτα
1234 2103 1355 2132 διδάσκει
1366 2107 1414 2132 καὶ
1425 2107 1489 2139 τοὺς
1501 2108 1593 2144 ἱερέας
1606 2111 1653 2136 καὶ
1663 2111 1727 2142 τοὺς
1739 2112 1855 2144 Aspim;

1058 2149 1104 2173 καὶ
1119 2149 1173 2175 τῶν
1189 2150 1242 2175 ἀπὸ
1262 2151 1312 2185 γῆς
1328 2153 1471 2187 φυομένων
1488 2155 1537 2186 τὰς
1554 2156 1678 2188 δεκάτας,
1696 2159 1742 2183 καὶ
1754 2159 1808 2184 τῶν
1821 2160 1854 2185 ἐκ

1058 2194 1192 2228 ποιμνίων
1203 2195 1249 2221 καὶ
1265 2197 1415 2231 βουκολίων
1437 2202 1663 2236 προσγενομένων
1678 2203 1791 2238 κερδῶν,
1804 2206 1852 2231 καὶ

1056 2240 1110 2265 τῶν
1127 2240 1156 2272 ἐξ
1182 2242 1318 2277 ἐμπορίας
1334 2244 1382 2270 καὶ
1407 2246 1503 2281 ἑτέρας
1518 2247 1590 2278 τινος
1612 2249 1726 2282 χρείας·
1743 2250 1804 2281 ’τοὺς
1821 2251 1850 2278 δὲ

1056 2286 1172 2318 Aeetia;
1193 2287 1247 2314 τῶν
1262 2288 1384 2317 δεκατῶν
1401 2292 1451 2323 τὰς
1472 2293 1587 2325 δεκάτας
1612 2295 1777 2331 προσφέρειν
1793 2298 1850 2328 τοῖς

1057 2332 1176 2366 ἱερεῦσι·
1192 2334 1238 2360 καὶ
1253 2335 1356 2362 τούτων
1378 2337 1427 2372 μὲν
1441 2340 1469 2365 ἐν
1486 2341 1567 2367 παντὶ
1585 2341 1659 2377 τόπῳ
1679 2343 1784 2369 κελεύει
1800 2352 1849 2378 με-

1054 2378 1235 2413 ταλαγχάνειν
1248 2388 1255 2396 ·
1273 2381 1307 2407 τὰ
1329 2383 1358 2408 δέ
1376 2392 1407 2417 γε
1429 2385 1461 2412 ἐκ
1477 2386 1532 2413 τῶν
1546 2387 1647 2414 θυσιῶν
1669 2390 1849 2425 ἀφωρισμέναι

1052 2423 1153 2457 αὐτοῖς,
1172 2424 1245 2451 ἔνδον
1270 2426 1370 2454 ἐσθίειν
1392 2429 1422 2455 ὲν
1441 2430 1480 2465 τῷ
1496 2431 1569 2467 ναῷ·
1587 2433 1664 2459 καλεῖ
1689 2435 1718 2460 δὲ
1742 2435 1789 2462 καὶ
1801 2436 1850 2467 τὰς

1050 2471 1167 2503 δεκάτας
1184 2482 1193 2498 ‹
1209 2473 1312 2500 Μισθὸν
1323 2476 1361 2506 εἱς
1373 2477 1423 2512 τὴν
1436 2478 1483 2504 τοῦ
1497 2479 1561 2505 λαοῦ
1577 2480 1711 2515 ὠφέλειαν
1724 2491 1730 2497 ·
1750 2492 1758 2507 ι
1772 2481 1849 2517 ὑμῶν

1050 2516 1115 2552 γὰρ,
1140 2518 1234 2552 φησὶν,
1250 2520 1464 2556 οἱκοδομούντων
1480 2524 1763 2563 ἢέμπορευομένωνῆ
1779 2528 1849 2555 οἴκοι

1050 2561 1210 2596 διαγόντων,
1235 2561 1307 2592 οὗτοι
1329 2567 1390 2594 ἀντὶ
1414 2569 1525 2596 πάντων
1548 2571 1624 2606 ὑμῶν
1638 2574 1670 2607 τῇ
1688 2574 1741 2607 ἐμῇ
1763 2582 1850 2608 προσ-

1056 2608 1196 2654 εδρεύουσι
1222 2610 1393 2649 λειτουργίᾳ·
1410 2615 1490 2642 τοῦτο
1503 2616 1616 2653 γὰρὲφη
1629 2627 1635 2632 -
1656 2628 1665 2644 ι
1685 2620 1726 2645 ὅτι
1753 2619 1850 2654 μισθὸς

1055 2652 1132 2687 ὑμῶν
1148 2650 1225 2687 οὗτός
1248 2657 1332 2690 ἐστιν,
1350 2660 1427 2686 »ἀντὶ
1438 2661 1491 2688 τῶν
1507 2662 1684 2698 λειτουργιῶν
1699 2665 1777 2700 ὑμῶν
1794 2665 1849 2692 τῶν

1054 2698 1084 2724 ἐν
1096 2700 1128 2734 τῇ
1147 2702 1233 2737 σκηνῇ
1250 2702 1297 2730 τοῦ
1312 2707 1473 2741 μαρτυρίου.

1138 2801 1202 2830 ibid.
1220 2804 1246 2831 ’5.

965 2886 1079 2915 NOTAE.

244 2930 300 2962 (7H)
314 2929 360 2958 Est
374 2931 538 2961 Theodoreti
555 2933 663 2971 fetusq.
680 2937 714 2965 5i
728 2937 752 2965 in
768 2939 848 2967 Num.
