4136 6504
446 471 583 537 1109

960 610 1294 663 ΕΡΩΤΗΣΙΣ
1335 609 1501 666 ΣΟΙΡ.

452 778 515 833 Τί
542 779 786 856 δήποτεΔ
805 782 1071 856 ὡργιξσρη
1110 782 1200 856 τῷ-
1232 786 1480 856 Μωυσεῖ
1500 784 1597 839 καί
1622 786 1703 853 τῷ
1748 789 1975 856 Ἀορων
2000 792 2035 845 ὁ

485 851 650 918 Θεὸς,
680 852 865 916 ἡνίκα
894 853 962 904 τὸ
991 852 1146 922 ὕδωρ
1175 854 1246 907 ἐκ
1278 854 1384 923 τῆς
1416 857 1638 925 πέτρας
1659 851 1992 929 ἐξήγαγενς

1082 477 1185 538 AD
1216 479 1812 543 AMPHILOCHIUM
1843 484 2191 557 QUAESTIO
2224 493 2581 557 CCLXXVII
2594 497 2933 559 CCLXXX.

3592 496 3724 562 lllO

2059 601 2112 659 Λ
2190 602 2518 670 QUIESTIO
2557 606 2901 662 CCLXXVIII
2944 608 3129 680 [CoisL
3192 608 3464 667 CCXCIII.
3513 609 3677 666 Taur.

2736 701 3115 774 CCLXXXHL

2210 792 2323 846 Cur
2352 792 2483 867 oljm
2516 794 2689 867 iratus
2739 795 2811 846 sit
2864 805 3050 847 contra
3102 795 3319 867 Moysen
3362 807 3411 851 et
3471 796 3652 850 Aaron

2381 863 2524 917 Deus
2566 864 2677 933 (77)
2697 879 2816 916 cum
2841 881 3034 935 aquam
3060 882 3087 920 e
3126 863 3257 921 saazo
3280 868 3482 922 eduxit.

1305 971 1448 1022 Edita
1480 987 1508 1023 a
1539 974 1666 1024 Maio
1699 975 1756 1038 (l.
1789 988 1830 1026 c.
1865 978 2046 1039 p.139,
2078 991 2129 1041 q.
2151 978 2286 1038 288).
2312 1003 2376 1013 ——
2406 977 2459 1026 In
2484 976 2629 1025 Num.
2666 990 2751 1035 xx,
2784 976 2862 1027 12.

530 1046 858 1119 Ἀθυμοῦσιν
890 1049 1078 1114 αὐτοῖς
1105 1051 1194 1106 διὰ
1230 1055 1333 1125 τὴν
1361 1059 1462 1126 τῆς
1490 1058 1728 1129 ἀδελφῆς
1751 1060 2033 1131 τελευτὴν,

450 1140 735 1194 ἐπέκειντο
764 1141 948 1206 αὐτοῖς
979 1144 1007 1195 6
1034 1144 1161 1208 λαὸς
1189 1146 1278 1199 διὰ
1307 1148 1410 1218 τὴν
1441 1149 1537 1201 τοῦ
1566 1148 1761 1212 ὓδατος
1800 1152 1995 1205 σπάνιν
2020 1168 2035 1180 ·

447 1233 894 1305 δυσχεραίνοντες
942 1233 1039 1289 οὖν
1089 1237 1190 1309 τὴν
1246 1238 1449 1311 πολλὴν
1504 1241 1685 1295 αὐτῶν
1740 1243 2035 1313 ἀκρασίαν,

448 1328 774 1399 ἀμφιϐόλοις
818 1330 1126 1401 ἐχρήσαντο
1171 1334 1414 1404 ῥήμασιν
1449 1335 1511 1389 τὸ
1542 1336 1688 1408 ὕδωρ
1741 1337 2038 1406 ἐξαγαγόν-

446 1438 540 1485 τες
564 1438 580 1453 ·
614 1421 718 1494 ἔφη
748 1422 859 1493 γάρ
879 1439 894 1453 ·
937 1443 956 1475 ‹
1003 1424 1302 1479 ’Λκούσατέ
1332 1445 1456 1497 μου,
1488 1430 1535 1481 οἱ
1568 1428 1837 1492 ἀπειθεῖς,
1874 1430 1947 1499 μὴ
1971 1431 2036 1483 ἐκ

447 1514 548 1582 τῆς
571 1515 783 1583 πέτρας
815 1516 1016 1587 ταύτης
1049 1518 1226 1584 ἐξάξω
1264 1518 1392 1590 ὑμῖν
1422 1520 1606 1593 ὓδωρς
1655 1540 1674 1574 ι
1712 1522 1873 1575 τοῦτο
1902 1521 2035 1589 γοῦν

446 1604 476 1657 6
505 1602 637 1666 Θεὸς
670 1603 803 1677 ἔφη·
832 1624 854 1657 ι
890 1607 1012 1660 Ὅτι
1045 1609 1147 1661 οὐκ
1179 1610 1543 1664 ἐπιστεύσατέ
1574 1629 1667 1681 μοι
1702 1614 1928 1680 ἁγιάσαι
1967 1630 2035 1683 με

448 1696 693 1750 ἐναντίον
737 1697 846 1751 τῶν
883 1700 1015 1753 υἱῶν
1055 1698 1293 1773 Ἰσραὴλ,
1336 1702 1424 1757 διὰ
1451 1703 1612 1757 τοῦτο
1640 1706 1741 1759 οὐκ
1788 1706 2036 1771 εἰσάξετε

448 1788 608 1857 ὑμεῖς
640 1789 743 1860 τὴν
774 1794 1102 1862 συναγωγὴν
1133 1793 1338 1865 ταύτην
1365 1797 1446 1859 εἰς
1490 1798 1590 1867 τὴν
1628 1798 1731 1867 γῆν
1761 1799 1827 1869 ἢν
1858 1798 2035 1852 ἔδωκα

2214 1063 2352 1117 Cum
2400 1062 2585 1116 animo
2633 1061 2947 1125 deﬁcerent,
2982 1069 3199 1117 mortua
3226 1076 3436 1127 sorore,
3487 1064 3568 1118 eis
3601 1077 3728 1130 pro-

2139 1162 2261 1225 pter
2313 1169 2470 1223 aqua:
2528 1153 2818 1222 penuriam
2874 1152 3185 1207 minabatur
3243 1154 3496 1222 populus.
3560 1152 3727 1224 IEgre

2137 1249 2306 1319 igitur
2326 1249 2564 1305 ferentes
2613 1261 2836 1318 pravam
2869 1245 2992 1315 ejus
3020 1246 3259 1300 indolem
3282 1288 3298 1315 ,
3330 1245 3512 1301 verbis
3560 1245 3726 1299 ambi.

2138 1343 2262 1413 guis
2287 1342 2372 1397 usi
2417 1350 2568 1406 sunt,
2602 1354 2726 1395 cum
2756 1354 2953 1408 aquam
2982 1337 3296 1393 educerent.
3334 1338 3612 1407 Scriptum
3647 1344 3730 1392 est

2143 1433 2339 1489 enim:
2398 1451 2418 1483 ι
2456 1429 2679 1496 Audite,
2736 1430 2970 1485 rebelles
3014 1439 3068 1483 et
3122 1428 3408 1492 increduli,
3475 1443 3604 1481 num
3662 1428 3730 1482 de

2144 1536 2299 1595 petra
2357 1524 2462 1577 hac
2514 1522 2667 1576 vobis
2714 1534 2912 1591 aquam
2979 1520 3283 1590 poterimus
3324 1518 3526 1589 ejicere
3572 1517 3675 1570 “‘2'
3704 1535 3723 1566 ι

2144 1618 2259 1674 Hoc
2313 1618 2479 1686 igitur
2525 1615 2664 1671 dixit
2707 1614 2848 1669 Deus
2907 1631 2920 1666 :
2980 1632 2998 1664 ί
3061 1612 3202 1677 Quia
3257 1626 3367 1665 non
3420 1607 3730 1666 credidistis

2145 1710 2277 1766 mihi
2324 1718 2387 1763 ut
2415 1706 2833 1764 sanctiﬁcaretis
2880 1720 2966 1758 me
2997 1719 3184 1759 coram
3235 1704 3361 1759 ﬁliis
3396 1703 3596 1767 Israel,
3622 1716 3730 1755 non

2145 1801 2505 1858 introducetis
2557 1800 2659 1854 hos
2706 1796 2942 1868 populos
2997 1796 3052 1849 in
3109 1803 3307 1849 terram
3364 1810 3529 1863 quam
3588 1792 3733 1847 dabo

446 1880 665 1945 αὑτοῖς⁹
710 1901 731 1935 ι
783 1883 944 1937 τοῦτο
993 1887 1089 1939 καὶ
1144 1887 1311 1941 Δαὸίδ
1358 1904 1525 1959 φησιο
1564 1910 1583 1941 ι
1622 1891 1732 1943 Kal
1782 1890 2038 1961 ἐκακώθη

2149 1895 2228 1950 eis
2257 1894 2324 1947 ⁸⁸.
2362 1910 2380 1943 ›
2439 1891 2558 1946 Hoc
2616 1904 2838 1959 quoque
2883 1887 3016 1943 dicit
3077 1883 3246 1939 David
3280 1903 3292 1939 :
3338 1903 3356 1935 ι
3392 1884 3461 1938 Et
3502 1890 3733 1937 vexatus

445 1974 690 2047 Μωῦσῆς
741 1977 809 2031 δι’
842 1979 1064 2047 αὐτοὺς,
1101 2000 1118 2033 ι
1151 1984 1245 2034 καὶ
1298 1983 1457 2053 ἑξῆςο
1511 1983 1874 2055 ὀργιζόμενος
1928 1987 2037 2056 γὰρ

2149 1997 2224 2046 est
2275 1986 2493 2059 Moyses
2564 1992 2791 2055 prOptcr
2850 1996 2945 2036 eos
2988 1982 3034 2013 °°
3093 2000 3156 2048 ι,
3215 1986 3272 2033 et
3327 1978 3559 2047 reliqua.
3620 1972 3729 2027 Ira-

446 2068 680 2133 ὲκείνοις
729 2070 1048 2141 ἀμφιϐόλως
1088 2074 1180 2127 τὸν
1230 2074 1388 2144 λόγον
1431 2078 1805 2149 προήνεγκεν·
1842 2078 1939 2131 καὶ
1968 2074 2038 2148 ἦν

2149 2091 2225 2138 Lus
2283 2081 2430 2135 enim
2496 2077 2725 2132 dubium
2788 2088 3104 2130 sermonem
3157 2071 3290 2127 fecit
3338 2070 3445 2135 eis,
3497 2076 3552 2124 et
3616 2074 3737 2121 erat

445 2159 508 2213 οὐ
540 2162 641 2232 τῆς
684 2161 889 2234 ψυχῆς,
913 2164 1050 2219 ἀλλὰ
1076 2167 1176 2236 τῆς
1218 2166 1471 2237 γλώσσης
1504 2170 1804 2240 ἀμφιϐολία
1826 2186 1843 2204 ⁸
1880 2170 2039 2224 τοῦτο

2149 2189 2247 2229 non
2276 2173 2494 2232 animae,
2530 2170 2625 2224 sed
2645 2169 2845 2238 linguae
2878 2165 3190 2231 haesitatio;
3231 2160 3537 2231 adjecitque
3565 2178 3578 2212 :
3619 2176 3638 2209 ι
3666 2156 3737 2211 Et

446 2252 557 2323 γὰρ
590 2252 727 2325 ἔφη·
766 2275 785 2308 ι
822 2259 934 2311 Καὶ
956 2258 1253 2312 διέστειλεν
1280 2260 1338 2313 ὲν
1364 2263 1477 2322 τοῖς
1505 2261 1742 2330 χείλεσιν
1790 2262 1954 2315 αὑτοῦ
1972 2279 1984 2291 ·
2013 2283 2032 2316 ι

2149 2263 2465 2321 distinxitin
2511 2261 2671 2316 labiis
2718 2260 2858 2325 suis,
2899 2277 2917 2311 ι
2948 2257 3252 2312 notandum
3293 2253 3440 2323 quod
3486 2251 3632 2307 Deus
3662 2247 3733 2303 ad

451 2343 629 2398 ἰστέον
684 2346 870 2416 μέντοι
898 2350 981 2402 ὅτι
1038 2350 1227 2421 ἕτερον
1257 2351 1559 2422 οἰκονομῶν
1585 2352 1613 2404 6
1653 2351 1787 2416 Θεὸς
1830 2351 2036 2424 ταύτην

447 2435 733 2510 ἐξενήνοχε
766 2440 867 2512 τὴν
891 2442 1220 2512 ἀπόφασιν.”

967 2558 1310 2613 ΕΡΩΤΗΣΙΣ
1348 2557 1511 2613 ΣΟΘ¹.

448 2709 613 2763 Arat!
642 2709 751 2765 τὸν
774 2711 1042 2781 οὐρανὸν
1073 2713 1172 2767 καί
1218 2715 1333 2787 τὴν
1364 2714 1484 2784 γῆν
1530 2716 2039 2787 διαμαρτύρεσθαι

1029 2785 1412 2854 προσετάχθη
1432 2803 1450 2844 :

2144 2358 2293 2414 aliud
2334 2366 2614 2427 spectans,
2645 2353 2788 2408 hanc
2814 2351 3044 2422 protulit
3078 2348 3432 2405 sententiam.

2212 2536 2548 2608 QUIESTIO
2589 2529 3162 2608 CCL§§_IX1__[_C_p_isl.
3196 2523 3473 2591 CCXCIV,
3501 2523 3667 2578 Taur.

2718 2600 3125 2672 CCLxxqu]

2148 2704 2261 2762 Cur
2291 2702 2477 2759 caelum
2507 2709 2558 2755 et
2609 2708 2809 2753 terram
2849 2694 3108 2750 obtestari
3149 2690 3336 2761 jussus
3369 2688 3533 2758 fuerit
3573 2682 3737 2756 (78)?

1134 2900 1274 2949 Edlta
1300 2916 1328 2949 a
1364 2898 1489 2951 Maio
1518 2901 1573 2964 (l.
1610 2914 1653 2952 c.
1688 2916 1737 2965 p.
1775 2902 1881 2962 139,
1905 2916 1955 2964 q.
1979 2900 2179 2964 289).—-
2208 2894 2265 2944 In
2292 2893 2574 2943 Deuteron.
2607 2899 2674 2943 ιγ,
2695 2880 2757 2930 26
2784 2893 2798 2943 ;
2826 2893 2985 2939 xuii,
3010 2876 3058 2927 1.

522 2984 638 3038 Οὐκ
691 2984 882 3058 ἐπειδὴ
920 2985 1139 3058 ἔμψυχα
1183 2988 1355 3042 ταῦτα
1400 2991 1493 3043 καὶ
1542 2990 1757 3059 λογικὰ,
1794 2990 1906 3043 ἀλλ’
1957 2990 2040 3043 ὅτι

452 3079 674 3133 πάντων
705 3079 825 3132 ἐστὶ
854 3079 965 3133 τῶν
1000 3082 1318 3150 κτισμάτων
1355 3082 1682 3151 περιεκτικά
1704 3098 1720 3115 ο
1755 3082 1913 3135 τοῦτο
1948 3082 2042 3135 καὶ

462 3168 691 3233 Ἡσαΐας
711 3170 740 3221 6
762 3170 1050 3240 προφήτης
1083 3170 1420 3240 πεποίηκεν
1464 3190 1483 3224 ι
1524 3173 1725 3225 ’Λκουε
1755 3172 1889 3242 γὰρ,
1930 3190 2041 3241 φη-

454 3262 560 3326 σὶν,
579 3262 798 3333 οὑρανὲ,
823 3263 918 3315 καὶ
943 3262 1226 3330 ὲνωτὶζου,
1251 3266 1347 3334 γῆ,
1384 3283 1402 3315 ι
1434 3264 1527 3318 καὶ
1554 3264 1680 3333 ἑξῆς
1699 3279 1715 3295 ο
1748 3265 1845 3317 καὶ
1872 3262 2040 3334 Ἱερε-

456 3352 587 3432 μίας
605 3368 619 3381 °
658 3372 676 3405 ι
727 3352 955 3423 Ἐξέστη
977 3353 1205 3424 οὐρανὸς
1231 3354 1325 3406 ἐπὶ
1351 3354 1546 3425 τούτῳ,
1581 3355 1677 3408 καὶ
1707 3354 1925 3426 ἔφριξεν
1949 3353 2042 3405 ἐπὶ

456 3448 620 3503 πλέον
649 3449 683 3519 ἡ
718 3451 812 3519 γῆ,
837 3448 987 3516 λέγει
1024 3448 1265 3519 Κύριοςο
1308 3467 1327 3501 ι
1371 3450 1562 3517 ἐπειδὴ
1589 3448 1698 3520 γὰρ
1722 3451 1802 3512 εἰς
1834 3464 2048 3519 μαρτυο

458 3540 581 3613 ρίαν
610 3540 752 3595 αὐτὰ
782 3542 882 3612 τῆς
919 3542 1149 3612 ἀπειλῆς
1181 3544 1210 3596 6
1244 3542 1544 3613 νομοθέτης
1588 3543 1870 3606 ἐκάλεσεν,
1902 3540 2048 3593 εἰκό-

456 3650 567 3697 τως
601 3632 739 3703 μετά
762 3632 862 3704 τὴν
892 3633 1003 3687 τῶν
1033 3630 1218 3704 νόμων
1262 3634 1581 3705 παράϐασιν
1611 3634 1705 3687 καὶ
1742 3632 1931 3704 φρῖξαι
1959 3632 2051 3684 λέ-

459 3740 616 3792 γεται
641 3724 736 3778 καὶ
761 3724 1026 3793 ἐκστῆναι
1046 3742 1061 3757 ο
1096 3726 1240 3778 οὕτω
1266 3727 1375 3796 γὰρ
1400 3727 1496 3780 καὶ
1528 3724 1723 3779 Ἰακὼϐ
1748 3724 1841 3777 xal
1866 3723 2051 3777 Aa6av

460 3818 553 3871 τὸν
584 3817 814 3888 οὐρανὸν
846 3818 1099 3888 ὠνόμασε
1126 3837 1145 3869 ι
1180 3818 1366 3889 βουνὸν
1388 3821 1489 3889 τῆς
1527 3820 1831 3889 μαρτυρίας
1850 3834 1863 3848 ο
1903 3834 1920 3868 ι
1958 3816 2049 3870 καὶ

472 3908 725 3980 Ἀϐραὰμ
753 3912 782 3964 6
809 3911 1154 3982 πατριάρχης
1184 3912 1278 3965 καὶ
1322 3910 1614 3981 Ἀϐιμελὲχ
1651 3910 1760 3963 τῶν
1791 3911 2051 3981 Γεράρων

462 4004 493 4057 6
533 4002 786 4072 βασιλεὺς
810 4021 828 4054 ι
854 4004 1035 4074 φρέαρ
1066 4002 1161 4056 τοῦ
1188 4003 1377 4072 ὅρκου,
1416 4022 1434 4055 ›
1466 4002 1542 4066 ὡς
1576 4004 1696 4056 ἐκεῖ
1728 4002 1855 4072 μεθ’
1878 4004 2048 4073 ὅρκου

465 4094 824 4166 ποιησάμενοι
853 4095 953 4157 τὰς
996 4094 1291 4165 συνθήκας.

993 4184 1333 4239 ΕΡΩΤΗΣΙΣ
1390 4184 1517 4239 ΣΠ’.

468 4339 880 4408 Πῶςνοητέον
904 4339 995 4402 τὸ,
1028 4356 1047 4390 ι
1076 4337 1488 4408 Εὐφράνθητε,
1554 4338 1722 4403 ἔθνη.
1746 4335 1900 4408 μετὰ
1940 4335 2047 4389 τοῦ

535 4403 691 4467 λαοῦ
719 4403 926 4473 αὐτοῦ,
952 4409 1049 4463 καί
1091 4403 1600 4477 ἐνὶάχυσ’άτὼσαν
1638 4406 1807 4471 αὐτῷ’
1820 4406 2045 4473 πάντες

539 4481 781 4552 ἄγγελοι
811 4479 961 4534 Θεοῦ
977 4496 998 4544 ;
1029 4498 1048 4531 ι

2225 2981 2344 3037 Νοη
2374 2978 2505 3049 quia
2537 2975 2656 3029 haec
2702 2978 2833 3027 sunt
2867 2968 3106 3023 animata
3142 2972 3196 3019 et
3226 2960 3443 3017 ratione
3487 2955 3737 3028 prrcdita,

2151 3076 2247 3133 sed
2278 3072 2410 3144 quia
2442 3077 2617 3124 totam
2656 3062 3002 3118 creationem
3034 3055 3501 3126 complectuntur.
3539 3048 3657 3103 IIoc
3686 3055 3744 3102 et

2151 3143 2323 3222 Isaias
2351 3160 2618 3233 propheta
2646 3156 2796 3215 fecit,
2827 3153 3020 3206 dicens
3051 3166 3095 3203 ε(
3129 3146 3352 3233 Audite,
3387 3143 3534 3233 coeli,
3558 3150 3614 3196 et
3643 3156 3744 3195 au-

2149 3257 2304 3311 ribus
2331 3230 2576 3323 percipc,
2611 3256 2756 3300 terra
2786 3244 2892 3304 ⁹¹,›
2933 3255 2999 3294 ac
3035 3237 3274 3306 reliqua.
3307 3232 3374 3286 Et
3418 3230 3734 3323 Ieremias:

2152 3364 2170 3397 ι
2196 3318 2602 3410 Obstupescite,
2620 3333 2767 3399 coeli,
2788 3345 2954 3399 super
2980 3329 3108 3393 hoc,
3137 3334 3191 3380 et
3206 3334 3379 3395 porta:
3402 3322 3547 3389 ejus,
3572 3318 3742 3375 deso-

2152 3433 2346 3491 lamiui
2395 3431 2771 3491 vehementer,
2818 3421 2955 3478 dicit
3003 3419 3269 3474 Dominus
3299 3418 3367 3468 ν’.
3409 3436 3428 3469 ι
3470 3413 3546 3468 Ea
3589 3414 3739 3468 enim

2150 3542 2272 3599 qua:
2306 3526 2362 3580 in
2396 3520 2772 3580 testimonium
2810 3516 3087 3569 minarum
3114 3515 3412 3565 vocaverat
3438 3506 3740 3581 legislator,

2150 3597 2349 3675 merito
2398 3622 2526 3686 post
2560 3611 2699 3681 legis
2733 3604 3235 3677 transgressionem
3275 3604 3601 3654 horrescere
3653 3597 3741 3652 di-

2152 3718 2355 3767 cuntur
2385 3715 2442 3762 et
2470 3706 2880 3773 obstupescere.
2921 3698 3013 3752 Sic
3060 3695 3209 3750 enim
3241 3701 3296 3748 ct
3324 3690 3493 3747 Jacob
3536 3699 3591 3746 et
3637 3690 3744 3743 La-

2154 3803 2332 3857 banus
2356 3798 2559 3854 caalum
2598 3798 2935 3850 vocaverunt
2960 3808 2979 3840 ι
3006 3801 3263 3843 acervum
3311 3781 3613 3838 testimonii
3640 3781 3741 3845 ⁸³.»

2154 3895 2283 3949 item
2312 3890 2624 3963 patriarcha
2648 3886 2923 3941 Abraham
2947 3890 3001 3937 et
3037 3877 3356 3934 Abimelech
3409 3875 3745 3931 Gerarorum

2156 4003 2274 4053 rex,
2309 4003 2328 4037 ι
2365 3994 2589 4055 puteum
2619 3976 2925 4051 jurameuti
2954 3975 3025 4041 “,
3056 3994 3076 4025 ›
3114 3973 3245 4043 quia
3298 3970 3386 4025 hic
3427 3985 3552 4025 cum
3594 3967 3748 4038 jura-

2157 4086 2345 4134 meuto
2376 4075 2554 4130 Iaedus
2590 4073 2852 4127 fecerant.

2233 4165 2565 4235 ρυίεδτιο
2607 4157 3144 4300 Οειχὲίιίἑῗιὲίδι.
3204 4153 3464 4220 CLXXII,
3508 4154 3674 4210 Taur.

2163 4331 2442 4401 Quomodo
2478 4321 2985 4401 intelligendunt‘sit
3016 4320 3112 4401 Itoc
3146 4316 3356 4401 verbum
3383 4313 3493 4401 (:79)
3524 4333 3541 4364 ι
3572 4312 3748 4401 μεια-

2224 4404 2375 4465 mim',
2422 4386 2772 4470 σιεηῑεελςίιιιιΔ
2800 4392 2943 4460 plebe
2998 4390 3134 4461 ejus,
3186 4398 3235 4442 et
3285 4386 3594 4456 conﬁrment
3629 4399 3751 4439 eum

2225 4464 2401 4527 omnes
2423 4464 2609 4538 ἀηθειὶ
2635 4464 2773 4519 Dei.’
2796 4482 2814 4515 ›

1228 4573 1374 4623 Edita
1402 4587 1431 4623 a
1463 4572 1587 4622 Maio
1614 4571 1667 4635 (Ι.
1701 4586 1744 4621 c.
1775 4585 1823 4633 p.
1852 4571 1960 4633 HO,
1984 4586 2035 4633 q.
2065 4571 2199 4634 290).
2232 4595 2295 4605 —
2319 4567 2377 4617 In
2411 4567 2688 4616 Deuteron.
2722 4571 2877 4619 χχχιι,
2910 4558 2986 4605 45.

542 4662 651 4715 Kal
683 4660 741 4728 ἐξ
784 4658 1052 4714 Ἰουδαίων
1087 4658 1283 4713 πολλαὶ
1318 4658 1580 4731 μυριάδες
1618 4659 1946 4713 ἐπίστευσαν
1976 4657 2054 4728 τῷ

2231 4670 2654 4730 Innumerabilis
2714 4665 3031 4726 multitudo,
3106 4673 3160 4719 et
3207 4677 3275 4716 ex
3351 4658 3599 4725 Iudaeis,
3694 4658 3749 4712 in

471 4753 718 4826 Δεσπότῃ
745 4750 988 4824 Χριστῷ,
1023 4750 1120 4805 καὶ
1146 4751 1208 4804 τὸ
1240 4751 1492 4805 πλεῖστον
1522 4750 1630 4804 τῶν
1676 4751 1819 4805 κατὰ
1849 4751 1949 4822 τὴν
1978 4751 2056 4804 οἰ-

472 4843 744 4916 κουμένην
777 4844 946 4898 ὲθνῶν
966 4861 984 4877 ο
1013 4842 1150 4898 ἀλλὰ
1193 4845 1309 4907 τοῖς
1339 4842 1519 4896 ἔθνεσι
1571 4843 1671 4913 τὴν
1703 4842 2057 4898 διδασκαλίαν

471 4940 518 4991 οἱ
547 4937 607 5004 ἐξ
642 4937 916 4991 Ἰουδαίων
944 4935 1373 4999 πεπιστευκότες
1402 4936 1783 5006 προσήνεγκαν
1802 4952 1815 4965 ·
1843 4935 1903 5000 ἐξ
1935 4936 2059 4989 Ἰου·

469 5030 634 5085 δαίων
662 5031 773 5102 γὰρ
812 5029 864 5083 οἱ
918 5030 1052 5083 θεῖοι
1083 5029 1408 5083 ἀπόστολοιο
1465 5028 1642 5082 ταῦτα
1690 5028 1873 5082 τοίνυν
1918 5047 2058 5098 προη

476 5122 748 5190 θεσπίζων
803 5125 831 5179 6
876 5122 1165 5194 προφήτης
1214 5120 1348 5193 ἔφη·
1393 5140 1413 5173 ε
1465 5122 1855 5192 Εὐφράνθητε,
1905 5123 2055 5194 ἔθνη,

479 5216 617 5293 μετὰ
645 5215 738 5268 τοῦ
770 5213 900 5269 λαοῦ
938 5213 1126 5279 αὑτοῦ,
1166 5234 1185 5267 ι
1218 5214 1465 5267 τουτέστι
1498 5214 1607 5267 τῶν
1648 5213 1709 5279 ἐξ
1750 5213 1921 5267 ἐθνῶν
1962 5232 2059 5267 πε-

477 5306 880 5373 πιστευκότων,
937 5310 1032 5361 καὶ
1092 5306 1538 5377 ὲνισχυσάτωσαν
1602 5305 1803 5369 αὐτοὺς
1857 5305 2059 5369 πάντες

474 5398 694 5469 ἄγγελοι
719 5398 854 5453 Θεοῦ
880 5400 1009 5464 τοὺς
1031 5401 1112 5464 είς
1142 5400 1302 5452 αὐτὸν
1327 5398 1757 5462 πεπιστευκότας
1782 5415 1796 5430 ο
1828 5398 1922 5451 καὶ
1948 5396 2058 5469 γὰρ

548 5509 594 5539 ⁸³
636 5508 800 5565 Num.
839 5526 931 5571 xx.
966 5510 1053 5564 10.
1132 5509 1177 5543 θ’
1210 5510 1341 5565 ibid.
1402 5510 1488 5563 12.
1569 5511 1616 5543 9°
1650 5510 1793 5567 Psal.
1826 5526 1914 5577 cv,
1947 5510 2137 5565 32-33.

475 5579 519 5612 θ’
550 5580 684 5636 Gen.
718 5596 833 5646 xxi,
863 5582 956 5636 '52.
1036 5582 1081 5613 ’5
1109 5580 1236 5636 Isai.
1267 5597 1415 5643 LXVI,
1451 5581 1539 5637 lO.

2156 4770 2449 4825 Dominum
2495 4763 2775 4821 Christum
2796 4758 3045 4821 credidit,
3077 4765 3131 4812 et
3172 4754 3474 4826 prmsertim
3523 4768 3589 4807 ex
3628 4750 3754 4805 aliis

2164 4870 2325 4916 terra:
2379 4858 2619 4930 populis,
2684 4854 2886 4924 quibus
2949 4848 3122 4905 Judaei
3198 4850 3291 4918 qui
3377 4847 3749 4911 crediderant,

2156 4952 2473 5009 doctrinam
2532 4949 2856 5004 attulerunt.
2945 4943 3023 4998 Ex
3108 4941 3320 4997 Iudaeis
3386 4940 3531 4996 enim
3597 4948 3756 4995 erant.

2160 5046 2332 5103 divini
2361 5043 2617 5115 apostoli.
2653 5040 2780 5096 Ilico
2813 5038 2984 5109 igitur
3035 5034 3408 5105 prazdiviuans
3457 5032 3593 5087 dixit
3625 5046 3755 5102 pro-

2165 5138 2333 5208 pheta
2373 5153 2387 5190 :
2432 5152 2451 5187 ι
2485 5130 2802 5199 Laetamiui,
2837 5136 3061 5201 gentes,
3095 5142 3219 5182 cum
3277 5125 3431 5195 plebe
3477 5123 3599 5192 cjus
3626 5124 3695 5188 ⁸⁸,
3729 5140 3748 5173 ι

2166 5231 2221 5287 id
2263 5239 2372 5296 est,
2422 5238 2615 5300 gentes
2664 5242 2731 5281 ex
2805 5224 3025 5294 populis
3093 5219 3488 5283 credentibus;
3548 5230 3755 5286 eosque

2164 5323 2495 5378 conﬁrment
2537 5318 2713 5390 angeli
2746 5317 2840 5370 Dei
2873 5316 2965 5386 qui
2998 5317 3052 5369 in
3076 5313 3358 5369 Christum
3381 5308 3751 5365 crediderunt.

2165 5416 2303 5471 Cum
2334 5415 2480 5468 enim
2530 5412 2781 5468 Salvator
2836 5409 2994 5464 nobis
3042 5416 3207 5462 natus
3258 5404 3380 5467 fuit,
3432 5400 3751 5472 angelorum

2249 5509 2294 5542 “
2330 5506 2437 5566 Isa.
2465 5525 2503 5577 ι,
2533 5507 2590 5563 2.
2668 5506 2714 5539 ⁹²
2743 5505 2947 5563 Jerem.
2980 5518 3042 5570 ιι,
3075 5502 3164 5558 12.
3241 5500 3286 5530 ⁸³
3322 5498 3459 5554 Gen.
3492 5512 3641 5559 χχχι,
3663 5496 3749 5551 47.

1993 5667 2230 5724 NOTAE.

476 5762 1251 5895 phi.:1'g')';l:heodoretumq.37
1280 5764 1333 5819 in
1372 5764 1536 5821 Num.
1559 5763 1674 5821 fere
1702 5764 2049 5834 transcripsit

550 5892 677 5975 (78f
715 5904 1012 5978 Desumpta
1055 5922 1122 5964 ex
1178 5904 1527 5964 Theodoreto
1580 5924 1633 5979 q.
1672 5906 1752 5977 {40
1806 5906 1860 5964 iu
1902 5905 2040 5963 Deu-

2156 5771 2341 5900 t(“(9133
2380 5831 2516 5887 Fere
2546 5830 2737 5888 eadem
2768 5828 2936 5886 habes
2985 5825 3129 5897 apud
3171 5822 3576 5881 Theodorctum
3599 5834 3653 5890 q.
3682 5814 3755 5871 42

2153 5904 2209 5961 in
2239 5903 2534 5961 Deuteron.
