4136 6462
414 458 552 530 1111

1610 451 1873 515 ΡΗΟΤΙΙ
1914 446 2422 511 PATRIARCH/E
2464 448 2575 507 (ΣΡ.

3561 434 3730 504 1112

418 577 624 631 chorus
651 568 950 629 celebravit
976 568 1225 623 divinum
1267 579 1399 635 erga
1432 562 1682 618 homines
1722 571 1993 614 amorem.

2118 555 2195 608 τοῦ
2246 553 2503 623 Σωτῆρος
2559 551 2716 622 ήμῶν
2772 548 3156 621 γεννηθέντος,
3209 548 3372 620 χορὸς
3433 548 3719 616 ἀγγέλων

416 687 435 720 ι
470 666 657 722 Gloria
686 665 740 719 in
767 664 1002 719 excelsis
1039 662 1174 724 Deo,
1204 668 1260 714 et
1290 659 1345 712 in
1378 668 1521 712 terra
1540 669 1646 725 pax
1677 651 1996 707 hominibus

412 762 570 815 bonae
599 757 893 813 voluntatis
919 756 988 809 “.
1029 773 1047 806 ι
1084 752 1356 807 Prmterea
1388 748 1754 802 inseminatos
1803 751 1858 797 et
1883 741 1997 795 vir-

412 851 622 923 ginales
654 849 875 905 dolores
900 846 1121 903 Gabriel
1146 843 1478 914 praedixerat
1526 836 1915 907 archangelus,
1943 843 1995 888 et

416 940 469 993 in
507 955 689 1009 pugna
747 936 1018 992 adversus
1045 934 1329 989 diabolum
1362 938 1521 986 erant
1565 927 1884 997 angelorum
1917 925 1999 979 le-

414 1031 626 1101 giones,
661 1029 985 1097 dictumque
1039 1032 1126 1081 est
1160 1043 1174 1078 :
1210 1044 1227 1075 ι
1266 1022 1405 1077 Ecce
1436 1019 1613 1089 angeli
1646 1024 2001 1072 accesserunt

417 1135 470 1180 ct
527 1124 925 1178 ministrabant
974 1121 1024 1175 ei
1059 1121 1129 1173 ⁸⁷.
1166 1135 1186 1170 ι
1238 1116 1305 1170 Et
1357 1124 1482 1186 post
1533 1114 1999 1169 resurrectionem

416 1217 623 1286 angeli,
649 1231 760 1285 pra:
784 1215 1040 1283 sepulcro
1094 1212 1364 1275 sedentes,
1401 1205 2001 1262 nuntiantmulieribus

418 1308 632 1363 Domini
665 1305 1147 1362 resurrectionem.
1168 1302 1300 1357 item
1330 1300 1530 1371 angeli,
1549 1300 1771 1353 Christo
1800 1298 1869 1352 ad
1891 1311 2003 1350 eoe-

420 1403 536 1456 lum
575 1416 823 1465 reverso,
865 1416 990 1455 cum
1024 1397 1289 1467 apostolis
1320 1397 1731 1465 colloquuntur.
1764 1392 2004 1463 Angelus

418 1488 675 1549 Cornelio
698 1509 957 1567 magmun
988 1492 1204 1545 Petrum
1232 1490 1437 1543 indicat
1453 1489 1514 1551 it,
1537 1488 1763 1558 angelus
1782 1485 2003 1541 Petrum

420 1586 612 1642 eduxit
645 1601 887 1641 carcere.
921 1585 1039 1655 Ipse
1079 1584 1239 1637 divus
1264 1582 1467 1636 Paulus
1515 1596 1702 1635 secum
1739 1579 2005 1649 navigan-

420 1675 569 1731 tibus
602 1676 862 1730 dicebat:
920 1693 937 1725 ι
993 1673 1352 1727 Astititenirn
1411 1671 1545 1726 mihi
1597 1670 1692 1725 Dei
1740 1670 2002 1739 angelus,

421 1767 581 1837 cujus
616 1783 738 1821 sum
768 1780 869 1836 ego
898 1766 965 1833 ³⁸,
1000 1785 1019 1817 »
1052 1774 1105 1818 et
1137 1764 1307 1818 multa
1339 1765 1463 1817 alia.
1501 1763 1629 1817 llaec
1675 1763 1741 1817 de
1775 1761 2006 1817 creden-

2103 646 2266 715 ὑμνεῖ
2318 644 2420 714 τὴν
2474 643 2627 697 θείαν
2677 640 3088 711 φιλανθρωπίαν
3148 638 3328 709 βοῶν’
3380 658 3399 693 ι
3441 639 3585 705 Δόξα
3645 639 3721 691 ἑν

2102 736 2349 807 ὑψίστοις
2380 733 2519 805 Θεῷ,
2551 733 2646 788 καὶ
2673 734 2766 786 ἐπὶ
2798 736 2901 803 γῆς
2924 732 3139 802 εἰρήνη,
3169 732 3227 784 ἐν
3257 729 3571 803 ἀνθρώποις
3605 729 3720 783 εὖ·

2100 828 2293 883 δοκία·
2352 847 2371 880 ι
2415 827 2510 881 καὶ
2564 825 2663 889 τὰς
2717 824 3031 894 ἀσπάρτους
3082 823 3139 875 δὲ
3201 822 3298 876 καὶ
3361 822 3717 893 ἀλόχεύτους

2102 922 2318 986 ἐκείνας
2391 921 2591 983 ὠδῖνας
2658 918 2906 988 Γαϐριὴλ
2976 915 3312 988 προείρηκεν
3392 916 3422 968 ὁ
3477 915 3715 986 ἀρχάγ-

2102 1016 2292 1085 γελος·
2318 1015 2424 1068 κάν
2468 1012 2546 1083 τῷ
2585 1012 2725 1084 πρὸς
2776 1012 2867 1063 τὸν
2915 1010 3163 1064 διάϐολον
3214 1007 3388 1077 ἀγῶνι
3432 1008 3717 1079 παρῆσαν

2102 1109 2212 1162 τῶν
2266 1107 2515 1176 ἀγγέλων
2566 1106 2618 1158 οἱ
2669 1105 2862 1175 δῆμον
2920 1121 2938 1153 t
2983 1100 3388 1173 Προσελθόντες
3425 1100 3556 1171 γὰρ,
3588 1117 3721 1169 φη-

2107 1202 2224 1265 σὶν,
2277 1202 2327 1253 οἱ
2375 1198 2634 1267 ἄγγελοι,
2710 1196 2996 1264 διηκόνουν
3060 1192 3244 1263 αὐτῷ*
3321 1210 3341 1244 ι
3402 1191 3497 1245 κα.)⁸
3551 1190 3716 1260 μετὰ

2110 1292 2210 1360 τὴν
2254 1290 2559 1345 ἀνάστασιν
2618 1288 2844 1357 ἄγγελοι
2892 1286 2971 1357 τῷ
3013 1286 3171 1356 τάφῳ
3214 1282 3713 1354 προσεδρεύουσιν,

2106 1383 2591 1454 εὐαγγελιζόμενοι
2646 1384 2765 1445 ταῖς
2826 1379 3045 1449 γυναιξὶ
3093 1378 3195 1449 τὴν
3252 1379 3555 1432 ἀνάστασιν
3601 1375 3715 1428 καὶ

2118 1479 2233 1540 τοῖς
2288 1476 2611 1538 ἀποστόλοις
2660 1473 2800 1543 μετὰ
2834 1472 2931 1542 τὴν
2962 1474 3043 1535 είς
3068 1469 3332 1541 οὐρανοὺς
3383 1469 3570 1523 ἄνοδον
3603 1466 3713 1519 τοῦ

2108 1568 2383 1622 Δεσπότου
2407 1585 2421 1601 ·
2454 1569 2551 1622 κοιλ⁸
2580 1566 2658 1637 τῷ
2703 1565 2993 1637 Κορνηλίῳ
3060 1562 3294 1632 ἄγγελος
3323 1560 3391 1615 τὰ
3439 1560 3582 1614 κατὰ
3608 1560 3713 1612 τὸν

2112 1663 2283 1733 μέγαν
2316 1663 2523 1730 Πέτρον
2561 1660 2836 1731 ἐμήνυσε*
2873 1658 2967 1711 καὶ
3014 1657 3174 1709 αὐτὸν
3206 1656 3414 1725 Πέτρον
3451 1654 3553 1723 τῆς
3596 1670 3712 1720 φυ-

2107 1757 2283 1827 λακῆς
2308 1812 2319 1824 θ
2346 1754 2579 1823 ἄγγελος
2632 1753 2905 1822 ἐξήγαγε’
2938 1751 3032 1803 καὶ
3076 1752 3105 1803 6
3136 1748 3280 1810 θεῖος
3329 1745 3538 1808 Παῦλος
3588 1749 3713 1807 τοῖς

422 1836 571 1915 tibus
626 1860 895 1929 propheta
943 1857 1224 1926 loquitur;
1277 1858 1363 1911 his
1400 1856 1645 1925 praedicit
1696 1854 1905 1917 verbis,
1953 1863 2007 1909 et

2118 1847 2481 1919 συμπλέουσιν
2536 1845 2675 1915 ἔφη’
2714 1863 2733 1895 ι
2772 1841 2950 1911 "De,ch
3013 1857 3103 1910 μοι
3134 1838 3229 1892 τοῦ
3283 1838 3420 1890 Θεοῦ
3468 1836 3710 1904 ἄγγελος

422 1952 829 2006 incredulorum
863 1965 1077 2020 pinnas,
1111 1959 1164 2004 et
1196 1965 1335 2019 quas
1367 1948 1437 2003 ob
1465 1963 1662 2003 causas
1686 1948 2005 2017 punientur.

2118 1934 2171 1995 οὗ
2198 1941 2345 2010 εἰμι’
2383 1958 2401 1990 ι
2437 1938 2533 1992 καὶ
2579 1935 2750 1989 πολλὰ
2779 1933 3042 1987 τοιαῦτα⁹
3090 1930 3261 1983 εἰπὼν
3314 1930 3371 1982 δὲ
3422 1928 3552 1999 περὶ
3590 1928 3709 1980 τῶν

421 2040 653 2111 Propter
702 2041 1029 2110 sanguinem
1077 2040 1315 2094 tiliorum
1377 2039 1517 2093 uitio
1564 2050 1781 2109 sumpta
1812 2048 1915 2105 est,
1953 2048 2007 2093 et

424 2136 601 2183 sumet
627 2128 894 2183 Dominus
915 2128 983 2183 de
1004 2128 1247 2182 inimicis
1273 2128 1411 2193 suis,
1427 2127 1699 2196 justitiam
1720 2128 2006 2195 retribuet,

422 2218 615 2287 eisque
668 2216 761 2286 qui
814 2232 939 2270 eum
995 2204 1350 2278 oderuntfet
1385 2215 1709 2285 expurgabit
1742 2214 2009 2271 Dominus

423 2312 626 2359 terram
660 2305 845 2375 p0pnli
877 2305 987 2360 sui.
1014 2303 1187 2359 Filios
1224 2305 1315 2358 Dei
1339 2305 1574 2374 appellat
1604 2313 1844 2371 sanctos,
1871 2320 2010 2374 quos

426 2393 772 2447 trucidarunt
820 2392 1130 2447 homicidze.
1180 2391 1452 2463 Namque,
1503 2403 1563 2446 ut
1616 2394 2008 2462 prophetarum

422 2484 787 2538 mactationes
836 2483 1076 2539 omissas
1120 2483 1316 2539 faciam
1358 2493 1412 2539 et
1446 2484 1662 2538 Domini
1711 2486 2008 2541 salutarem

425 2576 777 2645 passionem,
842 2584 1227 2632 mactaverunt
1293 2585 1349 2631 et
1406 2576 1671 2631 victorem
1731 2578 2009 2645 egregium

426 2666 791 2738 Stephanum,
823 2680 876 2723 et
908 2669 1054 2739 ligno
1079 2668 1402 2723 occiderunt
1433 2684 1690 2739 magnum
1722 2668 2012 2737 Jacohum,

423 2766 482 2812 et
529 2771 818 2815 sexcentos
846 2761 1006 2821 alios.
1045 2761 1297 2831 Denique
1349 2763 1544 2818 domos
1591 2779 1786 2818 eorum
1832 2765 1927 2835 qui
1956 2766 2013 2819 in

426 2849 721 2906 Dominum
755 2852 1072 2919 credebant,
1106 2854 1420 2925 depopulati
1468 2864 1619 2921 sunt,
1674 2865 1732 2910 ut
1770 2873 2015 2927 persmpe

427 2943 591 2999 divus
618 2944 824 2999 Paulus
846 2944 1255 3002 Thessalonicis
1281 2947 1531 3002 scribens
1560 2956 1789 3003 testatur
1817 2966 1830 3002 :
1860 2966 1878 3000 ι
1903 2947 2017 3005 Vos

425 3033 575 3109 enim
628 3034 934 3091 imitatores
986 3034 1115 3091 facti
1161 3036 1295 3091 estis
1355 3046 1676 3092 sanctorum
1707 3038 1801 3107 qui
1854 3037 2017 3094 Jeru-

426 3126 599 3182 salem
626 3136 778 3193 sunt,
812 3128 941 3198 quia
969 3128 1161 3185 eadem
1198 3131 1346 3200 passi
1379 3132 1514 3186 estis
1564 3144 1619 3186 et
1649 3146 1749 3186 vos
1808 3147 1838 3186 a
1880 3147 2016 3188 con-

426 3218 727 3275 tribulibus
776 3221 1002 3287 vestris,
1047 3222 1195 3277 sicut
1237 3232 1293 3278 et
1340 3223 1445 3293 ipsi
1493 3238 1525 3277 a
1570 3221 1778 3279 Juda3is
1820 3226 1914 3294 qui
1963 3234 2018 3280 et

428 3311 723 3368 Dominum
774 3316 1097 3372 occiderunt
1127 3315 1341 3385 Jesum,
1399 3326 1455 3373 et
1501 3319 1649 3388 ipsos
1693 3320 2014 3390 prophetas,

427 3413 483 3459 et
510 3419 611 3460 nos
645 3410 921 3476 persecuti
946 3416 1098 3474 sunt,
1132 3418 1189 3464 et
1226 3409 1338 3464 Deo
1376 3426 1483 3465 non
1518 3411 1756 3481 placent,
1794 3422 1851 3467 et
1898 3428 2020 3466 om-

431 3497 593 3551 nibus
621 3500 980 3556 adversantur
1007 3502 1077 3557 ”.
1102 3521 1120 3553 ι
1176 3501 1301 3557 Haec
1329 3519 1555 3574 quoque
1590 3504 1857 3560 Dominus
1909 3505 2019 3561 illis

431 3592 784 3659 exprobravit
810 3594 864 3646 in
893 3594 1153 3662 parabola
1194 3594 1409 3649 vineae:
1455 3611 1697 3665 namque
1736 3612 2021 3651 servorum

433 3684 602 3739 alium
619 3685 1000 3749 verberarunt,
1036 3688 1207 3740 alium
1236 3688 1581 3754 occiderunt,
1619 3689 1786 3743 alium
1819 3690 2027 3759 lapida-

435 3783 652 3840 verunt,
683 3785 1016 3845 quaprOpter
1061 3774 1235 3832 Judmi
1267 3791 1364 3846 per
1397 3779 1586 3833 orbem
1639 3787 1910 3833 terrarum
1940 3779 2027 3835 di-

436 3875 783 3935 Spergentur.

516 4152 850 4222 ΟΠΔΕΒΤΙΟ
888 4155 1194 4214 CCLXXXI
1234 4154 1428 4227 [CoisL
1469 4150 1732 4227 CCXCV,
1797 4161 1961 4219 Taur.

1046 4228 1454 4302 CCLxxxw].

439 4318 555 4394 Cur
584 4321 838 4394 Ademumh
867 4322 1019 4391 parvi
1084 4323 1299 4394 peccati
1345 4338 1513 4375 causa
1563 4322 1770 4394 Moyses
1838 4324 2027 4392 procul

507 4392 683 4444 videre
709 4391 1004 4458 pollicitam
1033 4403 1232 4447 terram
1271 4391 1458 4461 jussus
1489 4394 1580 4460 sit,
1610 4391 1672 4449 et
1689 4396 2024 4449 introducere

516 4463 768 4530 populum
803 4464 1102 4531 prohibitus
1136 4466 1274 4534 (80).

2112 2030 2555 2087 πεπιστευκότων
2578 2030 2606 2081 6
2641 2029 2938 2100 προφήτης
2967 2024 3164 2087 ταῦτα,
3189 2022 3446 2092 προλέγει
3470 2021 3564 2074 καὶ
3591 2020 3709 2073 τῶν

2110 2126 2363 2180 ἀπίστων
2394 2122 2493 2186 τὰς
2521 2120 2797 2192 τιμωρίας
2829 2119 2925 2172 καὶ
2954 2118 3051 2181 τὰς
3084 2116 3263 2178 αἰτίας
3288 2115 3356 2167 δι’
3385 2113 3451 2177 ἃς
3483 2113 3708 2164 πείσονο

2109 2234 2237 2271 ται·
2273 2216 2376 2285 ἔφη
2407 2215 2547 2285 γάρ·
2590 2231 2608 2265 ι
2648 2215 2773 2266 Ὀτι
2797 2212 2857 2265 τὸ
2888 2206 3028 2281 αἷμα
3062 2210 3171 2263 τῶν
3198 2208 3331 2261 υίῶν
3360 2205 3526 2259 αὐτοῦ
3555 2204 3709 2257 ἐκδιο

2113 2311 2309 2368 κεῖται,
2361 2308 2457 2361 καὶ
2495 2306 2798 2377 ἐκδικήσει,
2842 2304 2939 2357 καὶ
2982 2302 3355 2357 ἁνταποδώσει
3400 2299 3558 2369 δίκην
3589 2300 3708 2360 τοῖς

2112 2396 2351 2467 ἐχθροῖς,
2384 2394 2481 2448 καὶ
2525 2397 2639 2458 τοῖς
2672 2393 2925 2465 μισοῦσιν
2974 2393 3137 2446 αὐτὸν
3179 2390 3575 2455 ἀνταποδὼσει,
3609 2391 3709 2441 καὶ

2114 2490 2438 2560 ἐκκαθαιρεί
2470 2486 2674 2559 Κύριος
2702 2489 2802 2559 τὴν
2826 2487 2930 2556 γῆν
2960 2486 3055 2539 τοῦ
3090 2486 3220 2538 λαοῦ
3257 2482 3446 2537 αὑτοῦ.
3484 2502 3503 2535 ι
3537 2483 3710 2545 Υἱοὺς

2113 2582 2170 2635 δὲ
2199 2580 2335 2634 Θεοῦ
2372 2579 2608 2651 κέκληκε
2639 2578 2767 2641 τοὺς
2796 2578 2987 2647 ἁγίους
3015 2578 3110 2641 οὒς
3150 2576 3359 2631 ἀνεῖλον
3398 2577 3446 2628 οἱ
3477 2573 3709 2645 μιαιφό-

2117 2694 2197 2731 νοι
2219 2694 2232 2708 ·
2270 2678 2355 2729 ἵνα
2382 2676 2492 2745 γὰρ
2522 2674 2620 2737 τὰς
2649 2672 2758 2726 τῶν
2799 2670 3098 2742 προφητῶν
3134 2670 3350 2738 σφαγὰς
3383 2666 3708 2739 παραλίπω,

2117 2770 2212 2823 καὶ
2244 2768 2339 2821 τοῦ
2367 2767 2642 2820 Δεσπότου
2680 2765 2741 2818 τὸ
2775 2766 3043 2835 σωτήριον
3079 2762 3272 2828 πάθος,
3311 2762 3404 2815 τὸν
3439 2760 3537 2832 μὲν
3569 2760 3710 2812 xci).-

2117 2863 2321 2915 λίνικον
2357 2858 2701 2913 κατέλευσαν
2754 2856 3046 2926 Στέφανον,
3098 2853 3239 2925 ξύλῳ
3286 2853 3343 2907 δέ
3391 2852 3484 2907 τὸν
3530 2852 3713 2921 μέγαν

2118 2953 2328 3008 ἀνεῖλον
2356 2951 2631 3016 Ἰάκωϐον,
2661 2950 2758 3003 καὶ¹
2778 2949 2948 3019 μυρία
2971 2947 3128 3010 ἄλλα,
3161 2946 3257 3000 καὶ
3284 2944 3394 2999 τῶν
3414 2944 3492 3015 τῷ
3514 2944 3713 3015 Κυρίῳ

2119 3048 2176 3100 δέ
2205 3045 2654 3099 πεπιστευκότων
2688 3041 2788 3105 τὰς
2820 3040 2998 3104 οἰκίας
3031 3038 3428 3111 ἐξεπόρθησαν,
3468 3038 3545 3102 ὡς
3576 3037 3716 3091 πολ-

2122 3138 2286 3209 λαχοῦ
2312 3136 2525 3200 Παῦλος
2558 3138 2586 3189 6
2619 3135 2760 3196 θεῖος
2795 3134 2894 3187 καὶ
2913 3131 3369 3186 Θεσσαλονικεῦσι
3391 3131 3449 3185 δὲ
3480 3131 3717 3200 γράφων

2122 3230 2561 3301 ἐπιμαρτύρεται
2580 3243 2596 3261 ο
2637 3226 2935 3297 ιιΜιμηταὶ
2961 3225 3071 3297 γὰρ
3105 3223 3357 3293 ἐγένεσθε
3385 3223 3494 3276 τῶν
3521 3225 3578 3276 ἐν
3613 3223 3717 3277 Ἱε-

2122 3320 2404 3393 ρουσα).ήμ
2431 3318 2603 3387 ἁγίων
2628 3334 2641 3347 ·
2671 3318 2741 3370 τὰ
2768 3316 2906 3369 αὐτὰ
2936 3315 3065 3386 γάρ,
3085 3316 3239 3387 φησι,
3272 3316 3365 3367 καὶ
3392 3313 3550 3384 ὑμεῖς
3574 3314 3718 3367 ἐπά-

2122 3413 2244 3465 θετε
2290 3409 2396 3463 ὑπὸ
2427 3409 2537 3463 τῶν
2589 3408 2735 3461 ίδίων
2788 3405 3170 3477 συμφυλετῶν,
3213 3404 3470 3476 καθάπερ
3514 3406 3726 3464 ἐκεῖνοι,

2122 3505 2229 3559 ὑπὸ
2270 3502 2545 3557 Ἰουδαίων
2573 3501 2680 3555 τῶν
2723 3502 2821 3554 καὶ
2868 3500 2959 3553 τὸν
3001 3499 3206 3571 Κύριον
3252 3497 3721 3563 ἀποκτεινάντων,

2125 3594 2367 3657 καὶτοὺς
2398 3592 2563 3655 ίδίους
2592 3593 2877 3665 προφήτας
2900 3592 2995 3645 καὶ⁸
3017 3592 3166 3662 ἡμᾶς
3198 3589 3595 3655 ἐκδιωξάντων,
3622 3588 3721 3642 καὶ

2126 3688 2246 3757 Θεῴ
2273 3687 2347 3758 μὴ
2372 3685 2717 3757 ἀρεσκόντων
2738 3685 2834 3738 καὶ
2863 3686 3028 3738 πᾶσιν
3051 3682 3362 3755 ἀνθρώποις
3388 3683 3670 3737 ἐναντίων.
3693 3700 3717 3736 ι

2125 3780 2315 3835 Ταῦτα
2353 3780 2446 3834 καὶ
2481 3780 2509 3832 ὁ
2556 3778 2763 3850 Κύριος
2796 3778 2975 3831 αὐτῶν
3005 3776 3389 3848 κατηγόρησεν
3419 3775 3478 3829 ἐν
3521 3778 3589 3845 τῇ
3622 3774 3720 3828 τοῦ

2125 3873 2448 3944 ἀμπελῶνος
2468 3870 2777 3942 παραῦολῇο
2806 3871 2888 3923 ὃτι
2909 3869 3019 3922 τῶν
3043 3868 3246 3922 δούλων
3274 3868 3333 3921 ὃν
3359 3868 3456 3939 μὲν
3480 3866 3721 3937 ἔδειραν,

2125 3966 2184 4020 ὃν
2213 3965 2272 4019 δὲ
2298 3965 2650 4027 ἀπέκτειναν,
2676 3964 2735 4016 ὃν
2764 3963 2823 4017 δέ
2877 3961 3262 4032 ἐλιθοϐόλησαν
3285 3977 3301 3992 ο
3332 3959 3523 4013 τούτου
3558 3960 3724 4030 χάριν

2131 4060 2332 4124 αὐτοὺς
2392 4060 2471 4122 εἰς
2503 4060 2685 4112 πᾶσαν
2715 4058 2817 4127 τὴν
2843 4055 3173 4127 οἰκουμένην
3200 4054 3532 4126 διέσπειρεν.

2646 4167 2988 4223 ΕΡΩΤΠΣΙΣ
3026 4167 3197 4220 ΣΠΑ’.

2131 4330 2192 4385 Τί
2242 4327 2469 4396 δήποτε
2515 4326 2615 4379 διὰ
2652 4324 2928 4396 ,σμικρὰν
2975 4320 3401 4396 -ξτλημμέλειαῖ
3458 4316 3728 4396 Muiva-

2194 4389 2505 4467 πόῤῥωθεν
2555 4389 3119 4467 ίδεῒιῖπρρσετάχθη
3150 4392 3269 4460 τὴν
3310 4389 3448 4461 γῆν,
3477 4390 3726 4458 εἰσαγα-

2192 4465 2323 4539 γεῖν
2354 4466 2422 4520 δὲ
2455 4467 2561 4520 τὸν
2589 4466 2744 4520 ,λαὸν
2780 4465 3054 4532 ἐκωλύθη
3079 4479 3099 4527 ;

1154 4573 1299 4627 Edita
1322 4591 1350 4625 a
1380 4576 1508 4627 Maio
1532 4579 1588 4642 (l.
1624 4591 1670 4628 c.
1702 4592 1752 4641 p.
1777 4578 1887 4641 1H,
1911 4594 1959 4644 q.
1992 4581 2127 4645 291).
2150 4608 2213 4619 —
2240 4584 2293 4633 In
2325 4583 2598 4633 Deuteron.
2638 4593 2795 4638 χχιιι,
2829 4580 2908 4641 48,
2931 4579 3011 4629 52.

516 4655 609 4713 Sic
656 4672 760 4714 nos
811 4670 1129 4716 commonet
1160 4661 1307 4717 Deus
1339 4678 1399 4717 se
1444 4663 1647 4718 abillis
1682 4664 1779 4734 qui
1826 4665 2014 4721 eximia

2205 4667 2458 4722 Διδάσκει
2482 4666 2571 4719 διὰ
2598 4665 2805 4718 τούτων
2825 4664 2975 4735 ἡμᾶς
3004 4664 3033 4717 6
3054 4663 3208 4729 Θεὸς,
3231 4661 3305 4727 ὡς
3325 4660 3450 4725 τοὺς
3470 4660 3529 4713 ἐν
3556 4658 3731 4733 ἀρετῇ

443 4748 644 4804 virtute
693 4758 823 4805 sunt
857 4751 1091 4820 prmditi,
1124 4767 1401 4807 summam
1440 4753 1699 4809 virtutem
1748 4764 2030 4825 expetere,

444 4849 673 4895 caeteros
696 4854 824 4895 vero
876 4840 1131 4897 homines
1160 4842 1254 4913 qui
1277 4842 1495 4898 abunde
1541 4844 1689 4914 leges
1728 4855 2035 4916 transgre-

447 4932 699 5001 diuntur,
725 4933 995 5003 patienter
1016 4934 1304 5003 ferentem,
1331 4946 1553 4993 sanctos
1581 4936 2036 5010 homines,hujus

450 5022 802 5093 indulgentia:
856 5039 969 5079 non
1031 5024 1211 5081 facere
1262 5026 1591 5097 participes;
1642 5028 1790 5098 quod
1846 5037 1904 5083 et
1958 5029 2039 5085 ait

452 5114 685 5187 Sapiens
709 5117 933 5188 quidam
959 5134 1003 5173 :t
1030 5117 1249 5173 Parvuli
1280 5119 1502 5190 quidem
1523 5120 1677 5190 digni
1708 5121 2031 5178 misericor-

452 5209 846 5280 diaz,potentes
866 5219 1116 5282 potenter
1139 5213 1538 5268 scrutabuntur
1563 5215 1657 5269 π’.
1686 5213 1751 5268 Ει
1767 5212 2035 5273 Dominus

455 5302 511 5357 in
535 5304 709 5360 sacris
740 5303 1054 5376 Evangeliis
1082 5320 1098 5361 :
1137 5325 1155 5359 ι
1188 5306 1286 5362 Cui
1315 5306 1590 5361 modicum
1623 5306 1867 5373 dabitur,
1917 5325 2039 5363 mo-

2135 4763 2399 4828 τελείους,
2424 4762 2523 4834 τήν
2553 4762 2728 4833 ἄκραν
2753 4760 2956 4833 ἀρετὴν
2992 4761 3246 4814 ἀπαιτεῖ’
3282 4758 3377 4811 καὶ
3404 4758 3520 4820 τοῖς
3548 4755 3731 4818 ἄλλοις

2136 4855 2448 4926 ἀνθρώποις
2495 4856 2710 4926 μεγάλα
2755 4851 3134 4926 παρανομοῦσι
3179 4849 3576 4923 μακροθυμῶν,
3614 4848 3732 4911 τοῖς

2138 4950 2316 5021 ἀγίοις
2348 4948 2554 5020 ταύτης
2584 4949 2645 5001 ού
2680 4946 3004 5019 μεταδίδωσι
3041 4945 3145 5015 τῆς
3180 4942 3544 5014 συγγνώμηςο
3571 4939 3735 4994 τοῦτο

2140 5039 2236 5093 καὶ
2294 5038 2457 5109 σοφός
2496 5056 2575 5102 τις
2606 5055 2621 5070 ο
2655 5041 2684 5092 ό
2735 5038 2834 5108 μὲν
2880 5036 2989 5109 γὰρ
3030 5035 3334 5107 ἐλάχιστος,
3384 5031 3737 5102 συγγνωστός

2140 5131 2289 5183 ἐστιν
2321 5129 2526 5194 ἐλέους,
2561 5128 2777 5182 δυνατοὶ
2807 5126 2864 5180 δὲ
2889 5124 3131 5190 δυνατῶς
3176 5124 3570 5195 ἐτασθήσονται
3592 5137 3607 5152 ο
3640 5120 3737 5177 καὶ

2138 5225 2168 5277 6
2197 5222 2404 5296 Κύριος
2449 5224 2506 5276 ἐν
2537 5222 2833 5293 τοῖςίεροῖς
2866 5212 3253 5288 Εὐαγγελίοιςο
3291 5210 3393 5288 (Ὦ
3434 5216 3533 5288 μὲν
3555 5214 3739 5283 ὀλίγον

2141 5313 2451 5384 δοθήσεται,
2482 5312 2664 5381 ὀλίγον
2694 5312 3063 5382 ἀπαιτήσουσι
3100 5310 3231 5381 παρ’
3253 5308 3422 5363 αὐτοῦ
3448 5324 3463 5340 ο
3508 5323 3527 5359 ι
3558 5306 3736 5360 ἰστέον

458 5396 639 5451 dicum
671 5397 740 5453 ab
787 5398 878 5453 illo
931 5406 1208 5469 repetetur
1237 5400 1277 5454 ¹.
1317 5418 1337 5452 ι
1390 5398 1919 5470 lntelligendumque
1954 5416 2014 5457 es

2146 5406 2331 5477 μέντοι
2387 5405 2481 5458 καὶ
2517 5405 2699 5471 τοῦτο,
2728 5404 2807 5468 ὡς
2850 5403 3016 5474 ἕτερα
3044 5402 3112 5456 δι’
3157 5401 3364 5472 ἐτέρων
3389 5402 3419 5454 6
3450 5397 3735 5469 Δεσπότης

462 5488 567 5548 hoc
600 5505 614 5543 :
649 5490 793 5559 quod
823 5491 991 5547 alium
1034 5490 1196 5548 tinem
1245 5492 1351 5547 alia
1388 5493 1475 5548 via
1505 5494 1703 5566 quaerit
1750 5494 2041 5552 Dominus.

2144 5504 2450 5573 οἰκονομεῖ·
2485 5502 2676 5573 ὥσπερ
2701 5500 2894 5573 ἀμέλει
2912 5499 3008 5554 καὶ
3032 5497 3248 5552 τουτονὶ
3272 5496 3366 5550 τὸν
3390 5493 3569 5567 μέγαν
3598 5508 3735 5560 προ-

528 5608 576 5639 ⁹⁶
606 5607 739 5663 Luc.
766 5624 828 5676 ιι,
858 5608 945 5665 14.
1021 5612 1065 5645 ⁸⁷
1097 5610 1293 5667 Matth.
1322 5627 1393 5677 tv,
1425 5611 1512 5667 ll.
1572 5611 1618 5643 ⁸⁸
1641 5611 1762 5666 Act.
1801 5628 1971 5676 xxvii,
2004 5615 2014 5667 ε

2172 5620 2216 5651 ἐ’
2249 5617 2484 5675 lThess.
2520 5634 2578 5684 ιι,
2606 5617 2693 5673 14.
2733 5616 2801 5649 ⁰⁹⁶
2837 5613 2969 5685 Sap.
2993 5630 3071 5679 vr,
3105 5612 3158 5668 7.
3217 5580 3458 5665 'Matth.
3490 5621 3610 5673 xnt,
3647 5608 3736 5666 13.

1986 5731 2222 5793 NOT/E.

539 5815 812 5899 (βω-μακε
848 5817 1039 5899 ultinla
1073 5821 1589 5899 ex'qugestionibus,
1628 5836 1765 5893 quas
1795 5838 1824 5881 ο
1859 5732 2014 5883 Theti:

2118 5734 2222 5793 'IE.

2118 5838 2204 5886 cto
2240 5828 2481 5899 sumpsit
2509 5827 2753 5891 Photius,
2815 5833 2992 5881 exstat
3045 5819 3192 5893 apud
3232 5816 3643 5875 Theodoretum
3676 5826 3737 5880 ιιι

468 5885 536 5953 45
568 5886 621 5941 in
653 5885 944 5943 Deuteron.
977 5890 1040 5944 Τ.
1079 5885 1291 5957 LXXX,
1318 5907 1368 5961 p.
1392 5889 1517 5945 447.
