4136 6442
325 306 462 373 1113

1018 316 1121 376 AD
1159 313 1757 380 AMPHILOCIIIUM
1807 318 2155 392 QUIESTIO
2196 320 2981 390 CCLXXXI-CCLXXXIII.

3475 337 3614 405 1114

317 423 502 495 φήτην
527 422 629 478 οὐκ
652 422 838 480 εῐασεν
863 426 943 491 εἰς
966 427 1067 500 τὴν
1087 429 1192 500 γῆν
1214 429 1315 500 τῆς
1337 431 1677 501 ἐπαγγελίας
1699 433 1919 502 εἰσαγα-

2030 431 2103 488 Ut
2134 433 2284 489 enim
2319 433 2464 493 Deus
2488 451 2600 492 non
2627 448 2806 507 curat,
2843 442 2928 496 vel
2961 441 3146 513 potius
3169 457 3278 500 non
3307 445 3441 503 sinit
3467 447 3615 506 hunc

317 513 439 582 γετν
463 512 557 570 τὸν
586 514 740 574 λαὸν.
772 515 862 569 ἵνα
895 516 970 589 μὴ
1009 519 1085 582 ὡς
1113 519 1247 572 Θεὸν
1280 521 1444 575 αὐτὸν
1491 522 1830 577 σεϐασθῶσιν
1863 524 1914 577 οι

331 606 695 679 Ἰσραηλῖταιο
726 609 919 664 τούτου
952 611 1113 683 χάριν
1145 612 1313 667 αὐτοῦ
1335 615 1430 669 καὶ
1458 615 1550 671 τὸν
1578 617 1752 688 τάφον
1779 617 1913 688 ἄδη-

319 699 414 752 λον
462 700 723 772 ἐποίησεν
761 703 789 756 ὁ
837 702 1018 772 σοφῶς
1062 702 1134 757 τὰ
1185 705 1311 758 καθ’
1355 709 1504 778 ἡμᾶς
1553 709 1914 781 πρυτανεύων

322 791 477 857 Θεός.
515 794 734 850 Είδέναι
774 794 830 848 δὲ
879 795 974 850 καὶ
1017 795 1178 852 τοῦτο
1227 800 1519 871 προσήκει,
1553 801 1629 866 ὼς
1671 802 1917 873 Μωῦσῆς

321 883 495 940 τύπον
519 885 634 958 ἔχει
664 887 760 941 τοῦ
804 887 1010 960 νόμουο
1044 889 1127 943 διὸ
1165 891 1262 945 καὶ
1306 893 1551 964 Μωῦσῆς
1597 895 1698 963 τὴν
1744 912 1916 966 προσ-

323 982 556 1054 ηγορίαν
583 983 788 1055 όνόμος
816 984 930 1056 ἔχει
955 1003 970 1018 ·
999 985 1184 1058 έχουσι
1214 988 1344 1059 γὰρ,
1375 990 1795 1061 φησί,Μωῦσέα
1819 990 1917 1044 καὶ

323 1072 453 1136 τοὺς
504 1076 793 1146 προφήτας
819 1091 833 1105 ·
864 1078 1105 1132 Μωῦσέα
1155 1079 1251 1134 τὸν
1287 1081 1455 1152 νόμον
1505 1082 1748 1147 καλέσας
1771 1099 1784 1112 ·
1817 1083 1918 1137 καὶ

326 1163 600 1235 πολλαχοῦ
653 1167 814 1220 τοῦτο
870 1168 1090 1240 εὕροις·
1146 1170 1342 1242 ὥσπερ
1385 1173 1496 1246 γὰρ
1539 1174 1773 1239 Ἡσαΐας
1823 1175 1920 1230 καὶ

336 1255 610 1328 Ἱερεμίας
640 1261 738 1314 καὶ
779 1261 1041 1334 Ίεξεκιὴλ
1067 1265 1128 1320 ού
1149 1267 1277 1330 τοὺς
1304 1267 1509 1338 ἄνδρας
1535 1269 1756 1337 μόνους,
1783 1269 1920 1324 ἀλλὰ

322 1351 420 1405 καὶ
445 1351 514 1405 τὰ
540 1353 768 1408 ἐκείνων
795 1355 980 1426 βιϐλία
1010 1357 1291 1430 καλοῦμεν
1311 1377 1326 1392 ο
1360 1363 1458 1414 καὶ
1484 1362 1674 1432 σχεδὸν
1697 1361 1760 1416 τὸ
1786 1362 1920 1417 αὐτὸ

323 1444 418 1497 ἐπὶ
471 1447 695 1500 πάντων
743 1447 990 1522 καθορᾷν
1055 1451 1176 1505 ἔστι
1223 1453 1336 1506 τῶν
1389 1453 1714 1526 συγγραφὰς
1771 1454 1922 1518 θείας

322 1537 769 1595 άπολελοιπότων
787 1559 800 1573 ·
829 1541 974 1596 οὕτω
997 1544 1094 1598 καὶ
1122 1545 1366 1616 Μωῦσῆν
1393 1545 1455 1599 οὐ
1491 1547 1584 1600 τὸν
1618 1546 1792 1618 ἄνδρα
1825 1547 1922 1617 μό-

323 1645 435 1695 νον,
467 1629 606 1684 ἀλλὰ
636 1632 731 1687 καὶ
758 1633 852 1687 τὸν
881 1635 1048 1705 νόμον
1079 1635 1232 1690 ἔστιν
1264 1637 1392 1691 ἰδεῖν
1426 1638 1768 1710 κεκλημένον
1793 1639 1919 1692 ’τύ-

323 1737 428 1785 πος
456 1722 556 1792 μὲν
584 1719 678 1778 οῦν
724 1725 969 1796 Μωῡσῆς
997 1727 1093 1782 τοῦ
1151 1729 1317 1800 νόμου
1340 1746 1355 1762 ι
1399 1729 1607 1800 Ἰησοῦς
1662 1732 1720 1784 δὲ
1765 1733 1793 1784 ὁ
1824 1730 1921 1785 τοῦ

2017 541 2276 599 magnum
2303 530 2627 599 prophetam
2656 532 2710 586 in
2735 541 2936 590 terram
2981 537 3314 606 promissam
3347 541 3611 611 populum

2017 619 2397 688 introducere,
2450 637 2520 677 ne
2565 631 2629 677 ut
2676 638 2776 695 pro
2832 626 2944 682 Deo
3002 628 3159 684 illum
3216 641 3616 688 venerarentur

2016 709 2302 779 Israelita},
2358 713 2553 768 eadem
2582 713 2650 769 de
2701 732 2867 772 causa
2905 720 3219 790 sepulcrum
3242 721 3365 792 ejus
3403 724 3616 780 abdidit

2018 804 2114 875 qui
2150 804 2430 875 sapienter
2480 807 2757 864 humanas
2810 825 2900 867 res
2935 812 3254 870 moderatur
3298 814 3465 872 Deus.
3496 817 3614 874 Hoc

2018 911 2245 968 quoque
2271 898 2417 955 scire
2443 899 2714 957 debemus
2745 902 2970 976 Moysen
2999 904 3174 962 fuisse
3196 907 3333 980 legis
3359 909 3611 980 ﬁguram.

2018 988 2205 1056 Quare
2253 1006 2561 1061 cognomen
2615 993 2831 1067 Moyses
2867 997 3034 1054 habet
3075 999 3181 1055 lex.
3220 999 3436 1058 Habent
3462 1002 3611 1059 enim

2018 1083 2244 1156 Moysen
2272 1095 2327 1142 et
2354 1089 2676 1158 pr0phetas,
2705 1092 2782 1145 ait
2807 1092 3117 1163 Scriptura.
3155 1093 3356 1165 Legem
3388 1095 3612 1168 Moysen

2019 1177 2331 1246 appellant,
2375 1181 2522 1250 quod
2584 1182 2775 1240 multis
2825 1183 2965 1241 locis
3011 1187 3286 1243 invenias.
3339 1185 3413 1243 Ut
3464 1190 3611 1244 enim

2019 1266 2240 1336 Isaiam,
2275 1269 2572 1328 Jeremiam
2597 1283 2652 1329 et
2673 1274 2929 1332 Ezechiel
2957 1293 3067 1332 non
3099 1279 3249 1335 viros
3298 1281 3482 1347 modo,
3515 1281 3612 1338 sed

2019 1359 2186 1415 etiam
2215 1376 2406 1418 eorum
2439 1364 2612 1422 libros
2645 1369 3008 1438 appellamus,
3043 1379 3213 1440 utque
3241 1372 3322 1428 sic
3348 1373 3613 1430 habemus

2021 1467 2215 1509 omnes
2273 1461 2669 1527 pmpcmodum
2695 1477 2931 1531 quorum
2986 1480 3147 1520 sacra
3180 1473 3400 1521 exstant
3421 1481 3612 1536 Opera,

2028 1543 2177 1599 haud
2225 1546 2388 1601 aliter
2432 1547 2682 1621 Moysr-n,
2730 1567 2841 1607 non
2870 1555 3049 1608 virum
3089 1556 3272 1622 modo,
3310 1557 3404 1612 sed
3444 1557 3613 1611 etiam

2023 1634 2197 1705 legem
2229 1637 2377 1694 illius
2406 1639 2511 1694 hoc
2540 1643 2765 1698 nomine
2794 1645 3058 1714 appellari
3091 1645 3365 1701 videmus.
3397 1645 3613 1718 Moyses

2024 1724 2192 1794 igitur
2220 1728 2358 1800 legis
2381 1739 2466 1786 est
2494 1732 2692 1802 ﬁgura,
2725 1733 2914 1802 Josue,
2939 1735 3061 1790 Nun
3088 1737 3257 1802 illius,
3283 1735 3612 1796 Salvatoris.

324 1809 510 1880 Ναυῆ,
541 1811 712 1877 τύπος
749 1814 845 1868 τοῦ
898 1817 1154 1890 Σωτῆρος
1176 1836 1189 1850 ο
1227 1817 1417 1891 ὥσπερ
1443 1820 1626 1874 τοίνυν
1674 1822 1919 1892 Μωῦσῆς

2024 1815 2094 1871 Ut
2152 1819 2322 1888 igitur
2377 1820 2595 1894 Moyses
2665 1825 2893 1894 quidem
2954 1827 3146 1883 eduxit
3210 1829 3471 1900 populum
3545 1829 3616 1886 de

282 1903 426 1974 ξμὲν
457 1903 700 1976 ἐξήγαγε
739 1908 832 1962 τὸν
873 1909 1004 1964 λαὸν
1031 1910 1093 1976 ἐξ
1134 1911 1442 1980 Αἰγύπτου,
1487 1912 1697 1984 Ἰησοῦς
1734 1914 1791 1967 δὲ
1818 1915 1919 1968 αὑ-

279 2064 287 2074 .
323 1993 416 2048 τὸν
442 1997 524 2059 εἰς
567 1997 666 2069 τὴν
721 2000 1144 2074 ἐπηγγελμένην
1188 2007 1456 2077 εἰσήγαγε
1493 2007 1622 2077 γῆν,
1670 2007 1845 2073 οὕτως
1888 2011 1916 2064 ὁ

323 2088 488 2158 νόμος
525 2093 626 2162 τῆς
675 2093 777 2162 μὲν
805 2095 1065 2172 ἀσεϐείας
1113 2098 1452 2155 ἀπαλλάττει
1483 2102 1610 2164 τοὺς
1653 2103 1917 2175 πειθομέ-

321 2195 466 2244 νους,
496 2181 530 2251 ἠ
563 2181 619 2234 δὲ
647 2183 764 2238 τῶν
794 2170 1145 2256 Εύαγγελίων
1180 2190 1343 2261 χάρις
1385 2193 1468 2255 εἰς
1499 2193 1600 2265 τὴν
1633 2170 1918 2264 βασιλείαν

321 2271 537 2340 εἰσάγει
567 2273 678 2329 τῶν
708 2277 769 2330 ού
779 2279 979 2349 ρανῶν.

847 2392 1192 2451 ΕΡΩΤΗΣΙΣ
1223 2398 1398 2456 ’ΣΠΒ’.

327 2541 392 2596 Tl
418 2541 607 2600 ἐστιν’
650 2565 671 2600 ‹
715 2548 820 2604 Ἑν
853 2551 1038 2678 ὀλίγῖ
1062 2573 1140 2680 ge
1180 2560 1405 2626 πείθεις
1427 2563 1788 2629 Χριστιανὸν
1820 2581 1913 2634 γε-

957 2641 995 2677 ν
1029 2642 1072 2678 ον
1110 2643 1168 2680 αι
1193 2644 1211 2680 :
1251 2648 1270 2680 ι

957 2641 1168 2680 νεσυαι
1191 2644 1211 2692 ;
1251 2648 1270 2682 ›

2017 1908 2279 1981 Egypto,
2311 1911 2482 1969 Josue
2510 1924 2696 1970 autem
2726 1917 2779 1971 in
2815 1927 3020 1973 terram
3053 1921 3383 1990 promissam
3433 1922 3610 1978 intro-

2015 2001 2192 2070 duxit,
2244 2005 2325 2060 sic
2357 2006 2442 2061 lex
2476 2009 2697 2077 quidem
2749 2010 3030 2081 impietate
3060 2013 3350 2071 credentes
3391 2015 3611 2081 liberat,

2015 2091 2194 2163 gratia
2240 2113 2372 2154 vero
2422 2097 2708 2171 Evangelii
2757 2102 2815 2158 in
2866 2119 3095 2177 regnum
3130 2106 3399 2163 ctelorum
3433 2107 3612 2165 intro-

2015 2189 2210 2248 mittit.

2069 2391 2400 2461 QUIESTIO
2437 2394 3018 2523 CCLXX‘XII'g‘CoisI.
3070 2397 3346 2467 CCXCVI,
3383 2398 3554 2456 Taur.

2629 2469 2810 2524 (μεως
2871 2469 3010 2524 )LVl.

2629 2469 3010 2541 CCLXXXV].

2022 2559 2165 2626 Quid
2209 2568 2288 2613 est
2322 2559 2465 2615 hoc:
2505 2579 2523 2613 ι
2560 2560 2624 2615 In
2673 2562 3117 2701 ii’z‘izc'iiicgo’suades
3149 2578 3229 2617 me
3246 2561 3612 2620 Christianum

975 2739 1122 2792 Edita
1145 2757 1171 2792 a
1203 2743 1331 2795 Maio
1359 2747 1415 2811 (l.
1443 2761 1488 2798 c.
1515 2763 1563 2812 p.
1592 2749 1699 2810 ill,
1736 2753 1846 2814 H2,
1878 2767 1927 2815 q.
1960 2747 2097 2809 292).
2115 2746 2481 2810 --Explanatlo
2511 2748 2563 2797 in
2586 2745 2700 2796 Act.
2721 2760 2860 2828 xxvi,
2879 2745 2961 2795 28.

393 2818 678 2887 Τουτέστι,
711 2822 780 2877 δι’
804 2823 1000 2895 ὀλίγων
1043 2831 1330 2901 ῥημάτων,
1364 2835 1423 2887 ἐν
1457 2836 1915 2910 βραχέσιλόγοις,

2100 2836 2157 2892 Id
2194 2844 2304 2898 est,
2362 2834 2556 2904 paucis
2608 2821 2812 2897 verbis,
2868 2832 3020 2887 brevi
3075 2847 3351 2898 sermone,
3396 2832 3615 2888 modico

322 2911 384 2964 ἐν
407 2911 946 2996 ὀλίγῃ-διδασκαλίᾳ,
977 2922 1148 2993 χωρὶς
1186 2925 1384 2979 πολ).οῦ
1421 2931 1588 2982 πόνου
1620 2933 1717 2984 καὶ
1757 2950 1918 2988 συνε-

2022 2928 2380 2993 documento,
2416 2926 2625 2996 absque
2676 2923 2852 2979 multo
2905 2924 3096 2980 labore
3141 2932 3198 2980 et
3233 2925 3454 2980 assidua
3495 2926 3616 2982 dis-

323 3004 453 3074 χοῦς
495 2993 790 3076 διαλέξεως
816 3028 830 3043 ο
874 3011 958 3066 διὸ
987 3015 1082 3069 καὶ
1111 3017 1250 3088 πρὸς
1300 3020 1465 3074 αὐτὸν
1501 3025 1863 3097 καταλλήλως
1889 3031 1917 3083 ὁ

2022 3021 2330 3092 putatione.
2354 2993 2630 3086 Quare—ad
2657 3017 2810 3072 illum
2840 3019 3181 3089 respondens
3208 3019 3412 3074 Paulus
3442 3019 3611 3075 dicit:

327 3100 540 3208 [Ξαῦλός
575 3122 742 3175 φησιν
764 3123 778 3138 ο
832 3125 850 3160 ι
893 3111 1160 3183 Ηύξάμην
1190 3113 1256 3169 ἂν
1285 3115 1364 3186 τῷ
1403 3118 1547 3189 Θεῷ,
1582 3139 1600 3171 ι
1631 3121 1728 3174 καὶ
1756 3120 1914 3192 ἑξῆς·

2031 3134 2049 3166 ι
2083 3113 2224 3183 Opto
2270 3129 2368 3183 per
2420 3112 2656 3176 Deum’,
2688 3129 2707 3162 ι
2773 3119 2829 3165 et
2901 3112 3138 3182 reliqua.
3189 3112 3422 3168 Perinde
3461 3128 3525 3168 ac
3569 3114 3617 3169 si

321 3186 437 3246 οἷον
463 3195 547 3248 ὅτι
569 3196 695 3267 ἐμοὶ
725 3200 933 3271 σπουδὴ
973 3201 1136 3256 τοῦτο
1164 3205 1226 3258 τὸ
1253 3208 1512 3275 γενέσθαι
1538 3212 1748 3276 πάντας
1778 3214 1918 3285 Χρι-

2025 3207 2238 3262 diceret
2267 3223 2280 3259 :
2310 3203 2460 3259 Nihil
2480 3203 2616 3258 mihi
2645 3203 2831 3274 potius
2849 3213 3116 3273 estquam
3143 3220 3336 3260 omnes
3363 3205 3616 3262 homines

325 3287 606 3352 στιανούςο
635 3291 730 3343 καὶ
777 3292 936 3347 τοῦτό
983 3297 1100 3350 ἐστι
1153 3315 1242 3367 μοι
1275 3301 1410 3373 εύχὴ
1439 3303 1574 3369 πρὸς
1603 3304 1766 3360 Θεόψ
1797 3309 1919 3362 ἐπεὶ

2028 3299 2142 3353 ﬁeri
2167 3298 2540 3355 Christianos.
2569 3295 2664 3351 Ila:
2693 3303 2826 3352 sunt
2860 3313 2997 3352 meae
3026 3313 3218 3353 coram
3256 3298 3366 3353 Deo
3396 3313 3612 3369 preces,

322 3375 542 3446 ἕτοιμός
593 3380 709 3450 εἰμι
750 3383 846 3434 καὶ
898 3385 1107 3441 πολλῶν
1139 3387 1312 3457 λόγων
1347 3392 1443 3445 καὶ
1488 3393 1687 3462 ὀλίγων
1729 3395 1829 3467 τὴν
1859 3398 1920 3450 ὲν

327 3467 552 3540 Χριστῷ
583 3473 886 3543 κηρύσσειν
917 3479 1102 3532 πίστιν
1133 3483 1229 3534 καὶ
1259 3484 1398 3552 μετὰ
1427 3488 1592 3540 πόνου
1624 3488 1719 3541 καὶ
1748 3489 1918 3542 κόπου

324 3556 422 3610 καὶ
453 3559 518 3612 ὲκ
549 3559 644 3613 τοῦ
686 3565 1034 3635 παραχρῆμα
1055 3584 1069 3597 ·
1115 3571 1284 3634 κόπος
1315 3573 1410 3625 καὶ⁹
1458 3575 1622 3638 πόνος
1663 3579 1721 3630 ἐν
1750 3581 1815 3649 τῇ
1841 3579 1923 3632 δι-

324 3649 596 3722 δασκαλίᾳ
649 3654 744 3706 καὶ
789 3657 1110 3727 κηρύγματι
1160 3661 1416 3733 οὐδαμῶς
1467 3664 1742 3734 λογίζεταί
1789 3686 1919 3739 μοι’

325 3743 444 3796 ἀλλ’
473 3740 592 3798 ἶσόν
625 3748 743 3799 ἐστι
773 3751 973 3821 κοπιᾷν
1004 3752 1102 3804 καὶ
1136 3753 1232 3824 μὴ,
1263 3756 1359 3809 καὶ
1387 3758 1556 3811 πολὺν
1587 3759 1778 3830 χρόνον
1805 3762 1923 3832 τρί-

325 3834 443 3889 ϐειν
464 3837 790 3908 κηρύττοντι
817 3841 913 3894 καὶ
942 3841 1124 3912 ὀλίγον
1148 3861 1161 3874 ·
1198 3846 1360 3916 μόνον
1388 3849 1610 3912 εἴτινας
1643 3853 1756 3923 ὁρῶ
1786 3854 1924 3926 πρὸς

326 3927 420 3982 τὸν
448 3930 686 4002 Χριστὸν
733 3933 1170 4006 ἐπιστρέφοντας
1196 3955 1210 3969 ο
1240 3939 1414 3995 ταῦτα
1463 3942 1521 3994 δὲ
1565 3943 1772 4013 ἔλεγεν,
1806 3946 1926 4016 ἅμα

331 4021 434 4092 μὲν
462 4024 524 4076 τὸ
542 4025 710 4078 αὑτοῦ
740 4027 1028 4098 πρόθυμον
1060 4031 1156 4084 καὶ
1185 4031 1450 4104 διάπυρον
1489 4035 1921 4108 ἐνδεικνύμενος,

328 4113 449 4186 ἅμα
477 4115 535 4168 δὲ
578 4119 834 4174 κάκεῖνον
881 4123 1306 4194 ἐκκαλούμενος,
1340 4127 1416 4188 ὡς
1455 4127 1504 4179 εἰ
1559 4127 1801 4198 βούλοιτο
1831 4132 1926 4183 καὶ

329 4206 501 4262 πλείω
535 4209 770 4264 ἀκοῦσαι
799 4212 893 4265 καὶ
913 4213 1256 4286 τελειοτέρας
1287 4217 1640 4282 διδασκαλίας
1686 4221 1925 4276 ἀπολαῦ-

327 4314 444 4360 σαι,
481 4299 542 4351 οὐ
603 4300 764 4370 μόνον
811 4303 966 4357 οὐδὲν
1025 4306 1347 4377 ἀποκνήσει,
1401 4309 1518 4362 ἀλλ’
1559 4309 1732 4375 οὕτως
1776 4315 1925 4368 ἐστὶν

325 4389 545 4461 ἕτοιμος
575 4394 670 4446 καὶ
713 4394 772 4448 τὸ
808 4397 1088 4468 πρόθυμον
1134 4402 1414 4472 παρέχων,
1450 4401 1592 4456 ὥστε
1627 4405 1722 4458 καὶ
1761 4406 1924 4477 εύχῆς

2023 3407 2264 3462 namque
2292 3399 2520 3462 paratus
2550 3405 2675 3446 sum
2741 3399 2796 3446 et
2842 3390 2897 3445 in
2949 3383 3166 3445 moo‘ico
3208 3399 3263 3446 et
3315 3391 3371 3446 in
3415 3406 3617 3460 magno

2029 3483 2333 3554 praedicare
2363 3482 2526 3537 Iidem
2558 3483 2612 3536 in
2653 3481 2961 3548 Christum,
2990 3497 3086 3552 per
3135 3483 3379 3538 laborem
3410 3493 3464 3538 et
3495 3499 3618 3538 mo-

2026 3575 2244 3631 lestiam
2276 3581 2332 3631 et
2360 3591 2425 3630 ex
2452 3582 2734 3645 tempore;
2766 3575 3078 3630 molestiam
3101 3576 3248 3630 enim
3303 3577 3619 3632 etlaborcm

2028 3667 2172 3721 inter
2201 3667 2513 3721 docendum
2544 3675 2599 3719 et
2625 3665 3034 3736 prmdicandnm
3070 3668 3282 3723 minimi
3324 3668 3484 3724 facio.
3512 3668 3621 3725 Sed

2032 3757 2167 3813 mihi
2198 3774 2299 3829 par
2331 3767 2415 3814 est
2441 3759 2696 3813 laborare
2727 3759 2812 3812 vel
2857 3775 2990 3824 non,
3020 3767 3075 3815 et
3105 3760 3199 3816 diu
3228 3769 3323 3816 aut
3349 3761 3418 3817 ad
3460 3763 3624 3819 breve

2026 3853 2348 3924 prazdicare,
2401 3853 2567 3908 modo
2609 3854 2827 3925 aliquos
2875 3854 2944 3910 ad
2995 3853 3280 3911 Christum
3320 3872 3623 3915 conversos

2029 3945 2273 4002 videam.
2310 3947 2406 4002 llis
2457 3948 2623 4003 dictis
2657 3951 3003 4004 alacritatem
3053 3951 3220 4005 animi
3273 3961 3329 4007 et
3368 3954 3622 4009 ardorem

2028 4052 2134 4091 una
2193 4038 2497 4093 indicabat.
2552 4038 2693 4094 Cum
2751 4028 2916 4110 igi'tur
2967 4042 3263 4112 Agrippam
3311 4045 3378 4098 ad
3450 4045 3624 4100 Deum

2027 4136 2269 4194 vocaret,
2296 4138 2356 4182 ut
2385 4129 2433 4184 si
2496 4129 2763 4184 voluisset
2794 4131 2948 4200 plura
2973 4133 3166 4187 audire
3187 4135 3625 4205 amplioremque

2029 4220 2343 4274 doctrinam
2371 4221 2628 4291 adipisci,
2648 4238 2754 4276 non
2788 4225 2966 4279 solum
3002 4225 3140 4279 nihil
3165 4225 3500 4291 reformidat,
3526 4228 3623 4283 sed

2028 4313 2196 4365 etiam
2231 4314 2370 4368 adeo
2398 4323 2626 4384 paratus
2667 4324 2753 4370 est
2782 4324 2836 4370 et
2883 4315 3108 4383 ardens,
3146 4325 3204 4372 ut
3235 4317 3302 4371 ad
3337 4334 3530 4388 preces
3562 4335 3624 4375 se

2031 4404 2303 4470 conferat,
2337 4406 2638 4461 dummodo
2665 4409 3012 4477 propositum
3043 4420 3394 4480 assequatur.
3418 4411 3625 4467 Precor

325 4482 488 4557 ἔργον
518 4485 650 4539 αὐτὸ
683 4490 943 4556 ποιεῖται,
978 4490 1046 4544 ἂν
1089 4492 1250 4563 μόνον
1280 4496 1524 4568 τυγχάνῃ
1554 4498 1647 4551 τοῦ
1678 4501 1885 4552 σκοποῦ
1907 4517 1919 4531 ·

2031 4498 2177 4551 enim
2223 4506 2279 4552 et
2327 4499 2382 4553 in
2433 4499 2653 4554 modico
2697 4509 2751 4555 et
2785 4500 2840 4555 in
2887 4518 3088 4575 magno
3111 4518 3221 4559 non
3254 4507 3433 4561 solum
3466 4517 3539 4572 te,
3568 4513 3624 4562 et

323 4574 586 4648 Εὑξάμην
617 4577 728 4650 γάρ
755 4581 851 4634 καὶ
888 4582 947 4634 ἐν
998 4582 1163 4655 ὀλίγῳ
1213 4587 1306 4640 καὶ
1351 4590 1409 4641 ὲν
1440 4589 1622 4662 πολλῷ
1651 4590 1712 4644 οὐ
1759 4592 1921 4662 μόνον

323 4667 408 4737 εὲ,
442 4685 497 4724 κ.
527 4687 579 4724 τ.
608 4669 658 4724 λ.

850 4789 1188 4842 ΕΡΩΤΗΣΙΣ
1227 4791 1358 4845 ΣΠΓ
1379 4833 1394 4848 .

331 4940 376 4992 Τ
375 4938 396 4991 ἰ
419 4939 607 4992 ἐστι’(
639 4940 750 4994 Τοῦ
771 4942 1122 5011 ὁρισθέντος
1153 4947 1289 5000 Υἱοῦ
1319 4949 1466 5002 Θεοῦ
1495 4949 1564 5002 ἐν
1591 4951 1861 5023 δυνάμει.
1895 4975 1914 5007 ι

2031 4599 2250 4645 caetera.

2027 4792 2358 4860 QUAESTIO
3092 4798 3393 4863 CCXCVII,
3453 4800 3618 4857 Taur.

2638 4871 2966 4923 CCLXXXH
3004 4913 3017 4925 .

2030 4955 2175 5022 Quid
2215 4958 2358 5012 istud
2388 4958 2652 5040 signiﬁcet
2691 4978 2704 5014 :
2741 4980 2760 5012 ι
2796 4871 3178 5031 Maniftlaslatus
3206 4975 3281 5018 est
3318 4962 3492 5019 Filius
3523 4965 3619 5021 De!

2615 5048 2670 5084 m
2715 5044 2990 5100 potestate.
3032 5054 3050 5085 ι

1063 5127 1210 5179 Edita
1237 5143 1264 5178 a
1298 5131 1426 5180 Maio
1462 5132 1520 5197 (l.
1554 5146 1580 5181 c
1623 5148 1670 5196 p.
1705 5136 1811 5197 ΗΞ,
1833 5151 1883 5199 q.
1917 5138 2052 5203 295).
2085 5139 2479 5203 -—.Explanatio
2511 5141 2564 5193 in
2597 5143 2736 5192 llom.
2764 5159 2799 5204 r,
2832 5144 2878 5195 4.

397 5206 508 5261 Τοῦ
538 5209 618 5270 εἰς
643 5207 845 5278 γνῶσιν
877 5209 1147 5280 ἐλθόντος,
1181 5213 1274 5267 τοῦ
1318 5218 1753 5287 ἐπιγνωσθέντος
1782 5225 1915 5294 ἡμῖν

325 5299 423 5352 καὶ
462 5300 870 5370 φανερωθέντος
904 5302 1037 5357 Υἱοῦ
1068 5305 1203 5360 Θεοῦ
1225 5325 1238 5338 '
1267 5309 1434 5363 πόθεν
1454 5310 1510 5364 δὲ
1538 5315 1874 5382 γνωσθέντος
1899 5334 1913 5383 ;

324 5394 416 5448 διὰ
441 5395 550 5450 τῶν
591 5398 911 5469 προφητῶν,
953 5399 1042 5454 διά
1069 5400 1179 5455 τῶν
1218 5405 1641 5476 ὲπιδειχθέντων
1673 5412 1916 5481 σημείων

325 5487 422 5541 καὶ
446 5487 750 5559 δυνάμεων,
781 5489 868 5544 διὰ
900 5490 996 5544 τοῦ
1037 5494 1363 5562 άγιαστικοῦ
1396 5499 1565 5553 αὐτοῦ
1595 5501 1916 5572 Πνεύματος

324 5579 356 5632 ὃ
381 5577 627 5650 παρέσχε
653 5582 769 5646 τοῖς
801 5582 884 5647 εἰς
923 5583 1087 5641 αὑτὸν
1129 5589 1500 5660 πιστεύουσιν,
1523 5591 1592 5647 δι’
1619 5594 1790 5666 αὐτῆς
1823 5596 1919 5649 a0-

363 5769 382 5799 ³
405 5769 525 5824 Aet.
557 5786 706 5833 xth,
728 5771 816 5827 ‘19.

2092 5225 2504 5294 Manifestatus,
2541 5231 2594 5284 id
2619 5238 2723 5296 est,
2751 5232 2913 5287 nobis
2943 5231 2996 5286 in
3039 5233 3293 5288 notitiam
3328 5235 3496 5301 venit,
3532 5251 3618 5291 se-

2019 5334 2126 5388 que
2160 5321 2512 5390 perspicuum
2542 5332 2598 5378 et
2628 5325 2934 5379 revelatum
2971 5326 3132 5381 nobis
3157 5327 3428 5383 exhibuit.
3466 5327 3622 5384 Unde

2019 5422 2204 5468 autem
2257 5413 2326 5468 ad
2357 5415 2783 5472 notitiam?Pcr
2838 5421 3157 5489 prophetas,
3209 5435 3310 5491 per
3361 5422 3517 5492 signa
3564 5432 3621 5478 et

2022 5505 2288 5560 miracula
2325 5522 2450 5576 qua:
2485 5507 2538 5562 in
2598 5508 2778 5565 lucem
2827 5513 3170 5582 prodierunt,
3221 5529 3320 5585 per
3361 5524 3618 5570 sanctum

2026 5597 2144 5667 ejus
2181 5596 2447 5668 Spiritum
2491 5615 2656 5670 quem
2690 5603 2919 5660 immisit
2952 5606 3032 5662 eis
3060 5608 3154 5676 qui
3185 5606 3240 5662 in
3265 5621 3389 5664 eum
3429 5608 3621 5664 crede-
