4136 6422
1681 212 1737 236 σε
1809 216 1835 229 ,ι

566 310 703 375 1115

1714 308 1979 371 PIIOTII
2028 306 2461 370 PATRIARCH
2470 308 2535 368 [Ε
2572 310 2681 370 CP.

3702 304 3847 371 1116

560 426 716 490 bant,
744 431 800 479 et
828 438 926 495 per
950 422 1260 480 mirabilem
1295 424 1437 479 hanc
1461 436 1492 480 e
1522 423 1756 480 mortuis
1794 422 2147 479 resurrectio-

2257 421 2344 475 τοῦ
2373 426 2474 494 τῆς
2495 424 2560 475 ἐκ
2594 421 2804 493 νεκρῶν
2832 421 3275 493 παραδοξοτάτης
3306 422 3578 495 ἐγέρσεως
3603 438 3619 454 ⁸
3646 423 3847 476 τούτου

561 534 708 573 nem.
774 516 951 588 Hujus
1010 517 1175 588 igitur
1232 533 1397 588 quem
1460 516 1971 588 pramuntiaverunt
2017 530 2145 585 pro-

562 613 761 680 phetae,
808 612 926 680 qui,
960 609 1236 665 declarata
1288 616 1577 680 potestate,
1630 609 1835 662 mundo
1882 607 2144 674 innotuit,

560 704 948 772 revelatusque
990 712 1077 757 est
1122 718 1153 756 a
1203 714 1397 757 sancto
1432 701 1639 772 Spiritu
1676 716 1841 771 quem
1886 701 2149 756 credenti.

561 796 663 851 bus
706 796 758 849 in
791 810 850 850 se
883 795 1135 865 praebuit,
1170 795 1263 865 qui
1298 795 1538 864 denique
1570 810 1627 849 se
1657 810 1754 864 per
1784 793 2145 849 resurrectio-

558 902 680 941 nem
744 902 901 942 suam
966 885 1318 941 manifestum
1372 888 1543 953 dedit,
1597 902 1699 956 ego
1760 902 1882 942 sum
1930 903 2143 943 servus.

559 976 789 1033 Etiamsi
838 994 1055 1044 servus,
1092 979 1186 1034 sed
1212 980 1377 1049 hujus
1401 980 1597 1035 saltem
1629 980 1722 1048 qui
1766 995 1863 1049 per
1895 989 2047 1034 tanta
2093 988 2148 1034 et

558 1068 689 1122 talia
725 1069 1041 1123 testimonia
1085 1071 1323 1124 ostendit
1352 1086 1412 1125 se
1444 1085 1565 1125 esse
1594 1069 1793 1125 Filium
1840 1070 1956 1126 Dei.
1992 1091 2010 1123 ι
2049 1073 2148 1125 Per

553 1176 741 1230 quem,
778 1160 980 1230 inquit,
1037 1163 1356 1232 accepimus
1396 1162 1632 1235 gratiam
1678 1174 1731 1218 et
1776 1165 2145 1233 apostolatum

554 1255 622 1307 ad
656 1253 1019 1308 obediendum
1050 1253 1174 1309 ﬁdei
1202 1254 1244 1309 ⁸.
1279 1274 1296 1306 ι
1319 1255 1555 1311 Perinde
1581 1271 1646 1311 ac
1669 1255 1988 1323 sidixisset,
2025 1256 2144 1311 Alia

555 1344 721 1399 ctiam
757 1346 1075 1401 testimonia
1109 1357 1236 1403 sunt
1268 1348 1447 1413 nobis,
1493 1363 1559 1403 ac
1590 1349 1682 1403 illa
1717 1365 1841 1419 quae
1878 1365 2147 1405 memora-

554 1434 755 1490 vimus.
825 1435 1003 1490 Testis
1061 1446 1145 1491 est
1197 1437 1315 1507 ipsa
1374 1447 1563 1492 nostra
1626 1438 1759 1505 vita,
1821 1439 1969 1493 hunc
2019 1454 2146 1493 vere

557 1522 754 1579 Filium
779 1539 904 1581 esse
934 1525 1066 1592 Dei;
1097 1541 1207 1595 quo
1227 1528 1433 1597 pacto?
1463 1527 1579 1583 lloc
1606 1529 1818 1584 scilicet
1842 1528 1989 1599 quod
2021 1545 2147 1584 eur-

556 1617 729 1671 rintus
756 1624 811 1671 et
842 1631 1210 1686 properamus
1249 1618 1315 1672 ad
1348 1628 1540 1688 gentes
1588 1620 1826 1692 ignotas,
1878 1638 2003 1692 quae
2046 1638 2145 1677 au-

554 1707 714 1762 diunt
789 1708 1179 1777 accipiuntque
1231 1709 1609 1765 testimonium
1670 1713 1817 1767 fidei.
1872 1712 2011 1768 Vere
2066 1723 2143 1766 te-

2250 504 2345 563 οὗν
2394 508 2489 562 τοῦ
2546 508 3009 579 προαγγελθέντος
3061 510 3151 565 διά
3201 510 3313 564 τῶν
3362 511 3697 583 προφητῶν,
3743 512 3847 565 τοῦ

2249 600 2648 672 γνωρισθέντος
2676 603 2735 655 ἐν
2779 605 2846 673 τῇ
2891 602 3153 670 ἐπιδείξει
3196 604 3298 673 τῆς
3329 605 3617 675 δυνάμεως
3648 604 3843 671 αὑτοῦ,

2247 694 2342 749 τοῦ
2367 694 2771 767 φανερωθέντος
2792 697 2930 748 κατὰ
2954 695 3015 749 τὸ
3049 696 3367 764 ἁγιαστικδν
3390 697 3620 768 Πνεῦμα
3646 697 3675 750 ὃ
3692 717 3768 751 πα
3777 714 3843 769 ρ-

2250 787 2381 859 έσχε
2431 791 2543 851 τοῖς
2583 788 2933 841 πιστεύουσιν
3000 790 3081 852 είς
3135 789 3323 855 αὑτὸν,
3357 789 3453 842 τοῦ
3502 790 3847 862 δηλωθέντος

2248 880 2315 935 ὲκ
2362 881 2461 951 τῆς
2510 882 2861 944 ἀναστάσεως
2908 880 3096 947 αὑτοῦ,
3132 881 3329 936 τούτου
3367 883 3484 953 εἰμὶ
3534 882 3719 948 δοῦλος
3744 900 3763 916 ο
3795 884 3847 935 εί

2248 976 2358 1048 γὰρ
2384 976 2479 1031 καὶ
2507 976 2713 1039 δοῦλος,
2755 975 2892 1029 ἀλλά
2925 974 3116 1029 τούτου
3148 974 3353 1041 δοῦλος,
3388 974 3484 1029 τοῦ
3526 976 3617 1030 διὰ
3648 976 3849 1030 τοσού-

2247 1089 2356 1124 των
2404 1071 2498 1124 καὶ
2541 1070 2876 1140 τηλικούτων
2920 1069 3239 1140 μαρτυριῶν
3290 1068 3655 1132 πιστωθέντος
3702 1070 3849 1140 ἡμῖν

2247 1166 2328 1219 ὃτι
2359 1164 2486 1227 Υἱός
2512 1166 2629 1218 ἐστι
2669 1164 2765 1219 τοῦ
2799 1163 2965 1217 Θεοῦ·
2996 1182 3015 1216 ι
3052 1166 3129 1217 Δι’
3168 1158 3249 1228 οὗ,
3306 1163 3490 1233 φησὶν,
3534 1162 3630 1216 ml.
3676 1164 3847 1233 ἡμεῖς

2248 1257 2514 1329 ἐλάϐομεν
2536 1259 2696 1328 χάριν
2719 1258 2811 1310 καὶ
2831 1256 3140 1327 ἀποστολὴν
3161 1259 3241 1319 εἰς
3264 1256 3512 1325 ὑπακοὴν
3532 1256 3801 1317 πίστεως,
3823 1274 3843 1306 ι

2247 1344 2626 1418 οἷον,Ἐχομεν
2654 1348 2754 1412 τὰς
2792 1348 3117 1419 μαρτυρίας,
3141 1346 3328 1416 φησὶν,
3349 1347 3442 1399 καὶ
3476 1344 3535 1409 ἐξ
3564 1344 3744 1399 ἀλλων
3778 1344 3850 1409 ἃς

2248 1440 2475 1510 εἴπομεν
2499 1456 2511 1469 ·
2557 1442 2828 1512 μαρτυρεί
2865 1440 3044 1495 δὲκαὶ
3086 1440 3147 1493 τὸ
3176 1442 3467 1511 ἡμέτερον,
3504 1440 3632 1494 Υίδν
3672 1441 3846 1493 αὑτὸν

2248 1534 2423 1605 ἀληθῆ
2449 1532 2590 1588 εἷναι
2613 1534 2748 1587 Θεοῦ
2771 1551 2786 1565 ⁸
2832 1537 2982 1588 ποῖον
3012 1533 3199 1602 τοῦτο;
3230 1535 3290 1588 τὸ
3321 1535 3539 1606 τρέχειν
3566 1534 3667 1605 μὲν
3691 1535 3846 1606 ἡμᾶς

2249 1627 2343 1680 καὶ
2363 1626 2788 1694 κατεπείγεσθαι
2814 1628 2891 1690 εἰς
2918 1627 2987 1680 τά
3004 1627 3131 1697 ἔθνη
3162 1627 3197 1681 ἀ
3219 1628 3319 1681 οὑκ
3349 1628 3599 1699 ἔγνωμεν
3616 1644 3631 1657 ο
3654 1627 3847 1682 ἐκεῖνα

2247 1719 2302 1773 δὲ
2338 1719 2635 1773 ὑπακούειν
2663 1720 2759 1774 καὶ
2804 1720 3057 1790 δέχεσθαι
3088 1721 3179 1774 τὸν
3228 1722 3385 1789 λόγον
3416 1722 3515 1790 τῆς
3560 1721 3801 1785 πίστεως
3824 1735 3842 1751 ⁶

555 1797 877 1853 stitnonium
928 1808 1011 1851 est
1066 1796 1269 1851 divina:
1316 1798 1788 1855 manifestationis
1842 1800 2143 1863 hominem,

2257 1811 2555 1883 μαρτύριον
2580 1812 2689 1883 γὰρ
2708 1812 2783 1876 ὡς
2810 1812 3026 1882 ἀληθῶς
3060 1812 3383 1882 θεοφανείας
3403 1814 3564 1868 τοῦτο
3582 1830 3595 1845 ⁶
3628 1813 3846 1885 ἄνθρω⁴

556 1890 745 1945 relicta
814 1888 991 1958 patria
1046 1887 1398 1959 familiaque,
1466 1889 1539 1944 ad
1593 1891 1830 1945 alienam
1889 1906 2140 1953 currere,

556 1982 721 2051 idque
768 1981 993 2036 minime
1043 1980 1297 2036 utilitatis
1366 1990 1421 2035 et
1467 1981 1607 2036 lucri
1657 1982 1911 2052 corporei
1954 1997 2145 2047 causa,

554 2074 685 2143 quid
721 2074 845 2128 dieo
880 2073 948 2127 dc
1003 2071 1159 2125 lucro
1207 2080 1263 2124 et
1303 2072 1575 2126 utilitate?
1614 2072 1725 2127 imo
1783 2073 2145 2137 laborantem,

551 2164 906 2227 esurientem,
939 2161 1311 2225 verberatum,
1348 2159 1706 2230 ﬂagellatum,
1750 2170 2146 2232 contemptum,

552 2258 649 2313 sed
683 2254 1045 2309 nihilominus
1085 2251 1263 2307 ollicio
1294 2267 1397 2307 suo
1431 2252 1707 2321 functum,
1737 2265 1787 2310 et
1816 2254 1980 2309 ﬁdem
2013 2270 2149 2324 prm-

552 2347 849 2401 dieantem.
887 2343 1224 2399 Esnriebat?
1256 2344 1353 2399 sed
1382 2344 1522 2400 alios
1567 2345 1784 2413 alebat;
1824 2355 2145 2401 contemne-

552 2440 686 2495 bunt
719 2438 885 2493 eum?
932 2436 1029 2491 sed
1074 2436 1273 2491 deinde
1318 2438 1700 2505 mirabantur;
1750 2438 2153 2494 verberabant?

554 2534 650 2589 sed
677 2534 727 2588 ei
758 2532 922 2586 fidem
949 2529 1315 2595 adhibebant;
1348 2531 1743 2600 eXpellebant?
1772 2532 1871 2587 sed
1902 2532 2152 2602 require-

554 2623 716 2690 bant;
780 2620 1177 2693 ﬂagellabant?
1222 2622 1315 2677 sed
1374 2622 1615 2678 sudariis
1683 2630 1740 2676 et
1792 2620 2155 2677 suecentor‘iis

554 2717 807 2786 corporis
837 2717 959 2787 ejus
1012 2717 1239 2772 vulnera
1288 2716 1578 2771 sanabant.
1620 2714 1764 2769 Num
1794 2713 1961 2787 igitur
2000 2714 2154 2784 parvi

558 2809 827 2865 momenti
853 2809 960 2864 hoc
991 2810 1372 2867 testimonium
1427 2818 1535 2875 est,
1564 2807 1823 2878 quodque
1865 2807 1953 2861 his
1991 2815 2155 2861 antea

557 2902 722 2959 dictis
751 2902 994 2973 indigeat
1027 2913 1088 2958 ut
1112 2918 1216 2958 nos
1244 2916 1439 2958 omnes
1465 2898 1931 2957 commonefaciat
1952 2898 2154 2955 Filium

559 2994 657 3048 Dei
691 3010 815 3049 esse
845 2995 1167 3050 Christum?

558 3104 893 3175 QUIESTIO
953 3105 1311 3163 CCLXXXIV

1140 3172 1523 3240 CCLXXXVI!
1543 3172 1585 3245 ].

563 3297 707 3365 Quid
734 3297 835 3354 hoc
866 3298 936 3352 sit
967 3312 987 3351 :
1022 3313 1041 3347 ι
1078 3294 1383 3369 ΠνοΙιὶὸίιιιε
1423 3310 1538 3369 sum
1567 3309 1731 3369 usque
1758 3292 1930 3346 adhuc
1958 3301 2017 3345 ut
2052 3290 2157 3345 ali-

915 3383 1068 3439 quem
1098 3366 1334 3436 fructum
1365 3366 1588 3418 habeam
1614 3364 1749 3434 (8|).
1774 3383 1793 3415 ι

1394 3103 1561 3218 ξῧὶἧίὶ
1602 3099 1929 3168 CCXCVlIl,
1984 3098 2152 3155 Taur.
2184 3155 2231 3218 C

2250 1921 2352 1957 πον
2378 1906 2746 1959 καταλιπόντα
2779 1906 3014 1975 πατρίδα
3054 1906 3148 1959 καὶ
3178 1907 3334 1974 γένος
3370 1908 3589 1978 τρέχειν
3632 1907 3714 1969 είς
3742 1906 3845 1960 ἀλ-

2249 2000 2492 2071 λοτρίαν,
2525 2000 2779 2070 οὐδεμιᾶς
2800 1999 3122 2072 ὠφελείαςῆ
3154 1999 3381 2071 κέρδους
3410 2000 3572 2053 ἕνεκα
3600 2017 3847 2071 σωματιο

2253 2093 2383 2147 κοῦο
2415 2092 2468 2145 τί
2495 2092 2639 2160 λέγω
2670 2090 2895 2162 κέρδους
2920 2091 3013 2144 καὶ
3041 2089 3341 2160 ὠφελεία;;
3376 2090 3512 2145 ἀλλὰ
3538 2091 3841 2157 κοπιῶντα,

2251 2185 2615 2257 λιμώττοντα,
2643 2185 3000 2255 τυπτόμενον,
3029 2184 3446 2254 μαστιζόμενον,
3479 2183 3844 2255 ὑπερορώμε-

2255 2296 2366 2340 νον,
2396 2279 2533 2332 ἀλλά
2582 2280 2732 2349 ὅμως
2772 2278 2833 2331 τὸ
2867 2280 3066 2332 οἰκεῖον
3115 2277 3276 2348 ἔργον
3323 2276 3561 2333 ἀνύοντα
3590 2279 3688 2333 καὶ
3744 2278 3846 2351 τὴν

2256 2373 2441 2427 πίστιν
2472 2371 2915 2441 καταγγέλλοντα
2940 2386 2956 2401 ⁸
2990 2370 3322 2442 ὲλίμωττεν;
3354 2370 3491 2425 ἀλλὰ
3526 2372 3622 2426 καὶ
3648 2372 3848 2437 ἄλλους

2256 2465 2485 2536 ἔτρεφεν
2505 2478 2519 2494 ⁸
2545 2464 2880 2536 ὑπερεώρων
2920 2464 3108 2531 αὑτόν;
3137 2464 3253 2517 ἀλλ’
3288 2463 3518 2537 ὕστερον
3554 2466 3651 2519 καὶ
3684 2465 3847 2520 ἐθαύ-

2261 2556 2461 2628 μαζον·
2499 2557 2766 2623 ἕτυπτονς
2806 2557 2924 2611 ἀλλ’
2951 2558 3238 2611 ἐπίστευον
3259 2573 3273 2588 ·
3304 2558 3566 2623 ἐδίωκονς
3599 2558 3715 2611 ἀλλ’
3754 2560 3851 2612 ἐπ-

2258 2651 2489 2721 εζήτουν
2509 2667 2522 2681 ο
2555 2650 2885 2717 ἐμάστιζον;
2937 2650 3073 2705 ἀλλά
3094 2650 3184 2705 διὰ
3205 2650 3314 2704 τῶν
3350 2651 3653 2722 σουδαρίων
3680 2650 3849 2705 αὑτοῦ

2259 2747 2353 2799 καὶ
2374 2745 2741 2816 σιμικινθίων,
2773 2745 2881 2798 τῶν
2918 2744 3248 2816 σωματικῶν
3292 2744 3707 2815 ἀπηλλάσσοντο
3740 2761 3850 2814 μα-

2262 2837 2499 2906 στίγωνο
2548 2834 2657 2907 ἆρα
2693 2836 2769 2907 μὴ
2813 2836 3011 2908 μικρὸν
3063 2835 3368 2908 μαρτύριον
3397 2835 3558 2889 τοῦτο
3598 2835 3632 2907 ἢ
3667 2835 3854 2889 ἐνδέον

2260 2930 2370 2984 τῶν
2398 2931 2815 3002 προειρημένων
2841 2971 2857 2997 ,
2906 2932 2988 2994 εἰς
3012 2930 3073 2984 τὸ
3115 2928 3419 2999 ἐπιγνῶναι
3462 2929 3673 2993 πάντας
3722 2928 3855 2983 Υίὸν

2261 3022 2400 3077 Θεοῦ
2426 3018 2566 3078 εῖναι
2591 3023 2682 3077 τὸν
2705 3021 2977 3092 Χριστὸν;

2785 3139 3121 3194 ΕΡΩΤΗΣῙΣ
3160 3138 3329 3196 ΡΠΔ’.

2272 3296 2332 3351 Τί
2362 3295 2493 3350 ἐστι
2510 3309 2557 3346 ἰ
2579 3294 2690 3349 Καὶ
2719 3292 3036 3362 ἐκωλύθην
3058 3295 3193 3365 ἄχρι
3220 3295 3328 3350 τοῦ
3352 3295 3553 3366 δεῦρο,
3582 3297 3686 3352 ἵνα
3710 3312 3855 3365 καρ-

2793 3367 2914 3420 πόν
2939 3383 3071 3421 τινα
3102 3367 3268 3436 σχῶ;
3302 3387 3321 3419 ι

1213 3482 1353 3531 Edita
1375 3496 1403 3530 ιι
1434 3478 1562 3530 Maio
1593 3480 1649 3541 (1.
1683 3493 1727 3529 c.
1760 3491 1812 3540 p.
1849 3477 1953 3535 tta,
1986 3476 2094 3537 tta,
2126 3489 2151 3539 q

2257 3475 2411 3540 ll.)—
2441 3476 2735 3541 Explanatio
2770 3478 2823 3528 in
2854 3480 2994 3529 Rom.
3031 3493 3067 3541 ι,
3101 3479 3177 3528 15.

634 3563 763 3619 limo
794 3563 987 3630 verba,
1020 3563 1240 3633 opinor,
1274 3562 1615 3633 transposila
1666 3570 1816 3628 sunt,
1843 3568 1899 3616 et
1933 3560 2041 3615 illis
2071 3560 2161 3615 hic

564 3672 783 3723 sensus,
820 3657 937 3712 haec
966 3666 1050 3712 est
1074 3656 1413 3711 continuitas
1446 3674 1460 3710 :
1501 3674 1519 3706 ‹
1551 3653 1690 3719 Quia
1727 3669 1870 3724 saepe
1898 3652 2159 3724 proposui

564 3751 753 3805 venire
793 3749 862 3803 ad
895 3763 995 3803 vos
1044 3756 1105 3802 ut
1151 3748 1390 3818 aliquem
1436 3746 1674 3801 fructum
1709 3747 1963 3807 habeam,
2018 3754 2073 3800 et
2101 3745 2156 3799 in

564 3842 741 3897 vobis.
775 3859 794 3892 ι
832 3838 933 3893 llic
957 3849 1140 3893 autem
1174 3840 1241 3893 ad
1272 3854 1368 3894 eos
1402 3838 1724 3902 adveniens,
1760 3853 1927 3893 causa
1963 3835 2159 3892 fuisset

564 3947 664 3988 cur
693 3933 949 4002 copiosos
976 3930 1197 4002 pietatis
1228 3932 1437 3988 fructus
1477 3930 1704 3985 ferrent.
1748 3929 1903 3985 llaud
1943 3929 2153 3994 nescio,

566 4026 765 4096 inquit,
818 4026 978 4080 fidem
1036 4040 1286 4094 sparsam
1336 4040 1459 4080 esse
1502 4025 1644 4078 inter
1668 4038 1788 4087 vos,
1848 4024 1943 4079 sed
1991 4023 2159 4079 etiam

565 4118 705 4173 hanc
728 4115 1047 4187 frugiferam
1083 4116 1199 4170 fieri
1229 4116 1621 4171 desideroetin
1652 4117 1831 4184 vobis,
1856 4124 1916 4170 ut
1944 4116 2159 4171 fructus

564 4225 789 4280 carpere
822 4210 1050 4280 possim.
1092 4207 1285 4264 Vestra
1320 4209 1464 4263 enim
1494 4223 1615 4263 mea
1644 4209 1827 4275 duco;
1864 4209 1909 4264 si
1941 4207 2158 4263 videam

564 4305 780 4358 fructus
825 4302 878 4357 in
911 4302 1089 4369 vobis,
1157 4301 1232 4356 ita
1290 4301 1537 4367 laetabor,
1578 4301 1805 4371 perinde
1849 4316 1912 4356 ac
1968 4301 2015 4355 si
2059 4314 2160 4371 ego

563 4397 779 4451 fructus
818 4397 1043 4462 ferrem,
1092 4396 1271 4466 iisque
1325 4405 1557 4451 ornatus
1591 4411 1794 4451 essent.
1846 4396 1939 4450 Sic
1986 4395 2156 4449 inter-

563 4489 867 4561 pretandus
918 4489 1009 4545 hic
1065 4489 1243 4556 locus,
1308 4492 1551 4545 admissa
1603 4488 1939 4544 inversione.
1998 4486 2155 4542 Tunc

564 4583 711 4637 enim
752 4582 903 4652 leges
950 4596 1074 4651 qua:
1128 4591 1437 4651 sequuntur
1468 4598 1482 4634 :
1516 4599 1533 4631 ι
1569 4582 1635 4635 Ει
1676 4580 1986 4650 prohibitus
2027 4594 2149 4634 sum

2342 3565 2479 3618 Καθ’
2510 3562 2820 3635 ὑπερϐατὸν
2849 3560 3100 3634 εἰρῆσθαί
3133 3581 3223 3632 μοι
3268 3562 3433 3627 δοκεῖ,
3465 3562 3531 3614 ἵν’
3623 3561 3686 3616 τὸ
3711 3563 3857 3618 κατὰ

2268 3658 2552 3727 συνέχειαν
2580 3655 2787 3719 οὑτως·
2823 3674 2842 3707 ι
2881 3655 3147 3719 Πολλάκις
3175 3654 3493 3725 προεθέμην
3523 3654 3698 3708 ἐλθεῖν
3718 3657 3857 3725 πρὸς

2264 3751 2433 3821 ὑμᾶς,
2471 3750 2557 3803 ἵνα
2586 3748 2709 3802 τινὰ
2748 3747 2960 3819 καρπὸν
2990 3746 3105 3818 σχῶ
3130 3763 3145 3778 ο
3184 3748 3278 3801 καὶ
3310 3747 3418 3818 γὰρ
3457 3747 3491 3817 ἡ
3524 3746 3716 3801 τούτου
3750 3765 3855 3801 πα-

2268 3842 2459 3915 ρουσία
2486 3844 2707 3905 πάντως
2741 3841 2942 3903 αὐτοὺς
2967 3843 3342 3912 καρποφορεῖν
3370 3843 3630 3910 ἐποίησεν
3656 3840 3722 3895 ἂν
3755 3842 3855 3913 τὴν

2262 3936 2577 3989 εὐσέϐειανο
2630 3934 2691 3988 τὸ
2728 3932 2786 3987 δὲ
2817 3931 3052 4005 καρπὸν,
3084 3928 3224 3999 οἶδα,
3264 3933 3449 4004 φησὶν,
3491 3934 3573 3987 ὅτι
3606 3936 3640 4005 ἡ
3666 3934 3852 3999 πίστις

2258 4029 2389 4099 ὑμῖν
2420 4026 2780 4095 ὲνέσπαρται,
2826 4025 2966 4082 ἀλλά
3010 4025 3106 4079 καὶ
3136 4026 3351 4096 καρπὸν
3402 4028 3551 4097 σχεῖν
3598 4026 3853 4097 ἐπιθυμῶ

2257 4121 2388 4193 παρ’
2417 4120 2572 4192 ὑμῶν
2606 4122 2694 4173 ἴνα
2748 4120 2962 4190 καρπὸν
2996 4120 3110 4190 σχῶ
3135 4134 3150 4150 ⁸
3181 4119 3250 4173 τὰ
3294 4118 3402 4190 γὰρ
3433 4120 3701 4190 ὑμέτερα,
3744 4120 3854 4192 tua

2257 4214 2543 4286 λογίζομαι
2568 4230 2581 4245 ⁸
2617 4214 2684 4267 ἂν
2733 4212 2825 4267 οῦν
2866 4214 2960 4267 ῐδω
2996 4212 3212 4284 καρπὸν
3254 4213 3311 4265 ἐν
3337 4214 3488 4283 ὑμῖν,
3536 4212 3715 4277 οὑτως
3764 4214 3854 4268 εύ-

2261 4307 2650 4378 φρανθήσομαι
2682 4306 2757 4371 ὡς
2785 4306 2948 4369 αὐτὸς
2978 4304 3091 4375 ἐγὼ
3114 4304 3206 4359 τὸν
3234 4306 3448 4377 καρπὸν
3476 4306 3639 4376 ἔχων,
3672 4306 3767 4360 καὶ
3795 4309 3853 4361 ὲν

2260 4400 2441 4471 τούτῳ
2473 4400 2661 4471 κομῶν
2688 4417 2702 4430 ·
2736 4398 2883 4452 οὕτω
2915 4398 3016 4470 μὲν
3044 4400 3154 4471 γὰρ
3193 4399 3241 4451 εί
3272 4398 3396 4453 καθ’
3435 4399 3744 4470 ὑπερϐατόν
3770 4418 3852 4463 τις

2262 4491 2485 4545 ἐκλάϐοι
2542 4492 2604 4545 τὸ
2645 4491 2880 4563 χωρίον’
2934 4491 3090 4545 ἕσται
3130 4491 3239 4563 γὰρ
3291 4490 3353 4544 τὸ
3396 4490 3639 4561 ἐφεξῆςο
3683 4510 3703 4544 ι
3745 4493 3853 4547 Καὶ

2259 4583 2542 4654 ἐκωλύθην
2568 4582 2697 4652 ἄχρι
2725 4582 2821 4635 τοῦ
2848 4581 3038 4651 δεῦρο’
3081 4600 3101 4635 ›
3120 4583 3169 4635 εί
3190 4582 3247 4636 δὲ
3271 4581 3347 4653 μὴ
3367 4582 3492 4635 καθ’
3520 4582 3851 4655 ὑπερϐατὸν,

564 4688 738 4743 usque
770 4672 951 4727 adhuc
975 4672 1017 4726 ⁸.
1056 4690 1075 4724 ι
1130 4670 1437 4742 Repudiata
1480 4683 1663 4727 autem
1707 4673 2041 4739 inversione,
2075 4672 2151 4727 sic

2259 4674 2402 4728 οὕτω
2417 4674 2635 4745 νοηθείη
2654 4675 2719 4728 ἄν
2741 4689 2753 4702 ·
2773 4675 3119 4742 Ἕκωλύθην
3145 4674 3285 4744 ἄχρι
3305 4672 3413 4728 τοῦ
3435 4674 3633 4741 δεῦρο,
3651 4674 3856 4744 ἀναμέ-

564 4767 679 4821 fere
721 4765 1139 4837 intelligendum
1194 4782 1207 4819 :
1247 4765 1557 4819 Prolu‘bitus
1607 4782 1725 4819 sum
1752 4781 1915 4836 usque
1963 4764 2161 4831 adhuc,

562 4867 894 4929 exspectans
931 4857 1107 4914 donec
1154 4856 1279 4912 fidei
1335 4858 1549 4913 fructus
1600 4858 1653 4912 in
1706 4859 1861 4914 vobis
1898 4859 2161 4915 viderem.

564 4953 856 5017 Quomodo
907 4952 1074 5022 igitur
1127 4952 1370 5009 fructum
1432 4953 1708 5011 fercn'uls?
1761 4953 1895 5020 Quae
1954 4955 2163 5010 utilitas

565 5044 834 5098 adventus
876 5045 994 5098 tui?
1031 5044 1146 5099 lmo
1178 5060 1307 5099 vero
1352 5046 1560 5111 multa;
1596 5060 1704 5100 non
1740 5046 1910 5114 enim,
1960 5047 2160 5119 inquit,

566 5152 761 5191 omnes
802 5136 1040 5203 fructus,
1087 5145 1143 5193 at
1191 5138 1415 5208 quidam
1468 5139 1660 5195 saltem
1710 5141 1941 5210 neglecti
1988 5151 2154 5208 sunt;

566 5245 713 5284 nunc
755 5230 917 5285 venio
954 5239 1032 5295 ut,
1059 5230 1176 5301 jam
1213 5230 1414 5295 seduli,
1464 5247 1561 5301 per
1597 5248 1683 5287 me
1714 5234 1891 5304 parati
1924 5233 2044 5290 sitis
2089 5236 2157 5290 ad

567 5322 812 5391 reliquos
865 5320 1080 5378 fructus
1124 5322 1407 5379 ferendos.
1447 5322 1660 5380 Etenim
1716 5336 1776 5380 ut
1827 5341 2158 5395 supervaca-

568 5428 730 5469 nrum
788 5421 875 5469 est
926 5413 1143 5472 fructus
1186 5416 1421 5472 eximios
1472 5416 1725 5474 edentem
1759 5417 2024 5483 excitare,
2080 5417 2160 5474 sie

652 5598 672 5631 ³
696 5597 853 5653 Rom.
886 5611 925 5667 ι,
958 5600 1012 5653 5.
1089 5597 1109 5629 ⁸
1135 5596 1297 5653 Rom.
1337 5614 1375 5663 ι,
1403 5598 1489 5653 15.

2265 4784 2373 4822 νων
2416 4766 2635 4839 καρπὸν
2685 4766 2785 4837 τῆς
2816 4766 3057 4829 πίστεως
3088 4768 3146 4819 ἐν
3190 4768 3321 4837 ὑμῖν
3358 4765 3521 4819 ἰδεῖν⁶
3548 4765 3602 4818 τί
3660 4765 3753 4819 οῦν
3788 4765 3855 4818 ἂν

2262 4860 2355 4915 καὶ
2379 4859 2861 4932 καρποφορῶμεν;
2898 4858 2981 4921 τίς
3024 4859 3184 4931 χρεία
3216 4859 3317 4929 τῆς
3359 4857 3463 4929 σῆς
3503 4858 3852 4929 παρουσίας;

2263 4952 2434 5025 πολλὴ
2468 4953 2568 5023 μέν
2594 4947 2687 5006 οὖν
2706 4969 2719 4982 ’
2748 4952 2807 5005 οὑ
2836 4952 2946 5024 γὰρ
2978 4952 3154 5005 πάντα
3183 4950 3275 5004 τὸν
3298 4951 3514 5021 καρπόν
3544 4966 3709 5022 φησιν
3739 4950 3856 5005 ἀνέ-

2265 5061 2448 5116 μενον,
2490 5044 2627 5099 am
2660 5044 2785 5098 τινὰ
2818 5045 3031 5115 καρπόν
3055 5060 3070 5075 ο
3101 5043 3190 5099 ἵνα
3224 5044 3507 5115 πρόθυμον
3554 5043 3715 5108 αὑτὸς
3745 5060 3853 5096 πα-

2272 5141 2600 5213 ρασκευάσω
2625 5142 2721 5195 καὶ
2747 5139 2856 5193 τῶν
2882 5139 3141 5193 λείποντα
3172 5139 3360 5212 φέρειν
3392 5138 3606 5213 καρπόν
3629 5155 3641 5167 ·
3665 5137 3850 5208 ῶσπερ

2269 5233 2379 5304 γὰρ
2439 5233 2693 5307 περιττὸν
2740 5232 2801 5285 τὸ
2849 5233 2940 5285 τὸν
2994 5233 3215 5295 τελείως
3256 5230 3717 5303 καρποφοροῦντα
3774 5230 3850 5282 δι-

2266 5327 2512 5391 δάσκειν,
2548 5324 2692 5380 οὕτω
2722 5324 3005 5389 παντελῶς
3038 5326 3297 5379 ἐπίπονον
3337 5324 3431 5377 καὶ
3467 5323 3742 5395 μοχθηρὸν
3766 5321 3852 5374 τδν

2274 5418 2521 5489 μηδόλως
2552 5420 2631 5483 εἰς
2664 5418 2975 5490 εὐκαρπίαν
3009 5415 3312 5489 εὔχρηστον
3342 5415 3419 5486 τῷ
3456 5416 3557 5487 τῆς
3601 5416 3855 5470 διδασκαο

2091 5682 2325 5752 NOTAE,

649 5804 762 5874 (8|)
791 5805 936 5860 Idem
958 5804 1113 5863 Pauli
1148 5816 1328 5863 textus
1360 5824 1415 5879 q.
1446 5806 1563 5863 XCI
1591 5806 1902 5878 exponitur.
