4136 6436
317 342 454 409 1117

986 341 1083 401 AD
1127 336 1724 399 AMPHILOCIIIUM
1764 338 2113 410 QU/ESTIO
2153 336 2947 405 CCLXXXIV‘CCLXXXVI

3480 329 3618 403 1118

318 456 443 520 λίας
467 453 686 525 ἀρότρῳ
711 452 1108 525 ἐξεργάζεσθαι
1148 450 1244 504 καὶ
1276 450 1542 520 ἀροτριᾷν
1564 466 1577 480 ·
1604 451 1653 502 εὶ
1678 449 1785 521 γάρ
1822 450 1917 504 καὶ

2033 450 2182 504 multi
2211 460 2267 504 et
2292 449 2530 518 improbi
2567 449 2775 503 laboris
2808 458 2893 502 est
2924 462 3054 501 arva
3095 446 3345 517 frugibus
3390 447 3623 502 minime

318 549 532 621 κλητοὶ,
562 547 679 601 ἀλλ’
710 541 803 600 οὖν
836 546 995 617 χρεία
1025 544 1121 597 καὶ
1154 543 1257 612 τῆς
1301 542 1510 606 οἰκείας
1540 543 1919 613 προαιρέσεως

317 642 414 696 καὶ
454 640 691 711 σπουδῆς
713 654 729 673 ο
772 657 791 692 ι
839 638 994 693 Ἐπεὶ
1032 636 1129 691 καὶ
1175 635 1365 689 πολλοῖ⁹
1401 634 1613 708 κλητοὶ,
1662 635 1833 706 ὀλίγοι
1859 635 1918 689 δὲ

319 732 591 788 ἐκλεκτοί.
626 751 644 784 ι

843 948 1178 1002 ΕΡΩΤΗΣΙΣ
1232 948 1401 1003 ΣΠΕν.

324 1111 386 1166 Ti
412 1112 545 1165 ἐστι
568 1125 580 1139 ·
616 1126 639 1163 t
655 1109 1014 1174 Δικαιοσύνη
1031 1110 1139 1178 γὰρ
1167 1109 1316 1163 Θεοῦ
1340 1109 1411 1163 ἐν
1432 1108 1591 1175 αὐτῷ
1606 1109 1920 1164 ἀποκαλύ-

939 1197 1148 1233 πτεται
1169 1197 1188 1246 ;
1220 1201 1238 1232 ι

2050 553 2176 616 apta
2231 552 2419 599 aratro
2454 545 2721 600 docti-inte
2750 553 2965 599 vertere
2989 553 3045 599 et
3071 544 3344 610 subigere.
3375 544 3435 599 Si
3473 544 3620 600 enim

2024 636 2208 691 vocati
2255 634 2417 700 estis,
2454 644 2511 690 at
2538 634 2699 689 vobis
2739 649 2880 705 opus
2914 644 2999 689 est
3037 635 3256 705 propria
3294 646 3475 692 vestra
3507 636 3624 691 ele-

2021 725 2230 792 ctione,
2263 724 2506 794 propriis
2538 723 2757 791 studiis,
2799 742 2818 776 ι
2850 722 3005 779 Multi
3056 725 3201 780 enim
3254 734 3383 781 sunt
3418 726 3622 793 vocati,

2023 816 2186 888 pauci
2212 830 2345 871 vero
2380 814 2538 870 electi
2557 816 2601 870 ⁵.
2635 833 2656 868 ι

2032 948 2367 1019 ρυΑΞδΤΙΟ
2424 948 2755 1006 CCLXXXV
2815 947 3015 1019 [Coi-Il.
3086 950 3381 1019 CCXCIX,
3454 950 3620 1005 Taur.

2595 1019 2995 1075 chXXXVIII
3021 1019 3065 1092 ].

2082 1115 2228 1183 Quid
2255 1116 2328 1172 sit
2358 1131 2378 1171 .'
2414 1114 2690 1170 (‘Justitia
2730 1114 2869 1166 enim
2902 1111 2999 1167 Dei
3032 1114 3088 1167 in
3123 1130 3183 1168 eo
3213 1114 3508 1169 revelatur?
3546 1134 3565 1165 ι

971 1294 1114 1343 hdIla
1142 1307 1171 1343 a
1202 1293 1327 1343 Maio
1360 1294 1415 1357 (l.
1451 1308 1496 1344 c.
1531 1308 1579 1358 p.
1618 1294 1722 1357 145,
1756 1294 1866 1353 1-H,
1898 1307 1927 1356 q

2033 1293 2116 1356 ιδ).
2138 1320 2199 1330 —
2231 1291 2528 1354 Explanatio
2558 1292 2611 1339 in
2642 1288 2788 1338 Rom.
2815 1299 2851 1348 I,
2883 1286 2960 1336 l7.

390 1383 718 1454 Δικαιοσύνη
751 1384 859 1454 γὰρ
883 1382 1043 1448 θεοῦ,
1071 1384 1379 1451 τουτέστιν,
1419 1387 1453 1454 ή
1475 1385 1790 1456 δικαιοσύνη
1825 1383 1919 1437 τοῦ

320 1476 457 1529 Θεοῦ
481 1477 539 1530 ὲν
560 1475 633 1547 τῷ
659 1476 978 1546 Εὑαγγελίῳ
998 1476 1167 1532 αὐτοῦ
1198 1476 1654 1531 ἀποκαλύπτεται
1684 1479 1781 1532 καὶ
1816 1495 1920 1545 φα-

321 1566 576 1638 νεροῦται
597 1584 611 1598 ·
652 1568 769 1630 πῶς
797 1567 891 1620 καὶ
921 1566 1039 1621 τίνα
1062 1566 1297 1639 τρόπον;
1332 1570 1396 1621 ἐκ
1433 1568 1671 1633 πίστεως
1700 1568 1800 1638 μὲν
1827 1567 1920 1622 τοῦ

2097 1382 2317 1438 Justitia
2360 1382 2506 1437 enim
2546 1379 2664 1445 Dei,
2698 1380 2750 1434 id
2776 1388 2882 1443 est,
2918 1377 3134 1450 justitia
3166 1376 3260 1432 Dei
3289 1377 3343 1431 in
3376 1375 3625 1445 Evange-

2026 1474 2102 1530 lio
2138 1489 2241 1529 suo
2290 1472 2537 1529 revelata
2586 1481 2640 1527 et
2691 1481 2919 1527 retecta.
2967 1469 3298 1537 Quomodo?
3335 1469 3562 1524 Proﬁuit
3594 1484 3626 1521 θ

2028 1569 2134 1625 ﬁde
2176 1568 2581 1640 proselytorum
2619 1566 2851 1636 justitiae
2901 1564 3099 1619 divin:e
3144 1562 3521 1618 manifestatio
3565 1572 3621 1617 et

324 1659 663 1729 προσιόντος,
692 1660 792 1731 τὴν
821 1658 996 1731 ἀρχὴν
1029 1660 1385 1731 λαμϐάνουσα
1429 1661 1529 1731 τῆς
1556 1660 1920 1733 φανερώσεως

2033 1661 2312 1726 revelatio,
2362 1673 2668 1727 rursusque
2694 1656 2909 1727 justitia
2957 1655 3246 1710 credentes
3275 1652 3529 1723 propellit
3571 1660 3628 1707 et

322 1753 416 1806 καὶ
450 1752 877 1823 ἀποκαλύψεως·
920 1755 1003 1817 είς
1041 1755 1225 1809 πίστιν
1257 1754 1313 1808 δὲ
1348 1756 1668 1825 προάγουσα
1704 1756 1799 1809 καὶ
1830 1773 1921 1809 τε-

322 1844 545 1897 λειοῦσα
575 1844 665 1898 τὸν
702 1845 1147 1911 πεπιστευκότα,
1180 1846 1449 1916 εἰλικρινῆ
1496 1848 1590 1900 καὶ
1624 1846 1919 1918 ἀκέραιον·

322 1935 422 2006 οὐχ
450 1937 516 2006 ἣν
533 1936 721 2006 τέχναι
748 1937 1168 2007 συγγροτοῦσιν,
1189 1937 1304 1991 ἀλλ’
1331 1938 1402 2009 ἢν
1430 1940 1463 2008 ή
1488 1937 1696 1992 ἄνωθεν
1724 1938 1926 2009 ἐλλαμ-

320 2027 415 2097 ψις
442 2028 777 2100 χαριζομένη
802 2028 879 2099 τῷ
911 2030 1098 2101 μέτρῳ
1121 2031 1358 2101 παρέχει
1383 2030 1485 2101 τῆς
1508 2031 1886 2103 προαιρέσεως
1908 2046 1921 2061 ο

323 2118 464 2190 αῦτη
482 2120 591 2191 γάρ
618 2122 771 2175 ἐστιν
799 2123 832 2192 ή
858 2122 953 2175 τοῦ
983 2122 1120 2175 Θεοῦ
1161 2123 1667 2195 ἀποκαλυπτομένη
1710 2124 1799 2179 διά
1828 2122 1924 2177 τοῦ

324 2213 662 2281 Εὑαγγελίου
686 2214 1025 2286 δικαιοσύνη,
1048 2217 1131 2270 ὅτι
1156 2218 1377 2289 σπέρμα
1402 2216 1641 2280 πίστεως
1666 2217 1923 2287 εὑροῦσα,

325 2306 539 2376 καρπὸν
570 2305 874 2378 βλαστῆσαι
908 2309 1294 2378 παρεσκεύασε
1314 2309 1552 2371 πίστεως
1576 2327 1587 2338 ·
1609 2309 1722 2362 ἔστι
1744 2309 1800 2362 δὲ
1830 2311 1927 2362 καὶ

326 2401 503 2463 ἄλλως
530 2400 825 2455 ὑπολαϐεῖν
861 2402 958 2473 τὴν
980 2402 1220 2457 διάνοιαν
1242 2404 1337 2457 τοῦ
1373 2402 1541 2475 ῥητοῦ
1561 2419 1575 2433 ⁸
1594 2403 1675 2457 ὅτι
1698 2406 1754 2457 ὲν
1777 2403 1926 2473 αὐτῷ

325 2490 405 2561 τῷ
428 2491 740 2545 πιστεύοντι
770 2494 804 2561 ή
831 2493 1148 2565 δικαιοσύνη
1194 2494 1291 2547 τοῦ
1327 2494 1463 2548 Θεοῦ
1496 2493 1803 2566 καθορᾶται
1836 2496 1927 2549 καὶ

324 2582 693 2652 γινώσκεταιο
728 2585 810 2638 ὃτι
856 2587 1062 2657 μικρὰν
1112 2587 1297 2640 πίστιν
1325 2586 1703 2659 προαιρέσεως
1746 2587 1928 2641 λαϐὼν

326 2676 459 2746 παρ’
484 2674 672 2739 αὐτοῦ,
690 2676 818 2746 ὃλην
842 2676 992 2748 αὐτῷ
1016 2678 1115 2749 τὴν
1146 2678 1207 2743 ἐξ
1232 2680 1627 2750 ἀποκαλύψεως
1652 2683 1747 2736 καὶ
1780 2682 1929 2747 θείας

326 2768 582 2837 γνώσεως
622 2766 806 2822 πίστιν
832 2770 1138 2840 παρέσχετο
1161 2812 1176 2838 ,
1204 2772 1268 2825 ὲκ
1309 2773 1409 2843 τῆς
1435 2772 1663 2839 ἀτελοῦς
1691 2775 1929 2840 πίστεως

327 2861 407 2924 εἰς
464 2860 705 2932 μεγάλην
759 2862 923 2916 αὐτὸν
970 2866 1399 2935 χειραγωγήσας
1452 2867 1545 2919 καὶ⁵
1593 2868 1931 2939 καταρτίσας

329 2954 565 3017 πίστεως
597 2954 911 3025 τελειότητα
942 2973 956 2986 ·
988 2952 1107 3011 εἶτα
1129 2956 1314 3020 καθὼς
1341 2958 1654 3030 γέγραπται
1679 2979 1693 2992 ο
1725 2979 1743 3012 ι
1794 2962 1851 3017 '0
1872 2962 1929 3015 δὲ

2031 1752 2325 1808 conﬁrmat
2356 1751 2408 1805 in
2436 1750 2596 1805 ﬁdem
2621 1764 2816 1821 puram
2855 1756 3021 1818 atque
3054 1746 3428 1815 incorruptam
3458 1760 3624 1816 quam

2033 1860 2141 1899 non
2179 1853 2328 1899 artes
2358 1843 2622 1909 indicant,
2662 1843 2757 1898 sed
2783 1843 2958 1912 gratia
2990 1840 3179 1895 divina
3201 1838 3438 1908 desuper
3468 1838 3628 1893 nobis

2032 1945 2230 2004 sponte
2275 1949 2374 1989 sua
2412 1932 2628 1987 tribuit.
2676 1930 2805 1986 Haec
2843 1939 2929 1985 est
2954 1930 3103 1984 enim
3138 1928 3322 1983 divina
3351 1927 3443 1981 illa
3472 1942 3628 1983 reve—

2031 2020 2141 2076 lata
2211 2036 2310 2092 per
2363 2020 2717 2091 Evangelium
2769 2018 3023 2091 justitia,
3071 2034 3194 2089 quae
3243 2019 3460 2074 inventa
3502 2017 3627 2072 ﬁdei

2032 2111 2248 2166 semina
2291 2109 2423 2165 fecit
2475 2120 2535 2165 ut
2572 2112 2949 2182 germinarent
3001 2111 3124 2167 ﬁdei
3174 2109 3408 2167 fructus.
3458 2110 3631 2165 Aliter

2038 2211 2217 2257 tamen
2250 2201 2418 2270 hujus
2446 2202 2598 2257 verbi
2630 2218 2829 2258 sensus
2865 2202 3096 2273 intelligi
3126 2211 3338 2273 potest,
3370 2204 3443 2256 ita
3478 2203 3630 2258 scili-

2035 2304 2122 2350 cet
2155 2312 2168 2348 :
2206 2295 2395 2349 Divina
2427 2296 2729 2365 percipitur
2774 2305 2829 2350 et
2856 2296 3198 2365 dignoscitur
3228 2295 3439 2365 justitia
3493 2295 3630 2366 ipsis

2035 2386 2090 2440 in
2153 2387 2506 2443 credentibus
2546 2388 2666 2458 qui,
2734 2397 3025 2459 postquam
3084 2389 3193 2443 Deo
3254 2388 3629 2458 praestiterunt

2036 2475 2308 2530 modicam
2368 2493 2433 2531 cx
2490 2479 2776 2533 voluntate
2834 2479 3020 2544 ﬁdem,
3060 2478 3329 2549 integrant
3379 2479 3628 2533 vicissim

2037 2568 2313 2637 accipiant
2355 2569 2709 2625 revelationis
2747 2579 2803 2625 et
2841 2570 3039 2625 divinae
3076 2570 3321 2625 scientiae
3357 2570 3541 2635 ﬁdem,
3577 2579 3632 2625 ct

2037 2673 2103 2712 ex
2137 2658 2285 2712 inani
2319 2660 2559 2729 quadam
2597 2659 2702 2713 lide
2734 2658 2802 2713 ad
2848 2675 3121 2714 summam
3155 2660 3306 2713 illam
3350 2658 3474 2713 ﬁdei
3505 2674 3632 2728 per—

2038 2747 2358 2812 lectionem,
2415 2749 2572 2819 quasi
2634 2764 2800 2803 manu
2862 2749 3131 2819 perducti,
3192 2750 3627 2805 constituuntur.

2039 2842 2195 2910 Quod
2226 2851 2411 2897 autem
2452 2841 2651 2896 deinde
2686 2843 2954 2912 scriptum
2990 2851 3075 2896 est
3110 2861 3122 2897 :
3156 2861 3174 2894 ι
3208 2840 3399 2898 Justus
3442 2841 3496 2895 in
3528 2841 3633 2895 ﬁde

2040 2952 2141 2991 sua
2204 2936 2353 2991 vivet
2381 2936 2425 3000 θ,
2467 2950 2535 2990 ne
2564 2935 2872 3000 existimes,
2927 2935 3128 3006 inquit,
3170 2936 3277 2991 hoc
3324 2951 3528 2991 novum
3578 2942 3633 2989 ct

326 3046 532 3110 δίκαιος
554 3046 618 3100 ὲκ
638 3047 878 3109 πίστεως
904 3047 1128 3117 ζήσεται
1154 3064 1168 3077 ο
1195 3068 1211 3100 ι
1255 3049 1331 3119 μὴ
1383 3050 1609 3123 νομίσῃς
1666 3052 1745 3117 δὲ,
1779 3054 1927 3122 φησι,

2044 3026 2239 3085 recens
2268 3046 2411 3087 esse.
2446 3028 2562 3085 Hoc
2594 3030 2923 3101 jampridem
2974 3030 3118 3085 enim
3153 3029 3472 3100 prophetica
3501 3043 3633 3083 voce

330 3134 519 3187 καινὸν
551 3134 646 3187 καὶ
670 3133 985 3204 πρόσφατον
1011 3151 1025 3164 ·
1092 3134 1248 3188 τοῦτο
1302 3142 1624 3209 προφητικῇ
1656 3144 1807 3211 φωνῇ
1835 3142 1927 3195 τοῦ

342 3226 658 3297 ’Λϐὗακοὺμ
686 3227 894 3281 ἄνωθεν
922 3228 1469 3297 προανακηρύττεται
1491 3247 1504 3261 ’
1531 3232 1665 3302 ποία
1708 3233 1885 3307 ταύτῃ
1911 3253 1925 3300 ;

333 3335 353 3371 ι
377 3319 434 3373 ’0
460 3320 518 3373 δὲ
542 3319 748 3383 δίκαιος
763 3322 828 3373 ὲκ
852 3319 1088 3385 πίστεως
1116 3322 1364 3390 ζήσεται·
1399 3342 1419 3375 ι
1446 3326 1747 3393 τουτέστιν,
1778 3330 1810 3399 ἡ
1832 3328 1926 3382 τοῦ

327 3411 537 3465 δικαίου
568 3412 664 3465 καὶ
681 3412 971 3465 σπουδαίου
1000 3414 1135 3483 ζωή·
1152 3414 1361 3468 δίκαιον
1391 3416 1501 3488 γὰρ
1516 3418 1608 3471 τὸν
1630 3421 1809 3473 πᾶσαν
1829 3420 1928 3492 τὴν

327 3504 530 3573 ἀρετὴν
558 3504 984 3576 κατορθώσαντα
1036 3506 1131 3560 νῦν
1182 3506 1370 3576 λέγει·
1407 3509 1601 3563 τούτου
1636 3510 1777 3582 οῦνὴ
1812 3513 1928 3585 ζωὴ

329 3594 514 3647 πίστει
546 3594 664 3647 ἐστὶ
687 3597 1072 3668 περατουμένη
1104 3599 1200 3652 καὶ
1235 3601 1599 3672 συμπεριλαμ
1615 3602 1889 3676 ϐανομένη
1911 3621 1924 3635 ο

329 3686 559 3756 ἄρχεται
599 3687 698 3756 μὲν
717 3688 825 3758 γάρ
850 3688 961 3743 ἀπὸ
988 3689 1090 3760 τῆς
1121 3692 1265 3746 κατά
1299 3693 1621 3765 προαίρεσιν
1644 3695 1882 3761 πίστεως
1909 3714 1924 3731 ο

329 3778 555 3849 τελευτᾷ
590 3778 647 3831 δὲ
685 3780 781 3833 καὶ
825 3781 1275 3850 ἀποπερατοῦται
1327 3787 1408 3849 εἰς
1436 3786 1537 3857 τὴν
1584 3788 1726 3841 κατὰ
1778 3789 1930 3845 θείαν

329 3870 675 3940 ἀποκάλυψιν
702 3873 890 3926 πίστιν
912 3890 926 3903 ⁸
956 3874 1036 3927 διὸ
1057 3875 1146 3929 ἀεὶ
1177 3877 1206 3928 ὁ
1230 3876 1441 3939 δίκαιος
1467 3878 1533 3931 ὲκ
1562 3878 1799 3945 πίστεως
1826 3882 1894 3952 ζῆ
1912 3898 1927 3914 ο

329 3961 393 4015 τὸ
423 3962 481 4015 δὲ
516 3964 775 4034 ζήσεται,
810 3965 892 4018 ὅτι
926 3966 1025 4020 οὐκ
1059 3966 1221 4037 ἔζησε
1250 3968 1371 4037 μὲν,
1392 3969 1661 4025 παύσεται
1688 3972 1766 4037 δὲ,
1795 3974 1931 4029 ἀλλά

330 4053 431 4108 καὶ
484 4056 654 4109 εἰσέτι
687 4056 941 4127 ζήσεται,
990 4058 1066 4121 ὡς
1109 4059 1204 4112 καὶ¹
1248 4060 1514 4131 πρότερον
1548 4062 1721 4133 ζήσας
1747 4080 1761 4095 ·
1792 4066 1929 4137 ὅπερ

329 4142 450 4199 ἴσον
471 4146 574 4217 θεῷ,
604 4148 691 4202 ἀεὶ
715 4148 782 4219 ζῇ
810 4151 874 4203 ὲκ
901 4150 1138 4215 πίστεως
1169 4167 1185 4183 ο
1216 4152 1277 4205 τὸ
1307 4152 1363 4205 δὲ
1390 4151 1653 4220 ζήσεται,
1673 4155 1928 4220 ἀντὶτοῦ,

328 4235 420 4289 διά
461 4236 664 4302 παντός
693 4240 751 4292 ὲν
780 4238 918 4311 αύτῇ
946 4240 1099 4293 ἔσται
1141 4241 1238 4295 καὶ
1267 4243 1692 4314 στηριχθήσεται
1721 4259 1736 4275 ⁸
1789 4244 1930 4300 ὥστε

333 4328 470 4401 μηδὲ
492 4330 591 4401 ζῇν
625 4331 902 4403 αἱρεῖσθαι
932 4334 1103 4405 χωρὶς
1124 4334 1316 4403 αὐτῆς,
1343 4335 1477 4406 μηδὲ
1498 4336 1781 4392 ἀναπνεῖν.

847 4443 1183 4498 ΕΡΩἸῊΣΙΣ
1210 4444 1393 4513 ΣΠΕῘΩ

337 4598 402 4653 Τί
425 4598 558 4653 ἐστι
594 4600 655 4653 τὸ
681 4599 842 4673 παρὰ
874 4598 955 4665 τῷ
999 4602 1337 4673 ᾈποᾳτόλῳ
1364 4604 1679 4673 εἰρημένον
1702 4622 1718 4637 ο
1755 4625 1774 4660 ι
1809 4610 1931 4662 Πα-

645 4670 866 4739 ράδοτε
893 4671 1082 4726 αὐτὸν
1122 4671 1202 4738 τῷ
1231 4670 1513 4743 Σαταῖλᾲξ
1553 4695 1573 4728 ι

2045 3119 2305 3177 liabacuc
2360 3122 2763 3192 proclamatum
2820 3131 2927 3176 est.
2984 3121 3309 3188 Quomodo?
3360 3139 3381 3174 ι
3436 3120 3631 3177 Justus

2040 3222 2225 3267 autem
2258 3213 2311 3268 in
2342 3213 2449 3268 ﬁde
2494 3230 2593 3268 sua
2627 3214 2777 3267 vivet
2798 3213 2852 3267 ".’
2877 3232 2896 3264 ›
2940 3212 3055 3269 Hoc
3089 3213 3190 3267 viri
3218 3212 3375 3283 probi
3416 3221 3472 3268 et
3493 3212 3630 3283 justi

2031 3303 2204 3358 vitam
2241 3305 2537 3375 signiﬁcat.
2590 3303 2781 3359 Justus
2816 3304 2962 3359 enim
2994 3312 3255 3359 censetur
3298 3303 3396 3374 qui
3437 3304 3627 3359 omnia

2030 3409 2156 3449 eum
2183 3396 2386 3449 virtute
2415 3397 2577 3465 gerit.
2607 3394 2757 3451 Illius
2785 3410 2915 3463 ergo
2947 3396 3057 3450 vita
3095 3396 3151 3449 in
3178 3394 3282 3450 ﬁde
3319 3411 3420 3451 sua
3468 3394 3629 3465 quasi

2030 3486 2431 3555 comprehensa
2463 3496 2518 3540 et
2554 3486 2744 3542 clausa
2770 3493 2877 3551 est,
2912 3494 2967 3541 et
3005 3501 3036 3541 a
3072 3486 3179 3542 ﬁde
3209 3486 3524 3541 voluntaria
3554 3486 3632 3541 in-

2032 3576 2186 3645 cipit.
2230 3574 2578 3629 Postremum
2630 3590 2760 3629 vero
2804 3575 2871 3627 ad
2925 3573 3084 3628 tidem
3128 3587 3159 3628 e
3206 3572 3392 3627 divina
3450 3581 3629 3626 ortam

2034 3667 2371 3721 revelatione
2412 3666 2682 3736 pervenit.
2725 3665 3097 3731 Quamobrem
3141 3665 3402 3720 continuo
3446 3664 3631 3733 justus

2034 3759 2089 3814 in
2124 3759 2231 3817 ﬁde
2264 3775 2361 3815 sua
2392 3760 2566 3827 vivit;
2610 3758 2876 3828 scriptum
2922 3766 3030 3823 est,
3062 3757 3229 3824 vivet,
3276 3757 3331 3812 id
3372 3764 3477 3822 est,
3518 3756 3632 3811 vita

2028 3853 2143 3922 jam
2189 3852 2391 3915 caruit,
2436 3851 2569 3905 vita:
2615 3849 2742 3905 ﬁnis
2793 3851 2925 3917 erit,
2956 3859 3011 3905 at
3040 3850 3299 3919 deinceps
3336 3848 3633 3903 reviviscet

2033 3948 2094 3996 ut
2126 3942 2282 4011 prius
2342 3940 2570 4006 vixerit;
2618 3954 2855 4010 quorum
2895 3954 3095 3995 sensus
3135 3939 3281 3993 idem
3336 3946 3424 3993 est
3465 3946 3632 4007 atque

2034 4034 2126 4090 ille
2157 4051 2172 4088 :
2198 4033 2254 4087 in
2287 4031 2393 4087 ﬁde
2420 4047 2521 4088 sua
2557 4033 2821 4088 continuo
2856 4032 3015 4097 vivit,
3052 4031 3156 4085 hoc
3187 4038 3369 4085 autem
3400 4029 3625 4083 verbum

2032 4129 2164 4183 vivet
2194 4128 2420 4199 ponitur
2441 4141 2542 4198 pro
2570 4145 2585 4183 :
2617 4127 2672 4181 in
2705 4127 2797 4182 illa
2828 4136 3093 4197 perpetuo
3119 4125 3225 4181 erit
3248 4134 3304 4180 et
3334 4123 3629 4180 conﬁrma-

2032 4220 2217 4288 bitur;
2255 4218 2332 4275 ita
2379 4226 2440 4274 ut
2490 4219 2613 4276 sine
2661 4218 2755 4275 illa
2801 4232 2906 4273 nec
2944 4217 3151 4284 vivere,
3200 4230 3304 4272 nec
3348 4214 3627 4285 respirare

2033 4313 2233 4383 possit.

2106 4443 2442 4514 QUIESTIO
2488 4442 2845 4531 centicva
2883 4442 3122 4567 'I'Coisl.
3176 4440 3335 4510 ccc,
3386 4439 3555 4495 Taur.

2619 4515 2904 4567 (.LLXMX
2934 4513 3023 4567 XI.

2619 4513 3023 4587 chXXXIX'].

2032 4612 2151 4678 Quo
2190 4619 2389 4683 spectet
2429 4610 2526 4664 hoc
2562 4608 3060 4733 Aptg‘tltli‘lzimzirbitm
3089 4622 3109 4662 :
3145 4626 3162 4659 ι
3197 4605 3417 4661 Tradite
3474 4602 3628 4659 illum

2700 4695 2939 4732 manat".
2976 4698 2995 4730 ι

922 4790 1067 4841 Edita
1101 4807 1127 4843 a
1160 4792 1285 4843 Maio
1315 4793 1372 4857 (Ι.
1408 4808 1451 4845 e.
1486 4809 1534 4858 p.
1565 4795 1672 4859 144,
1704 4811 1754 4860 q.
1780 4799 1917 4863 9.96).
1940 4827 2002 4840 —-
2022 4800 2150 4862 Quid
2175 4800 2241 4850 sit
2269 4799 2468 4849 tradere
2499 4797 2710 4855 Satanae,
2738 4795 2755 4844 l
2791 4794 2902 4845 Cor.
2928 4807 2977 4854 v,
3003 4794 3050 4843 5.

406 4871 532 4924 ’Ὀτι
546 4870 605 4924 τὸ
626 4871 960 4943 παραδοῦναι
984 4876 1147 4929 αὑτὸν
1164 4877 1242 4949 τῷ
1262 4880 1478 4950 Σατανᾷ
1495 4879 1731 4951 περὶτοῦ
1756 4882 1936 4953 ήμαρ·

330 4962 564 5034 τἠκότος
607 4961 901 5034 Κορινθίου
952 4965 1029 5037 τῷ
1057 4966 1333 5040 θεσπεσίῳ
1364 4969 1560 5041 Παύλῳ
1615 4971 1931 5042 εἰρημένον,

335 5057 473 5121 ἔστι,
506 5056 660 5124 φησὶ,
690 5056 892 5122 ἐξῶσαι
923 5059 1087 5113 αὑτὸν
1108 5059 1209 5130 τῆς
1225 5062 1555 5134 Ἐκκλησίας
1574 5079 1590 5095 ο
1617 5064 1667 5116 οἱ
1690 5062 1799 5133 γάρ
1829 5062 1938 5116 τῶν

350 5147 690 5217 Ἐκκλησιῶν
742 5149 1147 5221 ἐξωθούμενοι,
1181 5152 1287 5220 ἔξω
1315 5158 1413 5227 τῆς
1457 5155 1607 5219 θείας
1659 5157 1936 5226 γινόμενοι

336 5237 703 5308 κηδεμονίας,
764 5241 870 5295 ὑπὸ
929 5244 1027 5315 τὴν
1086 5245 1283 5317 βουλὴν
1339 5247 1434 5301 καὶ
1468 5247 1565 5318 τὴν
1616 5248 1935 5302 δυναστείαν

336 5330 601 5383 πίπτουσι
645 5333 744 5403 τὴν
806 5335 1055 5389 ἐκείνου·
1107 5338 1290 5403 καλῶς
1324 5339 1382 5393 δὲ
1434 5339 1686 5410 ἐπήγαγε
1709 5340 1803 5393 καὶ
1838 5339 1931 5391 τό·

344 5446 362 5479 ε
386 5427 478 5489 Εἰς
498 5424 718 5497 δλεθρον
733 5431 831 5500 τῆς
851 5434 1075 5503 σαρκὸς,
1091 5454 1109 5487 ι
1134 5435 1349 5500 δεικνὺς
1366 5438 1446 5490 ὅτι
1465 5436 1758 5489 οὐδὲτοῦτο
1778 5436 1937 5504 ἅψει-

334 5519 425 5591 δία
455 5521 601 5572 ποιεῖ
625 5521 718 5573 καὶ
750 5521 921 5590 μίσει,
945 5526 1061 5580 ἀλλ’
1085 5528 1171 5583 ἵνα
1195 5532 1264 5602 τῇ
1292 5529 1460 5601 πείρᾳ
1485 5531 1705 5597 γνόντες
1736 5528 1796 5581 τὸ
1820 5528 1935 5581 διὰ-

337 5629 526 5684 φοιοίνν
578 5610 717 5683 πρὸς
769 5618 1136 5690 μεταμέλειαν
1194 5622 1492 5677 νεύσωσιν·
1546 5620 1689 5674 οὕτω
1732 5636 1791 5672 τε
1834 5620 1933 5686 τῆς

423 5800 443 5830 ⁸
466 5798 658 5855 Matth.
686 5815 779 5869 xv,
813 5799 897 5855 lﬁ.
975 5802 996 5833 ⁸
1020 5800 1180 5857 Rom.
1223 5819 1262 5869 I,
1296 5804 1383 5857 l7.
1458 5808 1477 5839 ⁷
1507 5806 1713 5861 llabac.
1754 5823 1814 5871 II,
1854 5804 1901 5859 i.

2033 5804 2046 5860 l
2088 5804 2219 5862 Cor.
2254 5818 2306 5870 ν,
2348 5802 2400 5859 Ei.

2107 4881 2223 4937 Hoc
2246 4881 2498 4947 verbum,
2535 4900 2553 4931 ι
2585 4876 2809 4933 Tradite
2839 4877 2990 4931 illum
3012 4877 3252 4941 Satanae,
3281 4894 3301 4928 ι
3322 4875 3470 4947 quod
3497 4891 3628 4946 pro-

2037 4983 2159 5046 pter
2187 4974 2459 5030 Corinthii
2500 4980 2785 5043 peccatum
2816 4969 2979 5025 divus
3018 4969 3187 5024 edidit
3214 4966 3440 5033 Paulus,
3482 4968 3626 5025 idem

2035 5081 2122 5125 est
2162 5082 2229 5123 ac
2276 5068 2322 5123 si
2370 5066 2641 5122 dixisset:
2670 5063 2871 5135 Ejicite
2902 5063 3052 5117 illum
3112 5076 3178 5117 ex
3214 5061 3489 5125 Ecclesia;
3531 5061 3627 5131 qui

2036 5161 2185 5218 enim
2226 5160 2441 5231 expulsi
2498 5167 2630 5215 sunt
2676 5172 2743 5213 ex
2784 5154 3030 5211 Ecclesia
3077 5162 3133 5209 et
3175 5154 3333 5224 ejecti
3363 5169 3394 5209 e
3442 5154 3627 5210 divina

2039 5260 2358 5307 sanctorum
2401 5248 2687 5313 alIiIIitate,
2735 5244 2965 5301 arbitrio
3015 5252 3069 5298 et
3112 5243 3373 5314 potestati
3407 5242 3627 5299 Satanae

2033 5344 2467 5414 permittuntur;
2532 5348 2587 5395 et
2630 5338 2837 5409 optime
2898 5334 3142 5405 adjecit:
3182 5353 3201 5386 ι
3232 5332 3288 5388 1η
3342 5335 3623 5390 interitum

2033 5432 2218 5489 carnis
2244 5433 2301 5498 ⁹;
2338 5450 2355 5482 I
2395 5431 2693 5487 ostendens
2743 5428 2814 5482 ita
2849 5441 2907 5483 se
2939 5424 3167 5480 minime
3202 5424 3542 5480 crudelitatis
3571 5435 3627 5481 et

2034 5524 2144 5580 odii
2175 5538 2343 5579 causa
2363 5522 2413 5577 id
2435 5521 2639 5585 facere,
2662 5518 2757 5575 sed
2776 5514 3104 5586 utexemplo
3135 5515 3306 5583 docti,
3350 5527 3621 5587 quantum

2036 5622 2325 5675 interesset
2362 5618 2531 5674 Deum
2563 5617 2704 5672 inter
2727 5629 2791 5671 ac
2825 5612 3112 5678 Satanam,
3144 5609 3210 5668 ad
3242 5611 3621 5683 pmnitentiam

2476 5803 2496 5835 ⁹
2520 5801 2651 5857 ibid.
