4136 6428
565 318 708 385 1119

1665 323 1933 385 ΡΗΟΤῙΙ
1972 324 2481 387 PATRIARCH/E
2530 327 2639 388 Ci’.

3706 330 3855 401 ιινο

562 446 898 509 spectarent,
930 446 1095 509 atque
1128 439 1201 494 ita
1234 453 1297 492 ex
1338 446 1607 510 potestate
1634 440 1837 497 diaboli
1868 444 2077 513 egressi
2101 452 2155 499 et

2261 444 2580 509 δυναστείας
2609 445 2702 499 τοῦ
2719 445 2963 500 διαϐόλου
2999 446 3103 511 ἔξω
3134 448 3411 519 γινόμενοι
3438 453 3507 522 τῇ
3536 449 3632 504 τοῦ
3665 453 3859 523 κρείτ-

562 531 775 586 meliori
811 531 1079 586 electione
1111 529 1277 598 facta,
1310 529 1554 585 futuram
1598 531 1833 587 salutem
1872 547 2156 588 mereren.

565 631 698 678 tur:
738 622 884 676 unde
918 629 971 676 et
1003 621 1247 692 adjecit:
1284 640 1303 674 ι
1337 620 1411 677 Ut
1441 622 1669 692 spiritus
1687 624 1871 679 salvus
1888 625 1959 680 sit
1984 624 2037 679 in
2067 625 2157 680 die

564 711 783 769 Domini
816 712 993 769 nostri
1022 711 1156 768 Jesu
1186 711 1421 769 Christi.
1455 731 1474 764 ι

893 903 1226 973 ρυΑῑδΤιο
1265 904 1650 961 CCLXXXVH
1678 907 1810 979 (82).

566 1000 709 1067 Quid
737 1000 834 1054 Itoc
866 1000 1037 1055 valeat
1071 1016 1088 1054 :
1121 1019 1139 1051 ι
1166 999 1230 1053 1η
1263 1000 1421 1069 ﬁnem
1473 1017 1568 1069 pro
1615 1018 1677 1053 ea
1709 1016 1826 1069 quw
1869 1000 2154 1055 Itwredita-

1047 1082 1152 1125 tem
1184 1072 1523 1139 consequitur
1548 1072 1612 1125 ¹⁰.
1648 1092 1666 1123 ι

2254 552 2409 598 τονος
2452 537 2795 606 αἱρέσει,τῆς
2848 538 3125 608 σωτηρίας
3161 540 3362 603 αὐτοὺς
3403 541 3504 611 τῆς
3548 540 3860 613 μελλούσης

2256 630 2682 699 καταστήσωσιν
2713 630 2899 695 ἀξίους
2928 645 2945 662 ο
2974 631 3098 684 ὅθεν
3117 633 3212 685 καὶ
3243 634 3549 704 ἐπήγαγεν·
3587 653 3608 687 ι
3640 634 3766 688 ἰνα
3794 636 3858 689 τὸ

2256 722 2477 794 πνεῦμα
2508 724 2658 795 σωθῇ
2685 726 2743 778 ἐν
2772 726 2838 796 τῇ
2870 725 3055 797 ἡμέρᾳ
3100 725 3191 779 τοῦ
3226 729 3435 799 Κυρίου
3467 727 3627 798 ἡμῶν
3668 728 3854 799 Ἰησοῦ

2252 814 2513 888 Χριστοῦ.
2557 836 2575 869 ι

2790 909 3125 963 ΕΡΩἸῊΣΙΣ
3147 911 3312 964 ΣΠΖ’.

2270 1006 2331 1060 Τί
2381 1006 2583 1059 ἐστιν·
2646 1024 2664 1057 ι
2698 1006 2805 1071 Εἰς
2846 1005 2914 1057 τὸ
2971 1004 3149 1090 τέλος
3199 1005 3353 1074 ὺπέρ
3397 1006 3507 1074 τῆς
3553 1010 3857 1076 κληρονο-

2883 1091 3157 1144 μουσης;
3192 1095 3211 1126 ι

720 1187 860 1238 Edita
882 1202 909 1236 a
938 1188 1061 1236 Maio
1096 1188 1152 1248 (l.
1180 1198 1224 1236 c.
1247 1200 1296 1249 p.
1326 1187 1434 1247 1H,
1467 1187 1578 1247 115,
1605 1200 1654 1248 (ι.
1678 1186 1812 1246 297).
1844 1215 1907 1225 -
1930 1188 2056 1248 Quid
2088 1187 2184 1240 sibi
2219 1190 2325 1239 vult
2356 1189 2408 1239 in
2442 1188 2768 1253 inscriptione
2794 1190 3097 1240 Psalmorum
3125 1191 3281 1243 illud:
3310 1207 3329 1240 ι
3360 1191 3416 1243 In
3449 1194 3642 1245 finem?
3671 1211 3690 1244 ι

635 1272 765 1327 Tria
808 1273 966 1327 nobis
993 1272 1095 1326 hac
1123 1271 1191 1326 de
1216 1271 1521 1341 quaestione
1564 1272 1940 1343 investiganda
1973 1281 2104 1327 sunt
2138 1291 2152 1327 :

564 1363 699 1431 Qua:
727 1364 941 1419 haeres?
971 1363 1129 1430 Quod
1159 1362 1599 1432 patrimonium?
1639 1361 1703 1415 Et
1732 1362 1954 1433 quando
1985 1364 2156 1418 luere-

564 1457 745 1513 ditas?
773 1454 960 1511 Haeres
1001 1465 1085 1511 est
1114 1454 1384 1518 Ecclesia,
1430 1463 1484 1509 et
1528 1456 1675 1509 illius
1704 1458 2024 1526 plenitudo;
2057 1472 2156 1527 pa-

565 1551 887 1606 trimonium
924 1549 1071 1621 quod
1106 1564 1218 1604 non
1253 1550 1389 1603 vidit
1414 1549 1631 1615 oculus,
1673 1565 1774 1605 nec
1807 1551 1959 1606 auris
1994 1551 2153 1605 audi-

563 1644 666 1708 vit,
709 1652 763 1699 et
789 1657 1085 1713 quousque
1137 1656 1236 1697 cor
1280 1641 1525 1696 hominis
1577 1657 1687 1695 non
1743 1642 1995 1713 erigitur,
2045 1644 2151 1697 hoc
2182 1679 2230 1738 Β

566 1736 685 1807 ipse
738 1735 931 1791 forsan
997 1734 1203 1790 revelat
1249 1734 1483 1789 dicens:
1518 1732 1586 1787 In
1642 1735 1821 1803 ﬁnem,
1866 1737 2015 1805 quod
2071 1745 2155 1791 est

566 1826 815 1882 futurum
846 1841 1047 1891 aevum,
1080 1840 1188 1880 non
1214 1834 1397 1879 autem
1428 1840 1703 1895 praesens;
1730 1844 1829 1881 cur
1855 1844 1956 1883 nos
1985 1829 2155 1883 luere-

564 1925 663 1977 des
691 1920 979 1975 inscribit?
1005 1918 1277 1985 Quoniam
1305 1920 1449 1972 ﬁlios
1484 1920 1625 1975 Deus
1652 1922 1951 1990 adoptavit.
1977 1922 2158 1988 Quos-

565 2015 735 2070 nam?
766 2014 989 2085 Dignos.
1022 2015 1126 2081 Qui
1162 2022 1345 2067 autem
1374 2013 1557 2084 digni?
1588 2013 1693 2079 Qui
1733 2015 1992 2070 mandata
2034 2030 2157 2071 ser-

565 2116 719 2162 vant.
747 2106 823 2162 De
846 2107 937 2161 illa
962 2107 1176 2162 haerede
1198 2105 1404 2161 Paulus
1431 2106 1571 2161 dixit
1601 2124 1614 2160 :
1649 2125 1666 2157 ι
1701 2105 1977 2175 Despondi
2011 2106 2157 2161 enim

563 2214 667 2255 vos
699 2199 792 2254 uni
818 2200 939 2253 viro
962 2200 1227 2269 virginem
1260 2208 1467 2254 castam
1497 2198 1759 2254 exhibere
1786 2196 2010 2253 Christo
2038 2198 2103 2253 ¹¹.
2135 2216 2153 2250 ι

566 2288 635 2343 Ει
675 2287 918 2345 Joannes
966 2290 1100 2345 dicit
1135 2308 1148 2343 :
1187 2308 1205 2341 ι
1243 2289 1347 2355 Qui
1393 2289 1559 2344 habet
1602 2304 1882 2360 sponsam,
1922 2305 2159 2360 sponsus

564 2390 649 2438 est
672 2384 750 2449 ¹³;
784 2400 804 2434 ι
840 2383 935 2438 sed
974 2382 1065 2437 hic
1101 2399 1363 2453 sponsus,
1405 2394 1530 2453 post
1558 2383 1924 2453 ant'OStliCS,
1956 2382 2161 2438 amoris

561 2477 675 2531 vim
727 2475 991 2546 dispellit,
1039 2483 1227 2530 noster
1270 2483 1456 2529 autem
1504 2489 1744 2545 sponsus
1800 2490 2019 2543 semper
2057 2489 2160 2528 nos

565 2578 736 2636 amat,
778 2582 998 2638 semper
1045 2567 1324 2638 protendit
1367 2581 1634 2621 amorem.
1674 2565 1828 2632 Quod
1869 2567 2161 2620 conﬁrmat

568 2660 810 2715 Joannes
867 2674 1132 2730 sponsum
1187 2658 1342 2712 illum
1403 2658 1721 2727 appellans;
1780 2672 2158 2729 sponsumque

566 2765 677 2805 non
707 2751 803 2821 qui
853 2758 1069 2806 tantum
1115 2751 1402 2806 desideriis
1436 2750 1664 2815 ferveat,
1715 2751 1807 2805 sed
1853 2751 2022 2804 etiam
2060 2751 2156 2820 qui

565 2845 700 2900 velit
737 2859 930 2900 omnes
976 2859 1098 2899 esse
1133 2860 1303 2898 unum
1336 2858 1538 2913 corpus
1590 2853 1644 2898 et
1682 2858 1845 2897 unam
1887 2844 2152 2909 animam,

576 2946 639 2991 ut
685 2945 876 2992 nostra
923 2937 1144 2993 virtutis
1187 2946 1242 2992 et
1294 2940 1500 2992 amoris
1534 2938 1651 3008 lege
1683 2948 2009 3007 praeceptum
2050 2948 2153 2993 est.

2326 1275 2467 1346 Τρία
2500 1277 2634 1344 ἡμῖν
2662 1274 2771 1328 ἀπὸ
2807 1274 2907 1344 τῆς
2937 1278 3252 1348 ἐπιγραφῆς
3305 1278 3599 1350 ζητήματα
3643 1280 3849 1334 ἀνακύ-

2255 1383 2381 1419 πτει
2409 1381 2425 1397 ’
2456 1365 2539 1429 τίς
2569 1366 2602 1434 ή
2638 1365 3073 1437 κληρονομοῦσα,
3098 1369 3181 1432 τίς
3205 1370 3233 1421 6
3272 1368 3496 1441 κλῆρος,
3532 1371 3627 1424 καὶ¹
3658 1371 3803 1426 πότι-ε
3825 1375 3858 1443 ἡ

2254 1458 2630 1531 κληρονομία’
2681 1458 3099 1529 κληρονομοῦσα
3129 1459 3229 1529 μέν
3268 1462 3416 1513 ἐστιν
3471 1461 3504 1531 ἡ
3546 1460 3857 1532 Ἐκκλησία

2254 1553 2348 1606 καὶ
2385 1552 2446 1605 τὸ
2478 1552 2753 1623 πλήρωμα
2804 1552 3000 1623 αὐτῆς·
3036 1550 3238 1622 κλῆρος
3261 1552 3319 1605 δὲ
3355 1553 3390 1606 ἃ
3428 1552 3712 1624 ὀφθαλμὸς
3757 1545 3857 1608 ούῖι

2256 1641 2364 1698 εἶδε
2387 1685 2401 1709 ,
2431 1646 2526 1697 καὶ
2547 1644 2639 1707 οῦς
2667 1645 2768 1698 οὐκ
2798 1644 3024 1715 ἢκουσε,
3046 1647 3142 1697 καὶ
3165 1644 3259 1696 ἐπὶ
3292 1644 3524 1715 καρδίαν
3555 1645 3855 1717 ἀνθρώπου

2257 1738 2357 1789 οὐκ
2386 1736 2552 1806 ἀνέϐη
2584 1753 2597 1767 ο
2627 1736 2688 1789 τὸ
2712 1735 2769 1788 δὲ
2798 1736 2925 1788 πότε
2951 1774 2967 1801 ,
2992 1737 3156 1800 αὐτὸς
3176 1735 3441 1807 ἐδήλωσεν
3468 1735 3659 1803 εἰπὼν,
3689 1739 3774 1801 είς
3800 1740 3859 1791 τὸ

2257 1827 2409 1891 τέλος
2428 1846 2440 1859 ο
2465 1828 2604 1898 ὅπερ
2635 1828 2787 1880 ἐστὶν
2810 1828 2837 1881 6
2865 1826 3099 1897 μέλλων,
3136 1827 3252 1883 ἀλλ’
3278 1828 3377 1899 οὐχ
3394 1829 3422 1880 6
3456 1828 3652 1899 παρὼν
3678 1829 3818 1882 αἰών
3842 1847 3855 1860 ο

2257 1918 2398 1971 διατί
2444 1918 2499 1970 δὲ
2537 1917 2911 1989 κληρονόμους
2941 1919 3091 1989 ἡμᾶς
3134 1918 3440 1989 ἐγγράφεις
3478 1919 3561 1972 ὅτι
3609 1920 3859 1991 υἱοποιήι

2261 2028 2392 2065 σατο
2415 2028 2430 2043 ⁸
2462 2012 2614 2075 τίνας
2647 2012 2742 2078 δέ;
2777 2011 2902 2075 τοὺς
2931 2012 3115 2079 ἀξίους
3151 2027 3165 2041 ⁸
3194 2012 3333 2076 ἄξιοι
3362 2012 3419 2066 δὲ
3450 2014 3632 2080 τίνες;
3666 2016 3716 2067 οἱ
3749 2014 3857 2068 τῶν

2259 2103 2488 2159 ἐντολῶν
2540 2104 2812 2173 φύλακεςο
2848 2107 2978 2179 περὶ
3029 2104 3233 2176 ταύτης
3259 2106 3856 2178 τῆς’κληρονομούσης

2260 2197 2356 2251 καὶ
2388 2197 2416 2249 6
2445 2197 2653 2261 Παῦλος
2685 2196 2871 2266 ἔλεγεν
2896 2211 2909 2226 ο
2948 2214 2968 2248 ι
3017 2198 3380 2268 Ἦρμοσάμην
3408 2198 3538 2267 ὑμῖν
3579 2198 3856 2270 παρθένον

2258 2286 2431 2356 ἁγνὴν
2467 2285 2549 2339 ἐνὶ
2575 2286 2730 2357 ἀνδρὶ
2779 2286 3126 2358 παραστῆσαι
3174 2287 3255 2358 τῷ
3308 2288 3567 2358 Χριστῷ·
3630 2308 3650 2341 ι
3699 2290 3850 2344 καὶὸ

2273 2378 2527 2449 Ἰωάννης
2570 2379 2766 2450 φησίν·
2835 2398 2854 2431 ι
2908 2380 2967 2433 '0
3008 2378 3148 2451 ἔχων
3203 2380 3301 2452 τὴν
3348 2380 3570 2451 νύμφην
3622 2382 3855 2451 νυμφίος

2260 2470 2426 2522 ἐστίν·
2460 2489 2476 2522 ι
2506 2471 2619 2525 ἀλλ’
2647 2474 2674 2525 6
2698 2471 2796 2542 μὲν
2818 2472 3053 2526 ἐνταῦθα
3077 2465 3310 2543 νῦμφίος
3336 2474 3475 2543 μετὰ
3496 2474 3594 2538 τὰς
3626 2474 3854 2545 πρώτας

2260 2562 2474 2633 ἡμέρας
2530 2563 2790 2618 καταλύει
2821 2566 2882 2617 τὸ
2916 2565 3146 2637 σφοδρὸν
3177 2565 3272 2619 τοῦ
3302 2565 3505 2637 ἔρωτος
3528 2605 3543 2629 ,
3566 2569 3593 2620 6
3625 2566 3681 2620 δὲ
3716 2568 3854 2638 ἡμέ-

2258 2672 2416 2727 τερος
2458 2656 2688 2726 νυμφίος
2742 2656 2895 2726 μένει
2947 2657 3210 2728 διηνεκῶς
3258 2657 3492 2725 ἀγαπῶν
3536 2659 3723 2727 ἡμᾶς,
3764 2658 3856 2711 καὶ

2259 2748 2546 2803 ἐπιτείνων
2607 2750 2697 2804 τὸν
2744 2750 2947 2803 πόθον·
3009 2751 3147 2821 ὅπερ
3227 2750 3405 2823 δηλῶν
3468 2752 3496 2804 6
3571 2752 3854 2821 Ἰωάννης,

2258 2843 2491 2913 νυμφίον
2528 2844 2689 2897 αὐτὸν
2720 2844 3010 2898 ἐπεκάλειο
3040 2845 3123 2898 ὄτι
3167 2845 3513 2916 ἀκμάζοντες
3539 2846 3588 2898 οί
3647 2845 3812 2899 πόθοι
3837 2858 3851 2872 ·

2257 2935 2316 2986 ού
2351 2935 2441 2988 διὰ
2470 2935 2627 2989 τοῦτο
2659 2936 2713 2988 δὲ
2745 2936 2907 3005 μόνον
2932 2936 3185 3007 νυμφίος,
3220 2936 3357 2990 ἀλλὰ
3389 2938 3487 2989 καὶ
3531 2938 3613 2990 ὅτι
3645 2937 3857 3000 πάντας

569 3027 637 3082 Et
667 3027 1133 3100 quemadmodum
1164 3045 1367 3100 sponsa
1406 3029 1591 3084 omnia
1624 3029 1758 3084 facit
1787 3040 1847 3085 ut
1891 3030 2008 3086 viro
2040 3029 2157 3099 pla—

2264 3026 2321 3078 ἒν
2357 3027 2516 3097 σῶμα
2537 3023 2675 3081 εἶναι
2710 3027 2961 3096 βούλεται
2992 3030 3087 3083 καὶ
3120 3028 3250 3098 μίαν
3276 3028 3455 3099 ψυχὴν
3476 3030 3618 3081 κατά
3641 3029 3733 3082 τὸν
3759 3030 3860 3098 τῆς

567 3128 711 3187 ceat,
754 3121 836 3177 sic
878 3136 981 3177 nos
1025 3136 1240 3192 semper
1278 3121 1334 3176 in
1386 3121 1489 3177 hac
1518 3121 1627 3176 vita
1660 3122 1798 3177 tales
1846 3137 1969 3178 esse
2002 3122 2160 3177 debe~

568 3227 716 3281 mus,
756 3212 939 3283 qualis
978 3227 1180 3283 sponsa
1226 3213 1287 3267 in
1336 3212 1442 3267 hac
1470 3212 1581 3281 die,
1628 3228 1754 3268 cum
1816 3212 1871 3267 in
1917 3212 2159 3268 thalamo

570 3306 747 3373 sedet,
791 3306 896 3362 hoc
925 3321 1096 3360 unum
1144 3306 1400 3371 sollicita,
1450 3307 1731 3377 quomodo
1759 3308 1879 3362 viro
1918 3308 2154 3377 placeat.

568 3399 744 3470 Cujus
789 3414 1006 3470 sponsae
1066 3400 1277 3456 scilicet
1324 3400 1494 3455 David
1542 3403 1869 3457 recordatur
1916 3403 2155 3457 (licens:

574 3508 595 3542 ι
626 3490 817 3546 Astitit
850 3491 1040 3561 regina
1083 3505 1114 3545 a
1164 3491 1374 3547 dextris
1400 3492 1443 3524 ¹³
1477 3509 1495 3543 ι
1564 3502 1619 3547 et
1667 3501 1883 3547 caetera.
1939 3492 2153 3549 Vestem

570 3582 693 3652 ejus
718 3582 926 3649 vidisti,
949 3582 1105 3637 visne
1146 3598 1368 3653 quoque
1387 3582 1575 3638 videre
1600 3585 1721 3655 ejus
1752 3585 2161 3641 calceamenta?

571 3674 700 3730 llaec
732 3674 941 3730 Paulus
976 3675 1230 3729 ostendet
1260 3675 1457 3730 divinze
1491 3675 1600 3729 dux
1647 3692 1883 3746 sponsa),
1919 3677 2110 3732 dicens
2142 3695 2157 3732 :

579 3786 598 3819 ι
632 3766 698 3821 Et
735 3766 962 3823 calceati
1006 3766 1173 3837 pedes
1214 3767 1264 3819 in
1298 3767 1699 3836 praeparatione
1745 3766 2023 3839 Evangelii
2065 3784 2160 3839 pa-

570 3857 736 3915 cis“.
770 3876 790 3910 ι
855 3858 1021 3913 Visne
1069 3858 1269 3913 intueri
1313 3867 1369 3913 et
1415 3874 1608 3913 zonam
1651 3874 1758 3929 qua
1809 3861 1879 3914 sit
1930 3876 2161 3917 concors

570 3967 699 4006 cum
740 3951 1010 4007 veritate?
1064 3971 1082 4004 ι
1115 3950 1402 4008 Praecincti
1438 3952 1658 4007 lumbos
1687 3954 1751 4019 ‘5,
1786 3972 1803 4005 ι
1856 3954 2053 4025 inquit,
2104 3955 2161 4010 in

570 4044 827 4099 veritate.
863 4063 883 4096 ι
910 4042 1078 4099 Visne
1121 4055 1174 4098 et
1207 4046 1372 4115 pedes
1402 4044 1625 4101 videre?
1654 4046 1793 4100 Audi
1831 4047 2158 4116 Prophetam

570 4136 884 4208 loquentem
934 4154 949 4192 :
1003 4136 1221 4203 «Quam
1273 4138 1511 4206 speciosi
1564 4140 1727 4207 pedes
1774 4140 2161 4211 evangelizan-

570 4229 707 4285 tium
762 4245 996 4300 pacem,
1038 4231 1531 4301 evangelizanlium
1591 4232 1835 4286 bona”!
1873 4250 1891 4283 ι
1948 4233 2012 4287 Et
2060 4233 2163 4288 hoc

572 4322 707 4377 mihi
752 4324 1095 4379 mirationem
1127 4327 1371 4393 stupenti
1417 4325 1615 4379 incutit
1645 4325 1813 4394 quod,
1868 4337 2158 4397 postquam

2263 3118 2466 3188 ἀρετῆς
2513 3119 2608 3171 καὶ
2660 3116 2756 3187 τῆς
2796 3119 3017 3189 ἀγάπης
3046 3117 3233 3187 λόγον’
3264 3120 3359 3172 καὶ
3408 3118 3491 3171 ὅτι
3528 3117 3786 3189 καθάπερ
3825 3119 3859 3187 η

2263 3209 2448 3281 νύμφη
2472 3211 2651 3264 πάντα
2682 3213 2825 3263 ποιεῖ
2846 3210 2982 3281 πρὸς
3021 3211 3317 3281 ἀρέσκειαν
3351 3209 3443 3265 τοῦ
3471 3210 3685 3280 ἀνδρδς,
3717 3210 3860 3265 οῦτω

2264 3305 2358 3357 καὶ¹
2381 3306 2528 3375 ἡμᾶς
2553 3304 2641 3357 διὰ
2678 3305 2881 3368 παντὸς
2920 3305 3013 3357 τοῦ
3052 3303 3166 3374 βίου
3210 3304 3489 3367 τοιούτους
3539 3299 3683 3356 εἶναι
3728 3303 3857 3373 χρὴ,

2263 3398 2403 3467 οἶαή
2437 3395 2625 3466 νύμφη
2656 3396 2798 3448 κατὰ
2829 3396 2927 3467 τὴν
2956 3396 3170 3467 ἡμέραν
3204 3394 3421 3464 ἐκείνην
3449 3433 3463 3459 ,
3491 3394 3580 3446 οἶα
3622 3392 3721 3446 ἐπὶ
3751 3393 3858 3445 τῶν

2264 3490 2555 3543 παστάδων
2610 3489 2932 3554 καθέζεται,
2993 3489 3050 3544 ἓν
3115 3489 3440 3559 μεριμνῶσα
3499 3489 3662 3558 μόνον
3710 3487 3861 3548 ὅπως

2266 3581 2442 3651 ἀρέσῃ
2472 3581 2551 3651 τῷ
2589 3582 2844 3653 νυμφίῳο
2882 3582 3086 3651 ταύτης
3117 3581 3216 3651 τῆς
3246 3580 3468 3650 νύμφης
3501 3581 3600 3633 καὶ
3635 3581 3664 3633 6
3695 3578 3863 3630 Δαϐὶδ

2268 3672 2542 3742 μέμνηται
2562 3672 2737 3739 λέγων
2760 3689 2775 3705 ⁸
2814 3693 2832 3726 ι
2859 3673 3161 3743 Παρέστηή
3191 3671 3482 3740 βασίλισσα
3514 3671 3578 3723 ἐκ
3600 3668 3811 3734 δεξιῶν,
3837 3685 3855 3717 ι

2265 3766 2359 3817 καὶ
2389 3762 2550 3833 ὲξῆςυ
2574 3764 2682 3828 ἴδες
2703 3765 2791 3817 τὸν
2819 3766 3116 3833 ἱματισμόν
3145 3779 3157 3791 ·
3186 3764 3359 3826 θέλεις
3385 3762 3444 3816 δὲ
3473 3762 3674 3814 εἰδέναι
3696 3761 3861 3830 αὐτῆς

2264 3859 2360 3912 καὶ
2386 3858 2455 3911 τὰ
2480 3858 2847 3929 ηὑποδήματα;
2894 3856 3105 3920 Παῦλος
3138 3856 3377 3910 διδάσκει
3423 3857 3451 3908 6
3492 3854 3861 3926 νυμφαγωγὸς

2265 3952 2472 4021 λέγων’
2531 3970 2549 4003 ι
2602 3950 3031 4021 ’Υποδυσὰμενοι
3074 3950 3200 4013 τοὺς
3233 3950 3399 4012 πόδας
3450 3949 3510 4002 ὲν
3572 3946 3859 4019 ἑτοιμασίᾳ

2265 4046 2358 4099 τοῦ
2394 4045 2729 4114 Εὐαγγελίου
2755 4045 2853 4113 τῆς
2884 4044 3110 4114 εἰρήνης
3138 4057 3151 4072 ·
3193 4060 3210 4093 ι
3253 4041 3431 4103 θέλεις
3472 4040 3604 4095 ἰδεῖν
3636 4041 3735 4094 καὶ
3767 4037 3861 4108 τὴν

2266 4137 2445 4209 ζώνην
2463 4139 2579 4201 πῶς
2598 4138 2705 4190 ἀπὸ
2718 4136 2974 4207 ἀληθείας
2996 4136 3281 4204 σύγκειται
3304 4151 3317 4199 ;
3344 4153 3360 4185 ι
3393 4132 3859 4203 Περιζωσάμενοι,

2266 4233 2421 4303 φησὶ,
2456 4232 2556 4304 τὴν
2578 4232 2751 4300 ὀσφῦν
2786 4229 2945 4301 ἡμῶν
2975 4232 3031 4282 ὲν
3059 4229 3291 4300 ἀληθεία
3315 4244 3329 4258 ο
3353 4246 3370 4278 ι
3402 4227 3584 4290 θέλεις
3620 4225 3718 4279 καὶ
3742 4225 3861 4285 τοὺς

2267 4326 2433 4388 πόδας
2470 4324 2638 4385 ίδείνς
2674 4325 2876 4376 ’Λκουε
2916 4323 3013 4375 τοῦ
3046 4322 3337 4393 Προφήτου
3380 4320 3668 4387 λέγοντος*
3709 4338 3727 4370 ι
3778 4318 3861 4378 Ὠς

571 4413 677 4469 hoc
712 4414 875 4469 modo
916 4430 1037 4469 sese
1068 4430 1306 4484 sponsus
1348 4426 1622 4483 ornasset,
1660 4418 1811 4473 venit
1846 4436 1955 4473 non
2001 4435 2157 4474 suam

2270 4415 2464 4484 ὡραῖοι
2514 4415 2564 4468 οί
2597 4414 2759 4477 πόδες
2785 4415 2895 4467 τῶν
2925 4410 3439 4481 εὐαγγελιζομένων
3480 4411 3731 4480 εἰρήνην,
3756 4408 3862 4460 τῶν

568 4515 857 4561 ostentans
891 4508 1143 4577 gloriam,
1175 4523 1243 4562 ne
1275 4508 1476 4563 eximia
1507 4510 1918 4579 pulchritudine
1943 4514 2157 4583 percel-

570 4598 708 4652 leret
734 4612 992 4667 sponsam
1022 4608 1405 4669 amentemque
1436 4599 1661 4666 faceret,
1689 4601 1782 4656 sed
1815 4603 1963 4657 venit
1991 4604 2161 4658 vesti-

569 4696 756 4744 mento
820 4688 1099 4743 involutus
1163 4698 1223 4743 ut
1277 4690 1392 4760 ipsa
1446 4706 1665 4755 sponsa.
1711 4690 1845 4757 Quae
1903 4708 2026 4748 cum
2089 4693 2160 4749 sit

569 4780 858 4853 sanguinis
909 4789 963 4836 et
1021 4782 1204 4837 carnis
1245 4783 1542 4853 particeps,
1592 4799 1829 4853 sponsus
1879 4801 1989 4841 non
2038 4801 2159 4842 eam

568 4890 790 4931 sursum
822 4883 1000 4939 vocat,
1028 4876 1122 4929 sed
1157 4875 1269 4945 ipse
1301 4877 1369 4931 ad
1392 4893 1511 4931 eam
1544 4878 1847 4944 descendit,
1878 4879 1951 4933 ita
1984 4880 2158 4951 legem

566 4971 870 5027 observans
918 4973 1228 5043 sponsalem
1258 4990 1381 5043 quae
1423 4975 1541 5028 vult
1583 4989 1848 5043 sponsum
1884 4976 1951 5030 ad
1996 4991 2163 5046 spon-

568 5078 685 5117 sam
724 5064 823 5119 ire.
856 5063 1011 5131 Quod
1060 5066 1300 5121 ostendit
1342 5067 1567 5132 Paulus,
1610 5067 1799 5122 dicens
1830 5086 1842 5121 :
1880 5086 1898 5118 ι
1931 5066 2161 5138 Propter

575 5151 680 5207 hoc
722 5153 999 5225 relinquet
1042 5155 1208 5231 homo
1252 5164 1460 5226 patrem
1510 5165 1565 5211 et
1600 5166 1828 5210 matrem
1882 5173 2063 5220 suam,
2107 5167 2162 5214 et

571 5247 872 5304 adhaerebit
902 5249 1085 5304 uxori.
1136 5249 1557 5305 Sacramentum
1594 5251 1697 5305 hoc
1744 5265 2002 5321 magnum
2051 5261 2156 5318 est,

568 5355 672 5410 ego
701 5350 884 5397 autem
916 5340 1043 5398 dico
1070 5343 1124 5397 in
1155 5342 1377 5397 Christo
1409 5352 1462 5397 et
1490 5344 1540 5398 in
1573 5341 1817 5398 Ecclesia
1845 5345 1909 5397 ”.
1946 5363 1962 5395 ι
1995 5343 2154 5401 Post-

568 5448 733 5503 quam
765 5434 931 5504 igitur
964 5434 1288 5491 accessisset
1322 5435 1389 5489 ad
1407 5450 1623 5506 sponsa:
1653 5435 1973 5503 stationem,
2001 5452 2155 5492 eam-

644 5553 687 5583 “
711 5553 856 5609 Psal.
887 5569 941 5622 v,
971 5554 1022 5609 1.

576 5618 665 5678 Η.
742 5618 969 5680 “Rom.
1004 5642 1058 5694 χ,
1092 5625 1180 5680 15.
1259 5628 1300 5659 ¹⁷
1328 5625 1529 5696 Ephes.
1561 5643 1613 5685 ν.
1648 5622 1737 5683 51.

1103 5553 1211 5610 “11
1235 5554 1363 5613 Cur.
1400 5570 1477 5619 ιιι,
1507 5554 1565 5609 2.
1646 5551 1869 5624 ‘A'Joan.
1905 5570 1987 5624 ιιι,
2017 5557 2109 5613 29.
2186 5556 2228 5587 ⁸³
2253 5554 2400 5613 Psal.
2460 5571 2601 5618 κων,
2650 5554 2730 5609 10.

2264 4504 2774 4574 εὐαγγελιζομένων
2796 4504 2864 4557 τὰ
2897 4502 3080 4571 ἀγαθά
3105 4519 3121 4534 ο
3153 4522 3171 4554 ι
3221 4503 3315 4556 καὶ
3342 4502 3402 4555 τὸ
3432 4502 3497 4571 δὴ
3548 4500 3862 4570 θαυμαστὸν

2264 4599 2358 4653 καὶ
2392 4597 2713 4667 ἐκπλήξεως
2757 4597 2928 4665 γέμον
2956 4597 3037 4648 ὅτι
3068 4596 3165 4648 καὶ⁵
3204 4595 3495 4665 κοσμήσας
3522 4592 3715 4645 τοῦτον
3773 4590 3862 4643 τὸν

2259 4692 2461 4762 τρόπον
2503 4687 2692 4762 ἦλθεν,
2742 4690 2863 4759 οὐχὶ
2916 4689 3016 4759 τὴν
3069 4689 3226 4754 δόξαν
3255 4684 3705 4754 ἐπιδεικνύμενος
3765 4681 3861 4751 τὴν

2261 4784 2480 4849 ἑαυτοῦ,
2506 4785 2593 4840 ἵνα
2621 4785 2695 4856 μὴ
2719 4780 2995 4854 ὑπερϐολὴ
3026 4781 3122 4834 τοῦ
3147 4779 3381 4842 κάλλους
3408 4775 3659 4846 ἐκπλήξῃ
3691 4772 3859 4843 αὐτὴν

2259 4880 2354 4933 καὶ
2384 4878 2715 4949 παράφρονα
2745 4876 3072 4947 ἐργάσηται,
3116 4872 3231 4927 ἀλλ’
3265 4872 3486 4943 ἔρχεται
3521 4869 3740 4939 ἱμάτιον
3764 4882 3860 4917 πε-

2262 4970 2657 5043 ριϐεϐλημένος
2686 4963 2798 5020 οἷον
2830 4969 2863 5037 ή
2882 4969 3071 5038 νύμφη
3099 4981 3113 4996 ·
3152 4964 3465 5035 μετέσχηκε
3484 4961 3594 5031 γὰρ
3629 4958 3862 5022 αἵματος

2259 5063 2355 5116 καὶ
2386 5061 2590 5135 σαρκὸς
2619 5057 3024 5131 παραπλησίως
3042 5056 3179 5127 αὐτῇ
3205 5070 3220 5086 ⁸
3254 5054 3349 5107 καὶ
3372 5053 3472 5106 οὐκ
3501 5047 3664 5110 αὐτὸς
3692 5044 3861 5113 αὐτὴν

2260 5156 2372 5209 ἅνω
2423 5155 2612 5216 καλεῖ,
2661 5153 2777 5206 ἀλλ’
2826 5152 2988 5214 αὐτὸς
3057 5149 3195 5221 πρὸς
3245 5145 3417 5215 αὐτὴν
3470 5138 3855 5210 παραγίνεται,

2265 5249 2448 5320 τηρῶν
2484 5245 2767 5301 κάνταῦθα
2804 5245 2896 5297 τὸν
2929 5242 3025 5296 τοῦ
3060 5240 3295 5312 νυμφίου
3343 5237 3541 5306 νόμον,
3587 5232 3648 5295 ὃς
3705 5230 3856 5283 αὐτόν

2268 5340 2390 5408 ἄγει
2430 5339 2566 5408 πρὸς
2606 5337 2706 5408 τὴν
2729 5334 2947 5406 νύμφην
2969 5351 2984 5364 ο
3018 5334 3158 5403 ὅπερ
3202 5332 3297 5383 καὶ
3330 5329 3359 5380 6
3394 5325 3605 5388 Παῦλος
3638 5324 3821 5391 ἔλεγεν
3846 5336 3857 5350 ·

2272 5452 2291 5485 ι
2329 5434 2474 5486 Ἀντ“ι
2499 5431 2689 5485 τούτου
2714 5428 3032 5497 καταλείψει
3051 5425 3340 5494 ἅνθρωπος
3354 5421 3446 5474 τὸν
3468 5417 3679 5489 πατέρα
3697 5411 3859 5469 αὑτοῦ

2818 5550 3085 5621 “Ephcs.
3156 5562 3231 5612 γι,
3278 5543 3363 5600 15.
3445 5540 3486 5573 ¹⁸
3542 5540 3647 5594 isa.
3688 5551 3863 5600 xxxii,

2095 5714 2330 5769 NOTAE.

646 5810 758 5877 (89.)
792 5810 918 5866 llmc
944 5812 1178 5883 quaestio
1214 5813 1365 5867 deest
1394 5811 1449 5866 in
1484 5810 1645 5866 codd.
1674 5810 1904 5866 Coislin.
1926 5819 1978 5865 et
2015 5809 2357 5865 Taurincnsi.
