4136 6490
428 352 557 417 H21

1104 358 1206 419 AD
1236 356 1830 419 AMPHILOCHIUM
1871 355 2217 428 QU/‘ESTIO
2254 354 3117 418 CCLXXXVII-CCLXXXIX.

3560 348 3695 413 1192

423 469 521 520 καὶ
545 463 645 537 τήν
681 463 895 535 μητέρα
928 464 1024 519 καὶ
1055 467 1595 538 προσκολληθήσεται
1631 465 1767 537 πρὸς
1790 465 1889 537 τὴν
1912 482 2014 534 γυ-
2044 516 2047 525 ,

2129 480 2224 536 μισ
2268 466 2590 531 invenisset,
2639 466 2939 529 sordidam,
2983 461 3351 535 squalentem,
3388 461 3593 517 nudam
3635 472 3692 516 et

422 560 588 610 ναῖκα
619 556 783 609 αὑτοῦ
812 571 828 585 ’
857 557 917 609 τὸ
976 560 1278 628 μυστήριον
1314 557 1475 611 τοῦτο
1511 557 1652 626 μέγα
1680 557 1830 610 ἐστίν
1853 574 1867 587 ο
1902 556 2013 623 ἐγὼ

424 651 484 703 δὲ
524 649 666 717 λέγω
692 651 771 713 είς
824 651 1058 720 Χριστὸν
1094 652 1189 705 καὶ
1222 651 1318 721 τὴν
1355 651 1685 722 Ἐκκλησίαν
1714 666 1727 680 ο
1775 669 1794 701 ›
1843 648 2015 702 ὲλθὼν

422 744 603 795 τοίνυν
652 744 732 807 είς
783 744 844 796 τὸ
881 742 1225 813 καταγώγιον
1271 742 1462 813 αὐτῆς,
1511 744 1606 796 καὶ
1639 740 1815 813 εὑρὼν
1842 740 2012 809 αὐτὴν

428 836 689 904 ρυπῶσαν
712 877 729 901 ,
785 836 1107 906 αὐχμῶσαν,
1135 838 1373 907 γυμνὴν,
1407 835 1763 905 πεφυρμένην
1794 832 2009 903 αἵματι,

425 927 664 989 ἔλουσεν,
739 927 983 996 ἤλειψεν,
1020 926 1273 997 ἔθρεψεν,
1319 927 1567 980 ἐνέδυσεν
1620 926 1859 995 ἱμάτιον,
1897 919 2012 976 οἷον

426 1018 719 1086 εὑρεθῇναι
749 1018 935 1088 ἕτερον
964 1018 1063 1070 οὐκ
1091 1019 1192 1083 ἔνι,
1228 1019 1390 1081 αὐτὸς
1420 1018 1559 1089 αὐτῇ
1594 1018 1887 1087 γενόμενος
1920 1032 2016 1068 πε·

433 1108 616 1178 ριϐολή
643 1125 657 1138 ο
688 1112 782 1162 καὶ
807 1110 989 1163 λαϐὼν
1019 1110 1189 1182 αὐτὴν
1211 1110 1385 1173 οὕτως
1418 1109 1612 1176 ἀνάγει
1642 1109 1720 1172 εἰς
1738 1108 1833 1161 τὸν
1858 1108 2023 1177 οὐρα-

432 1202 520 1253 νόν
552 1220 565 1231 ·
596 1201 800 1271 ταύτης
835 1204 1139 1272 συνήγορός
1184 1204 1333 1254 ἐστιν
1362 1204 1390 1255 ὁ
1427 1201 1713 1271 προφήτης
1738 1215 1751 1228 ·
1785 1200 1881 1253 καὶ
1909 1199 2019 1270 γὰρ

431 1291 600 1345 πολλὰ
631 1294 724 1345 καὶ
767 1294 894 1364 περὶ
927 1292 1020 1346 τοῦ
1047 1292 1283 1361 νυμφίου
1308 1294 1402 1345 καὶ
1431 1291 1562 1362 περὶ
1590 1291 1689 1360 τῆς
1717 1307 2019 1360 νυμφαγω-

2117 557 2383 626 sanguine
2418 557 2781 625 inquinatam,
2826 554 2978 621 lavit,
3015 554 3194 618 unxit,
3243 553 3493 615 nutrivit,
3528 554 3695 607 vesti-

2120 658 2416 717 mentoque
2451 647 2585 701 texit
2622 647 2714 700 tali
2741 646 2903 716 quale
2934 661 3093 700 nemo
3140 645 3288 699 aliud
3321 644 3502 699 simile
3546 660 3699 713 repe-

2119 738 2366 805 rivisset;
2409 738 2525 809 ipse
2571 739 2717 792 enim
2761 738 2862 792 fuit
2899 738 3131 792 amictus
3189 737 3288 801 illi,
3320 746 3375 791 et
3404 745 3695 807 postquam

2118 847 2239 888 eam
2276 833 2628 903 sumpsisset,
2655 833 2723 888 ad
2752 835 2951 888 coelum
2987 835 3198 888 eduxit.
3229 832 3437 899 Quibus
3464 833 3698 889 assenti-

2121 935 2209 979 tur
2236 927 2523 995 propheta,
2565 927 2657 996 qui
2691 926 2860 980 multa
2892 925 2957 980 de
2987 942 3212 996 sponso,
3248 928 3424 996 deque
3464 926 3698 995 nuptiis,

2117 1018 2295 1087 deque
2340 1017 2501 1073 bonis
2549 1018 2804 1073 omnibus
2838 1034 2960 1088 quae
2995 1034 3210 1088 sponsae
3240 1027 3466 1073 ventura
3511 1028 3701 1074 essent

2118 1109 2369 1178 prtedixit
2415 1119 2471 1164 et
2515 1111 2894 1180 proclamavit.
2946 1107 3311 1174 Quamobrem
3356 1109 3424 1163 de
3472 1109 3567 1162 illa
3618 1107 3702 1162 sic

2116 1199 2365 1269 loquitur
2397 1217 2413 1256 :
2441 1200 2580 1267 Quid
2615 1200 2790 1269 poscit
2825 1199 3036 1255 hmrcs?
3065 1199 3365 1255 Audiamus
3390 1198 3702 1269 responsio-

2119 1307 2243 1345 nem
2276 1310 2289 1345 :
2322 1310 2341 1344 (
2380 1291 2556 1347 Verba
2591 1307 2712 1346 mea
2748 1292 2976 1345 auribus
3006 1291 3244 1360 percipe,
3276 1289 3503 1345 Domine
3526 1288 3626 1343 η.»

428 1388 552 1453 γίας
587 1388 681 1439 καὶ
711 1388 838 1455 περὶ
865 1387 971 1440 τῶν
992 1385 1217 1454 ἀγαθῶν
1266 1384 1377 1439 τῶν
1435 1382 1831 1453 διαδεξομένων
1876 1380 2046 1452 αὐτὴν
2121 1387 2351 1453 προεῖπε
2400 1386 2495 1439 καὶ
2542 1383 3002 1457 προανεφώνησε·
3058 1383 3147 1436 διὰ
3192 1384 3255 1453 δὴ
3289 1382 3447 1436 τοῦτο
3477 1381 3571 1435 καὶ
3614 1381 3703 1432 ὲν-

428 1480 602 1532 ταῧθα
635 1480 775 1550 ὑπὲρ
808 1481 976 1549 αὐτῆς
1010 1481 1248 1531 ποιεῖται
1288 1477 1381 1532 τὸν
1409 1476 1567 1545 λόγον
1588 1491 1601 1507 ·
1651 1475 1746 1528 καὶ
1776 1473 1830 1528 τί
1876 1476 2021 1529 αἰτεῖ
2054 1476 2089 1547 ἡ
2122 1476 2571 1548 κληρονομοῦσα;
2602 1476 2954 1546 Ἀκούσωμεν
3007 1476 3060 1528 τί
3106 1492 3239 1545 φησι
3264 1492 3278 1506 ο
3313 1493 3331 1526 ι
3370 1474 3450 1528 Τὰ
3482 1473 3705 1545 ῥήματά

433 1588 534 1641 μου
569 1570 843 1637 ὲνώτισαι,
870 1573 1063 1641 Κύριε.
1104 1589 1123 1622 ι

925 1665 1264 1719 ΕΡΩἹῊΣΙΣ
1307 1664 1483 1716 ΣΠΗ¹.

328 1882 333 1889 ,
439 1819 663 1889 (Κύριε,
678 1818 761 1890 μὴ
786 1818 866 1887 τῷ
889 1818 1052 1887 θυμῷ
1073 1836 1189 1890 σοι)
1207 1817 1459 1886 ἐλέγξῃς
1480 1836 1576 1886 με,
1589 1816 1745 1887 μηδὲ
1766 1816 1843 1887 τῇ
1873 1817 2021 1888 ὀργῇ

889 1906 1005 1943 σου
1038 1888 1372 1956 παιδεύσῃς
1409 1905 1505 1954 με.
1535 1907 1553 1939 ι

2053 1672 2098 1728 Β
2196 1657 2526 1728 QUESTIO
2576 1654 3207 1728 CCLXXXYlll[Coisl.
3246 1652 3423 1719 CCCI,
3461 1651 3624 1707 Taur.

2801 1727 3027 1799 CCXCL

2132 1815 2389 1871 «Domine
2434 1833 2497 1870 ne
2536 1817 2592 1871 in
2630 1817 2810 1885 furore
2838 1825 3165 1897 tno_arguas
3202 1830 3305 1881 me,
3336 1830 3498 1886 neque
3527 1814 3583 1869 in
3623 1815 3705 1869 ira

2625 1899 2719 1941 tua
2759 1903 3019 1957 corripias
3050 1902 3149 1941 me.
3187 1904 3206 1937 ι

1130 2004 1275 2054 Edita
1300 2019 1327 2054 a
1354 2003 1479 2055 Maio
1504 2006 1561 2070 (1.
1585 2019 1628 2055 c.
1652 2020 1703 2069 p.
1738 2005 1844 2063 145,
1873 2005 1983 2065 146,
2007 2017 2047 2068 (ι⁴

2129 2000 2213 2066 l8).
2240 2031 2302 2041 —
2323 2002 2468 2053 Psal:
2486 2017 2555 2064 vr,
2581 2003 2628 2061 1,
2651 2005 2682 2053 2
2712 2017 2725 2064 ;
2752 2016 2954 2063 xxxvm,
2982 2003 3027 2053 1.

509 2091 677 2145 Ὅταν
706 2089 946 2163 ἀκούσῃς
981 2090 1153 2160 θυμὸν
1186 2090 1279 2144 καὶ
1310 2090 1484 2162 ὀργὴν
1517 2092 1602 2143 ἐπὶ
1637 2091 1794 2157 Θεοῦ,
1850 2091 2019 2163 μηδὲν

433 2184 772 2255 ἀνθρώπινον
790 2183 1137 2253 ὑποπτεύσῃς
1160 2198 1174 2211 ·
1197 2180 1657 2249 συγκαταϐάσεως
1675 2182 1785 2250 γάρ
1807 2183 1923 2235 ἐστι
1951 2180 2021 2235 τά

436 2273 659 2344 ῥήματα
683 2287 697 2302 ·
728 2270 826 2324 καὶ
850 2270 957 2341 γὰρ
986 2272 1047 2323 τὸ
1065 2270 1220 2322 Θεῖον
1260 2270 1518 2323 ἁπάντων
1540 2270 1887 2336 ἀπήλλακται
1910 2273 2022 2327 τῶν

435 2363 621 2416 παθῶν
649 2378 665 2392 °
695 2362 1002 2430 διαλέγεται
1052 2362 1110 2415 δὲ
1144 2362 1315 2425 οὕτως
1358 2360 1499 2415 ὥστε
1531 2363 1883 2432 καθάψασθαι
1919 2365 2018 2434 τῆς

434 2455 541 2508 τῶν
598 2455 924 2524 παχυτέρων
978 2453 1256 2517 διανοίας·
1317 2455 1443 2506 ἐπεὶ
1508 2454 1604 2507 καὶ
1644 2456 1831 2525 ἡμεῖς,
1892 2456 2023 2509 ὅταν

438 2546 735 2617 βαρϐάροις
818 2544 1238 2615 διαλεγώμεθα,
1302 2546 1370 2615 τῇ
1442 2545 1667 2598 ἐκείνων
1762 2546 2025 2620 χρώμεθα

436 2637 693 2709 γλώσσῃο
749 2637 853 2690 κᾶν
907 2636 1045 2707 πρὸς
1106 2636 1319 2689 παιδίον
1342 2636 1732 2707 φθεγγώμεθα,
1778 2639 2025 2709 συμψελ-

438 2729 680 2799 λίζομεν,
702 2728 803 2781 κᾶν
836 2728 1101 2799 μυριάκις
1124 2720 1277 2796 ὦμεν
1312 2728 1486 2797 σοφοίο
1516 2730 1691 2793 ἄλλως
1720 2748 1781 2783 τε
1827 2731 1884 2784 δὲ
1929 2732 2025 2785 καὶ

437 2822 664 2891 ὁθυμδς
712 2821 807 2874 καὶ
868 2821 901 2890 η
958 2820 1096 2892 όργὴ
1150 2821 1253 2874 οὐκ
1306 2819 1366 2884 ἐξ
1423 2820 1671 2891 ἀνάγκης
1707 2822 1879 2885 πάθος
1913 2823 2024 2874 τῶν

440 2912 892 2982 προϐαλλομένων
952 2912 1091 2966 αὐτὰ
1126 2912 1492 2966 ἐνδείκνυται-⁸
1532 2915 1590 2966 ὲν
1648 2914 1771 2966 δυσὶ
1817 2914 1929 2984 γὰρ
1961 2914 2025 2967 τὸ

440 3004 509 3060 δι’
559 3005 740 3059 αὐτῶν
792 3006 1145 3076 ἐγγινόμενον
1178 3006 1351 3069 πάθος
1392 3006 1730 3073 συνίσταται,
1768 3007 1826 3060 ἐν
1858 3023 1919 3058 τε
1948 3006 2028 3077 τῷ

445 3096 776 3167 βαλλομένῳ,
824 3096 920 3150 καὶ
969 3097 1026 3150 ὲν
1067 3090 1148 3160 οἷς
1185 3096 1359 3151 ταῦτα
1412 3099 1721 3167 πλήττοντα
1768 3097 2026 3169 ἀλγεινὴν

442 3188 683 3241 διάθεσιν
760 3186 1181 3260 ἀπεργάζεταιο
1238 3191 1266 3243 ὃ
1320 3206 1379 3242 τε
1425 3190 1532 3260 γὰρ
1596 3191 1937 3261 θυμούμενος
1992 3193 2026 3264 ἢ

443 3279 794 3351 ὀργιζόμενος
823 3278 1122 3333 διατίθεται
1158 3298 1276 3344 πως
1311 3280 1453 3334 κατά
1480 3279 1651 3334 ταῦτα
1680 3296 1695 3310 ⁸
1730 3283 1823 3335 καὶ
1854 3284 1883 3336 ό
1936 3283 2030 3336 τὸν

2205 2086 2472 2143 Furorem
2522 2098 2579 2143 et.
2611 2089 2750 2142 iram
2778 2087 2873 2143 Dei
2921 2087 3172 2153 audiens,
3221 2085 3358 2141 nihil
3402 2087 3706 2141 humanum

2124 2179 2393 2249 suspicari
2424 2179 2611 2234 debes.
2659 2176 2786 2233 Hac
2827 2179 2974 2234 enim
3019 2188 3245 2234 suntex
3275 2186 3437 2249 pacto
3482 2185 3538 2234 et
3569 2192 3707 2235 con-

2124 2280 2290 2327 ventu
2319 2272 2506 2337 verba,
2533 2285 2658 2324 enm
2694 2271 2768 2324 sit
2799 2269 3037 2325 alienum
3076 2284 3106 2324 a
3140 2269 3355 2327 cunctis
3381 2269 3552 2325 animi
3588 2284 3709 2324 mo-

2125 2365 2274 2418 tibus
2310 2362 2548 2418 Numen.
2580 2362 2672 2418 Sic
2719 2372 2901 2418 autem
2938 2362 3158 2418 locutus
3204 2369 3292 2419 est
3318 2362 3484 2429 Deus,
3532 2371 3592 2417 ut
3620 2362 3707 2415 vel

2125 2454 2298 2509 crassi
2352 2455 2603 2509 homines
2649 2453 3065 2523 intelligerent:
3112 2455 3333 2525 quando
3380 2455 3526 2511 enim
3578 2462 3707 2510 cum

2125 2545 2377 2599 barbaris
2412 2545 2780 2615 colloquimur
2824 2560 3016 2601 eorum
3057 2545 3244 2616 lingua
3290 2546 3514 2613 utimur,
3550 2560 3617 2601 ac
3660 2546 3710 2600 si

2127 2651 2313 2691 coram
2357 2636 2545 2704 pueris
2589 2638 2756 2691 verba
2788 2636 3045 2702 facimus,
3079 2637 3440 2704 balbutimur,
3483 2638 3587 2693 etsi
3613 2637 3710 2693 de-

2127 2728 2241 2781 cies
2277 2726 2480 2781 millies
2532 2728 2692 2796 periti
2737 2742 3007 2782 essemus.
3057 2726 3328 2782 Caeterum
3372 2727 3615 2783 furorem
3657 2738 3713 2781 ct

2128 2818 2266 2873 iram
2307 2820 2402 2889 qui
2432 2835 2542 2888 prae
2584 2835 2644 2873 se
2680 2820 2865 2875 ferunt
2910 2834 3023 2874 non
3050 2819 3255 2874 ideirco
3289 2835 3354 2875 ex
3386 2819 3714 2875 necessitate

2128 2910 2415 2965 declarant
2449 2911 2768 2966 interiorem
2804 2911 2973 2965 animi
3025 2920 3258 2965 motum.
3295 2910 3478 2966 Animi
3528 2919 3713 2966 motus

2130 3017 2161 3058 e
2187 3003 2407 3058 duobus
2438 3013 2657 3059 antistat
2690 3022 2703 3057 :
2736 3005 2890 3073 prius
2935 3013 3019 3058 est
3049 3004 3195 3073 quod
3227 3003 3498 3073 percellit,
3530 3012 3715 3072 postc-

2131 3094 2250 3150 rius
2280 3105 2463 3150 autem
2496 3095 2643 3165 quod
2686 3096 2775 3149 illa
2819 3095 3045 3150 molesta
3071 3094 3419 3165 perculsione
3446 3095 3719 3165 contingi-

2132 3195 2242 3242 tur.
2292 3187 2453 3240 Aliud
2483 3187 2687 3256 patitur
2716 3185 2809 3255 qui
2860 3185 3139 3249 irascitur,
3169 3184 3317 3240 aliud
3357 3185 3452 3255 qui
3499 3185 3594 3241 ira:
3619 3187 3721 3239 ob-

2132 3278 2334 3332 noxius
2354 3286 2457 3343 est,
2485 3277 2738 3346 quamvis
2761 3277 2980 3346 utrique
3006 3277 3190 3332 inesse
3209 3276 3419 3348 aliquid
3444 3276 3720 3346 passionis

445 3370 617 3441 θυμὸν
643 3370 736 3423 καὶ
752 3370 848 3441 τὴν
862 3370 1031 3441 ὀργὴν
1063 3372 1441 3443 ἐκδεξάμενος,
1473 3372 1724 3437 κάκεῖνος
1751 3375 2034 3439 πεπονθὼς

2142 3368 2409 3423 videatur.
2450 3367 2556 3423 Sed
2600 3378 2661 3423 ut
2703 3368 3000 3423 identidem
3053 3368 3301 3424 invenias
3338 3369 3487 3425 hunc
3536 3368 3717 3423 solum

445 3459 658 3530 διετέθη
685 3463 830 3513 κατὰ
856 3462 955 3531 τὴν
979 3462 1216 3530 πάθησιν
1246 3479 1260 3493 ο
1286 3464 1343 3516 ὲν
1366 3462 1699 3534 ἀμφοτέροις
1726 3464 1825 3535 μὲν
1849 3463 1939 3517 οὖν
1970 3466 2030 3518 τὸ

446 3546 619 3611 πάθος
668 3550 893 3617 ὁρᾶται*
951 3549 1067 3602 ἀλλ’
1103 3550 1291 3622 ὥσπερ
1324 3550 1470 3605 ἔστιν
1497 3551 1627 3606 ἰδεῖν
1665 3554 1835 3607 ἐνίοτε
1870 3555 2031 3625 μόνον

444 3638 535 3691 τὸν
617 3638 1055 3709 προϐαλλόμενον
1113 3641 1205 3693 τὸν
1272 3641 1443 3713 θυμὸν
1515 3644 1610 3697 καὶ
1685 3642 1786 3714 τὴν
1862 3644 2033 3717 ὀργὴν

446 3729 743 3798 πάσχοντα,
797 3732 935 3802 πρὸς
991 3732 1051 3785 ὃν
1106 3733 1371 3788 δὲταῦτα
1430 3735 1673 3805 ἀφίεται,
1709 3737 1892 3806 ἀπαθῆ
1938 3738 2034 3790 καὶ

445 3818 802 3875 ἀναλλοίωτον
828 3861 843 3886 ,
876 3822 1006 3886 ἴσως
1040 3825 1331 3896 φιλοσοφίᾳ
1364 3827 1464 3898 τήν
1494 3826 1674 3898 ψυχὴν
1696 3826 2031 3893 τονώσαντα,

446 3910 542 3963 καὶ
569 3911 804 3982 κρείττω
834 3912 935 3982 τῆς
963 3913 1135 3984 ὀργῆς
1160 3915 1268 3967 τῶν
1300 3914 1658 3985 θυμουμένων
1684 3918 1778 3970 καὶ
1808 3918 2030 3989 ὀργιζο-

449 4002 626 4073 μένων
656 4004 947 4074 γενόμενον
970 4022 985 4036 ο
1030 4005 1147 4059 ἀλλ’
1176 4007 1327 4077 ὅμως
1366 4007 1469 4061 κᾶν
1501 4009 1562 4061 ὲν
1591 4008 1808 4079 θατέρῳ
1834 4010 1894 4062 τὸ
1919 4010 2030 4062 πά-

447 4093 539 4157 θος
563 4096 756 4165 όρᾶται
779 4111 793 4125 ·
824 4094 976 4149 οὐδὲν
996 4091 1157 4167 ἦττον
1184 4097 1357 4168 θυμὸς
1397 4100 1425 4152 ό
1454 4099 1625 4168 θυμὸς
1666 4100 1759 4153 καὶ
1802 4102 1835 4171 ἡ
1892 4101 2032 4171 ὀργὴ

445 4181 665 4252 λέγεται
694 4200 709 4216 ⁶
746 4183 889 4239 οὕτω
921 4185 1025 4239 κᾶν
1056 4187 1217 4257 μόνος
1245 4190 1273 4241 ό
1296 4189 1388 4242 τὸν
1421 4188 1592 4259 θυμὸν
1625 4189 1722 4243 καὶ⁵
1744 4190 1844 4261 τὴν
1865 4189 2034 4261 ὀργὴν

444 4273 795 4345 ἐκδεχόμενος
825 4278 967 4331 κατά
998 4277 1061 4331 τὺ
1087 4279 1257 4344 πάθος
1301 4280 1597 4353 διατεθείη,
1636 4280 1732 4334 τοῦ
1790 4281 2034 4353 προϐαλ-

445 4366 676 4437 λομένου
727 4367 901 4422 ταῦτα
934 4371 1101 4441 μηδὲν
1129 4371 1269 4437 ὅλως
1295 4373 1679 4438 ἀλλοιωθέντος
1718 4372 1753 4444 ἢ
1788 4374 1933 4429 κατά
1979 4392 2034 4428 τι

445 4459 617 4523 πάθος
631 4460 990 4526 διατεθέντος,
1021 4464 1176 4520 οὐδὲν
1211 4464 1433 4520 ἔλαττον
1456 4466 1656 4531 ταῦτα,
1681 4466 1798 4520 ἀλλ’
1831 4466 2034 4537 ὁμοίως

447 4549 618 4620 θυμὸς
645 4554 739 4604 καὶ
786 4553 924 4625 ὀργὴ
965 4555 1136 4619 πάθος
1188 4557 1284 4611 καὶ
1338 4557 1500 4625 ἄλγος
1555 4557 1633 4628 τῷ
1685 4556 2035 4627 ὲκδεξαμένῳ

445 4643 881 4715 ἐμπεποιηκότα,
914 4648 1192 4719 ἀκολούθῳ
1222 4649 1367 4721 λόγῳ
1393 4650 1597 4704 καλοῖτ’
1614 4649 1700 4705 ἄν·
1732 4652 1824 4704 xa‘t
1860 4650 2035 4721 ἰατροὶ

2140 3463 2573 3514 stomachantem
2619 3462 2977 3525 commoveri,
3026 3460 3181 3514 illum
3214 3469 3398 3516 autem
3441 3466 3530 3515 cui
3569 3462 3722 3531 privr

2138 3550 2383 3606 oll‘ensus
2422 3560 2507 3606 est
2537 3550 2686 3607 nullo
2723 3559 2875 3605 motu
2907 3550 3198 3614 concitari,
3234 3550 3383 3620 quod
3430 3549 3571 3605 forte
3601 3551 3723 3603 ani-

2139 3657 2290 3696 mum
2338 3642 2678 3712 philosophia
2729 3642 2953 3709 fultum,
3006 3657 3118 3711 pra:
3172 3640 3471 3711 impetibus
3516 3641 3611 3695 ira:
3658 3656 3725 3695 ac

2142 3732 2345 3789 furoris
2391 3733 2708 3802 sustulerit;
2763 3749 2829 3790 ac
2870 3742 3053 3789 tamen
3086 3734 3308 3804 utrique
3356 3733 3563 3804 aliquid
3597 3748 3726 3803 pas~

2141 3823 2311 3878 sionis
2354 3839 2478 3880 esse
2517 3823 2789 3889 videatur,
2823 3824 2969 3895 quod
3026 3824 3177 3878 nullo
3220 3823 3539 3879 discrimine
3582 3823 3724 3878 iram

2140 3929 2424 3969 vocamus.
2466 3914 2624 3970 Haud
2670 3914 2849 3980 aliter,
2883 3914 3095 3970 etiamsi
3136 3930 3299 3984 quem
3348 3914 3442 3969 irae
3486 3914 3726 3985 impetus

2142 4007 2418 4062 lacessivit
2463 4006 2512 4062 is
2561 4022 2705 4062 unus
2736 4016 3192 4077 permoveretur;
3228 4008 3321 4077 qui
3367 4013 3550 4061 autem
3585 4005 3725 4060 iram

2142 4097 2438 4152 concitavit
2466 4113 2623 4169 aequo
2649 4099 2813 4168 plane
2847 4099 3034 4153 animo
3066 4108 3233 4161 esset,
3269 4098 3533 4167 nulloque
3571 4107 3725 4153 motu

2141 4188 2391 4253 affectus,
2438 4188 2800 4245 nihilosecius
2846 4205 2971 4259 quae
3004 4190 3216 4245 offenso
3243 4190 3725 4247 conturbationem

2141 4284 2197 4330 et
2225 4275 2469 4330 dolorem
2503 4276 2829 4342 attulerunt,
2861 4278 3073 4349 vulgari
3106 4293 3381 4345 sermone,
3421 4279 3499 4333 ira
3532 4288 3589 4334 et
3613 4291 3728 4334 sto-

2142 4368 2373 4422 machus
2402 4368 2829 4438 appellarentur.
2878 4369 3073 4425 Medici
3108 4385 3330 4441 quoque
3358 4370 3577 4441 quoties
3623 4370 3727 4425 ali-

2141 4460 2276 4529 quid
2303 4461 2389 4515 vel
2424 4470 2698 4526 resecant,
2728 4462 2816 4517 vel
2842 4472 3104 4527 exurunt,
3143 4465 3237 4517 irae
3276 4477 3384 4518 non
3420 4462 3726 4533 indulgent,

2142 4571 2254 4611 non
2300 4555 2425 4611 irati
2462 4566 2593 4611 sunt
2622 4556 2890 4612 adversus
2917 4565 3268 4627 aegrotantes,
3302 4556 3397 4611 sed
3428 4556 3725 4611 commise-

2142 4646 2356 4701 ratione
2394 4645 2574 4702 all‘eeti
2600 4655 2653 4701 ct
2682 4662 2781 4703 eos
2810 4648 3007 4702 morbo
3036 4647 3272 4702 liberare
3305 4646 3572 4717 cupiunt;
3599 4661 3726 4702 cum

444 4735 501 4787 δὲ
540 4736 831 4807 τέμνοντες
872 4742 967 4792 καὶ
1020 4741 1270 4807 καίοντες
1302 4743 1364 4795 οὐ
1388 4742 1544 4813 θυμῴ
1575 4742 1732 4795 τοῦτο
1764 4742 2032 4806 ποιοῦσιν,

2143 4740 2313 4809 igitur
2352 4739 2491 4794 dicis
2524 4757 2538 4793 :
2577 4758 2597 4791 ‹
2627 4736 2706 4795 Ne
2744 4739 2798 4793 in
2839 4738 3029 4795 furore
3074 4749 3168 4793 tuo
3213 4754 3414 4808 arguas
3461 4754 3569 4803 me,
3607 4756 3626 4790 ι
3671 4738 3725 4793 id

444 4826 579 4881 ἀλλὰ
618 4830 807 4899 σκοπῷ
840 4833 939 4901 τῆς
984 4832 1349 4904 διορθώσεως,
1384 4835 1484 4887 οὐκ
1531 4833 1878 4904 ὀργιζόμενοι
1920 4836 2033 4893 τοῖς

446 4919 768 4990 κάμνουσιν,
793 4922 908 4974 ἀλλ’
937 4923 1217 4988 ἐλεοῦντες
1246 4927 1445 4989 αὐτοὺς
1463 4926 1557 4979 καὶ
1580 4926 1689 4979 τῶν
1714 4925 2037 4995 νοσημάτων

2143 4842 2260 4897 est;
2295 4832 2404 4887 noli
2433 4847 2628 4907 pcenas
2658 4849 2688 4886 a
2716 4848 2803 4887 me
2831 4834 3071 4905 exigere,
3101 4842 3153 4887 et
3185 4840 3531 4902 peccatorum
3570 4846 3725 4886 meo-

2144 4939 2267 4978 rum
2298 4924 2590 4979 vindictam
2622 4940 2886 4994 quaerere.

444 5018 874 5084 ἁπαλλάττοντες
907 5036 923 5051 ο
957 5022 1085 5074 ὅταν
1110 5020 1203 5074 οὖν
1230 5022 1376 5093 εἴπῃ·
1431 5041 1449 5074 ι
1510 5021 1601 5092 Μὴ
1630 5022 1710 5092 τῷ
1767 5020 1926 5093 θυμῷ
1960 5037 2053 5073 σου
2096 5018 2322 5091 ἐλέγξῃς
2387 5037 2478 5091 με,
2517 5038 2535 5072 ι
2563 5021 2811 5074 τουτέστι
2840 5019 2933 5092 Μὴ
2979 5021 3291 5091 ἀπαιτήσῃς
3333 5037 3401 5090 με
3433 5020 3590 5090 δίκην
3616 5015 3726 5072 τῶν

444 5107 884 5180 ἡμαρτημένων,
945 5112 1081 5182 μηδὲ
1126 5112 1421 5184 ἐπεξέλθῃς
1465 5114 1579 5175 τοῖς
1635 5110 2223 5182 πεπλημμελημένοις.

974 5207 1306 5260 ΕΡΩΤΙΙΣΙΣ
1358 5208 1525 5262 ΣΠΘ’.

757 5364 886 5419 Ὅτι
934 5365 1234 5436 ἐταράχθη
1289 5366 1360 5420 τὰ
1394 5364 1547 5420 ὀστᾶ
1598 5383 1739 5435 μου.

2242 5204 2574 5273 QU/ESTIO
2609 5204 3204 5331 CCLXE§I€EHHCoisL
3249 5203 3450 5260 CCllll.
3492 5203 3655 5258 Taur.

2807 5275 3011 5331 CCXCI
3040 5275 3056 5347 ]

2330 5387 2349 5419 ε
2389 5368 2655 5435 Quoniam
2686 5368 3006 5421 conturbata
3047 5377 3169 5422 sunt
3198 5384 3323 5421 ossa
3354 5384 3490 5420 mea.
3525 5385 3544 5417 ι

1283 5479 1427 5529 Edita
1457 5493 1486 5529 a
1509 5478 1633 5527 Maio
1660 5479 1715 5540 (1.
1751 5495 1795 5529 e.
1835 5495 1885 5543 p.
1912 5481 2018 5544 146,
2047 5483 2151 5541 H7,
2177 5502 2227 5549 q.
2254 5486 2387 5548 299).
2418 5514 2477 5524 —
2508 5485 2562 5535 In
2596 5485 2725 5534 Psal.
2751 5497 2816 5545 vr,
2848 5484 2895 5533 2.

532 5553 693 5611 Ὀστᾶ
748 5558 806 5611 δὲ
866 5560 1104 5613 ἐνταῦθα
1171 5561 1321 5629 λέγει
1393 5562 1491 5631 τὴν
1556 5562 1711 5632 ἰσχὺν
1774 5562 2035 5619 ἃπασανο

447 5642 692 5714 ταραχὴν
724 5651 780 5695 δὲ
810 5652 910 5723 τὴν
935 5652 1169 5724 πληγὴν,
1192 5653 1292 5726 τὴν
1317 5654 1564 5723 κόλασιν,
1594 5654 1695 5727 τὴν
1724 5658 1997 5728 τιμωρίαν
2019 5674 2035 5691 ο

519 5781 563 5814 ⁸⁸
600 5783 744 5839 Psal.
775 5798 831 5851 v,
857 5784 910 5839 2.

717 5876 992 5941 Pyram.
1046 5880 1164 5940 Gn.
1199 5880 1299 5946 Cl.

2216 5569 2356 5623 Ossa
2391 5569 2479 5623 hic
2509 5570 2619 5622 vim
2670 5582 2886 5622 omnem
2935 5566 3272 5636 signiﬁcant.
3316 5563 3586 5619 Turbatio
3632 5582 3731 5635 pro

2153 5662 2333 5733 plaga,
2367 5676 2552 5734 poena,
2596 5660 2834 5716 vindicta
2867 5660 3111 5731 ponitur.
3148 5658 3316 5714 Aiunt
3344 5659 3567 5730 quidam
3592 5702 3606 5725 ,
3644 5662 3731 5721 hic

3368 5884 3448 5943 36
