4136 6468
463 331 604 398 1123

1628 335 1892 396 ΡΗΟΤΙΙ
1925 336 2428 396 PATRIARCHfE
2466 337 2572 395 (ΖΡ.

3594 335 3746 398 1121

458 461 489 502 a
525 444 836 500 turbatione
870 444 1168 516 signiﬁcari
1203 453 1407 499 metum
1439 445 1535 514 qui
1566 459 1632 499 ex
1662 454 1886 514 peccato
1921 445 2036 498 ori-

2156 446 2286 510 τινές
2309 462 2473 514 φασιν
2495 444 2726 498 ἐνταῦθα
2757 445 3000 516 ταραχὴν
3019 445 3200 514 λέγειν
3223 447 3407 509 αὑτὸν,
3428 447 3520 500 τὸν
3546 448 3610 502 ἐκ
3626 449 3747 517 τῆς

461 547 568 591 tur.
613 535 769 602 Quod
822 536 1127 606 praesertim
1181 537 1236 590 in
1284 535 1594 590 libidinosis
1648 535 2041 605 cupiditatibus

461 632 780 698 contingere
826 629 987 694 solet,
1021 642 1175 696 aaqoe
1208 642 1273 682 ac
1308 627 1362 681 in
1413 627 1492 680 ira
1523 635 1580 682 et
1609 627 1662 680 in
1711 627 2044 681 calamitati.

460 724 584 774 bus.
618 722 750 787 Quae
776 731 976 774 cuncta
1003 720 1244 774 animam
1278 729 1332 775 et
1359 734 1484 775 ossa
1515 720 1761 774 turbant.
1796 717 1896 773 Hic
1925 727 2037 772 tum

461 811 682 880 pupilla:
713 812 1154 879 distorqucntur,
1203 820 1258 865 et
1298 812 1436 864 nihil
1481 811 1627 865 oculi
1659 820 1805 865 recte
1837 810 2040 864 vident.

464 904 571 958 Sed
599 912 656 957 ut
684 903 756 957 ab
785 905 988 958 ainenti
1029 904 1218 974 auriga
1255 904 1566 959 inordinate
1591 903 1872 957 ducuntur
1894 903 2040 971 equi,

461 997 544 1050 sic
588 997 803 1051 turbata
856 998 1091 1062 ratione,
1139 997 1325 1052 omnia
1374 996 1813 1060 confunduntur,
1859 997 2045 1050 omnia

460 1103 719 1158 perversa
755 1091 911 1142 fiunt.
952 1087 1106 1143 Unde
1135 1099 1316 1143 autem
1359 1088 1492 1144 satis
1524 1089 1734 1142 oriatur
1757 1089 2048 1158 perturba-

463 1183 575 1234 tio?
605 1196 842 1250 namque
887 1180 938 1234 id
989 1181 1396 1250 explanandum
1446 1195 1627 1250 opera:
1658 1181 1889 1250 pretium
1926 1189 2043 1244 est;

467 1287 582 1327 non
624 1273 771 1326 enim
815 1284 874 1325 ut
913 1288 1065 1327 mare
1103 1273 1281 1327 ventis
1331 1273 1670 1327 irruentibus
1713 1272 1794 1326 sic
1837 1271 2044 1333 anima,

463 1365 744 1434 inopinata
767 1365 1004 1433 quadam
1024 1364 1405 1419 vicissitudine
1427 1364 1808 1434 perturbatur;
1832 1363 1925 1418 sed
1946 1363 2051 1417 hoc

461 1471 562 1524 per
605 1464 855 1509 nostram
906 1455 1174 1510 desidiam
1222 1456 1370 1510 licet.
1403 1454 1707 1511 Possumus
1746 1454 1890 1508 enim
1939 1451 2052 1506 cﬂi-

465 1562 592 1601 cere
625 1555 686 1601 ut
718 1547 810 1611 sit,
843 1562 954 1600 non
999 1562 1227 1602 accensa
1265 1547 1514 1614 libidine,
1551 1545 1759 1616 peccati
1795 1543 2047 1610 occasio;

467 1654 706 1709 namque
762 1641 806 1694 si
851 1639 1128 1693 ﬂammam
1172 1655 1282 1694 non
1341 1639 1632 1708 accendes,
1681 1654 1789 1692 non
1839 1637 2052 1692 ardebit

466 1734 751 1798 caminus;
791 1734 837 1787 si
878 1732 1160 1786 materiem
1198 1732 1309 1801 igni
1358 1731 1567 1803 lignum
1613 1747 1721 1785 non
1768 1729 2048 1799 subjicies,

2143 539 2419 610 ἁμαρτίας
2448 539 2733 607 γινόμενον
2756 537 2963 609 [φόϐον]
2992 556 3006 569 ·
3035 539 3194 592 τοῦτο
3211 539 3268 593 δέ
3288 541 3526 608 μάλιστα
3554 542 3654 594 καὶ
3681 542 3748 593 ἐν

2143 628 2462 699 ἐπιθυμίαις
2492 627 2783 696 ἀσελγείας
2813 628 3134 698 συμϐαίνειν
3160 629 3345 694 εἴωθε,
3381 629 3544 682 τοῦτο
3571 630 3630 682 δὲ
3675 631 3745 681 ἐν

2146 719 2304 790 θυμῷ
2331 719 2424 772 καὶ
2452 721 2510 772 ἐν
2542 721 2846 790 συμφοραῖς
2869 737 2885 751 ⁸
2923 720 3105 775 πάντα
3131 720 3242 791 γὰρ
3270 720 3446 775 ταῦτα
3472 723 3751 786 ταράττει
3846 745 3850 748 ·

2145 811 2323 882 ψυχὴν
2378 812 2475 865 καὶ
2523 812 2679 879 ὀστᾶ,
2711 812 2808 866 καὶ
2857 813 2912 865 αί
2951 813 3112 883 κόραι
3149 813 3604 884 διαστρέφονται,
3641 815 3751 866 καὶ

2146 901 2267 954 οὐδὲ
2297 903 2350 954 oi
2376 901 2645 972 ὀφθαλμοὶ
2691 903 2834 956 κατά
2859 902 3013 967 τάξιν
3047 903 3356 973 βλέπουσιν,
3395 903 3512 956 ἀλλ’
3541 904 3751 974 ῶσπερ

2147 991 2364 1061 ἡνιόχου
2409 990 2803 1062 θορυϐηθέντος
2841 993 3099 1056 ἀτάκτως
3129 995 3177 1046 οἱ
3239 994 3396 1046 ἵπποι
3449 994 3747 1064 φέρονται,

2147 1083 2289 1136 οὕτω
2318 1083 2411 1136 τοῦ
2431 1084 2692 1154 λογισμοῦ
2728 1084 3205 1156 διαταραχθέντος,
3226 1087 3406 1140 πάντα
3427 1090 3751 1157 συγχεῖται,

2151 1176 2328 1229 πάντα
2349 1177 2734 1245 διαστρέφεται
2750 1194 2763 1208 ’
2788 1179 2883 1230 καὶ
2911 1178 3028 1241 πῶς
3042 1177 3183 1248 αὕτη
3205 1179 3414 1248 γίνεται
3435 1182 3708 1252 ἡταραχὴ
3733 1198 3749 1245 ;

2149 1269 2449 1336 ἀναγκαῖον
2472 1270 2582 1339 γὰρ
2612 1271 2706 1323 καὶ
2751 1269 2910 1324 τοῦτο
2955 1273 3136 1324 εἰπεῖν
3165 1288 3179 1303 ·
3218 1273 3281 1326 οὐ
3315 1271 3427 1343 γὰρ
3459 1271 3658 1343 ὥσπερ
3686 1272 3754 1324 ἐν

2151 1359 2396 1431 θαλάσσῃ
2425 1361 2576 1432 παρά
2605 1359 2706 1432 τὴν
2733 1361 2844 1415 τῶν
2892 1365 3224 1432 πνευμάτων
3263 1363 3540 1435 ἐμϐολὴν,
3592 1363 3755 1417 οὕτω

2151 1453 2246 1506 καὶ
2273 1453 2331 1504 ἐν
2375 1453 2557 1525 ψυχῇ,
2613 1454 2674 1506 οὐ
2713 1454 2856 1508 κατά
2899 1471 3024 1509 τινα
3079 1456 3341 1526 ἀδόκητον
3387 1454 3750 1525 περίστασιν,

2152 1543 2289 1598 ἀλλὰ
2336 1547 2489 1616 παρά
2518 1545 2617 1616 τὴν
2645 1547 2923 1618 ἡμετέραν
2953 1546 3228 1619 ρᾳθυμίαν
3261 1546 3558 1617 συμϐαίνει
3591 1562 3606 1578 ο
3642 1547 3750 1599 καὶ

2153 1638 2262 1709 γὰρ
2321 1640 2417 1692 καὶ
2465 1637 2558 1691 τοῦ
2590 1639 2844 1707 γενέσθαι
2903 1641 2996 1694 καὶ⁵
3040 1639 3135 1694 τοῦ
3195 1640 3270 1712 μὴ
3319 1639 3574 1709 γενέσθαι
3635 1640 3748 1710 τὴν

2155 1730 2479 1802 περίστασιν
2508 1731 2608 1801 τῆς
2634 1732 2910 1803 ἁμαρτίας
2945 1734 3110 1804 ἡμεῖς
3145 1733 3347 1806 κύριοι,
3397 1734 3498 1802 τῆς
3540 1732 3747 1786 ἐπιθυ-

469 1825 517 1878 si
559 1825 832 1879 formosos
864 1825 1044 1878 vultus
1070 1840 1179 1878 non
1202 1825 1468 1894 inquires,
1487 1825 1533 1880 si
1557 1826 1824 1879 theatrum
1847 1822 2044 1890 iniqui-

2156 1823 2276 1892 μίας
2296 1823 2678 1895 ἀναπτομένης
2704 1839 2719 1853 ⁸
2753 1824 2866 1877 ἀλλ’
2884 1823 2950 1878 ἂν
2984 1824 3059 1896 μὴ
3089 1825 3153 1877 σὺ
3175 1823 3273 1894 τὴν
3303 1824 3478 1892 φλόγα
3501 1823 3745 1894 ἀνάψῃς,

467 1917 596 1971 tatis
628 1931 736 1970 non
757 1916 1044 1982 accendes,
1077 1930 1178 1969 nec
1222 1914 1457 1984 dapibus
1497 1929 1719 1971 carnem
1749 1911 2048 1982 saginabis,

467 2025 572 2064 nec
598 2010 864 2063 rationem
887 2009 1016 2063 vino
1049 2009 1357 2078 demerges,
1388 2023 1498 2064 non
1526 2016 1775 2077 assurget
1807 2005 2048 2068 ﬂamma,

467 2113 576 2151 non
627 2097 1026 2151 intractabilior
1091 2095 1206 2150 fera
1258 2098 1387 2162 fiet,
1441 2111 1550 2151 non
1608 2093 2049 2158 disturbabitur;

465 2190 626 2258 quasi
649 2187 958 2242 furentibus
980 2189 1179 2252 ventis,
1204 2188 1372 2242 animi
1390 2189 1636 2243 castitas.
1667 2187 1855 2241 Hocne
1896 2183 2052 2249 satis,

465 2281 707 2349 inquies,
762 2290 821 2333 ut
868 2279 1086 2334 ﬂamma
1121 2281 1329 2350 peccati
1385 2279 1615 2333 vitetur?
1662 2278 1910 2343 minime,
1959 2271 2054 2331 sed

467 2382 685 2440 oportet
744 2380 798 2426 et
844 2373 952 2426 alia
994 2371 1224 2441 insuper
1273 2371 1435 2440 adjici
1471 2389 1483 2425 :
1515 2370 1792 2426 continua:
1842 2381 2052 2438 preces,

467 2473 785 2519 sanctorum
837 2464 1201 2529 consuetudo,
1250 2463 1458 2534 aliquot
1502 2462 1782 2516 interdum
1821 2461 2053 2531 jejunia,

467 2555 700 2625 simplex
749 2555 966 2610 vivendi
1023 2571 1218 2625 genus,
1265 2556 1594 2610 necessaria:
1643 2555 2052 2626 occupationes,

469 2646 890 2714 praesertimque
942 2644 1036 2698 Dei
1087 2654 1290 2710 metus,
1339 2644 1508 2699 futuri
1547 2645 1739 2714 judicii
1785 2643 2052 2698 memoria

470 2744 529 2788 et
571 2737 886 2790 mercedum
943 2751 1066 2806 quae
1113 2737 1278 2806 justis
1321 2737 1608 2806 desponsae
1657 2736 1900 2791 fuerunt.
1942 2733 2057 2790 Hoc

469 2843 570 2896 per
593 2829 775 2882 omnia
812 2843 1072 2881 vesanam
1100 2828 1268 2881 animi
1303 2828 1808 2897 concupiscentiam
1831 2841 2053 2896 compe-

471 2934 625 2972 scere
661 2927 716 2973 et
743 2917 1074 2973 ﬂuctuosum
1112 2934 1266 2973 mare
1289 2918 1507 2973 frenare
1532 2920 1764 2990 poteris.

2148 1916 2248 1970 οὐκ
2274 1916 2487 1986 αἴρεται
2522 1919 2554 1987 ή
2589 1916 2840 1988 κάμινος,
2873 1916 2939 1970 ἂν
2969 1917 3044 1988 μὴ
3074 1918 3283 1988 τροφὴν
3321 1916 3617 1988 παράσχῃς
3671 1918 3744 1986 τῇ

2151 2006 2272 2078 ὕλῃ,
2304 2006 2370 2060 ἂν
2403 2006 2477 2078 μὴ
2515 2006 2614 2070 τὰς
2644 2007 2957 2078 εὐμόρφους
2981 2008 3131 2075 ὄψεις
3167 2008 3532 2079 περιεργάσῃ,
3565 2006 3632 2060 ἂν
3666 2007 3745 2077 μὴ

2151 2094 2384 2166 θέατρον
2454 2097 2809 2167 παρανομίας
2867 2095 3184 2166 ἀναϐαίνῃς,
3252 2095 3318 2149 ἂν
3378 2096 3456 2168 μὴ
3518 2096 3747 2166 πιαίνῃς

2151 2190 2331 2258 τρυφῇ
2381 2187 2480 2259 τὴν
2544 2189 2746 2260 σάρκα,
2786 2188 2852 2242 ἂν
2914 2187 2990 2260 μὴ
3038 2188 3442 2260 καταποντίζῃς
3487 2187 3614 2258 οἴνῳ
3650 2188 3746 2243 τὸν

2153 2278 2435 2349 λογισμὸν,
2497 2280 2597 2333 οὑκ
2648 2282 2866 2350 αἴρεται
2916 2283 2948 2352 ἡ
2995 2279 3162 2348 φλὸξ,
3221 2279 3283 2333 οὐ
3323 2279 3538 2349 γίνεται
3575 2279 3747 2350 χαλε-

2153 2368 2400 2438 πώτερον
2457 2371 2516 2423 τὸ
2573 2371 2785 2442 θηρίον,
2851 2372 2912 2426 οὐ
2963 2373 3312 2443 διατέμνεται
3347 2371 3599 2442 καθάπερ
3636 2370 3748 2423 ὑπὸ

2152 2459 2480 2528 πνευμάτων
2523 2460 2734 2532 ἀγρίων
2759 2461 2859 2533 τῆς
2886 2461 3124 2524 διανοίας
3149 2461 3210 2514 τὸ
3238 2459 3502 2532 καθαρόν.
3552 2460 3750 2531 Ἀρκεῖ

2150 2543 2244 2601 οὖν
2282 2549 2473 2617 ταῦτα,
2505 2553 2663 2622 φησὶ,
2699 2553 2837 2623 πρὸς
2863 2551 2925 2605 τὸ
2950 2552 3234 2623 διαφυγεῖν
3266 2553 3365 2624 τὴν
3421 2551 3598 2622 φλόγα
3643 2551 3746 2622 τῆς

2152 2643 2458 2713 ἀμαρτίας;
2478 2646 2577 2698 οὐκ
2603 2647 2782 2718 ἀρκεῖ·
2803 2648 2938 2702 ἀλλὰ
2958 2648 3036 2701 δεῖ
3053 2650 3144 2702 καὶ
3156 2648 3320 2719 ἕτερα
3349 2646 3744 2718 προστεθῆναι,

2161 2737 2474 2807 προσευχὰς
2527 2739 2830 2809 διηνεκεῖς,
2887 2741 3059 2807 ἁγίων
3111 2740 3433 2803 συνουσίαν,
3485 2739 3746 2808 νηστείαν

2163 2826 2495 2900 σύμμετρον,
2535 2830 2747 2886 δίαιταν
2775 2831 2949 2903 λιτὴν,
2982 2832 3240 2902 ἀσχολίας
3274 2831 3602 2900 ἀναγκαίας·
3634 2829 3747 2899 πρὸ

2157 2917 2267 2971 τῶν
2316 2919 2493 2973 ἄλλων
2557 2912 2845 2990 ἁπάντων,
2909 2923 3003 2977 τοῦ
3062 2924 3198 2977 Θεοῦ
3253 2924 3342 2977 τὸν
3393 2923 3588 2992 φόϐον,
3643 2921 3745 2990 τὴν

471 3010 777 3082 μέλλουσαν
822 3011 1027 3082 κρίσιν,
1058 3011 1158 3074 τὰς
1187 3012 1522 3077 ἐπαγγελίας
1558 3010 1941 3080 τῶνάγαθῶν*
1978 3009 2064 3063 διὰ
2109 3009 2316 3066 τούτων
2374 3013 2595 3069 πάντων
2645 3016 2874 3071 δύνασαι
2948 3017 3247 3087 χαλινῶσαι
3301 3015 3402 3087 τὴν
3454 3014 3748 3068 λυσσῶσαν

470 3101 768 3171 ἐπιθυμίαν
807 3103 902 3156 καὶ
949 3104 1144 3174 στῆσαι
1183 3104 1282 3172 τὴν
1321 3105 1727 3176 κυμαινομένην
1753 3103 2048 3158 Θάλασσαν.

470 3213 796 3284 ΩΗᾸΞΞΤΙΟ
831 3218 1015 3275 C(IXC
1058 3218 1248 3291 [CoisL
1302 3218 1524 3274 CCCI”.
1569 3219 1733 3272 Taur.
1777 3216 2052 3289 CCXCII].

653 3329 672 3362 ι
707 3310 948 3366 Clamavi
993 3314 1062 3364 ad
1118 3323 1186 3378 te,
1214 3313 1458 3376 Domine,
1495 3312 1691 3364 exaudi
1722 3327 1822 3365 me.
1855 3329 1873 3362 ›

2715 3215 3054 3268 ΕΡΩΤιιΣιΣ
3081 3216 3192 3281 Et].

2172 3325 2188 3360 ι
2227 3308 2422 3376 Κύριε,
2453 3305 2754 3375 ἐκέκραξα
2790 3308 2942 3375 πρὸς
2982 3306 3087 3374 σὲ,
3120 3307 3492 3361 είσὰχουσόν
3534 3322 3678 3374 μου.
3722 3322 3740 3355 ›

1149 3422 1294 3474 Edita
1325 3438 1353 3472 a
1378 3423 1503 3473 Maio
1526 3424 1584 3485 (1.
1609 3437 1651 3473 c.
1680 3439 1732 3486 p.
1767 3424 1874 3484 H7,
1907 3437 1955 3485 q.
1989 3423 2120 3485 500).
2144 3447 2204 3457 -—
2236 3423 2290 3472 In
2327 3421 2458 3470 Psal.
2491 3436 2601 3479 exe,
2633 3422 2657 3470 1
2687 3423 2879 3484 (Grmce
2913 3421 3063 3484 ωειλ).

542 3504 672 3561 llaec
711 3506 876 3573 hujus
927 3506 1120 3576 psalmi
1167 3507 1312 3560 dicta
1355 3524 1565 3572 euntes,
1622 3520 1678 3560 ut
1730 3509 1803 3562 ita
1849 3508 2050 3570 dicam,
2081 3515 2122 3571 (ζ

469 3599 676 3664 sciunt,
719 3607 773 3652 et
807 3608 921 3653 tota
963 3602 1072 3652 vita
1120 3599 1446 3662 concinnnt;
1489 3614 1686 3653 sensus
1734 3609 1914 3652 autem
1955 3598 2054 3651 ali-

473 3699 610 3760 quot
659 3689 952 3743 verborum
995 3704 1091 3743 eos
1138 3689 1298 3742 fallit.
1352 3687 1511 3754 Quod
1570 3690 1637 3743 iis
1687 3705 1796 3742 non
1865 3689 2054 3742 leviter

475 3781 924 3851 exprobrantium
975 3789 1081 3835 est.
1128 3780 1342 3834 Etenim
1390 3781 1522 3850 quid
1578 3789 1663 3836 est
1709 3781 1854 3834 aliud
1888 3795 2050 3849 quam

472 3874 709 3941 peallere
738 3881 852 3927 tcto
875 3873 985 3938 die,
1010 3874 1102 3928 sed
1135 3889 1203 3928 ne
1234 3874 1401 3928 semel
1431 3875 1651 3944 quidem
1689 3873 1885 3943 psalmi
1929 3890 2024 3928 seu

475 3978 600 4019 sum
637 3965 956 4034 requirere?
995 3965 1244 4036 Namque
1288 3967 1394 4021 boc
1433 3976 1518 4021 est
1558 3967 1807 4038 segnitici
1862 3977 1916 4021 et
1965 3982 2028 4021 so

473 4059 680 4113 cordia:
729 4073 1006 4112 summum
1052 4059 1319 4113 continuo
1351 4061 1648 4129 psalmum,
1678 4076 1706 4113 a
1752 4060 2054 4128 puerilibus

473 4151 633 4206 annis
683 4151 748 4204 ad
800 4151 1046 4203 ultimam
1098 4161 1431 4206 senectutem
1466 4153 1518 4205 in
1556 4169 1656 4206 usu
1701 4152 1920 4216 habere;
1957 4167 2056 4206 nec

471 4241 620 4295 aliud
664 4252 1025 4311 praeterquam
1081 4243 1245 4297 verba
1285 4259 1451 4298 sensu
1497 4246 1740 4298 carentia
1787 4244 2054 4298 memoria

473 4343 681 4399 tenere,
733 4344 934 4388 tectum
967 4350 1134 4403 prope
1185 4339 1502 4390 thesaurum
1547 4337 1808 4403 assidere,
1840 4352 2057 4391 crume-

473 4439 713 4494 namque
744 4425 1088 4493 obsignatam
1142 4426 1526 4492 circumferre,
1577 4443 1678 4482 nec
1719 4443 2054 4497 quemquam

473 4516 560 4568 vel
609 4514 934 4569 curiositate
985 4516 1191 4584 impelli
1229 4526 1288 4571 ut
1339 4519 1641 4588 sciretque
1686 4519 1906 4574 demum
1943 4519 2054 4574 haec

472 4607 637 4661 verba
682 4618 1018 4677 spectarent.
1063 4609 1316 4664 Attamen
1350 4626 1418 4665 ne
1464 4611 1569 4666 hoc
1609 4613 1828 4682 quidam
1858 4612 2052 4666 dicas:

472 4701 823 4768 perspicuum
856 4702 1150 4770 quemdam
1193 4717 1286 4756 eos
1322 4703 1415 4756 tali
1461 4713 1680 4769 torpore
1720 4704 1965 4758 affecisse
1998 4713 2058 4758 ut

474 4805 721 4857 quaerere
774 4792 1092 4846 omitterent
1135 4796 1279 4862 quod
1323 4794 1377 4847 in
1422 4807 1674 4865 promptu
1731 4809 1880 4854 esset
1929 4817 2053 4855 eum

2228 3505 2433 3558 Τούτου
2462 3503 2556 3558 τοῦ
2581 3505 2800 3575 ψαλμοῦ
2844 3505 2912 3558 τὰ
2948 3507 3045 3576 μὲν
3092 3507 3314 3576 ῥήματα
3352 3505 3615 3569 ἅπαντες,
3670 3507 3746 3569 ὡς

2160 3599 2357 3661 εἰπεῖν,
2385 3597 2552 3662 ἴσασι,
2586 3598 2682 3650 καὶ
2709 3597 2797 3650 διὰ
2828 3598 3008 3666 πάσης
3039 3597 3254 3666 ἡλικίας
3283 3597 3588 3649 διατελοῦσι
3612 3597 3746 3665 ψαλ-

2159 3687 2360 3751 λοντες,
2392 3688 2491 3759 τὴν
2514 3688 2569 3742 δὲ
2601 3688 2839 3741 διάνοιαν
2868 3691 3024 3742 ἐνίων
3043 3690 3152 3743 τῶν
3175 3690 3485 3760 εἰρημένων
3521 3689 3748 3756 ἀγνοοῦ-

2163 3799 2248 3834 σιν
2275 3797 2288 3812 ·
2324 3782 2462 3852 ὅπερ
2500 3781 2561 3833 ού
2597 3781 2793 3851 μικρὸν
2819 3784 2896 3843 εἰς
2924 3782 3258 3851 κατηγορίας
3284 3781 3444 3850 λόγον
3472 3797 3491 3813 ο
3519 3780 3747 3846 ψάλλειν

2165 3873 2265 3944 μὲν
2325 3873 2446 3927 καθ’
2477 3875 2712 3945 ἡμέραν,
2753 3873 2878 3944 μηδ’
2907 3873 3056 3939 ἆπαξ
3085 3875 3130 3926 δ’
3159 3873 3496 3945 ἐπιζητῆσαι
3549 3873 3747 3944 μαθεῖν

2161 3965 2254 4017 τὸν
2302 3963 2428 4017 νοῦν
2479 3965 2588 4017 τῶν
2643 3965 2997 4036 ψαλλομένων
3029 3983 3043 3996 ⁸
3095 3967 3190 4019 καὶ
3239 3966 3348 4035 γὰρ
3389 3965 3620 4028 νωθείας
3651 3966 3746 4018 καὶ

2164 4055 2493 4125 χαυνότητος
2552 4056 2808 4128 ἐσχάτης,
2859 4057 2949 4118 διὰ
3004 4058 3206 4121 παντὸς
3239 4057 3328 4112 τὸν
3377 4057 3595 4128 ψαλμὸν
3649 4059 3744 4111 καὶ

2163 4147 2226 4197 ἐκ
2277 4144 2501 4216 πρώτης
2535 4146 2750 4216 ἡλικίας
2793 4149 2870 4210 εἰς
2914 4149 3142 4217 ἔσχατον
3184 4149 3362 4218 γῆρας
3399 4147 3744 4218 μελετῶντας

2162 4238 2453 4304 διατελεῖν,
2480 4239 2549 4292 τὰ
2579 4241 2801 4310 ῥήματα
2837 4241 2996 4310 μόνον
3028 4242 3237 4304 εἰδότας
3260 4241 3443 4312 ἔρημα
3469 4241 3742 4302 διανοίας*

2165 4331 2261 4384 καὶ
2322 4331 2748 4400 παρακαθῆσθαι
2809 4331 3070 4403 θησαυρῷ
3133 4334 3606 4400 συνεσκιασμένῳ,
3652 4331 3747 4382 καὶ

2165 4420 2454 4490 βαλάντιον
2487 4422 2809 4492 περιφέρειν
2849 4423 3286 4492 ἐσφραγισμένοι]
3315 4439 3328 4453 ο
3365 4422 3460 4475 καὶ
3493 4422 3612 4474 ούδέ
3644 4421 3748 4474 ὑπὸ

2165 4515 2703 4585 πολυπραγμοσύνης
2755 4515 3085 4586 παρωξύνθη
3127 4533 3209 4578 τις
3263 4516 3477 4585 μαθεῖν,
3509 4516 3561 4568 τί
3615 4517 3746 4566 ποτέ

2164 4605 2279 4657 ἐστι
2317 4605 2696 4674 τὸλεγόμενον
2731 4623 2746 4639 ο
2778 4607 2955 4662 καίτοι
2989 4625 3053 4675 γε
3087 4608 3206 4660 οὐδέ
3265 4610 3442 4659 ἐκεῖνο
3492 4607 3638 4659 ἔστιν
3665 4607 3745 4658 εἰ-

2165 4699 2309 4762 πεῖν,
2332 4698 2414 4751 ὅτι
2447 4700 2628 4768 σαφής
2644 4716 2728 4762 τις
2755 4697 2832 4753 ὢν
2864 4701 3073 4764 πάντας
3098 4702 3176 4763 είς
3203 4699 3370 4753 ὕπνον
3397 4701 3573 4770 1ἤγαγε
3602 4714 3617 4729 ’
3649 4699 3744 4752 καὶ

2163 4786 2263 4838 οὐκ
2323 4787 2502 4856 ἀφῆκε
2557 4790 2792 4859 ζητῆσαι
2826 4791 2885 4846 τὸ
2940 4792 3249 4862 προχείρως
3306 4794 3601 4862 κείμενονο
3653 4793 3745 4844 καί

477 4881 795 4951 iuexplicito
821 4884 904 4937 vir
931 4900 1189 4938 sermone
1215 4887 1284 4939 sit
1312 4887 1541 4942 idoneus
1569 4890 1758 4944 leviter
1777 4893 2050 4946 dormien-

2164 4876 2272 4946 γάρ
2295 4880 2441 4932 ἐστιν
2470 4881 2687 4953 ἀσαφὴς
2717 4884 2812 4936 καὶ⁹
2843 4884 3025 4947 ἱκανὸς
3067 4885 3330 4955 διεγεῖραι
3360 4884 3450 4937 τὸν
3507 4883 3581 4954 μὴ
3613 4883 3743 4952 σφό-

473 4971 619 5027 tibus
665 4974 992 5042 excitandis,
1038 4990 1141 5030 nec
1179 4975 1318 5030 alios
1371 4979 1572 5033 excitet
1601 4996 1762 5050 quam
1797 4983 1890 5052 qui
1927 4984 2053 5038 dor-

471 5065 672 5121 miunt.

474 5175 806 5242 QUIESTIO
834 5179 1038 5236 CCXCI
1066 5181 1256 5252 [CoisL
1281 5181 1504 5238 CCCIV.
1541 5183 1702 5241 Taur.
1751 5186 2046 5260 CCXCHI].

478 5288 497 5321 ι
517 5268 647 5325 Voce
671 5288 785 5328 mea
802 5274 870 5327 ad
901 5273 1186 5327 Dominum
1216 5275 1598 5338 clamavi,voce
1624 5293 1739 5332 mea
1761 5278 2051 5335 Dominum

1001 5347 1308 5398 denrecatus
1342 5363 1512 5398 sum.)

1037 5355 1308 5414 eprecatus
1342 5363 1480 5400 sum.
1495 5367 1512 5398 ι

2159 4969 2261 5039 δρα
2297 4971 2650 5041 καθεύδοντα,
2688 4976 2889 5047 μᾶλλον
2921 4977 2976 5030 δὲ
3010 4977 3220 5031 καὶτὸν
3260 4976 3608 5033 καθεύδοντα.

2635 5198 2974 5253 ΕΡοΤηΣιΣ
3016 5202 3175 5269 sum.

2165 5307 2184 5339 ι
2213 5288 2386 5358 Φωνῇ
2393 5307 2515 5361 μου
2538 5291 2923 5364 πρὸςνΚύριον
2934 5292 3259 5364 ἐκέκραξα,
3273 5293 3445 5364 φωνῇ
3459 5310 3580 5363 μου
3597 5293 3748 5363 πρὸς

2433 5392 2436 5395 λ
2617 5363 2837 5429 Κύριον
2886 5363 3165 5431 ἐδεήθην.
3196 5383 3215 5415 ι

1153 5460 1294 5512 Edita
1314 5475 1343 5510 a
1374 5462 1496 5512 Maio
1533 5463 1587 5526 (1.
1623 5477 1665 5514 c.
1693 5479 1743 5527 p.
1779 5467 1884 5528 H7,
1917 5483 1967 5531 q.
1994 5470 2192 5531 301).—
2222 5475 2277 5526 In
2310 5475 2440 5526 Psal.
2463 5491 2589 5538 cxu,
2615 5479 2638 5527 1
2667 5479 2860 5542 (Graece
2889 5481 3060 5543 chn).

546 5562 692 5619 Duas
728 5565 818 5618 hic
849 5565 1074 5621 virtutes
1106 5567 1386 5636 docemur,
1417 5569 1756 5628 fortitudinis
1789 5586 2053 5631 constan-

480 5657 632 5720 tiam,
659 5658 1114 5728 cogitationisqne
1141 5663 1538 5718 ordinationem
1565 5681 1578 5729 ;
1607 5675 1867 5734 praeterea
1899 5668 2051 5723 Psal-

477 5749 652 5804 mistze
693 5753 858 5807 verba
911 5753 1130 5809 tertium
1171 5755 1317 5810 aliud
1361 5756 1670 5825 signiﬁcant
1705 5775 1717 5813 :
1749 5773 1857 5814 non
1906 5761 2049 5818 enim

2234 5582 2339 5634 Δύο
2401 5584 2638 5637 ἐνταῦθα
2684 5586 2888 5654 ἀρετὰς
2939 5587 3303 5658 μανθάνομεν,
3341 5589 3493 5661 τότε
3524 5577 3742 5635 εὔτονον

2162 5674 2260 5742 τῆς
2283 5675 2625 5744 προθυμίας,
2657 5679 2716 5731 τό
2747 5696 2803 5732 τε
2843 5674 3421 5752 συντεταγμένονλτῆς
3470 5675 3737 5742 διανοίας,

2161 5765 2256 5818 καὶ
2290 5765 2476 5836 ἕτερον
2503 5768 2639 5840 πρὸς
2665 5769 2875 5836 τούτοις
2901 5773 2961 5826 τὸ
2991 5775 3152 5828 αὐτοῦ
3177 5763 3322 5822 ἐἶναι
3368 5767 3466 5839 τὴν
3502 5773 3687 5839 φωνήν
3717 5785 3733 5801 ⁸
