4136 6446
381 455 518 520 1125

1257 455 1356 513 AD
1385 448 1979 515 AMPHILOCHIUM
2017 445 2367 518 QU.’ESTIO
2396 445 2912 517 CCXC-CCXCIII.

3499 447 3637 512 1126

361 570 422 623 οὐ
474 568 584 635 γὰρ
637 564 841 628 πάντες
899 563 1024 617 οὔτε
1060 565 1211 633 φωνῇ
1270 563 1488 632 βοῶσιν,
1526 563 1651 614 οὒτε
1694 561 1830 630 πρὸς
1856 559 1949 611 τὸν

2055 569 2249 609 omnes
2283 570 2458 623 neque
2494 570 2626 610 voce
2669 556 2927 618 clamant,
2957 570 3134 625 neque
3163 555 3406 626 propria,
3457 573 3636 626 neque

361 660 515 725 Θεὸν,
533 658 658 713 οὔτε
684 661 748 731 τῇ
777 657 972 729 οἰκεία·
1002 657 1082 710 δεῖ
1097 656 1152 709 δὲ
1179 655 1398 709 ἅπαντα
1421 655 1592 708 ταῦτα
1624 652 1903 706 συνελθεῖν
1923 665 1940 682 ⁸

359 753 388 804 6
411 750 533 804 κατ’
563 749 775 820 ἐχθρῶν
793 747 931 818 βοῶν
951 747 1052 799 οὐκ
1081 744 1372 815 ἀνθρώπου
1401 743 1586 813 φωνὴν
1616 744 1941 812 προήσεται,

361 841 498 895 ἀλλὰ
521 838 712 912 θηρίου
749 842 841 892 καὶ
862 839 1074 907 ὄφεως⁸
1110 839 1139 890 6
1177 835 1460 907 ῥᾳθυμῶν,
1499 835 1593 887 καὶ
1628 833 1704 904 μὴ
1730 833 1945 886 ἀκούων

361 924 436 984 ὧν
461 931 631 998 λέγει,
662 928 722 980 ού
751 927 890 998 πρὸς
917 927 1009 980 τὸν
1039 925 1173 979 Θεὸν
1196 925 1315 996 βοᾷ,
1348 924 1465 977 ἀλλ’
1489 924 1613 992 εἰκῆ
1645 923 1738 976 καὶ
1763 923 1944 992 μάτην

363 1023 659 1091 φθέγγεται
693 1035 708 1049 ·
735 1021 763 1072 6
795 1019 869 1091 μὴ
903 1019 1186 1090 διεγείρων
1217 1018 1316 1088 τὴν
1347 1018 1609 1083 διάνοιαν,
1629 1018 1734 1072 κᾶν
1769 1016 1943 1088 μεγὰ-

359 1115 426 1168 λα
447 1115 646 1185 κράςῃ,
675 1112 838 1166 πάλιν
865 1107 1021 1175 οὗτος
1041 1113 1102 1166 οὐ
1133 1113 1250 1183 βοᾷ·
1283 1113 1466 1181 φωνὴν
1487 1111 1618 1181 γὰρ,
1641 1110 1717 1174 ὡς
1748 1109 1946 1162 πολλά-

359 1223 447 1270 κις
474 1205 646 1275 ἔφθην
687 1204 882 1268 εἰπὼν,
913 1206 973 1258 οὐ
1006 1206 1100 1258 τὸν
1119 1204 1273 1257 τόνον
1300 1204 1452 1272 λέγει
1485 1203 1579 1256 τοῦ
1608 1204 1940 1272 πνεύματος,

358 1298 495 1352 ἀλλὰ
524 1297 624 1368 τὴν
670 1297 1116 1368 συντεταγμένην
1149 1297 1392 1350 διάνοιαν
1413 1311 1428 1324 ·
1464 1294 1580 1351 ἀλλ’
1613 1295 1713 1365 οὐχ
1746 1294 1940 1357 οὕτως*

355 1390 494 1445 ἀλλὰ
546 1391 616 1444 τά
665 1392 796 1463 τρία
845 1390 1018 1445 ταῦτα
1067 1392 1326 1459 συνάγει·
1356 1391 1437 1444 ότι
1490 1407 1552 1443 τε
1609 1391 1801 1458 φωνεῖ,
1850 1388 1944 1442 καὶ¹

354 1484 494 1554 πρὸς
524 1483 616 1537 τὸν
639 1483 793 1548 Θεὸν,
824 1484 919 1538 καὶ
956 1486 1022 1556 τῇ
1055 1485 1250 1538 ἑαυτοῦ
1279 1486 1431 1556 φωνῇ
1463 1500 1479 1518 ο
1515 1483 1607 1537 διὰ
1632 1482 1791 1537 τοῦτο
1815 1482 1941 1538 δεύ-

354 1593 512 1648 τερον
545 1578 676 1647 φησί
707 1593 718 1607 ·
764 1597 782 1630 ι
819 1579 973 1647 Φωνῇ
1008 1595 1130 1648 μου,
1160 1577 1258 1631 καὶ
1288 1579 1440 1648 φωνῇ
1476 1593 1602 1646 μου.
1635 1594 1655 1628 ι

878 1668 1222 1722 ΕΡΩΤΗΣΙΣ
1255 1669 1417 1735 ειμι.

434 1762 496 1817 Τί
520 1762 650 1816 ἐστι
679 1761 766 1828 τὸ,
797 1780 816 1813 ι
845 1765 1167 1832 Εὺλόγιησε
1188 1761 1438 1831 Μελχὸλ
1461 1761 1570 1816 τὸν
1596 1761 1776 1816 Δαϐίδ
1791 1779 1811 1829 ;
1843 1781 1864 1814 ι

2051 645 2118 698 ad
2163 643 2369 711 Deum;
2423 653 2641 714 oportet
2687 653 2868 698 tamen
2914 645 3029 700 haec
3073 647 3173 698 tria
3220 660 3326 700 una
3354 645 3491 699 fieri.
3529 645 3636 711 Qui

2051 735 2316 789 adversus
2346 735 2533 790 hostes
2573 735 2797 800 clamat,
2826 752 2933 791 non
2964 737 3259 790 humanam
3290 751 3476 793 vocem
3507 754 3634 808 pro-

2049 827 2168 892 mit,
2211 827 2305 882 sed
2335 824 2468 882 ferae
2517 833 2572 882 et
2601 828 2896 896 serpentis.
2928 826 3032 892 Qui
3067 828 3345 898 negligens
3387 837 3493 893 est,
3531 845 3632 884 nec

2048 919 2202 973 audit
2231 919 2361 988 quid
2405 919 2574 984 dicat,
2603 935 2710 973 non
2742 920 2808 973 ad
2843 919 3016 974 Deum
3049 922 3268 984 clamat.
3303 921 3396 977 sed
3429 931 3633 977 temere

2047 1019 2100 1063 et
2128 1008 2407 1064 incassum
2435 1009 2701 1079 loquitur.
2727 1007 2833 1075 Qui
2860 1025 2972 1064 non
2993 1011 3373 1081 expergefacta
3422 1020 3628 1072 mente,

2045 1101 2542 1156 etsi-vehementer
2588 1100 2941 1168 vociferetur,
2990 1118 3185 1156 rursus
3243 1104 3332 1156 ille
3365 1119 3477 1158 non
3514 1105 3628 1159 cla-

2047 1201 2180 1248 mat.
2215 1193 2379 1248 Vocis
2410 1194 2582 1260 enim,
2629 1202 2690 1249 ut
2712 1194 2824 1263 jam
2860 1193 3128 1259 dictitavi,
3161 1208 3271 1248 non
3307 1196 3504 1250 mentis
3549 1202 3629 1248 te-

2046 1301 2238 1340 norem
2287 1286 2512 1352 iudicat,
2565 1286 2660 1342 sed
2700 1287 2931 1342 usitatas
2981 1287 3107 1342 terit
3138 1303 3319 1343 voces.
3356 1287 3475 1342 Non
3528 1303 3630 1342 au-

2047 1388 2155 1434 tem
2214 1381 2296 1437 sic
2360 1380 2636 1452 Propheta
2697 1382 2792 1452 qui
2860 1383 2979 1437 hmc
3043 1382 3144 1436 tria
3205 1383 3627 1452 complectitur,

2045 1474 2359 1543 clama-tque
2389 1474 2455 1528 ad
2503 1472 2696 1538 Deum,
2745 1483 2800 1528 et
2832 1475 3054 1544 propria
3083 1475 3257 1543 ipsius
3287 1491 3453 1542 voce;
3491 1491 3630 1546 qua-

2045 1575 2270 1636 propter
2300 1566 2385 1621 his
2409 1567 2684 1620 exclamat
2714 1586 2727 1620 :
2764 1585 2784 1617 ‹
2817 1565 2962 1622 Voce
2986 1583 3130 1629 mea,
3162 1584 3296 1622 voce
3322 1584 3466 1651 mea.
3501 1588 3520 1620 ι

2245 1658 2579 1726 ρυΑΞδΤΙΟ
2607 1658 2837 1715 DCXC"
2866 1659 3061 1733 (Cum.
3103 1660 3269 1716 Taur.
3294 1661 3454 1736 CIV].

2081 1755 2226 1822 Quid
2253 1757 2428 1811 valeat
2452 1756 2550 1810 hoc
2588 1758 2800 1884 verbis»:
2827 1777 2920 1884 rat?
2933 1759 3233 1815 Gratulata
3263 1771 3339 1815 est
3376 1761 3602 1816 Melchof

2761 1847 2848 1884 αυι-
2947 1849 2966 1882 ι

2761 1847 2880 1886 arta
2895 1847 2919 1883 ἵ
2947 1849 2966 1882 1

1126 1963 1268 2016 Edita
1297 1981 1324 2015 a
1356 1966 1478 2016 Maio
1511 1966 1569 2029 (l.
1611 1979 1655 2016 ε.
1689 1945 1908 2028 ρί148).
1941 1992 2003 2002 —-
2032 1963 2328 2026 Explanatio
2358 1968 2409 2016 in
2444 1966 2488 2016 Π
2517 1966 2644 2030 Reg.
2676 1979 2744 2026 vr,
2774 1967 2855 2015 20.

424 2082 498 2135 Τὸ
522 2081 599 2142 δὲ,
633 2081 954 2148 Εὺνίόγησε
987 2077 1236 2146 Me.le
1282 2078 1393 2131 τὸν
1422 2076 1601 2130 Δαϐὶδ
1623 2117 1639 2141 ,
1671 2075 1945 2145 λαμϐάνει

2124 2074 2249 2131 Haec
2282 2075 2514 2130 Μείείιοί
2555 2076 2833 2147 gratulata
2863 2084 2943 2130 est
2977 2074 3148 2129 David
3178 2075 3338 2145 plana
3392 2085 3525 2132 sunt
3565 2092 3632 2132 et

355 2175 455 2244 μὲν
482 2175 574 2227 καὶ
600 2176 664 2225 ἐκ
699 2173 796 2242 τῆς
827 2171 1234 2242 προειρημένης
1263 2167 1617 2234 ἀναπτύξεως
1645 2169 1706 2222 τὸ
1742 2171 1933 2235 σαφές·

352 2268 472 2320 ἀντὶ
497 2266 606 2337 γὰρ
632 2265 726 2318 τοῦ
757 2263 1177 2329 ἐξουδένωσεν
1204 2267 1423 2334 εἴρηται
1447 2277 1462 2293 °
1497 2263 1780 2334 ἀλλότριον
1829 2264 1938 2336 γὰρ

351 2359 528 2412 ἐδόκει
558 2359 620 2411 τὸ
659 2358 881 2427 γύναιον
914 2355 1196 2426 βασιλικοῦ
1227 2357 1581 2426 φρονήματος
1615 2357 1710 2410 καὶ
1747 2356 1937 2424 δγκου,

351 2454 535 2520 χοροῖς
573 2450 670 2502 καὶ
708 2448 1082 2519 σκιρτήμασιν
1113 2447 1474 2518 ἐνδιατρίϐειν
1498 2463 1509 2477 ·
1538 2447 1654 2500 ἀλλ’
1685 2447 1818 2500 αὐτὸ
1842 2449 1940 2518 μὲν

350 2541 510 2594 τοῦτο
536 2541 598 2592 τὸ
625 2541 868 2610 χορείαις
897 2540 972 2610 μὴ
1006 2539 1520 2611 συγκαταφέρεσθαι
1546 2538 1639 2592 τὸν
1688 2539 1939 2610 βασιλέα,

351 2634 452 2686 οὐκ
481 2631 900 2696 ἀνεπισκέπτως
932 2632 1203 2699 ἐλογίζετο
1235 2632 1268 2703 ἡ
1292 2631 1387 2685 τοῦ
1414 2631 1587 2685 Σαοὺλ
1615 2631 1939 2703 θυγάτηρ...

351 2726 414 2778 τὸ
435 2725 491 2776 δὲ
519 2725 662 2777 θεῖον
691 2724 857 2777 πόθον
887 2723 1334 2794 ἐπιδεικνύμενον
1365 2723 1460 2776 ἐπὶ
1494 2723 1750 2776 τοσοῦτον
1801 2723 1944 2776 ἁλῶ-

352 2816 544 2887 ναιτῴ
575 2816 741 2886 ἔρωτι
784 2815 878 2869 τοῦ
925 2815 1266 2884 ποθουμένου
1314 2815 1469 2869 ἐνίκα
1494 2817 1594 2887 τῆς
1627 2816 1942 2885 γυναικείας

353 2909 571 2980 φύσεως
622 2908 722 2979 τὴν
787 2908 1030 2977 γνῶσιν·
1076 2908 1172 2962 καὶ
1229 2908 1532 2977 ἀγνοοῦσαν
1594 2909 1847 2980 διήλεγχε
1873 2909 1945 2962 τὰ

354 3002 558 3071 κέντρα
591 3001 690 3053 τοῦ
723 2999 1014 3052 Δαυϊτικοῦ
1072 3000 1265 3055 πόθου.
1301 3001 1764 3070 Ἐπισημαίνεται
1799 3002 1942 3055 δὲτὸ

355 3093 599 3162 Γράμμα
625 3093 686 3145 τὸ
716 3092 880 3163 ἱερὸν,
911 3092 987 3155 ὡς
1016 3093 1200 3163 μήτηρ
1232 3093 1333 3145 οὐκ
1369 3094 1747 3163 ἐχρημάτισεν
1800 3093 1941 3166 α’ύτη

356 3185 597 3246 παιδίου,
633 3184 732 3254 τῆς
787 3184 883 3235 ἐπὶ
931 3183 1010 3254 τῷ
1060 3184 1226 3236 Δαὸὶδ
1279 3183 1480 3254 χλεύης
1525 3185 1944 3254 ἀπαγγέλλουσα

354 3275 453 3344 τὴν
503 3275 660 3344 δίκην
687 3291 700 3304 ⁸
732 3275 953 3343 ἀφίεται
997 3273 1053 3326 δὲ
1093 3276 1127 3345 ή
1167 3275 1382 3345 Μελχὸλ
1439 3277 1517 3339 είς
1550 3276 1649 3348 τὴν
1696 3277 1942 3348 περὶτοῦ

358 3367 524 3420 Δαὸὶδ
553 3367 946 3438 κατενεχθῆναι
969 3366 1192 3437 χλεύην,
1211 3368 1376 3437 ἡνίκα
1404 3367 1560 3438 δίκην
1589 3368 1945 3438 χρεωστοῦσα

2044 2167 2130 2223 his
2161 2184 2283 2238 qua:
2315 2185 2476 2239 supra
2513 2169 2838 2235 docuimus;
2868 2168 3029 2223 verba
3065 2169 3212 2222 enim
3246 2167 3483 2235 despexit
3513 2185 3634 2222 eum

2044 2260 2100 2314 in
2118 2261 2278 2314 corde
2304 2277 2400 2314 suo
2438 2261 2520 2316 sic
2543 2261 2887 2332 interpretati
2928 2277 3141 2315 sumus.
3174 2260 3366 2314 Mulier
3393 2261 3632 2316 alicnqu

2048 2369 2080 2408 a
2117 2355 2266 2422 regia
2302 2354 2572 2424 gravitate
2610 2364 2663 2409 et
2715 2353 3007 2423 majestate
3049 2354 3284 2408 ducebat
3344 2370 3529 2424 regem
3576 2356 3633 2410 in

2044 2447 2230 2502 choris
2259 2458 2314 2501 et
2341 2447 2730 2502 saltationibus
2777 2446 3012 2502 versari.
3046 2444 3165 2501 Hoc
3203 2446 3382 2516 ipsum
3433 2448 3634 2503 choros

2045 2553 2156 2593 non
2189 2539 2385 2594 decere
2435 2554 2643 2610 regem,
2684 2556 2790 2594 non
2851 2539 3167 2617 inconsulto
3197 2541 3475 2609 cogitabat
3524 2539 3634 2594 lilia

2047 2629 2182 2685 Saul
2213 2671 2226 2685 .
2264 2670 2277 2684 .
2304 2671 2318 2684 .
2343 2672 2356 2686 .
2391 2649 2406 2699 ;
2442 2633 2685 2686 divinum
2705 2648 2836 2688 vero
2866 2633 3202 2688 desiderium
3235 2634 3406 2703 quod,
3440 2643 3635 2703 captus

2046 2739 2237 2778 amore
2266 2724 2460 2789 David,
2492 2736 2600 2779 tam
2632 2726 2990 2782 vehementer
3021 2727 3420 2791 declaraverat,
3467 2725 3636 2797 hujus

2048 2816 2302 2871 mulieris
2333 2825 2588 2871 naturam
2628 2826 2681 2871 et
2721 2829 2957 2872 mentem
2991 2817 3321 2888 superabat;
3374 2817 3639 2887 ignoran-

2050 2916 2158 2962 tem
2196 2909 2478 2981 redarguit
2528 2908 2774 2965 fervidus
2834 2908 3062 2964 Davidis
3095 2925 3269 2964 amor.
3315 2907 3548 2964 Docetur
3581 2909 3637 2960 in

2050 2998 2222 3054 Sacris
2253 2997 2559 3068 Scripturis
2585 2999 2816 3055 Melchol
2845 3016 3130 3071 nunquam
3181 3003 3374 3056 matris
3419 3000 3641 3055 nomine

2047 3101 2300 3144 vocatam
2338 3105 2481 3156 esse,
2548 3095 2740 3162 sicque
2797 3093 3142 3148 nuntiavissc
3179 3108 3284 3162 qua
3335 3092 3642 3148 afﬁceretur

2047 3195 2212 3250 prima
2240 3195 2340 3249 pro
2367 3181 2549 3237 allatis
2584 3183 2638 3236 in
2680 3183 2936 3238 Davidem
2969 3183 3258 3238 conviciis.
3301 3183 3642 3254 Repudiatur

2049 3273 2284 3329 Melchol
2346 3291 2469 3346 quae
2520 3275 2785 3331 Davidem
2861 3278 3131 3343 irriserat,
3201 3287 3256 3333 et
3310 3293 3408 3348 pro
3463 3279 3643 3333 exsol-

2052 3366 2226 3421 venda
2262 3382 2446 3437 pretia,
2474 3368 2743 3440 deinceps
2781 3385 2892 3424 non
2926 3371 3105 3440 parit:
3139 3371 3428 3427 sterilitate
3457 3380 3640 3425 autem

355 3459 637 3531 ἀπαιτηθῇ
843 3433 1104 3513 ἀπαίδίαν
1128 3433 1152 3490 ⁷·
1178 3433 1493 3514 ἀπαιτεῖται
1767 3463 1940 3516 ἀπαι-

2053 3458 2289 3513 aflicitur
2319 3475 2388 3516 ne
2418 3461 2713 3530 quisquam
2741 3477 2772 3516 e
2809 3464 3020 3517 semine
3053 3463 3187 3516 Saul
3221 3462 3275 3516 iu
3303 3463 3514 3532 regiam
3545 3477 3643 3532 po-

352 3553 494 3620 δίαν,
530 3553 619 3606 ἵνα
660 3553 852 3622 μηδεὶς
889 3554 953 3605 ἐκ
983 3552 1077 3605 τοῦ
1112 3553 1432 3623 σπέρματος
1476 3554 1612 3624 ὅπερ
1659 3555 1942 3623 ἀπεφύετο

354 3645 452 3698 τοῦ
483 3643 656 3697 Σαοὺλ
685 3642 781 3695 τοῦ
819 3643 1102 3714 βασιλικοῦ
1137 3644 1387 3714 διάδοχος
1431 3643 1741 3716 ἀξιώματος
1771 3664 1941 3702 κατα-

358 3740 460 3808 στῇ
481 3752 494 3766 °
523 3737 601 3790 ἔτι
626 3736 683 3789 δὲ
706 3736 794 3788 ῖνα
826 3737 900 3807 μὴ
938 3737 1126 3800 στάσις
1158 3737 1253 3789 καὶ
1283 3737 1444 3804 φόνος
1476 3737 1572 3792 τοῦ
1596 3756 1656 3792 τε
1681 3738 1741 3804 ἐξ
1769 3739 1941 3810 αὐτῆς

359 3829 789 3900 προεληλυθότος
817 3829 1050 3882 καὶτῶν
1100 3828 1160 3895 ἐξ
1200 3828 1404 3900 ἑτέρων
1445 3829 1718 3899 γυναικῶν
1752 3832 1942 3900 ἐπιγε-

358 3922 597 3990 γονότων
624 3919 960 3992 διαπραχθῇ.

885 4013 1225 4068 ΕΡυΤιιΣιΣ
1255 4010 1410 4079 Σιιιν.

529 4108 693 4162 Atat!
715 4110 747 4162 d
785 4107 963 4162 Δαϐὶδ
1006 4106 1074 4160 τὸ
1117 4107 1309 4176 egro-66
1335 4110 1762 4177 :zeprsé’dlszo;

2055 3556 2308 3604 testatem
2335 3552 2685 3619 succederet,
2722 3562 2817 3608 aut
2844 3553 3112 3609 factiones
3134 3564 3190 3608 ct
3216 3555 3511 3610 homicidia
3547 3571 3644 3625 per

2053 3642 2176 3710 ejus
2217 3644 2398 3698 tilium
2430 3685 2445 3711 ,
2498 3645 2748 3716 aliosque
2788 3665 2853 3702 ex
2900 3648 3025 3704 aliis
3078 3648 3403 3706 mulieribus
3441 3649 3644 3706 liberos

2055 3736 2353 3793 orirentur.

2243 4024 2580 4092 QUESTIO
2627 4025 2876 4082 CCXCIII
2909 4026 3098 4100 [CoisL
3140 4028 3307 4083 Taur.
3335 4030 3474 4102 CV].

2357 4118 2470 4173 Cur
2497 4115 2672 4172 David
2706 4119 2777 4172 sit
2807 4120 3077 4174 accinctus
3110 4119 3296 4189 Ephod
3328 4124 3355 4176 .9

911 4247 1057 4300 Edita
1085 4263 1113 4297 a
1143 4248 1268 4297 Maio
1302 4247 1356 4311 (1.
1381 4261 1423 4298 c.
1457 4263 1506 4310 p.
1532 4249 1641 4311 1-18,
1666 4266 1716 4314 q.
1738 4251 1871 4312 503).
1904 4281 1966 4290 —
2000 4255 2053 4304 ln
2079 4257 2122 4306 II
2154 4256 2278 4319 Reg.
2304 4270 2369 4317 v1,
2413 4257 2486 4318 if;
2514 4257 2535 4307 Ι
2567 4257 2862 4322 Paralipom.
2888 4272 2972 4319 xv,
3004 4259 3082 4310 27.

425 4358 658 4430 Εἴρηται
694 4358 752 4412 δὲ
797 4359 881 4412 δτι
933 4357 1026 4410 ἐπὶ
1057 4357 1152 4409 τοῦ
1182 4356 1378 4423 Δαυῖδ,
1410 4357 1575 4426 ἐφούδ
1594 4375 1608 4390 ·
1639 4358 1814 4412 καίτοι
1838 4360 1939 4416 οὐκ

352 4452 474 4520 tam
503 4451 654 4522 αὐτῷ
685 4448 926 4512 εὐσεϐῶς
958 4447 1162 4519 βιοῦντι
1204 4449 1392 4518 ἱερέως
1420 4448 1614 4520 στολὴν
1647 4451 1941 4520 περιϐαλέ-

353 4545 518 4598 σθαι⁹
555 4542 690 4596 ἀλλὰ
725 4542 856 4612 περ)⁸
883 4539 1074 4593 τούτου
1117 4541 1231 4593 τισὶ⁴
1271 4541 1370 4612 μὲν
1398 4541 1631 4611 ἐρρήθη,
1658 4541 1734 4604 ὡς
1791 4543 1943 4596 ἐπει..

2121 4362 2339 4418 Dictum
2396 4373 2480 4420 est
2521 4365 2780 4422 Davidem
2811 4365 3001 4435 Ephod
3047 4367 3293 4424 induisse
3323 4371 3472 4438 quod
3507 4371 3640 4427 huic

2051 4464 2239 4526 utpote
2259 4455 2470 4526 integra
2506 4457 2615 4512 vita
2645 4473 2754 4512 non
2810 4459 3026 4516 licebat.
3065 4458 3181 4516 Hac
3205 4460 3274 4515 de
3307 4476 3366 4515 re
3403 4462 3496 4516 alii
3533 4464 3640 4518 alia

2050 4556 2406 4603 censuerunt.
2429 4547 2687 4603 Samuele
2727 4549 2939 4604 scilicet
2965 4561 3206 4615 mortuo,
3247 4551 3481 4621 ejusque
3511 4553 3639 4607 ﬁliis

350 4637 418 4706 δὴ
449 4634 704 4707 Σαμουὴλ
732 4635 832 4703 μὲν
864 4633 1104 4696 ἀπεϐίω,
1137 4635 1186 4687 oi
1211 4633 1269 4686 δὲ
1304 4635 1495 4686 τούτου
1527 4634 1714 4697 παῖδες
1742 4634 1939 4703 ἐξητά-

2049 4639 2103 4693 in
2132 4639 2344 4694 crimen
2369 4639 2612 4706 vocatis,
2648 4649 2708 4696 ut
2753 4650 3035 4710 oporteret
3061 4642 3403 4698 sacerdotem
3450 4657 3637 4698 arcam

353 4730 510 4794 ζοντο
539 4729 596 4780 ἐν
619 4727 842 4792 αἰτίαις,
871 4726 978 4778 ἔδει
999 4725 1058 4778 δὲ
1089 4726 1242 4796 ἱερέα
1275 4725 1374 4794 τῆς
1409 4724 1644 4778 κιϐωτοῦ
1675 4724 1769 4778 τοῦ
1804 4725 1938 4779 Θεοῦ

351 4818 823 4890 προπορεύεσθαι,
856 4819 952 4872 καὶ
982 4819 1083 4872 οὐκ
1103 4814 1173 4888 ἦν
1204 4819 1232 4870 6
1262 4819 1361 4887 τὴν
1393 4818 1699 4889 ὑπηρεσίαν
1735 4818 1942 4890 ταύτης

352 4912 682 4984 ἠξιωμένος,
703 4910 764 4976 ἐξ
796 4911 1043 4982 ἀνάγκης
1074 4911 1102 4963 ὁ
1128 4910 1378 4981 βασιλεὺς
1404 4910 1505 4980 τὴν
1529 4911 1788 4981 τοιαύτην
1811 4913 1946 4964 ἁνα-

352 5007 568 5076 δέχεται
634 5003 1002 5075 λειτουργίαν,
1059 5003 1156 5058 ἆτε
1200 5003 1266 5072 δὴ
1319 5003 1414 5055 καὶ
1472 5002 1582 5055 τῶν
1628 5001 1943 5070 ἀλλοφύλων

353 5099 453 5170 τὴν
514 5098 748 5151 κιεωτὸν
810 5095 972 5156 αὐτὸς
1028 5093 1336 5164 ἀνενεγκών
1362 5112 1376 5125 ’
1409 5094 1489 5148 διὸ
1542 5095 1638 5148 καὶ
1693 5094 1943 5165 χρησμὸν

357 5194 535 5246 ἀνεῖλε
562 5192 624 5245 τὺ
654 5191 818 5260 ὲφοὺδ
845 5190 1006 5260 νίκην
1047 5189 1523 5260 ἐπαγγελλόμενον
1551 5188 1629 5259 τῷ
1669 5189 1888 5261 Ἰσραήλ
1925 5204 1939 5218 ο

355 5286 450 5338 καὶ
492 5285 592 5356 τὴν
627 5283 798 5355 νίκην
827 5285 855 5336 ὁ
884 5283 1048 5336 Δαυῒδ
1086 5283 1374 5352 ἀνατίθησι
1413 5281 1491 5352 τῷ
1534 5282 1654 5352 Θεῴ
1691 5296 1705 5310 °
1744 5282 1859 5351 ἅμα
1887 5283 1946 5334 δὲ

353 5377 851 5448 οὐδ’ἀτιμάζοντος
910 5373 979 5447 ἦν
1026 5374 1187 5428 τοῦτο
1235 5375 1336 5446 τὴν
1391 5374 1672 5445 ἱερατικὴν
1729 5373 1945 5440 στολὴν,

357 5466 495 5522 ἀλλὰ
525 5469 898 5542 σεὸαζομένου
927 5469 1021 5522 καὶ
1052 5469 1150 5539 τῆς
1173 5468 1256 5521 ὅτι
1283 5467 1518 5538 μάλιστα
1543 5467 1707 5538 τιμῆς
1733 5465 1948 5531 ἀξιοῦν⁶

361 5574 486 5620 τοςο
523 5560 736 5613 ἐδείκνυ
766 5561 877 5630 γὰρ
897 5560 964 5615 δι’
998 5554 1074 5616 ὧν
1098 5561 1180 5624 είς
1202 5560 1420 5629 ἐκείνην
1447 5559 1814 5628 κατέφευγεν,
1846 5559 1946 5627 ὅση

359 5654 622 5724 ὠφείλετο
646 5660 760 5716 τοῖς
783 5657 859 5720 ὡς
885 5656 1104 5728 ἀληθῶς
1127 5655 1366 5727 ἱερεῦσιν
1395 5658 1426 5728 ἡ
1457 5656 1592 5727 τιμή
1616 5674 1630 5688 υ
1653 5648 1727 5710 ὧν
1758 5656 1790 5727 ἡ
1827 5671 1948 5708 στο-

360 5748 430 5819 λὴ
458 5748 536 5819 τῷ
572 5747 782 5818 βασιλεῖ
827 5747 983 5813 δόξαν
1028 5767 1086 5802 τε
1115 5752 1208 5802 καὶ
1237 5750 1394 5818 νίκην
1427 5751 1521 5803 καὶ
1547 5749 1820 5818 τοσαύτην
1846 5749 1948 5819 χά⁴

366 5857 453 5910 ριν
512 5839 784 5913 προξενεῖ.
834 5840 973 5892 Ἀλλ’
1012 5842 1156 5895 οὕτω
1187 5842 1288 5912 μὲν
1330 5843 1465 5896 ἔνιοί
1496 5860 1661 5913 φασιν
1694 5859 1707 5872 ·
1741 5842 1950 5909 ἑτέροις

362 5933 421 5985 δὲ
446 5933 594 5986 δοκεῖ
626 5933 700 6004 μὴ
729 5932 794 5986 ἄν
818 5951 948 5987 ποτε
980 5935 1396 6006 καταπολεμῆσαι
1418 5936 1508 5990 τὸν
1537 5935 1760 6006 βασιλέα
1786 5932 1951 5989 Δαυῒδ

2046 4730 2142 4787 Dei
2165 4732 2499 4802 praecedere,
2524 4748 2591 4788 ac
2607 4748 2772 4788 nemo
2787 4734 2923 4788 tanti
2937 4745 3081 4790 esset
3097 4734 3388 4790 ministerii
3411 4734 3634 4806 dignus,

2045 4839 2109 4878 ex
2135 4825 2471 4880 necessitate
2513 4841 2695 4897 regem
2723 4826 2828 4882 hoc
2857 4826 3041 4882 oflicio
3071 4826 3327 4882 functum
3362 4842 3508 4892 esse,
3537 4829 3635 4895 qui

2045 4917 2115 4972 ab
2148 4918 2342 4974 alienis
2406 4919 2665 4989 gentibus
2721 4935 2904 4974 arcam
2944 4920 3063 4989 ipse
3113 4920 3397 4976 retulerat.
3451 4921 3636 4986 Quare

2046 5007 2237 5078 Ephod
2295 5011 2444 5081 quod
2487 5012 2616 5067 filiis
2669 5012 2837 5067 Israel
2873 5012 3164 5067 victoriam
3191 5013 3487 5068 nuntiabat
3544 5014 3635 5068 in-

2045 5102 2164 5156 duit
2193 5119 2208 5169 ;
2237 5103 2406 5157 David
2437 5105 2606 5174 igitur
2643 5104 2932 5159 victoriam
2963 5105 3031 5159 ad
3069 5104 3240 5160 Deum
3269 5107 3441 5161 refert
3468 5123 3484 5172 ;
3521 5121 3634 5160 non

2049 5203 2230 5248 autem
2259 5195 2365 5250 hoc
2393 5205 2512 5251 erat
2542 5198 2739 5252 stolam
2776 5198 3180 5253 contemnentis
3214 5197 3632 5262 sacerdotalem,

2050 5285 2144 5338 sed
2187 5287 2505 5341 venerantis
2569 5295 2625 5342 et
2679 5302 2800 5341 eam
2844 5303 3010 5356 quam
3075 5287 3300 5342 maximi
3351 5287 3631 5342 facientis.

2047 5375 2289 5447 Apparet
2315 5379 2461 5457 enim
2490 5395 2553 5434 ex
2578 5380 2646 5434 iis
2667 5381 2761 5450 qui
2795 5382 2861 5436 ad
2881 5381 3024 5436 hanc
3047 5381 3242 5436 stolam
3269 5380 3636 5449 confugerunt

2049 5478 2291 5538 quantus
2331 5471 2623 5526 deberetur
2656 5488 2782 5527 vere
2829 5473 3211 5528 sacerdotibus
3257 5474 3457 5537 honor,
3495 5487 3635 5541 quo-

2053 5579 2174 5616 rum
2216 5565 2354 5619 stola
2384 5567 2494 5634 regi
2531 5565 2761 5634 gloriam
2794 5576 2849 5623 et
2877 5568 3160 5622 victoriam
3201 5580 3255 5622 et
3277 5575 3484 5621 tantam
3508 5581 3635 5633 gra-

2052 5657 2181 5710 tiam
2212 5657 2612 5727 suppeditabat.
2642 5659 2765 5713 Hme
2791 5675 2820 5714 a
2841 5659 3169 5730 quihusdam
3207 5659 3482 5724 dicuntur,
3509 5658 3635 5713 aliis

2052 5758 2234 5804 autem
2258 5751 2436 5819 placet
2462 5767 2742 5821 nunquam
2777 5769 2974 5808 ausum
3025 5753 3200 5808 fuisse
3235 5768 3418 5824 regem
3460 5751 3635 5805 David

2055 5843 2448 5898 sacerdotalem
2477 5844 2673 5898 stolam
2706 5843 2956 5906 induere.
2987 5844 3082 5901 scd
3133 5845 3308 5900 fuisse
3337 5845 3635 5912 quamdam

2052 5937 2332 6008 propriam
2371 5936 2593 6007 regibus
2635 5946 2862 6006 vestem,
2904 5939 2994 5994 cui
3065 5936 3425 5994 sacerdotalis
3479 5936 3635 5992 stola:
