  <div class='ocr_page' id='page_1' title='image "/cluster/home/n/w/nwhite01/storage/ocr_20150623/101:no.1/coo.31924054870054/591.png"; bbox 0 0 4136 6422; ppageno 0'>
   <div class='ocr_carea' id='block_1_1' title="bbox 568 367 702 431">
    <p class='ocr_par' dir='ltr' id='par_1_1' title="bbox 568 367 702 431">
     <span class='ocr_line' id='line_1_1' title="bbox 568 367 702 431; baseline -0.015 0"><span class='ocrx_word' id='word_1_1' title='bbox 568 367 702 431; x_wconf 74' lang='grc'>1127</span> 
     </span>
    </p>
   </div>
   <div class='ocr_carea' id='block_1_2' title="bbox 1725 361 2679 424">
    <p class='ocr_par' dir='ltr' id='par_1_2' title="bbox 1725 361 2679 424">
     <span class='ocr_line' id='line_1_2' title="bbox 1725 361 2679 424; baseline -0.002 0"><span class='ocrx_word' id='word_1_2' title='bbox 1725 362 1990 424; x_wconf 84' lang='grc' dir='ltr'><strong>ΓΗΟΤΙΙ</strong></span> <span class='ocrx_word' id='word_1_3' title='bbox 2020 361 2531 422; x_wconf 69' lang='grc' dir='ltr'><strong>ΡΑΤΒΙΛΒΟΗᾸΞ</strong></span> <span class='ocrx_word' id='word_1_4' title='bbox 2570 362 2679 422; x_wconf 88' lang='lat' dir='ltr'><strong>CP.</strong></span> 
     </span>
    </p>
   </div>
   <div class='ocr_carea' id='block_1_3' title="bbox 3694 367 3856 431">
    <p class='ocr_par' dir='ltr' id='par_1_3' title="bbox 3694 367 3856 431">
     <span class='ocr_line' id='line_1_3' title="bbox 3694 367 3856 431; baseline -0.006 0"><span class='ocrx_word' id='word_1_5' title='bbox 3694 367 3856 431; x_wconf 78' lang='lat'><strong>1128</strong></span> 
     </span>
    </p>
   </div>
   <div class='ocr_carea' id='block_1_4' title="bbox 556 476 2161 560">
    <p class='ocr_par' dir='ltr' id='par_1_4' title="bbox 556 476 2152 560">
     <span class='ocr_line' id='line_1_4' title="bbox 556 476 2152 560; baseline -0.008 -16"><span class='ocrx_word' id='word_1_6' title='bbox 556 501 858 560; x_wconf 77' lang='lat' dir='ltr'><strong>cognomen</strong></span> <span class='ocrx_word' id='word_1_7' title='bbox 885 494 1025 551; x_wconf 88' lang='lat' dir='ltr'><strong>erat,</strong></span> <span class='ocrx_word' id='word_1_8' title='bbox 1048 497 1281 553; x_wconf 86' lang='lat' dir='ltr'><strong>eamque</strong></span> <span class='ocrx_word' id='word_1_9' title='bbox 1344 481 1441 536; x_wconf 86' lang='lat' dir='ltr'><strong>illo</strong></span> <span class='ocrx_word' id='word_1_10' title='bbox 1472 490 1719 552; x_wconf 84' lang='lat' dir='ltr'><strong>tempore</strong></span> <span class='ocrx_word' id='word_1_11' title='bbox 1753 494 1783 533; x_wconf 90' lang='lat' dir='ltr'><strong>a</strong></span> <span class='ocrx_word' id='word_1_12' title='bbox 1824 493 1951 549; x_wconf 87' lang='lat' dir='ltr'><strong>rege</strong></span> <span class='ocrx_word' id='word_1_13' title='bbox 1983 476 2152 531; x_wconf 84' lang='lat' dir='ltr'><strong>David</strong></span> 
     </span>
    </p>
   </div>
   <div class='ocr_carea' id='block_1_5' title="bbox 2260 476 3855 560">
    <p class='ocr_par' dir='ltr' id='par_1_5' title="bbox 2260 478 3855 555">
     <span class='ocr_line' id='line_1_5' title="bbox 2260 478 3855 555; baseline 0.006 -27"><span class='ocrx_word' id='word_1_14' title='bbox 2260 478 2542 549; x_wconf 76' lang='grc' dir='ltr'><strong>ἱερατικὴν</strong></span> <span class='ocrx_word' id='word_1_15' title='bbox 2583 480 2777 549; x_wconf 80' lang='grc' dir='ltr'>στολὴν</span> <span class='ocrx_word' id='word_1_16' title='bbox 2828 480 3178 551; x_wconf 83' lang='grc' dir='ltr'>περιϐαλεῖν,</span> <span class='ocrx_word' id='word_1_17' title='bbox 3206 483 3320 537; x_wconf 78' lang='grc' dir='ltr'>ἀλλ’</span> <span class='ocrx_word' id='word_1_18' title='bbox 3367 480 3507 539; x_wconf 75' lang='grc' dir='ltr'>εἶναί</span> <span class='ocrx_word' id='word_1_19' title='bbox 3542 501 3615 549; x_wconf 85' lang='grc' dir='ltr'><strong>τι,</strong></span> <span class='ocrx_word' id='word_1_20' title='bbox 3649 486 3855 555; x_wconf 74' lang='grc' dir='ltr'>φασὶν,</span> 
     </span>
    </p>
   </div>
   <div class='ocr_carea' id='block_1_6' title="bbox 559 576 1039 634">
    <p class='ocr_par' dir='ltr' id='par_1_6' title="bbox 559 576 1039 634">
     <span class='ocr_line' id='line_1_6' title="bbox 559 576 1039 634; baseline -0.006 0"><span class='ocrx_word' id='word_1_21' title='bbox 559 580 812 634; x_wconf 88' lang='lat' dir='ltr'><strong>indutam</strong></span> <span class='ocrx_word' id='word_1_22' title='bbox 846 576 1039 632; x_wconf 82' lang='lat' dir='ltr'><strong>fuisse.</strong></span> 
     </span>
    </p>
   </div>
   <div class='ocr_carea' id='block_1_7' title="bbox 2254 568 3858 646">
    <p class='ocr_par' dir='ltr' id='par_1_7' title="bbox 2254 568 3858 646">
     <span class='ocr_line' id='line_1_7' title="bbox 2254 568 3858 646; baseline 0.005 -27"><span class='ocrx_word' id='word_1_23' title='bbox 2254 568 2789 641; x_wconf 84' lang='grc' dir='ltr'>ἀποκεκληρωμένον</span> <span class='ocrx_word' id='word_1_24' title='bbox 2821 576 2935 637; x_wconf 83' lang='grc' dir='ltr'>τοῖς</span> <span class='ocrx_word' id='word_1_25' title='bbox 2972 572 3286 642; x_wconf 87' lang='grc' dir='ltr'>βασιλεῦσιν</span> <span class='ocrx_word' id='word_1_26' title='bbox 3322 575 3646 646; x_wconf 86' lang='grc' dir='ltr'>ἁμφίασμα,</span> <span class='ocrx_word' id='word_1_27' title='bbox 3676 572 3713 627; x_wconf 72' lang='grc' dir='ltr'><strong>ὃ</strong></span> <span class='ocrx_word' id='word_1_28' title='bbox 3750 576 3858 629; x_wconf 72' lang='grc' dir='ltr'><strong>καὶ</strong></span> 
     </span>
    </p>
   </div>
   <div class='ocr_carea' id='block_1_8' title="bbox 557 663 3861 749">
    <p class='ocr_par' dir='ltr' id='par_1_8' title="bbox 557 663 3861 749">
     <span class='ocr_line' id='line_1_8' title="bbox 557 663 3861 749; baseline 0 -22"><span class='ocrx_word' id='word_1_29' title='bbox 557 680 691 735; x_wconf 65' lang='grc' dir='ltr'>αὐτὸ</span> <span class='ocrx_word' id='word_1_30' title='bbox 714 679 873 749; x_wconf 77' lang='grc' dir='ltr'>ἔφερε</span> <span class='ocrx_word' id='word_1_31' title='bbox 901 676 1002 748; x_wconf 81' lang='grc' dir='ltr'><strong>τὴν</strong></span> <span class='ocrx_word' id='word_1_32' title='bbox 1029 673 1331 746; x_wconf 76' lang='grc' dir='ltr'><strong>ὀνομασίαν</strong></span> <span class='ocrx_word' id='word_1_33' title='bbox 1361 674 1460 743; x_wconf 82' lang='grc' dir='ltr'><strong>τῆς</strong></span> <span class='ocrx_word' id='word_1_34' title='bbox 1496 665 1783 741; x_wconf 81' lang='grc' dir='ltr'><strong>ἱερατικῆς</strong></span> <span class='ocrx_word' id='word_1_35' title='bbox 1816 664 2030 735; x_wconf 82' lang='grc' dir='ltr'>στολῆς,</span> <span class='ocrx_word' id='word_1_36' title='bbox 2049 664 2146 716; x_wconf 74' lang='grc' dir='ltr'>καὶ</span> <span class='ocrx_word' id='word_1_37' title='bbox 2184 663 2343 719; x_wconf 84' lang='grc' dir='ltr'>τοῦτο</span> <span class='ocrx_word' id='word_1_38' title='bbox 2405 671 2530 722; x_wconf 83' lang='grc' dir='ltr'>κατ’</span> <span class='ocrx_word' id='word_1_39' title='bbox 2558 673 2735 725; x_wconf 87' lang='grc' dir='ltr'>ἐκεῖνο</span> <span class='ocrx_word' id='word_1_40' title='bbox 2795 670 2991 742; x_wconf 87' lang='grc' dir='ltr'>καιροῦ</span> <span class='ocrx_word' id='word_1_41' title='bbox 3028 671 3460 743; x_wconf 86' lang='grc' dir='ltr'>περιϐεϐλῆσθαι</span> <span class='ocrx_word' id='word_1_42' title='bbox 3488 672 3585 727; x_wconf 78' lang='grc' dir='ltr'><strong>τὸν</strong></span> <span class='ocrx_word' id='word_1_43' title='bbox 3615 672 3861 745; x_wconf 77' lang='grc' dir='ltr'>βασιλέα</span> 
     </span>
    </p>
   </div>
   <div class='ocr_carea' id='block_1_9' title="bbox 600 791 1005 826">
    <p class='ocr_par' dir='ltr' id='par_1_9' title="bbox 600 791 1005 826">
     <span class='ocr_line' id='line_1_9' title="bbox 600 791 1005 826; baseline -0.002 0"><span class='ocrx_word' id='word_1_44' title='bbox 600 791 738 826; x_wconf 72' lang='grc' dir='ltr'>αυιο.</span> <span class='ocrx_word' id='word_1_45' title='bbox 996 804 1005 817; x_wconf 74' lang='grc' dir='ltr'><strong>ι</strong></span> 
     </span>
    </p>
   </div>
   <div class='ocr_carea' id='block_1_10' title="bbox 556 771 2003 934">
    <p class='ocr_par' dir='ltr' id='par_1_10' title="bbox 556 771 2003 934">
     <span class='ocr_line' id='line_1_10' title="bbox 556 771 2003 934; baseline -0.013 -13"><span class='ocrx_word' id='word_1_46' title='bbox 556 771 1039 934; x_wconf 52' lang='lat' dir='ltr'><strong>AwwéUAESTIO</strong></span> <span class='ocrx_word' id='word_1_47' title='bbox 1072 859 1325 919; x_wconf 79' lang='lat' dir='ltr'><strong>CCXCIV</strong></span> <span class='ocrx_word' id='word_1_48' title='bbox 1395 854 1588 928; x_wconf 51' lang='lat' dir='ltr'><strong>l&#39;Coisl.</strong></span> <span class='ocrx_word' id='word_1_49' title='bbox 1625 853 1788 907; x_wconf 85' lang='lat' dir='ltr'><strong>Taur.</strong></span> <span class='ocrx_word' id='word_1_50' title='bbox 1840 848 2003 921; x_wconf 85' lang='lat' dir='ltr'><strong>CVI].</strong></span> 
     </span>
    </p>
   </div>
   <div class='ocr_carea' id='block_1_11' title="bbox 859 948 1865 1026">
    <p class='ocr_par' dir='ltr' id='par_1_11' title="bbox 859 948 1865 1026">
     <span class='ocr_line' id='line_1_11' title="bbox 859 948 1865 1026; baseline -0.012 -15"><span class='ocrx_word' id='word_1_51' title='bbox 859 958 1002 1022; x_wconf 83' lang='lat' dir='ltr'><strong>Quid</strong></span> <span class='ocrx_word' id='word_1_52' title='bbox 1028 956 1228 1026; x_wconf 75' lang='lat' dir='ltr'><strong>faceret</strong></span> <span class='ocrx_word' id='word_1_53' title='bbox 1253 952 1430 1006; x_wconf 76' lang='lat' dir='ltr'><strong>Adam</strong></span> <span class='ocrx_word' id='word_1_54' title='bbox 1460 952 1514 1003; x_wconf 87' lang='lat' dir='ltr'><strong>in</strong></span> <span class='ocrx_word' id='word_1_55' title='bbox 1551 948 1808 1018; x_wconf 78' lang='lat' dir='ltr'><strong>paradiso</strong></span> <span class='ocrx_word' id='word_1_56' title='bbox 1840 950 1865 999; x_wconf 78' lang='lat'><strong>2’</strong></span> 
     </span>
    </p>
   </div>
   <div class='ocr_carea' id='block_1_12' title="bbox 2794 847 3312 916">
    <p class='ocr_par' dir='ltr' id='par_1_12' title="bbox 2794 847 3312 916">
     <span class='ocr_line' id='line_1_12' title="bbox 2794 847 3312 916; baseline 0.008 -17"><span class='ocrx_word' id='word_1_57' title='bbox 2794 847 3129 900; x_wconf 76' lang='grc' dir='ltr'>ΕΡΩΤιιΣιΣ</span> <span class='ocrx_word' id='word_1_58' title='bbox 3157 850 3312 916; x_wconf 58' lang='grc' dir='ltr'><strong>ΣιιΑν.</strong></span> 
     </span>
    </p>
   </div>
   <div class='ocr_carea' id='block_1_13' title="bbox 2480 936 3633 1009">
    <p class='ocr_par' dir='ltr' id='par_1_13' title="bbox 2480 936 3633 1009">
     <span class='ocr_line' id='line_1_13' title="bbox 2480 936 3633 1009; baseline 0.005 -20"><span class='ocrx_word' id='word_1_59' title='bbox 2480 936 2541 989; x_wconf 80' lang='grc' dir='ltr'>Τί</span> <span class='ocrx_word' id='word_1_60' title='bbox 2574 936 2869 1004; x_wconf 76' lang='grc' dir='ltr'>ἔπραττεν</span> <span class='ocrx_word' id='word_1_61' title='bbox 2902 938 3085 1008; x_wconf 78' lang='grc' dir='ltr'>Ἀδὰμ</span> <span class='ocrx_word' id='word_1_62' title='bbox 3130 939 3201 992; x_wconf 73' lang='grc' dir='ltr'><strong>ἐν</strong></span> <span class='ocrx_word' id='word_1_63' title='bbox 3242 940 3633 1009; x_wconf 81' lang='grc' dir='ltr'>παραδείσῳ;</span> 
     </span>
    </p>
   </div>
   <div class='ocr_carea' id='block_1_14' title="bbox 1042 1055 2161 1130">
    <p class='ocr_par' dir='ltr' id='par_1_14' title="bbox 1042 1057 2161 1130">
     <span class='ocr_line' id='line_1_14' title="bbox 1042 1057 2161 1130; baseline -0.006 -11"><span class='ocrx_word' id='word_1_64' title='bbox 1042 1069 1189 1119; x_wconf 82' lang='lat' dir='ltr'><strong>Edita</strong></span> <span class='ocrx_word' id='word_1_65' title='bbox 1218 1083 1244 1118; x_wconf 89' lang='lat' dir='ltr'><strong>a</strong></span> <span class='ocrx_word' id='word_1_66' title='bbox 1278 1066 1402 1117; x_wconf 77' lang='lat' dir='ltr'><strong>Maio</strong></span> <span class='ocrx_word' id='word_1_67' title='bbox 1426 1066 1482 1130; x_wconf 87' lang='grc' dir='ltr'><strong>(Ι.</strong></span> <span class='ocrx_word' id='word_1_68' title='bbox 1516 1080 1560 1116; x_wconf 91' lang='lat' dir='ltr'><strong>c.</strong></span> <span class='ocrx_word' id='word_1_69' title='bbox 1595 1079 1644 1129; x_wconf 78' lang='lat' dir='ltr'><strong>p.</strong></span> <span class='ocrx_word' id='word_1_70' title='bbox 1678 1064 1791 1125; x_wconf 66' lang='grc'><strong>149,</strong></span> <span class='ocrx_word' id='word_1_71' title='bbox 1814 1077 1867 1125; x_wconf 92' lang='lat' dir='ltr'><strong>q.</strong></span> <span class='ocrx_word' id='word_1_72' title='bbox 1893 1059 2029 1121; x_wconf 68' lang='grc'><strong>504).</strong></span> <span class='ocrx_word' id='word_1_73' title='bbox 2054 1057 2161 1117; x_wconf 73' lang='grc' dir='ltr'><strong>-ε</strong></span> 
     </span>
    </p>
   </div>
   <div class='ocr_carea' id='block_1_15' title="bbox 2260 1055 3352 1130">
    <p class='ocr_par' dir='ltr' id='par_1_15' title="bbox 2260 1055 3352 1122">
     <span class='ocr_line' id='line_1_15' title="bbox 2260 1055 3352 1122; baseline 0.005 -17"><span class='ocrx_word' id='word_1_74' title='bbox 2260 1058 2265 1105; x_wconf 80' lang='lat' dir='ltr'><strong>l</strong></span> <span class='ocrx_word' id='word_1_75' title='bbox 2293 1055 2447 1107; x_wconf 84' lang='lat' dir='ltr'><strong>Adam</strong></span> <span class='ocrx_word' id='word_1_76' title='bbox 2480 1062 2529 1108; x_wconf 87' lang='lat' dir='ltr'><strong>in</strong></span> <span class='ocrx_word' id='word_1_77' title='bbox 2560 1058 2784 1121; x_wconf 83' lang='lat' dir='ltr'><strong>paradiso</strong></span> <span class='ocrx_word' id='word_1_78' title='bbox 2814 1060 3009 1110; x_wconf 83' lang='lat' dir='ltr'><strong>fecerit.</strong></span> <span class='ocrx_word' id='word_1_79' title='bbox 3034 1060 3160 1111; x_wconf 85' lang='lat' dir='ltr'><strong>Gen.</strong></span> <span class='ocrx_word' id='word_1_80' title='bbox 3187 1075 3241 1122; x_wconf 89' lang='grc' dir='ltr'><strong>ιι,</strong></span> <span class='ocrx_word' id='word_1_81' title='bbox 3273 1062 3352 1111; x_wconf 84' lang='grc'><strong>15.</strong></span> 
     </span>
    </p>
   </div>
   <div class='ocr_carea' id='block_1_16' title="bbox 632 1174 2148 1255">
    <p class='ocr_par' dir='ltr' id='par_1_16' title="bbox 632 1174 2148 1255">
     <span class='ocr_line' id='line_1_16' title="bbox 632 1174 2148 1255; baseline -0.011 -14"><span class='ocrx_word' id='word_1_82' title='bbox 632 1186 689 1241; x_wconf 90' lang='lat' dir='ltr'><strong>In</strong></span> <span class='ocrx_word' id='word_1_83' title='bbox 753 1182 1013 1255; x_wconf 81' lang='lat' dir='ltr'><strong>paradiso</strong></span> <span class='ocrx_word' id='word_1_84' title='bbox 1060 1181 1365 1236; x_wconf 89' lang='lat' dir='ltr'><strong>collocatus</strong></span> <span class='ocrx_word' id='word_1_85' title='bbox 1422 1179 1619 1243; x_wconf 85' lang='lat' dir='ltr'><strong>Adam,</strong></span> <span class='ocrx_word' id='word_1_86' title='bbox 1684 1191 1862 1246; x_wconf 91' lang='lat' dir='ltr'><strong>neque</strong></span> <span class='ocrx_word' id='word_1_87' title='bbox 1912 1174 2148 1228; x_wconf 78' lang='lat' dir='ltr'><strong>otiosam</strong></span> 
     </span>
    </p>
   </div>
   <div class='ocr_carea' id='block_1_17' title="bbox 560 1265 2148 1350">
    <p class='ocr_par' dir='ltr' id='par_1_17' title="bbox 560 1265 2148 1350">
     <span class='ocr_line' id='line_1_17' title="bbox 560 1265 2148 1350; baseline -0.011 -15"><span class='ocrx_word' id='word_1_88' title='bbox 560 1293 742 1350; x_wconf 86' lang='lat' dir='ltr'><strong>neque</strong></span> <span class='ocrx_word' id='word_1_89' title='bbox 768 1278 996 1332; x_wconf 76' lang='lat' dir='ltr'><strong>inertem</strong></span> <span class='ocrx_word' id='word_1_90' title='bbox 1046 1276 1214 1329; x_wconf 79' lang='lat' dir='ltr'><strong>vitam</strong></span> <span class='ocrx_word' id='word_1_91' title='bbox 1251 1274 1465 1344; x_wconf 87' lang='lat' dir='ltr'><strong>agebat,</strong></span> <span class='ocrx_word' id='word_1_92' title='bbox 1503 1271 1598 1327; x_wconf 89' lang='lat' dir='ltr'><strong>sed</strong></span> <span class='ocrx_word' id='word_1_93' title='bbox 1629 1268 1823 1324; x_wconf 84' lang='lat' dir='ltr'><strong>virtuti</strong></span> <span class='ocrx_word' id='word_1_94' title='bbox 1860 1265 2148 1321; x_wconf 87' lang='lat' dir='ltr'><strong>incumbe-</strong></span> 
     </span>
    </p>
   </div>
   <div class='ocr_carea' id='block_1_18' title="bbox 560 1360 2149 1437">
    <p class='ocr_par' dir='ltr' id='par_1_18' title="bbox 560 1360 2149 1437">
     <span class='ocr_line' id='line_1_18' title="bbox 560 1360 2149 1437; baseline -0.01 -11"><span class='ocrx_word' id='word_1_95' title='bbox 560 1372 675 1434; x_wconf 88' lang='lat' dir='ltr'><strong>bat,</strong></span> <span class='ocrx_word' id='word_1_96' title='bbox 701 1378 755 1424; x_wconf 91' lang='lat' dir='ltr'><strong>et</strong></span> <span class='ocrx_word' id='word_1_97' title='bbox 781 1368 849 1423; x_wconf 87' lang='lat' dir='ltr'><strong>ad</strong></span> <span class='ocrx_word' id='word_1_98' title='bbox 874 1369 1094 1422; x_wconf 76' lang='lat' dir='ltr'><strong>virtutis</strong></span> <span class='ocrx_word' id='word_1_99' title='bbox 1119 1381 1281 1437; x_wconf 88' lang='lat' dir='ltr'><strong>opera</strong></span> <span class='ocrx_word' id='word_1_100' title='bbox 1317 1379 1440 1421; x_wconf 90' lang='lat' dir='ltr'><strong>sese</strong></span> <span class='ocrx_word' id='word_1_101' title='bbox 1468 1363 1781 1420; x_wconf 84' lang='lat' dir='ltr'><strong>exercebat.</strong></span> <span class='ocrx_word' id='word_1_102' title='bbox 1843 1360 2149 1428; x_wconf 85' lang='lat' dir='ltr'><strong>Quoniam-</strong></span> 
     </span>
    </p>
   </div>
   <div class='ocr_carea' id='block_1_19' title="bbox 563 1448 2150 1537">
    <p class='ocr_par' dir='ltr' id='par_1_19' title="bbox 563 1448 2150 1537">
     <span class='ocr_line' id='line_1_19' title="bbox 563 1448 2150 1537; baseline -0.011 -17"><span class='ocrx_word' id='word_1_103' title='bbox 563 1481 673 1537; x_wconf 87' lang='lat' dir='ltr'><strong>que</strong></span> <span class='ocrx_word' id='word_1_104' title='bbox 706 1462 925 1518; x_wconf 88' lang='lat' dir='ltr'><strong>virtutis</strong></span> <span class='ocrx_word' id='word_1_105' title='bbox 967 1469 1176 1524; x_wconf 86' lang='lat' dir='ltr'><strong>custos,</strong></span> <span class='ocrx_word' id='word_1_106' title='bbox 1204 1466 1259 1511; x_wconf 89' lang='lat' dir='ltr'><strong>ct</strong></span> <span class='ocrx_word' id='word_1_107' title='bbox 1290 1455 1538 1511; x_wconf 90' lang='lat' dir='ltr'><strong>omnium</strong></span> <span class='ocrx_word' id='word_1_108' title='bbox 1591 1469 1777 1509; x_wconf 91' lang='lat' dir='ltr'><strong>rerum</strong></span> <span class='ocrx_word' id='word_1_109' title='bbox 1822 1454 1989 1519; x_wconf 86' lang='lat' dir='ltr'><strong>hujus</strong></span> <span class='ocrx_word' id='word_1_110' title='bbox 2044 1448 2150 1504; x_wconf 89' lang='lat' dir='ltr'><strong>loci</strong></span> 
     </span>
    </p>
   </div>
   <div class='ocr_carea' id='block_1_20' title="bbox 565 1546 2148 1620">
    <p class='ocr_par' dir='ltr' id='par_1_20' title="bbox 565 1546 2148 1620">
     <span class='ocr_line' id='line_1_20' title="bbox 565 1546 2148 1620; baseline -0.009 -8"><span class='ocrx_word' id='word_1_111' title='bbox 565 1555 902 1612; x_wconf 88' lang='lat' dir='ltr'><strong>constitutus</strong></span> <span class='ocrx_word' id='word_1_112' title='bbox 926 1560 1064 1617; x_wconf 83' lang='lat' dir='ltr'><strong>erat,</strong></span> <span class='ocrx_word' id='word_1_113' title='bbox 1097 1566 1128 1605; x_wconf 91' lang='lat' dir='ltr'><strong>e</strong></span> <span class='ocrx_word' id='word_1_114' title='bbox 1162 1548 1422 1620; x_wconf 85' lang='lat' dir='ltr'><strong>paradiso</strong></span> <span class='ocrx_word' id='word_1_115' title='bbox 1452 1548 1507 1603; x_wconf 89' lang='lat' dir='ltr'><strong>in</strong></span> <span class='ocrx_word' id='word_1_116' title='bbox 1527 1546 1785 1602; x_wconf 82' lang='lat' dir='ltr'><strong>exsilium</strong></span> <span class='ocrx_word' id='word_1_117' title='bbox 1811 1546 2017 1615; x_wconf 75' lang='lat' dir='ltr'><strong>eiectus</strong></span> <span class='ocrx_word' id='word_1_118' title='bbox 2044 1551 2148 1598; x_wconf 84' lang='lat' dir='ltr'><strong>est.</strong></span> 
     </span>
    </p>
   </div>
   <div class='ocr_carea' id='block_1_21' title="bbox 564 1639 2160 1715">
    <p class='ocr_par' dir='ltr' id='par_1_21' title="bbox 564 1639 2160 1715">
     <span class='ocr_line' id='line_1_21' title="bbox 564 1639 2160 1715; baseline -0.008 -12"><span class='ocrx_word' id='word_1_119' title='bbox 564 1650 623 1705; x_wconf 88' lang='lat' dir='ltr'><strong>In</strong></span> <span class='ocrx_word' id='word_1_120' title='bbox 652 1648 832 1705; x_wconf 88' lang='lat' dir='ltr'><strong>medio</strong></span> <span class='ocrx_word' id='word_1_121' title='bbox 876 1644 1132 1715; x_wconf 84' lang='lat' dir='ltr'><strong>paradiso</strong></span> <span class='ocrx_word' id='word_1_122' title='bbox 1161 1651 1281 1698; x_wconf 89' lang='lat' dir='ltr'><strong>erat</strong></span> <span class='ocrx_word' id='word_1_123' title='bbox 1321 1641 1507 1695; x_wconf 87' lang='lat' dir='ltr'><strong>arbor.</strong></span> <span class='ocrx_word' id='word_1_124' title='bbox 1542 1639 1658 1706; x_wconf 87' lang='lat' dir='ltr'><strong>Qua</strong></span> <span class='ocrx_word' id='word_1_125' title='bbox 1695 1642 1762 1694; x_wconf 92' lang='lat' dir='ltr'><strong>de</strong></span> <span class='ocrx_word' id='word_1_126' title='bbox 1816 1653 1984 1694; x_wconf 89' lang='lat' dir='ltr'><strong>causa</strong></span> <span class='ocrx_word' id='word_1_127' title='bbox 2040 1644 2160 1693; x_wconf 82' lang='lat' dir='ltr'><strong>erat</strong></span> 
     </span>
    </p>
   </div>
   <div class='ocr_carea' id='block_1_22' title="bbox 561 1728 2157 1801">
    <p class='ocr_par' dir='ltr' id='par_1_22' title="bbox 561 1728 2157 1801">
     <span class='ocr_line' id='line_1_22' title="bbox 561 1728 2157 1801; baseline -0.011 -1"><span class='ocrx_word' id='word_1_128' title='bbox 561 1744 691 1801; x_wconf 74' lang='lat' dir='ltr'><strong>vita:</strong></span> <span class='ocrx_word' id='word_1_129' title='bbox 721 1738 927 1794; x_wconf 90' lang='lat' dir='ltr'><strong>arbor?</strong></span> <span class='ocrx_word' id='word_1_130' title='bbox 958 1737 1058 1791; x_wconf 78' lang='lat' dir='ltr'><strong>Est</strong></span> <span class='ocrx_word' id='word_1_131' title='bbox 1088 1735 1213 1789; x_wconf 88' lang='lat' dir='ltr'><strong>huic</strong></span> <span class='ocrx_word' id='word_1_132' title='bbox 1239 1733 1421 1789; x_wconf 89' lang='lat' dir='ltr'><strong>arbori</strong></span> <span class='ocrx_word' id='word_1_133' title='bbox 1456 1748 1580 1785; x_wconf 89' lang='lat' dir='ltr'><strong>cum</strong></span> <span class='ocrx_word' id='word_1_134' title='bbox 1610 1732 1775 1786; x_wconf 89' lang='lat' dir='ltr'><strong>corde</strong></span> <span class='ocrx_word' id='word_1_135' title='bbox 1798 1731 2047 1800; x_wconf 57' lang='lat' dir='ltr'><strong>quaedam</strong></span> <span class='ocrx_word' id='word_1_136' title='bbox 2082 1728 2157 1783; x_wconf 90' lang='lat' dir='ltr'><strong>si-</strong></span> 
     </span>
    </p>
   </div>
   <div class='ocr_carea' id='block_1_23' title="bbox 564 1819 2156 1896">
    <p class='ocr_par' dir='ltr' id='par_1_23' title="bbox 564 1819 2156 1896">
     <span class='ocr_line' id='line_1_23' title="bbox 564 1819 2156 1896; baseline -0.009 -10"><span class='ocrx_word' id='word_1_137' title='bbox 564 1830 861 1896; x_wconf 89' lang='lat' dir='ltr'><strong>militudo;</strong></span> <span class='ocrx_word' id='word_1_138' title='bbox 912 1827 1113 1881; x_wconf 89' lang='lat' dir='ltr'><strong>etenim</strong></span> <span class='ocrx_word' id='word_1_139' title='bbox 1150 1834 1211 1879; x_wconf 89' lang='lat' dir='ltr'><strong>ut</strong></span> <span class='ocrx_word' id='word_1_140' title='bbox 1260 1838 1357 1879; x_wconf 89' lang='lat' dir='ltr'><strong>cor</strong></span> <span class='ocrx_word' id='word_1_141' title='bbox 1388 1823 1632 1877; x_wconf 90' lang='lat' dir='ltr'><strong>medium</strong></span> <span class='ocrx_word' id='word_1_142' title='bbox 1673 1823 1727 1875; x_wconf 93' lang='lat' dir='ltr'><strong>in</strong></span> <span class='ocrx_word' id='word_1_143' title='bbox 1778 1836 2007 1891; x_wconf 88' lang='lat' dir='ltr'><strong>corpore</strong></span> <span class='ocrx_word' id='word_1_144' title='bbox 2035 1819 2156 1873; x_wconf 87' lang='lat' dir='ltr'><strong>ani-</strong></span> 
     </span>
    </p>
   </div>
   <div class='ocr_carea' id='block_1_24' title="bbox 565 1910 2156 1983">
    <p class='ocr_par' dir='ltr' id='par_1_24' title="bbox 565 1910 2156 1983">
     <span class='ocr_line' id='line_1_24' title="bbox 565 1910 2156 1983; baseline -0.009 -6"><span class='ocrx_word' id='word_1_145' title='bbox 565 1921 696 1977; x_wconf 74' lang='lat' dir='ltr'><strong>mali</strong></span> <span class='ocrx_word' id='word_1_146' title='bbox 725 1916 1103 1983; x_wconf 86' lang='lat' dir='ltr'><strong>constituitur,</strong></span> <span class='ocrx_word' id='word_1_147' title='bbox 1139 1914 1220 1970; x_wconf 93' lang='lat' dir='ltr'><strong>sic</strong></span> <span class='ocrx_word' id='word_1_148' title='bbox 1252 1913 1345 1967; x_wconf 88' lang='lat' dir='ltr'><strong>illa</strong></span> <span class='ocrx_word' id='word_1_149' title='bbox 1382 1914 1509 1967; x_wconf 72' lang='lat' dir='ltr'><strong>vita:</strong></span> <span class='ocrx_word' id='word_1_150' title='bbox 1539 1912 1710 1966; x_wconf 90' lang='lat' dir='ltr'><strong>arbor</strong></span> <span class='ocrx_word' id='word_1_151' title='bbox 1749 1911 1804 1965; x_wconf 91' lang='lat' dir='ltr'><strong>in</strong></span> <span class='ocrx_word' id='word_1_152' title='bbox 1835 1910 2013 1965; x_wconf 90' lang='lat' dir='ltr'><strong>medio</strong></span> <span class='ocrx_word' id='word_1_153' title='bbox 2060 1925 2156 1979; x_wconf 82' lang='lat' dir='ltr'><strong>pa-</strong></span> 
     </span>
    </p>
   </div>
   <div class='ocr_carea' id='block_1_25' title="bbox 563 2008 2153 2079">
    <p class='ocr_par' dir='ltr' id='par_1_25' title="bbox 563 2008 2153 2079">
     <span class='ocr_line' id='line_1_25' title="bbox 563 2008 2153 2079; baseline -0.009 -7"><span class='ocrx_word' id='word_1_154' title='bbox 563 2017 735 2072; x_wconf 90' lang='lat' dir='ltr'><strong>radisi</strong></span> <span class='ocrx_word' id='word_1_155' title='bbox 764 2013 1043 2069; x_wconf 77' lang='lat' dir='ltr'><strong>crescebat</strong></span> <span class='ocrx_word' id='word_1_156' title='bbox 1071 2028 1087 2078; x_wconf 90' lang='lat'><strong>;</strong></span> <span class='ocrx_word' id='word_1_157' title='bbox 1125 2011 1234 2075; x_wconf 90' lang='lat' dir='ltr'><strong>vel,</strong></span> <span class='ocrx_word' id='word_1_158' title='bbox 1259 2010 1301 2067; x_wconf 87' lang='lat' dir='ltr'><strong>si</strong></span> <span class='ocrx_word' id='word_1_159' title='bbox 1330 2009 1429 2063; x_wconf 87' lang='lat' dir='ltr'><strong>tibi</strong></span> <span class='ocrx_word' id='word_1_160' title='bbox 1455 2009 1630 2079; x_wconf 88' lang='lat' dir='ltr'><strong>placet</strong></span> <span class='ocrx_word' id='word_1_161' title='bbox 1663 2008 1927 2079; x_wconf 85' lang='lat' dir='ltr'><strong>mysticus</strong></span> <span class='ocrx_word' id='word_1_162' title='bbox 1950 2019 2153 2069; x_wconf 87' lang='lat' dir='ltr'><strong>sermo,</strong></span> 
     </span>
    </p>
   </div>
   <div class='ocr_carea' id='block_1_26' title="bbox 564 2098 2156 2172">
    <p class='ocr_par' dir='ltr' id='par_1_26' title="bbox 564 2098 2156 2172">
     <span class='ocr_line' id='line_1_26' title="bbox 564 2098 2156 2172; baseline -0.007 -8"><span class='ocrx_word' id='word_1_163' title='bbox 564 2124 783 2164; x_wconf 84' lang='lat' dir='ltr'><strong>summa</strong></span> <span class='ocrx_word' id='word_1_164' title='bbox 850 2108 1029 2162; x_wconf 78' lang='lat' dir='ltr'><strong>virtus</strong></span> <span class='ocrx_word' id='word_1_165' title='bbox 1084 2104 1345 2159; x_wconf 87' lang='lat' dir='ltr'><strong>rationali</strong></span> <span class='ocrx_word' id='word_1_166' title='bbox 1400 2103 1599 2157; x_wconf 89' lang='lat' dir='ltr'><strong>arbore</strong></span> <span class='ocrx_word' id='word_1_167' title='bbox 1664 2102 1922 2172; x_wconf 85' lang='lat' dir='ltr'><strong>ﬁgurata,</strong></span> <span class='ocrx_word' id='word_1_168' title='bbox 1995 2098 2156 2168; x_wconf 82' lang='lat' dir='ltr'><strong>quasi</strong></span> 
     </span>
    </p>
   </div>
   <div class='ocr_carea' id='block_1_27' title="bbox 565 2190 2154 2263">
    <p class='ocr_par' dir='ltr' id='par_1_27' title="bbox 565 2190 2154 2263">
     <span class='ocr_line' id='line_1_27' title="bbox 565 2190 2154 2263; baseline -0.007 -7"><span class='ocrx_word' id='word_1_169' title='bbox 565 2201 769 2263; x_wconf 88' lang='lat' dir='ltr'><strong>media,</strong></span> <span class='ocrx_word' id='word_1_170' title='bbox 795 2213 1012 2255; x_wconf 78' lang='grc' dir='ltr'>ειιιιιιιιο</span> <span class='ocrx_word' id='word_1_171' title='bbox 1062 2212 1093 2251; x_wconf 91' lang='lat' dir='ltr'><strong>e</strong></span> <span class='ocrx_word' id='word_1_172' title='bbox 1126 2204 1312 2251; x_wconf 90' lang='lat' dir='ltr'><strong>monte</strong></span> <span class='ocrx_word' id='word_1_173' title='bbox 1343 2196 1399 2249; x_wconf 87' lang='lat' dir='ltr'><strong>in</strong></span> <span class='ocrx_word' id='word_1_174' title='bbox 1434 2210 1655 2250; x_wconf 91' lang='lat' dir='ltr'><strong>omnem</strong></span> <span class='ocrx_word' id='word_1_175' title='bbox 1686 2194 1853 2248; x_wconf 83' lang='lat' dir='ltr'><strong>vitam</strong></span> <span class='ocrx_word' id='word_1_176' title='bbox 1910 2190 2154 2261; x_wconf 86' lang='lat' dir='ltr'><strong>proﬂuit.</strong></span> 
     </span>
    </p>
   </div>
   <div class='ocr_carea' id='block_1_28' title="bbox 567 2280 2157 2362">
    <p class='ocr_par' dir='ltr' id='par_1_28' title="bbox 567 2280 2157 2362">
     <span class='ocr_line' id='line_1_28' title="bbox 567 2280 2157 2362; baseline -0.009 -14"><span class='ocrx_word' id='word_1_177' title='bbox 567 2291 752 2362; x_wconf 84' lang='lat' dir='ltr'><strong>thue</strong></span> <span class='ocrx_word' id='word_1_178' title='bbox 779 2292 889 2345; x_wconf 75' lang='lat' dir='ltr'><strong>vita</strong></span> <span class='ocrx_word' id='word_1_179' title='bbox 950 2288 1130 2343; x_wconf 90' lang='lat' dir='ltr'><strong>medio</strong></span> <span class='ocrx_word' id='word_1_180' title='bbox 1156 2302 1188 2342; x_wconf 91' lang='lat' dir='ltr'><strong>e</strong></span> <span class='ocrx_word' id='word_1_181' title='bbox 1222 2299 1455 2356; x_wconf 88' lang='lat' dir='ltr'><strong>corpore</strong></span> <span class='ocrx_word' id='word_1_182' title='bbox 1528 2284 1754 2350; x_wconf 79' lang='lat' dir='ltr'><strong>diﬁ‘usa,</strong></span> <span class='ocrx_word' id='word_1_183' title='bbox 1795 2296 1988 2338; x_wconf 86' lang='lat' dir='ltr'><strong>omnes</strong></span> <span class='ocrx_word' id='word_1_184' title='bbox 2036 2280 2157 2335; x_wconf 93' lang='lat' dir='ltr'><strong>ani-</strong></span> 
     </span>
    </p>
   </div>
   <div class='ocr_carea' id='block_1_29' title="bbox 565 2375 2159 2454">
    <p class='ocr_par' dir='ltr' id='par_1_29' title="bbox 565 2375 2159 2454">
     <span class='ocr_line' id='line_1_29' title="bbox 565 2375 2159 2454; baseline -0.009 -13"><span class='ocrx_word' id='word_1_185' title='bbox 565 2386 730 2441; x_wconf 87' lang='lat' dir='ltr'><strong>malis</strong></span> <span class='ocrx_word' id='word_1_186' title='bbox 764 2392 949 2454; x_wconf 89' lang='lat' dir='ltr'><strong>partes</strong></span> <span class='ocrx_word' id='word_1_187' title='bbox 972 2383 1126 2436; x_wconf 81' lang='lat' dir='ltr'><strong>vivas</strong></span> <span class='ocrx_word' id='word_1_188' title='bbox 1158 2388 1213 2435; x_wconf 92' lang='lat' dir='ltr'><strong>et</strong></span> <span class='ocrx_word' id='word_1_189' title='bbox 1241 2379 1619 2434; x_wconf 84' lang='lat' dir='ltr'><strong>coalescentes</strong></span> <span class='ocrx_word' id='word_1_190' title='bbox 1650 2385 1821 2441; x_wconf 89' lang='lat' dir='ltr'><strong>tenet,</strong></span> <span class='ocrx_word' id='word_1_191' title='bbox 1865 2376 1946 2430; x_wconf 91' lang='lat' dir='ltr'><strong>sic</strong></span> <span class='ocrx_word' id='word_1_192' title='bbox 1977 2375 2070 2429; x_wconf 89' lang='lat' dir='ltr'><strong>illa</strong></span> <span class='ocrx_word' id='word_1_193' title='bbox 2090 2389 2159 2429; x_wconf 81' lang='lat' dir='ltr'><strong>ex</strong></span> 
     </span>
    </p>
   </div>
   <div class='ocr_carea' id='block_1_30' title="bbox 566 2468 2159 2538">
    <p class='ocr_par' dir='ltr' id='par_1_30' title="bbox 566 2468 2159 2538">
     <span class='ocr_line' id='line_1_30' title="bbox 566 2468 2159 2538; baseline -0.009 -4"><span class='ocrx_word' id='word_1_194' title='bbox 566 2479 752 2534; x_wconf 90' lang='lat' dir='ltr'><strong>medio</strong></span> <span class='ocrx_word' id='word_1_195' title='bbox 800 2475 970 2531; x_wconf 87' lang='lat' dir='ltr'><strong>veluti</strong></span> <span class='ocrx_word' id='word_1_196' title='bbox 1002 2474 1158 2528; x_wconf 83' lang='lat' dir='ltr'><strong>fonte</strong></span> <span class='ocrx_word' id='word_1_197' title='bbox 1198 2472 1425 2537; x_wconf 91' lang='lat' dir='ltr'><strong>emissa,</strong></span> <span class='ocrx_word' id='word_1_198' title='bbox 1455 2485 1649 2525; x_wconf 87' lang='lat' dir='ltr'><strong>omnes</strong></span> <span class='ocrx_word' id='word_1_199' title='bbox 1694 2470 1928 2523; x_wconf 78' lang='lat' dir='ltr'><strong>virtutes</strong></span> <span class='ocrx_word' id='word_1_200' title='bbox 1964 2468 2159 2538; x_wconf 80' lang='lat' dir='ltr'><strong>irrigat</strong></span> 
     </span>
    </p>
   </div>
   <div class='ocr_carea' id='block_1_31' title="bbox 564 2561 2160 2637">
    <p class='ocr_par' dir='ltr' id='par_1_31' title="bbox 564 2561 2160 2637">
     <span class='ocr_line' id='line_1_31' title="bbox 564 2561 2160 2637; baseline -0.008 -12"><span class='ocrx_word' id='word_1_201' title='bbox 564 2583 621 2625; x_wconf 86' lang='lat' dir='ltr'><strong>et</strong></span> <span class='ocrx_word' id='word_1_202' title='bbox 644 2569 839 2625; x_wconf 88' lang='lat' dir='ltr'><strong>nutrit.</strong></span> <span class='ocrx_word' id='word_1_203' title='bbox 856 2567 1035 2637; x_wconf 87' lang='lat' dir='ltr'><strong>Prope</strong></span> <span class='ocrx_word' id='word_1_204' title='bbox 1068 2565 1421 2635; x_wconf 86' lang='lat' dir='ltr'><strong>intelligercm</strong></span> <span class='ocrx_word' id='word_1_205' title='bbox 1460 2564 1712 2617; x_wconf 87' lang='lat' dir='ltr'><strong>arborem</strong></span> <span class='ocrx_word' id='word_1_206' title='bbox 1735 2562 1859 2617; x_wconf 65' lang='lat' dir='ltr'><strong>vita:</strong></span> <span class='ocrx_word' id='word_1_207' title='bbox 1886 2562 1939 2617; x_wconf 92' lang='lat' dir='ltr'><strong>in</strong></span> <span class='ocrx_word' id='word_1_208' title='bbox 1982 2561 2160 2614; x_wconf 88' lang='lat' dir='ltr'><strong>medio</strong></span> 
     </span>
    </p>
   </div>
   <div class='ocr_carea' id='block_1_32' title="bbox 564 2656 2159 2732">
    <p class='ocr_par' dir='ltr' id='par_1_32' title="bbox 564 2656 2159 2732">
     <span class='ocr_line' id='line_1_32' title="bbox 564 2656 2159 2732; baseline -0.004 -15"><span class='ocrx_word' id='word_1_209' title='bbox 564 2662 821 2732; x_wconf 85' lang='lat' dir='ltr'><strong>paradiso</strong></span> <span class='ocrx_word' id='word_1_210' title='bbox 848 2660 1104 2731; x_wconf 86' lang='lat' dir='ltr'><strong>positam,</strong></span> <span class='ocrx_word' id='word_1_211' title='bbox 1139 2660 1270 2727; x_wconf 84' lang='lat' dir='ltr'><strong>quia</strong></span> <span class='ocrx_word' id='word_1_212' title='bbox 1295 2656 1573 2722; x_wconf 86' lang='lat' dir='ltr'><strong>Christus,</strong></span> <span class='ocrx_word' id='word_1_213' title='bbox 1608 2657 1715 2711; x_wconf 84' lang='lat' dir='ltr'><strong>vita</strong></span> <span class='ocrx_word' id='word_1_214' title='bbox 1746 2667 1957 2721; x_wconf 78' lang='lat' dir='ltr'><strong>nostra,</strong></span> <span class='ocrx_word' id='word_1_215' title='bbox 1981 2657 2159 2712; x_wconf 85' lang='lat' dir='ltr'><strong>media</strong></span> 
     </span>
    </p>
   </div>
   <div class='ocr_carea' id='block_1_33' title="bbox 568 2747 2161 2819">
    <p class='ocr_par' dir='ltr' id='par_1_33' title="bbox 568 2747 2161 2819">
     <span class='ocr_line' id='line_1_33' title="bbox 568 2747 2161 2819; baseline -0.002 -12"><span class='ocrx_word' id='word_1_216' title='bbox 568 2755 626 2806; x_wconf 88' lang='lat' dir='ltr'><strong>in</strong></span> <span class='ocrx_word' id='word_1_217' title='bbox 663 2761 809 2807; x_wconf 88' lang='lat' dir='ltr'><strong>terra</strong></span> <span class='ocrx_word' id='word_1_218' title='bbox 848 2749 996 2804; x_wconf 89' lang='lat' dir='ltr'><strong>cruci</strong></span> <span class='ocrx_word' id='word_1_219' title='bbox 1031 2764 1130 2818; x_wconf 90' lang='lat' dir='ltr'><strong>pro</strong></span> <span class='ocrx_word' id='word_1_220' title='bbox 1156 2749 1318 2802; x_wconf 91' lang='lat' dir='ltr'><strong>nobis</strong></span> <span class='ocrx_word' id='word_1_221' title='bbox 1376 2747 1571 2801; x_wconf 77' lang='lat' dir='ltr'><strong>atﬁxus</strong></span> <span class='ocrx_word' id='word_1_222' title='bbox 1624 2757 1731 2804; x_wconf 88' lang='lat' dir='ltr'><strong>est.</strong></span> <span class='ocrx_word' id='word_1_223' title='bbox 1758 2747 2007 2819; x_wconf 86' lang='lat' dir='ltr'><strong>Namque</strong></span> <span class='ocrx_word' id='word_1_224' title='bbox 2032 2752 2161 2805; x_wconf 86' lang='lat' dir='ltr'><strong>huic</strong></span> 
     </span>
    </p>
   </div>
   <div class='ocr_carea' id='block_1_34' title="bbox 567 2841 2160 2915">
    <p class='ocr_par' dir='ltr' id='par_1_34' title="bbox 567 2841 2160 2915">
     <span class='ocr_line' id='line_1_34' title="bbox 567 2841 2160 2915; baseline -0.001 -17"><span class='ocrx_word' id='word_1_225' title='bbox 567 2846 719 2915; x_wconf 86' lang='lat' dir='ltr'><strong>ligno</strong></span> <span class='ocrx_word' id='word_1_226' title='bbox 745 2842 891 2912; x_wconf 91' lang='lat' dir='ltr'><strong>quod</strong></span> <span class='ocrx_word' id='word_1_227' title='bbox 940 2841 1181 2895; x_wconf 90' lang='lat' dir='ltr'><strong>medium</strong></span> <span class='ocrx_word' id='word_1_228' title='bbox 1220 2842 1275 2893; x_wconf 91' lang='lat' dir='ltr'><strong>in</strong></span> <span class='ocrx_word' id='word_1_229' title='bbox 1312 2842 1471 2894; x_wconf 84' lang='lat' dir='ltr'><strong>terris</strong></span> <span class='ocrx_word' id='word_1_230' title='bbox 1498 2850 1637 2907; x_wconf 90' lang='lat' dir='ltr'><strong>erat,</strong></span> <span class='ocrx_word' id='word_1_231' title='bbox 1693 2842 1839 2895; x_wconf 85' lang='lat' dir='ltr'><strong>haud</strong></span> <span class='ocrx_word' id='word_1_232' title='bbox 1887 2842 2160 2899; x_wconf 88' lang='lat' dir='ltr'><strong>absimilis</strong></span> 
     </span>
    </p>
   </div>
   <div class='ocr_carea' id='block_1_35' title="bbox 569 2933 2159 2991">
    <p class='ocr_par' dir='ltr' id='par_1_35' title="bbox 569 2933 2159 2991">
     <span class='ocr_line' id='line_1_35' title="bbox 569 2933 2159 2991; baseline 0 0"><span class='ocrx_word' id='word_1_233' title='bbox 569 2952 707 2991; x_wconf 68' lang='lat' dir='ltr'><strong>crux</strong></span> <span class='ocrx_word' id='word_1_234' title='bbox 744 2934 1064 2990; x_wconf 82' lang='lat' dir='ltr'><strong>dicitur.De</strong></span> <span class='ocrx_word' id='word_1_235' title='bbox 1087 2933 1283 2987; x_wconf 88' lang='lat' dir='ltr'><strong>arbore</strong></span> <span class='ocrx_word' id='word_1_236' title='bbox 1317 2933 1561 2987; x_wconf 72' lang='lat' dir='ltr'><strong>scientia:</strong></span> <span class='ocrx_word' id='word_1_237' title='bbox 1594 2934 1722 2987; x_wconf 88' lang='lat' dir='ltr'><strong>boni</strong></span> <span class='ocrx_word' id='word_1_238' title='bbox 1754 2945 1808 2988; x_wconf 88' lang='lat' dir='ltr'><strong>et</strong></span> <span class='ocrx_word' id='word_1_239' title='bbox 1830 2936 1960 2989; x_wconf 85' lang='lat' dir='ltr'><strong>mali</strong></span> <span class='ocrx_word' id='word_1_240' title='bbox 1996 2936 2159 2991; x_wconf 88' lang='lat' dir='ltr'><strong>verba</strong></span> 
     </span>
    </p>
   </div>
   <div class='ocr_carea' id='block_1_36' title="bbox 569 3025 2161 3100">
    <p class='ocr_par' dir='ltr' id='par_1_36' title="bbox 569 3025 2161 3100">
     <span class='ocr_line' id='line_1_36' title="bbox 569 3025 2161 3100; baseline 0.001 -18"><span class='ocrx_word' id='word_1_241' title='bbox 569 3029 792 3100; x_wconf 87' lang='lat' dir='ltr'><strong>quidem</strong></span> <span class='ocrx_word' id='word_1_242' title='bbox 820 3026 962 3083; x_wconf 82' lang='lat' dir='ltr'><strong>facta</strong></span> <span class='ocrx_word' id='word_1_243' title='bbox 1014 3034 1165 3093; x_wconf 87' lang='lat' dir='ltr'><strong>sunt,</strong></span> <span class='ocrx_word' id='word_1_244' title='bbox 1195 3025 1381 3079; x_wconf 92' lang='lat' dir='ltr'><strong>nullus</strong></span> <span class='ocrx_word' id='word_1_245' title='bbox 1413 3034 1597 3080; x_wconf 86' lang='lat' dir='ltr'><strong>autem</strong></span> <span class='ocrx_word' id='word_1_246' title='bbox 1648 3026 1803 3083; x_wconf 78' lang='lat' dir='ltr'><strong>locus</strong></span> <span class='ocrx_word' id='word_1_247' title='bbox 1849 3029 2161 3099; x_wconf 87' lang='lat' dir='ltr'><strong>assignatus</strong></span> 
     </span>
    </p>
   </div>
   <div class='ocr_carea' id='block_1_37' title="bbox 571 3118 2157 3187">
    <p class='ocr_par' dir='ltr' id='par_1_37' title="bbox 571 3118 2157 3187">
     <span class='ocr_line' id='line_1_37' title="bbox 571 3118 2157 3187; baseline 0 -10"><span class='ocrx_word' id='word_1_248' title='bbox 571 3131 679 3177; x_wconf 88' lang='lat' dir='ltr'><strong>cst.</strong></span> <span class='ocrx_word' id='word_1_249' title='bbox 707 3120 827 3187; x_wconf 83' lang='lat' dir='ltr'><strong>Qua</strong></span> <span class='ocrx_word' id='word_1_250' title='bbox 850 3121 914 3174; x_wconf 87' lang='lat' dir='ltr'><strong>de</strong></span> <span class='ocrx_word' id='word_1_251' title='bbox 944 3118 1155 3174; x_wconf 80' lang='lat' dir='ltr'><strong>causa?</strong></span> <span class='ocrx_word' id='word_1_252' title='bbox 1186 3118 1324 3184; x_wconf 84' lang='lat' dir='ltr'><strong>Quia</strong></span> <span class='ocrx_word' id='word_1_253' title='bbox 1378 3118 1585 3173; x_wconf 86' lang='lat' dir='ltr'><strong>malitia</strong></span> <span class='ocrx_word' id='word_1_254' title='bbox 1613 3119 1795 3175; x_wconf 90' lang='lat' dir='ltr'><strong>locum</strong></span> <span class='ocrx_word' id='word_1_255' title='bbox 1831 3137 1937 3175; x_wconf 87' lang='lat' dir='ltr'><strong>non</strong></span> <span class='ocrx_word' id='word_1_256' title='bbox 1975 3122 2157 3187; x_wconf 72' lang='lat' dir='ltr'><strong>habet,</strong></span> 
     </span>
    </p>
   </div>
   <div class='ocr_carea' id='block_1_38' title="bbox 571 3211 2163 3283">
    <p class='ocr_par' dir='ltr' id='par_1_38' title="bbox 571 3211 2163 3283">
     <span class='ocr_line' id='line_1_38' title="bbox 571 3211 2163 3283; baseline -0.001 -12"><span class='ocrx_word' id='word_1_257' title='bbox 571 3214 668 3272; x_wconf 86' lang='lat' dir='ltr'><strong>sed</strong></span> <span class='ocrx_word' id='word_1_258' title='bbox 690 3214 879 3269; x_wconf 88' lang='lat' dir='ltr'><strong>virtuti</strong></span> <span class='ocrx_word' id='word_1_259' title='bbox 912 3211 1306 3283; x_wconf 78' lang='lat' dir='ltr'><strong>propemodum</strong></span> <span class='ocrx_word' id='word_1_260' title='bbox 1337 3211 1611 3278; x_wconf 77' lang='lat' dir='ltr'><strong>colueret;</strong></span> <span class='ocrx_word' id='word_1_261' title='bbox 1654 3211 1852 3267; x_wconf 87' lang='lat' dir='ltr'><strong>melius</strong></span> <span class='ocrx_word' id='word_1_262' title='bbox 1898 3228 2026 3268; x_wconf 86' lang='lat' dir='ltr'><strong>vero</strong></span> <span class='ocrx_word' id='word_1_263' title='bbox 2056 3217 2163 3269; x_wconf 89' lang='lat' dir='ltr'><strong>erit</strong></span> 
     </span>
    </p>
   </div>
   <div class='ocr_carea' id='block_1_39' title="bbox 572 3304 1318 3377">
    <p class='ocr_par' dir='ltr' id='par_1_39' title="bbox 572 3304 1318 3377">
     <span class='ocr_line' id='line_1_39' title="bbox 572 3304 1318 3377; baseline -0.008 -14"><span class='ocrx_word' id='word_1_264' title='bbox 572 3309 641 3363; x_wconf 87' lang='lat' dir='ltr'><strong>de</strong></span> <span class='ocrx_word' id='word_1_265' title='bbox 673 3307 759 3362; x_wconf 91' lang='lat' dir='ltr'><strong>his</strong></span> <span class='ocrx_word' id='word_1_266' title='bbox 786 3316 977 3377; x_wconf 85' lang='lat' dir='ltr'><strong>postea</strong></span> <span class='ocrx_word' id='word_1_267' title='bbox 1014 3304 1318 3373; x_wconf 76' lang='lat' dir='ltr'><strong>disputare.</strong></span> 
     </span>
    </p>
   </div>
   <div class='ocr_carea' id='block_1_40' title="bbox 2336 1172 3862 1247">
    <p class='ocr_par' dir='ltr' id='par_1_40' title="bbox 2336 1172 3862 1247">
     <span class='ocr_line' id='line_1_40' title="bbox 2336 1172 3862 1247; baseline 0.003 -22"><span class='ocrx_word' id='word_1_268' title='bbox 2336 1172 2425 1225; x_wconf 89' lang='grc' dir='ltr'><strong>Ἐν</strong></span> <span class='ocrx_word' id='word_1_269' title='bbox 2455 1172 2513 1225; x_wconf 85' lang='grc' dir='ltr'><strong>δέ</strong></span> <span class='ocrx_word' id='word_1_270' title='bbox 2559 1172 2636 1243; x_wconf 82' lang='grc' dir='ltr'><strong>τῷ</strong></span> <span class='ocrx_word' id='word_1_271' title='bbox 2665 1173 2982 1245; x_wconf 80' lang='grc' dir='ltr'>παραδείσῳ</span> <span class='ocrx_word' id='word_1_272' title='bbox 3013 1174 3191 1237; x_wconf 75' lang='grc' dir='ltr'>τεθεὶς</span> <span class='ocrx_word' id='word_1_273' title='bbox 3229 1174 3258 1227; x_wconf 81' lang='grc'>6</span> <span class='ocrx_word' id='word_1_274' title='bbox 3302 1174 3472 1245; x_wconf 79' lang='grc' dir='ltr'>Ἀδὰμ</span> <span class='ocrx_word' id='word_1_275' title='bbox 3524 1175 3629 1228; x_wconf 85' lang='grc' dir='ltr'><strong>οὐκ</strong></span> <span class='ocrx_word' id='word_1_276' title='bbox 3676 1175 3862 1247; x_wconf 74' lang='grc' dir='ltr'>ἀργὸν</span> 
     </span>
    </p>
   </div>
   <div class='ocr_carea' id='block_1_41' title="bbox 2252 1264 3863 1339">
    <p class='ocr_par' dir='ltr' id='par_1_41' title="bbox 2252 1264 3863 1339">
     <span class='ocr_line' id='line_1_41' title="bbox 2252 1264 3863 1339; baseline 0.002 -20"><span class='ocrx_word' id='word_1_277' title='bbox 2252 1264 2374 1319; x_wconf 77' lang='grc' dir='ltr'>οὐδὲ</span> <span class='ocrx_word' id='word_1_278' title='bbox 2423 1264 2709 1336; x_wconf 79' lang='grc' dir='ltr'>ἄπρακτον</span> <span class='ocrx_word' id='word_1_279' title='bbox 2764 1266 3110 1321; x_wconf 82' lang='grc' dir='ltr'>ἐπολιτεύετο</span> <span class='ocrx_word' id='word_1_280' title='bbox 3168 1267 3306 1337; x_wconf 84' lang='grc' dir='ltr'>βίον,</span> <span class='ocrx_word' id='word_1_281' title='bbox 3341 1268 3457 1322; x_wconf 85' lang='grc' dir='ltr'>ἀλλ’</span> <span class='ocrx_word' id='word_1_282' title='bbox 3489 1268 3700 1337; x_wconf 84' lang='grc' dir='ltr'>ἀρετῆς</span> <span class='ocrx_word' id='word_1_283' title='bbox 3761 1269 3863 1339; x_wconf 83' lang='grc' dir='ltr'>μὲν</span> 
     </span>
    </p>
   </div>
   <div class='ocr_carea' id='block_1_42' title="bbox 2255 1356 3859 1431">
    <p class='ocr_par' dir='ltr' id='par_1_42' title="bbox 2255 1356 3859 1431">
     <span class='ocr_line' id='line_1_42' title="bbox 2255 1356 3859 1431; baseline 0.002 -23"><span class='ocrx_word' id='word_1_284' title='bbox 2255 1356 2597 1427; x_wconf 86' lang='grc' dir='ltr'>ἐπεμελεῖτο,</span> <span class='ocrx_word' id='word_1_285' title='bbox 2622 1360 2735 1421; x_wconf 83' lang='grc' dir='ltr'>τοῖς</span> <span class='ocrx_word' id='word_1_286' title='bbox 2779 1358 2836 1410; x_wconf 82' lang='grc' dir='ltr'><strong>δὲ</strong></span> <span class='ocrx_word' id='word_1_287' title='bbox 2862 1362 2983 1411; x_wconf 83' lang='grc' dir='ltr'>κατ’</span> <span class='ocrx_word' id='word_1_288' title='bbox 3012 1361 3184 1429; x_wconf 78' lang='grc' dir='ltr'>αὐτὴν</span> <span class='ocrx_word' id='word_1_289' title='bbox 3234 1359 3418 1431; x_wconf 79' lang='grc' dir='ltr'>ἔργοις</span> <span class='ocrx_word' id='word_1_290' title='bbox 3452 1360 3814 1430; x_wconf 86' lang='grc' dir='ltr'>ἐνησχολείτο</span> <span class='ocrx_word' id='word_1_291' title='bbox 3843 1374 3859 1389; x_wconf 99' lang='grc'><strong>⁸</strong></span> 
     </span>
    </p>
   </div>
   <div class='ocr_carea' id='block_1_43' title="bbox 2254 1448 3861 1522">
    <p class='ocr_par' dir='ltr' id='par_1_43' title="bbox 2254 1448 3861 1522">
     <span class='ocr_line' id='line_1_43' title="bbox 2254 1448 3861 1522; baseline 0.002 -22"><span class='ocrx_word' id='word_1_292' title='bbox 2254 1449 2338 1501; x_wconf 80' lang='grc' dir='ltr'><strong>διὸ</strong></span> <span class='ocrx_word' id='word_1_293' title='bbox 2375 1450 2471 1501; x_wconf 74' lang='grc' dir='ltr'><strong>καὶ</strong></span> <span class='ocrx_word' id='word_1_294' title='bbox 2501 1449 2667 1519; x_wconf 80' lang='grc' dir='ltr'>ἡνίκα</span> <span class='ocrx_word' id='word_1_295' title='bbox 2704 1450 2799 1503; x_wconf 81' lang='grc' dir='ltr'><strong>τοῦ</strong></span> <span class='ocrx_word' id='word_1_296' title='bbox 2845 1451 3020 1519; x_wconf 82' lang='grc' dir='ltr'>φύλαξ</span> <span class='ocrx_word' id='word_1_297' title='bbox 3060 1448 3199 1505; x_wconf 82' lang='grc' dir='ltr'>εἶναι</span> <span class='ocrx_word' id='word_1_298' title='bbox 3235 1455 3337 1522; x_wconf 86' lang='grc' dir='ltr'><strong>τῆς</strong></span> <span class='ocrx_word' id='word_1_299' title='bbox 3382 1453 3586 1522; x_wconf 80' lang='grc' dir='ltr'>ἀρετῆς</span> <span class='ocrx_word' id='word_1_300' title='bbox 3617 1452 3722 1504; x_wconf 65' lang='grc' dir='ltr'><strong>καὶ</strong></span> <span class='ocrx_word' id='word_1_301' title='bbox 3747 1451 3861 1503; x_wconf 79' lang='grc' dir='ltr'><strong>τῶν</strong></span> 
     </span>
    </p>
   </div>
   <div class='ocr_carea' id='block_1_44' title="bbox 2255 1540 3863 1617">
    <p class='ocr_par' dir='ltr' id='par_1_44' title="bbox 2255 1540 3863 1617">
     <span class='ocr_line' id='line_1_44' title="bbox 2255 1540 3863 1617; baseline 0.003 -23"><span class='ocrx_word' id='word_1_302' title='bbox 2255 1540 2557 1611; x_wconf 83' lang='grc' dir='ltr'>δεδομένων</span> <span class='ocrx_word' id='word_1_303' title='bbox 2608 1543 2825 1615; x_wconf 87' lang='grc' dir='ltr'>ἐξέστη,</span> <span class='ocrx_word' id='word_1_304' title='bbox 2864 1546 2959 1598; x_wconf 89' lang='grc' dir='ltr'><strong>τοῦ</strong></span> <span class='ocrx_word' id='word_1_305' title='bbox 3010 1546 3346 1617; x_wconf 83' lang='grc' dir='ltr'>παραδείσου</span> <span class='ocrx_word' id='word_1_306' title='bbox 3406 1546 3506 1617; x_wconf 82' lang='grc' dir='ltr'>τὴν</span> <span class='ocrx_word' id='word_1_307' title='bbox 3547 1545 3863 1616; x_wconf 81' lang='grc' dir='ltr'>ὑπερορίαν</span> 
     </span>
    </p>
   </div>
   <div class='ocr_carea' id='block_1_45' title="bbox 2256 1635 3856 1707">
    <p class='ocr_par' dir='ltr' id='par_1_45' title="bbox 2256 1635 3856 1707">
     <span class='ocr_line' id='line_1_45' title="bbox 2256 1635 3856 1707; baseline 0.003 -20"><span class='ocrx_word' id='word_1_308' title='bbox 2256 1635 2621 1707; x_wconf 81' lang='grc' dir='ltr'>κατεδικάσθη</span> <span class='ocrx_word' id='word_1_309' title='bbox 2646 1652 2659 1666; x_wconf 91' lang='grc'><strong>⁸</strong></span> <span class='ocrx_word' id='word_1_310' title='bbox 2696 1638 2859 1707; x_wconf 83' lang='grc' dir='ltr'>μέσον</span> <span class='ocrx_word' id='word_1_311' title='bbox 2892 1637 2951 1691; x_wconf 76' lang='grc' dir='ltr'>δὲ</span> <span class='ocrx_word' id='word_1_312' title='bbox 3009 1638 3106 1692; x_wconf 89' lang='grc' dir='ltr'><strong>τοῦ</strong></span> <span class='ocrx_word' id='word_1_313' title='bbox 3148 1638 3481 1707; x_wconf 82' lang='grc' dir='ltr'>παραδείσου</span> <span class='ocrx_word' id='word_1_314' title='bbox 3522 1638 3585 1690; x_wconf 82' lang='grc' dir='ltr'><strong>τὸ</strong></span> <span class='ocrx_word' id='word_1_315' title='bbox 3638 1638 3809 1702; x_wconf 84' lang='grc' dir='ltr'>ξύλον</span> <span class='ocrx_word' id='word_1_316' title='bbox 3840 1654 3856 1669; x_wconf 96' lang='grc'><strong>⁸</strong></span> 
     </span>
    </p>
   </div>
   <div class='ocr_carea' id='block_1_46' title="bbox 2257 1725 3858 1801">
    <p class='ocr_par' dir='ltr' id='par_1_46' title="bbox 2257 1725 3858 1801">
     <span class='ocr_line' id='line_1_46' title="bbox 2257 1725 3858 1801; baseline 0.002 -21"><span class='ocrx_word' id='word_1_317' title='bbox 2257 1727 2394 1780; x_wconf 85' lang='grc' dir='ltr'>διότι</span> <span class='ocrx_word' id='word_1_318' title='bbox 2419 1728 2564 1799; x_wconf 76' lang='grc' dir='ltr'>ζωῆς</span> <span class='ocrx_word' id='word_1_319' title='bbox 2609 1725 2678 1799; x_wconf 82' lang='grc' dir='ltr'>ἦν</span> <span class='ocrx_word' id='word_1_320' title='bbox 2728 1729 2887 1795; x_wconf 80' lang='grc' dir='ltr'>ξύλον</span> <span class='ocrx_word' id='word_1_321' title='bbox 2926 1746 2940 1760; x_wconf 94' lang='grc'><strong>⁸</strong></span> <span class='ocrx_word' id='word_1_322' title='bbox 2973 1732 3069 1784; x_wconf 70' lang='grc' dir='ltr'>καὶ</span> <span class='ocrx_word' id='word_1_323' title='bbox 3124 1730 3422 1799; x_wconf 82' lang='grc' dir='ltr'>ἀναλογίαν</span> <span class='ocrx_word' id='word_1_324' title='bbox 3475 1731 3600 1785; x_wconf 89' lang='grc' dir='ltr'><strong>τινά</strong></span> <span class='ocrx_word' id='word_1_325' title='bbox 3654 1732 3858 1801; x_wconf 82' lang='grc' dir='ltr'>ἐπέχει</span> 
     </span>
    </p>
   </div>
   <div class='ocr_carea' id='block_1_47' title="bbox 2260 1822 3859 1897">
    <p class='ocr_par' dir='ltr' id='par_1_47' title="bbox 2260 1822 3859 1897">
     <span class='ocr_line' id='line_1_47' title="bbox 2260 1822 3859 1897; baseline 0.003 -24"><span class='ocrx_word' id='word_1_326' title='bbox 2260 1822 2398 1888; x_wconf 84' lang='grc' dir='ltr'>πρὸς</span> <span class='ocrx_word' id='word_1_327' title='bbox 2427 1823 2525 1891; x_wconf 83' lang='grc' dir='ltr'><strong>τὴν</strong></span> <span class='ocrx_word' id='word_1_328' title='bbox 2552 1823 2778 1892; x_wconf 84' lang='grc' dir='ltr'>καρδίαν</span> <span class='ocrx_word' id='word_1_329' title='bbox 2798 1840 2813 1855; x_wconf 95' lang='grc'><strong>⁸</strong></span> <span class='ocrx_word' id='word_1_330' title='bbox 2855 1824 3048 1896; x_wconf 80' lang='grc' dir='ltr'>ὥσπερ</span> <span class='ocrx_word' id='word_1_331' title='bbox 3079 1824 3172 1879; x_wconf 79' lang='grc' dir='ltr'><strong>οῦν</strong></span> <span class='ocrx_word' id='word_1_332' title='bbox 3203 1825 3343 1897; x_wconf 87' lang='grc' dir='ltr'>αῦτη</span> <span class='ocrx_word' id='word_1_333' title='bbox 3373 1828 3431 1879; x_wconf 89' lang='grc' dir='ltr'><strong>ἐν</strong></span> <span class='ocrx_word' id='word_1_334' title='bbox 3466 1827 3618 1895; x_wconf 84' lang='grc' dir='ltr'>μέσῳ</span> <span class='ocrx_word' id='word_1_335' title='bbox 3651 1826 3739 1896; x_wconf 78' lang='grc' dir='ltr'>τῷ</span> <span class='ocrx_word' id='word_1_336' title='bbox 3762 1826 3859 1879; x_wconf 81' lang='grc' dir='ltr'><strong>τοῦ</strong></span> 
     </span>
    </p>
   </div>
   <div class='ocr_carea' id='block_1_48' title="bbox 2264 1914 3861 1988">
    <p class='ocr_par' dir='ltr' id='par_1_48' title="bbox 2264 1914 3861 1988">
     <span class='ocr_line' id='line_1_48' title="bbox 2264 1914 3861 1988; baseline 0.004 -23"><span class='ocrx_word' id='word_1_337' title='bbox 2264 1914 2407 1978; x_wconf 77' lang='grc' dir='ltr'>ζώου</span> <span class='ocrx_word' id='word_1_338' title='bbox 2470 1916 2878 1987; x_wconf 83' lang='grc' dir='ltr'>καταϐέϐληται</span> <span class='ocrx_word' id='word_1_339' title='bbox 2938 1916 3361 1988; x_wconf 82' lang='grc' dir='ltr'>σώματι,οῦτω</span> <span class='ocrx_word' id='word_1_340' title='bbox 3415 1918 3639 1971; x_wconf 88' lang='grc' dir='ltr'>κάκεῖνο</span> <span class='ocrx_word' id='word_1_341' title='bbox 3708 1917 3861 1987; x_wconf 79' lang='grc' dir='ltr'>ζωῆς</span> 
     </span>
    </p>
   </div>
   <div class='ocr_carea' id='block_1_49' title="bbox 2262 2008 3855 2082">
    <p class='ocr_par' dir='ltr' id='par_1_49' title="bbox 2262 2008 3855 2082">
     <span class='ocr_line' id='line_1_49' title="bbox 2262 2008 3855 2082; baseline 0.002 -22"><span class='ocrx_word' id='word_1_342' title='bbox 2262 2009 2532 2079; x_wconf 80' lang='grc' dir='ltr'>ὑπάρχον,</span> <span class='ocrx_word' id='word_1_343' title='bbox 2577 2008 2735 2074; x_wconf 86' lang='grc' dir='ltr'>ξύλον</span> <span class='ocrx_word' id='word_1_344' title='bbox 2765 2008 2932 2080; x_wconf 83' lang='grc' dir='ltr'>μέσον</span> <span class='ocrx_word' id='word_1_345' title='bbox 2965 2011 3307 2077; x_wconf 84' lang='grc' dir='ltr'>ἐπεφύτευτο</span> <span class='ocrx_word' id='word_1_346' title='bbox 3352 2010 3447 2063; x_wconf 89' lang='grc' dir='ltr'><strong>τοῦ</strong></span> <span class='ocrx_word' id='word_1_347' title='bbox 3478 2011 3855 2082; x_wconf 72' lang='grc' dir='ltr'>παραδείσου*</span> 
     </span>
    </p>
   </div>
   <div class='ocr_carea' id='block_1_50' title="bbox 2259 2102 3858 2175">
    <p class='ocr_par' dir='ltr' id='par_1_50' title="bbox 2259 2102 3858 2175">
     <span class='ocr_line' id='line_1_50' title="bbox 2259 2102 3858 2175; baseline 0.002 -21"><span class='ocrx_word' id='word_1_348' title='bbox 2259 2103 2308 2154; x_wconf 86' lang='grc' dir='ltr'>εἰ</span> <span class='ocrx_word' id='word_1_349' title='bbox 2342 2102 2401 2155; x_wconf 92' lang='grc' dir='ltr'><strong>δέ</strong></span> <span class='ocrx_word' id='word_1_350' title='bbox 2454 2119 2536 2154; x_wconf 91' lang='grc' dir='ltr'><strong>σοι</strong></span> <span class='ocrx_word' id='word_1_351' title='bbox 2594 2102 2751 2170; x_wconf 89' lang='grc' dir='ltr'>φίλον</span> <span class='ocrx_word' id='word_1_352' title='bbox 2786 2103 2881 2155; x_wconf 76' lang='grc' dir='ltr'>καὶ</span> <span class='ocrx_word' id='word_1_353' title='bbox 2905 2104 2933 2156; x_wconf 82' lang='grc' dir='ltr'><strong>δ</strong></span> <span class='ocrx_word' id='word_1_354' title='bbox 2962 2103 3309 2172; x_wconf 81' lang='grc' dir='ltr'>ἀναγωγικδς</span> <span class='ocrx_word' id='word_1_355' title='bbox 3338 2102 3522 2172; x_wconf 83' lang='grc' dir='ltr'>λόγος,</span> <span class='ocrx_word' id='word_1_356' title='bbox 3548 2106 3582 2175; x_wconf 89' lang='grc' dir='ltr'><strong>ή</strong></span> <span class='ocrx_word' id='word_1_357' title='bbox 3615 2120 3858 2172; x_wconf 80' lang='grc' dir='ltr'>γενικω-</span> 
     </span>
    </p>
   </div>
   <div class='ocr_carea' id='block_1_51' title="bbox 2258 2195 3855 2269">
    <p class='ocr_par' dir='ltr' id='par_1_51' title="bbox 2258 2195 3855 2269">
     <span class='ocr_line' id='line_1_51' title="bbox 2258 2195 3855 2269; baseline 0.001 -22"><span class='ocrx_word' id='word_1_358' title='bbox 2258 2196 2418 2265; x_wconf 86' lang='grc' dir='ltr'>τὰτη,</span> <span class='ocrx_word' id='word_1_359' title='bbox 2460 2197 2647 2265; x_wconf 63' lang='grc' dir='ltr'>φασιν,</span> <span class='ocrx_word' id='word_1_360' title='bbox 2678 2195 2849 2268; x_wconf 81' lang='grc' dir='ltr'>ἀρετὴ</span> <span class='ocrx_word' id='word_1_361' title='bbox 2882 2198 2941 2250; x_wconf 89' lang='grc' dir='ltr'><strong>ἐν</strong></span> <span class='ocrx_word' id='word_1_362' title='bbox 2964 2196 3041 2265; x_wconf 84' lang='grc' dir='ltr'>τῷ</span> <span class='ocrx_word' id='word_1_363' title='bbox 3069 2196 3275 2267; x_wconf 80' lang='grc' dir='ltr'>λογικῷ</span> <span class='ocrx_word' id='word_1_364' title='bbox 3315 2196 3666 2269; x_wconf 87' lang='grc' dir='ltr'>θεωρουμένη</span> <span class='ocrx_word' id='word_1_365' title='bbox 3704 2196 3855 2267; x_wconf 80' lang='grc' dir='ltr'><strong>ζὼῳ,</strong></span> 
     </span>
    </p>
   </div>
   <div class='ocr_carea' id='block_1_52' title="bbox 2260 2289 3953 2362">
    <p class='ocr_par' dir='ltr' id='par_1_52' title="bbox 2260 2289 3953 2362">
     <span class='ocr_line' id='line_1_52' title="bbox 2260 2289 3953 2362; baseline -0.002 -17"><span class='ocrx_word' id='word_1_366' title='bbox 2260 2292 2449 2362; x_wconf 78' lang='grc' dir='ltr'>ὥσπερ</span> <span class='ocrx_word' id='word_1_367' title='bbox 2478 2291 2589 2345; x_wconf 81' lang='grc' dir='ltr'><strong>ἀπὸ</strong></span> <span class='ocrx_word' id='word_1_368' title='bbox 2625 2291 2798 2361; x_wconf 85' lang='grc' dir='ltr'>μέσης</span> <span class='ocrx_word' id='word_1_369' title='bbox 2831 2290 2980 2353; x_wconf 83' lang='grc' dir='ltr'>τινὸς</span> <span class='ocrx_word' id='word_1_370' title='bbox 3025 2289 3341 2361; x_wconf 83' lang='grc' dir='ltr'>ἀκρωρείας</span> <span class='ocrx_word' id='word_1_371' title='bbox 3376 2290 3469 2342; x_wconf 77' lang='grc' dir='ltr'><strong>ἐπὶ</strong></span> <span class='ocrx_word' id='word_1_372' title='bbox 3520 2291 3710 2342; x_wconf 80' lang='grc' dir='ltr'>πᾶσαν</span> <span class='ocrx_word' id='word_1_373' title='bbox 3740 2289 3859 2342; x_wconf 88' lang='grc' dir='ltr'>δια·</span> <span class='ocrx_word' id='word_1_374' title='bbox 3948 2304 3953 2309; x_wconf 90' lang='grc'>·</span> 
     </span>
    </p>
   </div>
   <div class='ocr_carea' id='block_1_53' title="bbox 2261 2381 3859 2455">
    <p class='ocr_par' dir='ltr' id='par_1_53' title="bbox 2261 2381 3859 2455">
     <span class='ocr_line' id='line_1_53' title="bbox 2261 2381 3859 2455; baseline 0 -20"><span class='ocrx_word' id='word_1_375' title='bbox 2261 2385 2437 2455; x_wconf 88' lang='grc' dir='ltr'>χεῖται</span> <span class='ocrx_word' id='word_1_376' title='bbox 2484 2383 2686 2454; x_wconf 82' lang='grc' dir='ltr'>πρᾶξιν</span> <span class='ocrx_word' id='word_1_377' title='bbox 2715 2400 2729 2413; x_wconf 95' lang='grc'><strong>⁸</strong></span> <span class='ocrx_word' id='word_1_378' title='bbox 2768 2382 2861 2436; x_wconf 69' lang='grc' dir='ltr'><strong>καὶ</strong></span> <span class='ocrx_word' id='word_1_379' title='bbox 2895 2381 3018 2436; x_wconf 82' lang='grc' dir='ltr'>καθ’</span> <span class='ocrx_word' id='word_1_380' title='bbox 3051 2381 3111 2435; x_wconf 82' lang='grc' dir='ltr'><strong>ὃν</strong></span> <span class='ocrx_word' id='word_1_381' title='bbox 3137 2383 3340 2453; x_wconf 85' lang='grc' dir='ltr'>τρόπον</span> <span class='ocrx_word' id='word_1_382' title='bbox 3375 2385 3409 2454; x_wconf 85' lang='grc' dir='ltr'><strong>ή</strong></span> <span class='ocrx_word' id='word_1_383' title='bbox 3442 2382 3555 2451; x_wconf 78' lang='grc' dir='ltr'><strong>ζωὴ</strong></span> <span class='ocrx_word' id='word_1_384' title='bbox 3585 2385 3650 2436; x_wconf 87' lang='grc' dir='ltr'><strong>ἐκ</strong></span> <span class='ocrx_word' id='word_1_385' title='bbox 3682 2382 3859 2453; x_wconf 78' lang='grc' dir='ltr'>μέσου</span> 
     </span>
    </p>
   </div>
   <div class='ocr_carea' id='block_1_54' title="bbox 2260 2471 3856 2545">
    <p class='ocr_par' dir='ltr' id='par_1_54' title="bbox 2260 2471 3856 2545">
     <span class='ocr_line' id='line_1_54' title="bbox 2260 2471 3856 2545; baseline -0.002 -16"><span class='ocrx_word' id='word_1_386' title='bbox 2260 2473 2406 2537; x_wconf 84' lang='grc' dir='ltr'>τινὸς</span> <span class='ocrx_word' id='word_1_387' title='bbox 2435 2474 2635 2545; x_wconf 85' lang='grc' dir='ltr'>χωρίου</span> <span class='ocrx_word' id='word_1_388' title='bbox 2668 2474 3037 2545; x_wconf 84' lang='grc' dir='ltr'>προχεομένη,</span> <span class='ocrx_word' id='word_1_389' title='bbox 3069 2475 3250 2528; x_wconf 85' lang='grc' dir='ltr'>πάντα</span> <span class='ocrx_word' id='word_1_390' title='bbox 3280 2474 3350 2528; x_wconf 78' lang='grc' dir='ltr'><strong>τὰ</strong></span> <span class='ocrx_word' id='word_1_391' title='bbox 3392 2473 3487 2526; x_wconf 88' lang='grc' dir='ltr'><strong>τοῦ</strong></span> <span class='ocrx_word' id='word_1_392' title='bbox 3522 2471 3661 2538; x_wconf 80' lang='grc' dir='ltr'>ζώου</span> <span class='ocrx_word' id='word_1_393' title='bbox 3713 2473 3856 2545; x_wconf 86' lang='grc' dir='ltr'>μέρη</span> 
     </span>
    </p>
   </div>
   <div class='ocr_carea' id='block_1_55' title="bbox 2263 2562 3969 2635">
    <p class='ocr_par' dir='ltr' id='par_1_55' title="bbox 2263 2562 3969 2635">
     <span class='ocr_line' id='line_1_55' title="bbox 2263 2562 3969 2635; baseline -0.001 -16"><span class='ocrx_word' id='word_1_394' title='bbox 2263 2567 2521 2634; x_wconf 78' lang='grc' dir='ltr'>ζωογονεῖ</span> <span class='ocrx_word' id='word_1_395' title='bbox 2568 2581 2629 2618; x_wconf 89' lang='grc' dir='ltr'><strong>τε</strong></span> <span class='ocrx_word' id='word_1_396' title='bbox 2683 2565 2778 2618; x_wconf 79' lang='grc' dir='ltr'><strong>καὶ</strong></span> <span class='ocrx_word' id='word_1_397' title='bbox 2810 2564 3047 2635; x_wconf 82' lang='grc' dir='ltr'>συνέχει,</span> <span class='ocrx_word' id='word_1_398' title='bbox 3084 2562 3228 2617; x_wconf 74' lang='grc' dir='ltr'>οὕτω</span> <span class='ocrx_word' id='word_1_399' title='bbox 3261 2564 3357 2617; x_wconf 76' lang='grc' dir='ltr'>καὶ</span> <span class='ocrx_word' id='word_1_400' title='bbox 3387 2563 3527 2633; x_wconf 85' lang='grc' dir='ltr'>αῦτη</span> <span class='ocrx_word' id='word_1_401' title='bbox 3570 2565 3635 2617; x_wconf 91' lang='grc' dir='ltr'><strong>ἐκ</strong></span> <span class='ocrx_word' id='word_1_402' title='bbox 3684 2564 3858 2634; x_wconf 81' lang='grc' dir='ltr'>μέσης</span> <span class='ocrx_word' id='word_1_403' title='bbox 3962 2612 3969 2617; x_wconf 91' lang='grc'><strong>.</strong></span> 
     </span>
    </p>
   </div>
   <div class='ocr_carea' id='block_1_56' title="bbox 2260 2655 3859 2728">
    <p class='ocr_par' dir='ltr' id='par_1_56' title="bbox 2260 2655 3859 2728">
     <span class='ocr_line' id='line_1_56' title="bbox 2260 2655 3859 2728; baseline -0.002 -17"><span class='ocrx_word' id='word_1_404' title='bbox 2260 2659 2407 2723; x_wconf 79' lang='grc' dir='ltr'>τινὸς</span> <span class='ocrx_word' id='word_1_405' title='bbox 2445 2658 2609 2711; x_wconf 81' lang='grc' dir='ltr'>οἱονεὶ</span> <span class='ocrx_word' id='word_1_406' title='bbox 2640 2657 2826 2728; x_wconf 87' lang='grc' dir='ltr'>πηγῆς</span> <span class='ocrx_word' id='word_1_407' title='bbox 2880 2656 3149 2725; x_wconf 83' lang='grc' dir='ltr'>προϊοῦσα</span> <span class='ocrx_word' id='word_1_408' title='bbox 3202 2655 3357 2724; x_wconf 77' lang='grc' dir='ltr'>ἄρδει</span> <span class='ocrx_word' id='word_1_409' title='bbox 3380 2673 3440 2708; x_wconf 89' lang='grc' dir='ltr'><strong>τε</strong></span> <span class='ocrx_word' id='word_1_410' title='bbox 3469 2656 3564 2709; x_wconf 73' lang='grc' dir='ltr'>καὶ</span> <span class='ocrx_word' id='word_1_411' title='bbox 3598 2656 3859 2727; x_wconf 77' lang='grc' dir='ltr'>ἐκτρέφει</span> 
     </span>
    </p>
   </div>
   <div class='ocr_carea' id='block_1_57' title="bbox 2263 2748 3860 2820">
    <p class='ocr_par' dir='ltr' id='par_1_57' title="bbox 2263 2748 3860 2820">
     <span class='ocr_line' id='line_1_57' title="bbox 2263 2748 3860 2820; baseline -0.002 -15"><span class='ocrx_word' id='word_1_412' title='bbox 2263 2752 2359 2805; x_wconf 78' lang='grc' dir='ltr'><strong>καὶ</strong></span> <span class='ocrx_word' id='word_1_413' title='bbox 2406 2750 2506 2815; x_wconf 84' lang='grc' dir='ltr'><strong>τὰς</strong></span> <span class='ocrx_word' id='word_1_414' title='bbox 2541 2748 2955 2819; x_wconf 79' lang='grc' dir='ltr'>ὑποϐεϐηκυίας</span> <span class='ocrx_word' id='word_1_415' title='bbox 2985 2750 3123 2820; x_wconf 78' lang='grc' dir='ltr'>αὐτῇ</span> <span class='ocrx_word' id='word_1_416' title='bbox 3169 2748 3365 2811; x_wconf 89' lang='grc' dir='ltr'>λοιπάς</span> <span class='ocrx_word' id='word_1_417' title='bbox 3397 2748 3623 2819; x_wconf 86' lang='grc' dir='ltr'>ἀρετάς.</span> <span class='ocrx_word' id='word_1_418' title='bbox 3658 2748 3860 2817; x_wconf 82' lang='grc' dir='ltr'>Ἐγγὺς</span> 
     </span>
    </p>
   </div>
   <div class='ocr_carea' id='block_1_58' title="bbox 2262 2840 3857 2913">
    <p class='ocr_par' dir='ltr' id='par_1_58' title="bbox 2262 2840 3857 2913">
     <span class='ocr_line' id='line_1_58' title="bbox 2262 2840 3857 2913; baseline -0.004 -14"><span class='ocrx_word' id='word_1_419' title='bbox 2262 2845 2309 2899; x_wconf 89' lang='grc' dir='ltr'>δ’</span> <span class='ocrx_word' id='word_1_420' title='bbox 2339 2844 2404 2898; x_wconf 85' lang='grc' dir='ltr'><strong>ἂν</strong></span> <span class='ocrx_word' id='word_1_421' title='bbox 2448 2845 2535 2913; x_wconf 80' lang='grc' dir='ltr'>εἴη</span> <span class='ocrx_word' id='word_1_422' title='bbox 2583 2843 2839 2907; x_wconf 86' lang='grc' dir='ltr'>διανοεῖν,</span> <span class='ocrx_word' id='word_1_423' title='bbox 2878 2842 3043 2910; x_wconf 88' lang='grc' dir='ltr'>μέσον</span> <span class='ocrx_word' id='word_1_424' title='bbox 3078 2840 3335 2912; x_wconf 75' lang='grc' dir='ltr'>εἰρῆσθαι</span> <span class='ocrx_word' id='word_1_425' title='bbox 3376 2840 3472 2894; x_wconf 89' lang='grc' dir='ltr'><strong>τοῦ</strong></span> <span class='ocrx_word' id='word_1_426' title='bbox 3517 2841 3857 2911; x_wconf 83' lang='grc' dir='ltr'>παραδείσου</span> 
     </span>
    </p>
   </div>
   <div class='ocr_carea' id='block_1_59' title="bbox 2263 2933 3855 3008">
    <p class='ocr_par' dir='ltr' id='par_1_59' title="bbox 2263 2933 3855 3008">
     <span class='ocr_line' id='line_1_59' title="bbox 2263 2933 3855 3008; baseline -0.003 -17"><span class='ocrx_word' id='word_1_427' title='bbox 2263 2938 2324 2991; x_wconf 78' lang='grc' dir='ltr'><strong>τὸ</strong></span> <span class='ocrx_word' id='word_1_428' title='bbox 2356 2937 2456 3008; x_wconf 88' lang='grc' dir='ltr'><strong>τῆς</strong></span> <span class='ocrx_word' id='word_1_429' title='bbox 2500 2935 2647 3006; x_wconf 79' lang='grc' dir='ltr'>ζωῆς</span> <span class='ocrx_word' id='word_1_430' title='bbox 2695 2933 3069 3003; x_wconf 84' lang='grc' dir='ltr'>πεφυτεῦσθαι</span> <span class='ocrx_word' id='word_1_431' title='bbox 3116 2933 3296 3000; x_wconf 78' lang='grc' dir='ltr'>ξύλον,</span> <span class='ocrx_word' id='word_1_432' title='bbox 3323 2934 3407 2987; x_wconf 84' lang='grc' dir='ltr'><strong>ὅτι</strong></span> <span class='ocrx_word' id='word_1_433' title='bbox 3436 2934 3531 2986; x_wconf 86' lang='grc' dir='ltr'><strong>καί</strong></span> <span class='ocrx_word' id='word_1_434' title='bbox 3560 2933 3798 3005; x_wconf 80' lang='grc' dir='ltr'>Χριστὸς</span> <span class='ocrx_word' id='word_1_435' title='bbox 3821 2935 3855 3004; x_wconf 88' lang='grc' dir='ltr'><strong>ή</strong></span> 
     </span>
    </p>
   </div>
   <div class='ocr_carea' id='block_1_60' title="bbox 2266 3023 3860 3099">
    <p class='ocr_par' dir='ltr' id='par_1_60' title="bbox 2266 3023 3860 3099">
     <span class='ocr_line' id='line_1_60' title="bbox 2266 3023 3860 3099; baseline -0.004 -18"><span class='ocrx_word' id='word_1_436' title='bbox 2266 3028 2381 3099; x_wconf 75' lang='grc' dir='ltr'><strong>ζωὴ</strong></span> <span class='ocrx_word' id='word_1_437' title='bbox 2429 3025 2588 3097; x_wconf 83' lang='grc' dir='ltr'>ἡμῶν</span> <span class='ocrx_word' id='word_1_438' title='bbox 2616 3027 2675 3079; x_wconf 85' lang='grc' dir='ltr'><strong>ἐν</strong></span> <span class='ocrx_word' id='word_1_439' title='bbox 2708 3026 2859 3095; x_wconf 86' lang='grc' dir='ltr'>μέσῳ</span> <span class='ocrx_word' id='word_1_440' title='bbox 2888 3024 2986 3093; x_wconf 84' lang='grc' dir='ltr'><strong>τῆς</strong></span> <span class='ocrx_word' id='word_1_441' title='bbox 3017 3026 3121 3095; x_wconf 84' lang='grc' dir='ltr'><strong>γῆς</strong></span> <span class='ocrx_word' id='word_1_442' title='bbox 3142 3023 3235 3077; x_wconf 84' lang='grc' dir='ltr'><strong>τὸν</strong></span> <span class='ocrx_word' id='word_1_443' title='bbox 3264 3024 3406 3095; x_wconf 82' lang='grc' dir='ltr'>ὑπὲρ</span> <span class='ocrx_word' id='word_1_444' title='bbox 3430 3024 3589 3096; x_wconf 81' lang='grc' dir='ltr'>ήμῶν</span> <span class='ocrx_word' id='word_1_445' title='bbox 3635 3024 3860 3089; x_wconf 77' lang='grc' dir='ltr'>ἐδέξατο</span> 
     </span>
    </p>
   </div>
   <div class='ocr_carea' id='block_1_61' title="bbox 2270 3115 3859 3192">
    <p class='ocr_par' dir='ltr' id='par_1_61' title="bbox 2270 3115 3859 3192">
     <span class='ocr_line' id='line_1_61' title="bbox 2270 3115 3859 3192; baseline -0.003 -17"><span class='ocrx_word' id='word_1_446' title='bbox 2270 3121 2505 3192; x_wconf 86' lang='grc' dir='ltr'>σταυρόν</span> <span class='ocrx_word' id='word_1_447' title='bbox 2531 3134 2545 3148; x_wconf 94' lang='grc'><strong>⁸</strong></span> <span class='ocrx_word' id='word_1_448' title='bbox 2585 3119 2679 3173; x_wconf 74' lang='grc' dir='ltr'><strong>καὶ</strong></span> <span class='ocrx_word' id='word_1_449' title='bbox 2731 3118 2842 3189; x_wconf 79' lang='grc' dir='ltr'>γὰρ</span> <span class='ocrx_word' id='word_1_450' title='bbox 2874 3118 2956 3180; x_wconf 89' lang='grc' dir='ltr'><strong>είς</strong></span> <span class='ocrx_word' id='word_1_451' title='bbox 2992 3115 3055 3169; x_wconf 82' lang='grc' dir='ltr'>τὸ</span> <span class='ocrx_word' id='word_1_452' title='bbox 3096 3116 3426 3187; x_wconf 88' lang='grc' dir='ltr'>μεσαίτατον</span> <span class='ocrx_word' id='word_1_453' title='bbox 3456 3118 3593 3187; x_wconf 80' lang='grc' dir='ltr'>φασὶ</span> <span class='ocrx_word' id='word_1_454' title='bbox 3622 3116 3725 3185; x_wconf 84' lang='grc' dir='ltr'><strong>τῆς</strong></span> <span class='ocrx_word' id='word_1_455' title='bbox 3755 3117 3859 3186; x_wconf 84' lang='grc' dir='ltr'><strong>γῆς</strong></span> 
     </span>
    </p>
   </div>
   <div class='ocr_carea' id='block_1_62' title="bbox 2268 3207 3857 3284">
    <p class='ocr_par' dir='ltr' id='par_1_62' title="bbox 2268 3207 3857 3284">
     <span class='ocr_line' id='line_1_62' title="bbox 2268 3207 3857 3284; baseline -0.003 -18"><span class='ocrx_word' id='word_1_456' title='bbox 2268 3215 2330 3266; x_wconf 83' lang='grc' dir='ltr'>τὸ</span> <span class='ocrx_word' id='word_1_457' title='bbox 2354 3211 2641 3284; x_wconf 79' lang='grc' dir='ltr'>ζωηφὸρον</span> <span class='ocrx_word' id='word_1_458' title='bbox 2670 3210 2849 3276; x_wconf 82' lang='grc' dir='ltr'>ξύλον,</span> <span class='ocrx_word' id='word_1_459' title='bbox 2879 3209 2973 3262; x_wconf 83' lang='grc' dir='ltr'><strong>τὸν</strong></span> <span class='ocrx_word' id='word_1_460' title='bbox 3007 3208 3243 3281; x_wconf 68' lang='grc' dir='ltr'>σταυρὸν</span> <span class='ocrx_word' id='word_1_461' title='bbox 3268 3209 3516 3281; x_wconf 83' lang='grc' dir='ltr'>παγῆναι</span> <span class='ocrx_word' id='word_1_462' title='bbox 3548 3224 3563 3239; x_wconf 92' lang='grc'><strong>⁸</strong></span> <span class='ocrx_word' id='word_1_463' title='bbox 3590 3209 3653 3262; x_wconf 85' lang='grc' dir='ltr'>τὸ</span> <span class='ocrx_word' id='word_1_464' title='bbox 3681 3208 3741 3262; x_wconf 78' lang='grc' dir='ltr'>δὲ</span> <span class='ocrx_word' id='word_1_465' title='bbox 3764 3207 3857 3274; x_wconf 84' lang='grc' dir='ltr'>ξύ-</span> 
     </span>
    </p>
   </div>
   <div class='ocr_carea' id='block_1_63' title="bbox 2186 3300 3854 3374">
    <p class='ocr_par' dir='ltr' id='par_1_63' title="bbox 2186 3300 3854 3374">
     <span class='ocr_line' id='line_1_63' title="bbox 2186 3300 3854 3374; baseline -0.007 -12"><span class='ocrx_word' id='word_1_466' title='bbox 2186 3310 2233 3370; x_wconf 80' lang='lat' dir='ltr'><strong><em>C</em></strong></span> <span class='ocrx_word' id='word_1_467' title='bbox 2264 3308 2355 3361; x_wconf 90' lang='grc' dir='ltr'><strong>λον</strong></span> <span class='ocrx_word' id='word_1_468' title='bbox 2404 3304 2497 3359; x_wconf 86' lang='grc' dir='ltr'><strong>τοῦ</strong></span> <span class='ocrx_word' id='word_1_469' title='bbox 2538 3300 2830 3373; x_wconf 82' lang='grc' dir='ltr'>γινώσκειν</span> <span class='ocrx_word' id='word_1_470' title='bbox 2864 3301 3031 3355; x_wconf 81' lang='grc' dir='ltr'>καλὸν</span> <span class='ocrx_word' id='word_1_471' title='bbox 3070 3303 3167 3355; x_wconf 77' lang='grc' dir='ltr'><strong>καὶ</strong></span> <span class='ocrx_word' id='word_1_472' title='bbox 3198 3301 3437 3374; x_wconf 80' lang='grc' dir='ltr'>πονηρὸν</span> <span class='ocrx_word' id='word_1_473' title='bbox 3479 3301 3703 3373; x_wconf 75' lang='grc' dir='ltr'>εἴρηται</span> <span class='ocrx_word' id='word_1_474' title='bbox 3737 3301 3854 3371; x_wconf 87' lang='grc' dir='ltr'>μὲν,</span> 
     </span>
    </p>
   </div>
   <div class='ocr_carea' id='block_1_64' title="bbox 571 3396 3861 3481">
    <p class='ocr_par' dir='ltr' id='par_1_64' title="bbox 571 3396 3861 3481">
     <span class='ocr_line' id='line_1_64' title="bbox 571 3396 3861 3481; baseline -0.001 -27"><span class='ocrx_word' id='word_1_475' title='bbox 571 3400 747 3464; x_wconf 79' lang='grc' dir='ltr'>οὐδεὶς</span> <span class='ocrx_word' id='word_1_476' title='bbox 775 3399 833 3453; x_wconf 84' lang='grc' dir='ltr'><strong>δέ</strong></span> <span class='ocrx_word' id='word_1_477' title='bbox 882 3399 1062 3471; x_wconf 84' lang='grc' dir='ltr'>χῶρος</span> <span class='ocrx_word' id='word_1_478' title='bbox 1110 3396 1260 3467; x_wconf 79' lang='grc' dir='ltr'>αὒτῷ</span> <span class='ocrx_word' id='word_1_479' title='bbox 1303 3398 1678 3451; x_wconf 87' lang='grc' dir='ltr'>ἀποτέτακται</span> <span class='ocrx_word' id='word_1_480' title='bbox 1705 3414 1721 3429; x_wconf 94' lang='grc'><strong>⁸</strong></span> <span class='ocrx_word' id='word_1_481' title='bbox 1753 3399 1897 3455; x_wconf 89' lang='grc' dir='ltr'>διατί</span> <span class='ocrx_word' id='word_1_482' title='bbox 1925 3403 2095 3469; x_wconf 85' lang='grc' dir='ltr'>;διότι</span> <span class='ocrx_word' id='word_1_483' title='bbox 2130 3410 2164 3481; x_wconf 85' lang='grc' dir='ltr'><strong>ή</strong></span> <span class='ocrx_word' id='word_1_484' title='bbox 2203 3406 2375 3464; x_wconf 78' lang='grc' dir='ltr'>κακία</span> <span class='ocrx_word' id='word_1_485' title='bbox 2404 3401 2590 3474; x_wconf 82' lang='grc' dir='ltr'>χῶραν</span> <span class='ocrx_word' id='word_1_486' title='bbox 2650 3400 2753 3453; x_wconf 82' lang='grc' dir='ltr'><strong>οὐκ</strong></span> <span class='ocrx_word' id='word_1_487' title='bbox 2787 3398 2923 3468; x_wconf 75' lang='grc' dir='ltr'>ἔχει,</span> <span class='ocrx_word' id='word_1_488' title='bbox 2987 3397 3126 3452; x_wconf 88' lang='grc' dir='ltr'><strong>ἀλλά</strong></span> <span class='ocrx_word' id='word_1_489' title='bbox 3175 3400 3245 3470; x_wconf 76' lang='grc' dir='ltr'>τῇ</span> <span class='ocrx_word' id='word_1_490' title='bbox 3286 3398 3454 3470; x_wconf 79' lang='grc' dir='ltr'>ἀρετῇ</span> <span class='ocrx_word' id='word_1_491' title='bbox 3512 3396 3861 3468; x_wconf 83' lang='grc' dir='ltr'>παρυφίστα·</span> 
     </span>
    </p>
   </div>
   <div class='ocr_carea' id='block_1_65' title="bbox 571 3487 2271 3571">
    <p class='ocr_par' dir='ltr' id='par_1_65' title="bbox 571 3487 2271 3571">
     <span class='ocr_line' id='line_1_65' title="bbox 571 3487 2271 3571; baseline 0.005 -27"><span class='ocrx_word' id='word_1_492' title='bbox 571 3508 689 3548; x_wconf 80' lang='grc' dir='ltr'>ται·</span> <span class='ocrx_word' id='word_1_493' title='bbox 722 3492 947 3563; x_wconf 81' lang='grc' dir='ltr'>ἄμεινον</span> <span class='ocrx_word' id='word_1_494' title='bbox 998 3488 1058 3542; x_wconf 75' lang='grc' dir='ltr'>δὲ</span> <span class='ocrx_word' id='word_1_495' title='bbox 1103 3489 1246 3559; x_wconf 89' lang='grc' dir='ltr'><strong>μετά</strong></span> <span class='ocrx_word' id='word_1_496' title='bbox 1295 3487 1469 3542; x_wconf 85' lang='grc' dir='ltr'>ταῦτα</span> <span class='ocrx_word' id='word_1_497' title='bbox 1514 3491 1645 3561; x_wconf 78' lang='grc' dir='ltr'>περὶ</span> <span class='ocrx_word' id='word_1_498' title='bbox 1683 3491 1876 3547; x_wconf 88' lang='grc' dir='ltr'>τούτου</span> <span class='ocrx_word' id='word_1_499' title='bbox 1923 3496 2271 3571; x_wconf 82' lang='grc' dir='ltr'>διαληπτέον.</span> 
     </span>
    </p>
   </div>
   <div class='ocr_carea' id='block_1_66' title="bbox 744 3600 2007 3681">
    <p class='ocr_par' dir='ltr' id='par_1_66' title="bbox 744 3600 2007 3681">
     <span class='ocr_line' id='line_1_66' title="bbox 744 3600 2007 3681; baseline 0.003 -20"><span class='ocrx_word' id='word_1_500' title='bbox 744 3600 1084 3672; x_wconf 65' lang='grc' dir='ltr'><strong>ΟΙΙΛΕΞἸΊΟ</strong></span> <span class='ocrx_word' id='word_1_501' title='bbox 1126 3600 1358 3657; x_wconf 83' lang='lat' dir='ltr'><strong>CCXCV</strong></span> <span class='ocrx_word' id='word_1_502' title='bbox 1382 3600 1575 3672; x_wconf 77' lang='lat' dir='ltr'><strong>[CoisL</strong></span> <span class='ocrx_word' id='word_1_503' title='bbox 1610 3602 1779 3659; x_wconf 87' lang='lat' dir='ltr'><strong>Taur.</strong></span> <span class='ocrx_word' id='word_1_504' title='bbox 1822 3606 2007 3681; x_wconf 68' lang='lat' dir='ltr'><strong>CVII].</strong></span> 
     </span>
    </p>
   </div>
   <div class='ocr_carea' id='block_1_67' title="bbox 820 3694 1927 3768">
    <p class='ocr_par' dir='ltr' id='par_1_67' title="bbox 820 3694 1927 3768">
     <span class='ocr_line' id='line_1_67' title="bbox 820 3694 1927 3768; baseline 0.004 -17"><span class='ocrx_word' id='word_1_505' title='bbox 820 3696 931 3752; x_wconf 88' lang='lat' dir='ltr'><strong>Cur</strong></span> <span class='ocrx_word' id='word_1_506' title='bbox 963 3696 1059 3749; x_wconf 74' lang='lat' dir='ltr'><strong>sub</strong></span> <span class='ocrx_word' id='word_1_507' title='bbox 1086 3710 1294 3764; x_wconf 76' lang='lat' dir='ltr'><strong>uespere</strong></span> <span class='ocrx_word' id='word_1_508' title='bbox 1320 3694 1693 3749; x_wconf 83' lang='lat' dir='ltr'><strong>immolaretur</strong></span> <span class='ocrx_word' id='word_1_509' title='bbox 1713 3714 1883 3768; x_wconf 78' lang='lat' dir='ltr'><strong>agnus</strong></span> <span class='ocrx_word' id='word_1_510' title='bbox 1901 3702 1927 3755; x_wconf 74' lang='lat'><strong>1’</strong></span> 
     </span>
    </p>
   </div>
   <div class='ocr_carea' id='block_1_68' title="bbox 2791 3606 3351 3673">
    <p class='ocr_par' dir='ltr' id='par_1_68' title="bbox 2791 3606 3351 3673">
     <span class='ocr_line' id='line_1_68' title="bbox 2791 3606 3351 3673; baseline 0 -12"><span class='ocrx_word' id='word_1_511' title='bbox 2791 3607 3131 3661; x_wconf 78' lang='grc' dir='ltr'>ΕΡΩΤιιΣιΣ</span> <span class='ocrx_word' id='word_1_512' title='bbox 3187 3606 3351 3673; x_wconf 57' lang='grc' dir='ltr'>Σιιεσ.</span> 
     </span>
    </p>
   </div>
   <div class='ocr_carea' id='block_1_69' title="bbox 2434 3699 3701 3771">
    <p class='ocr_par' dir='ltr' id='par_1_69' title="bbox 2434 3699 3701 3771">
     <span class='ocr_line' id='line_1_69' title="bbox 2434 3699 3701 3771; baseline -0.009 -13"><span class='ocrx_word' id='word_1_513' title='bbox 2434 3702 2599 3758; x_wconf 70' lang='lat' dir='ltr'><strong>Arat!</strong></span> <span class='ocrx_word' id='word_1_514' title='bbox 2648 3700 2798 3771; x_wconf 79' lang='grc' dir='ltr'>πρὸς</span> <span class='ocrx_word' id='word_1_515' title='bbox 2848 3699 3118 3768; x_wconf 78' lang='grc' dir='ltr'>ἑσπέραν</span> <span class='ocrx_word' id='word_1_516' title='bbox 3162 3699 3371 3755; x_wconf 83' lang='grc' dir='ltr'>ἐθύετο</span> <span class='ocrx_word' id='word_1_517' title='bbox 3397 3702 3431 3753; x_wconf 83' lang='grc' dir='ltr'><strong><em>ό</em></strong></span> <span class='ocrx_word' id='word_1_518' title='bbox 3461 3700 3655 3769; x_wconf 81' lang='grc' dir='ltr'>ἀμνός</span> <span class='ocrx_word' id='word_1_519' title='bbox 3677 3716 3701 3763; x_wconf 85' lang='grc'><strong><em>;</em></strong></span> 
     </span>
    </p>
   </div>
   <div class='ocr_carea' id='block_1_70' title="bbox 840 3808 3599 3884">
    <p class='ocr_par' dir='ltr' id='par_1_70' title="bbox 840 3808 3599 3884">
     <span class='ocr_line' id='line_1_70' title="bbox 840 3808 3599 3884; baseline 0.001 -23"><span class='ocrx_word' id='word_1_520' title='bbox 840 3809 987 3861; x_wconf 83' lang='lat' dir='ltr'><strong>Edita</strong></span> <span class='ocrx_word' id='word_1_521' title='bbox 1016 3823 1045 3858; x_wconf 90' lang='lat' dir='ltr'><strong>a</strong></span> <span class='ocrx_word' id='word_1_522' title='bbox 1075 3808 1201 3858; x_wconf 75' lang='lat' dir='ltr'><strong>Maio</strong></span> <span class='ocrx_word' id='word_1_523' title='bbox 1235 3809 1293 3873; x_wconf 93' lang='lat' dir='ltr'><strong>(l.</strong></span> <span class='ocrx_word' id='word_1_524' title='bbox 1326 3821 1371 3858; x_wconf 92' lang='lat' dir='ltr'><strong>c.</strong></span> <span class='ocrx_word' id='word_1_525' title='bbox 1404 3822 1455 3871; x_wconf 92' lang='lat' dir='ltr'><strong>p.</strong></span> <span class='ocrx_word' id='word_1_526' title='bbox 1484 3809 1595 3873; x_wconf 73' lang='grc'>149,</span> <span class='ocrx_word' id='word_1_527' title='bbox 1615 3825 1667 3874; x_wconf 93' lang='lat' dir='ltr'><strong>q.</strong></span> <span class='ocrx_word' id='word_1_528' title='bbox 1702 3812 1835 3875; x_wconf 74' lang='grc'><strong>505).</strong></span> <span class='ocrx_word' id='word_1_529' title='bbox 1869 3841 1932 3853; x_wconf 89' lang='lat'><strong>-—</strong></span> <span class='ocrx_word' id='word_1_530' title='bbox 1964 3816 2039 3867; x_wconf 88' lang='lat' dir='ltr'><strong>De</strong></span> <span class='ocrx_word' id='word_1_531' title='bbox 2072 3820 2309 3872; x_wconf 82' lang='lat' dir='ltr'><strong>sacriﬁcio</strong></span> <span class='ocrx_word' id='word_1_532' title='bbox 2343 3821 2455 3884; x_wconf 85' lang='lat' dir='ltr'><strong>agni</strong></span> <span class='ocrx_word' id='word_1_533' title='bbox 2489 3818 2799 3881; x_wconf 82' lang='lat' dir='ltr'><strong>vespertino.</strong></span> <span class='ocrx_word' id='word_1_534' title='bbox 2826 3814 2983 3866; x_wconf 82' lang='lat' dir='ltr'><strong>Exod.</strong></span> <span class='ocrx_word' id='word_1_535' title='bbox 3014 3830 3065 3875; x_wconf 92' lang='grc' dir='ltr'><strong>ιι,</strong></span> <span class='ocrx_word' id='word_1_536' title='bbox 3091 3813 3140 3875; x_wconf 90' lang='lat'><strong>6;</strong></span> <span class='ocrx_word' id='word_1_537' title='bbox 3174 3813 3387 3865; x_wconf 84' lang='lat' dir='ltr'><strong>Denter.</strong></span> <span class='ocrx_word' id='word_1_538' title='bbox 3417 3828 3519 3874; x_wconf 80' lang='lat' dir='ltr'><strong>xvr,</strong></span> <span class='ocrx_word' id='word_1_539' title='bbox 3550 3814 3599 3865; x_wconf 86' lang='lat'><strong>6.</strong></span> 
     </span>
    </p>
   </div>
   <div class='ocr_carea' id='block_1_71' title="bbox 650 3902 2167 3979">
    <p class='ocr_par' dir='ltr' id='par_1_71' title="bbox 650 3902 2167 3979">
     <span class='ocr_line' id='line_1_71' title="bbox 650 3902 2167 3979; baseline 0.003 -18"><span class='ocrx_word' id='word_1_540' title='bbox 650 3905 766 3961; x_wconf 88' lang='lat' dir='ltr'><strong>Sub</strong></span> <span class='ocrx_word' id='word_1_541' title='bbox 794 3919 1021 3975; x_wconf 84' lang='lat' dir='ltr'><strong>vespere</strong></span> <span class='ocrx_word' id='word_1_542' title='bbox 1051 3902 1441 3959; x_wconf 88' lang='lat' dir='ltr'><strong>immolabatur</strong></span> <span class='ocrx_word' id='word_1_543' title='bbox 1469 3920 1664 3975; x_wconf 86' lang='lat' dir='ltr'><strong>agnus,</strong></span> <span class='ocrx_word' id='word_1_544' title='bbox 1691 3905 1821 3976; x_wconf 91' lang='lat' dir='ltr'><strong>quia</strong></span> <span class='ocrx_word' id='word_1_545' title='bbox 1843 3906 2015 3979; x_wconf 90' lang='lat' dir='ltr'><strong>ﬁgura</strong></span> <span class='ocrx_word' id='word_1_546' title='bbox 2042 3922 2167 3967; x_wconf 86' lang='lat' dir='ltr'><strong>erat</strong></span> 
     </span>
    </p>
   </div>
   <div class='ocr_carea' id='block_1_72' title="bbox 574 3995 2162 4068">
    <p class='ocr_par' dir='ltr' id='par_1_72' title="bbox 574 3995 2162 4068">
     <span class='ocr_line' id='line_1_72' title="bbox 574 3995 2162 4068; baseline 0.002 -13"><span class='ocrx_word' id='word_1_547' title='bbox 574 3999 689 4055; x_wconf 77' lang='lat' dir='ltr'><strong>veri</strong></span> <span class='ocrx_word' id='word_1_548' title='bbox 722 3997 847 4067; x_wconf 89' lang='lat' dir='ltr'><strong>agni</strong></span> <span class='ocrx_word' id='word_1_549' title='bbox 905 3996 1255 4068; x_wconf 89' lang='lat' dir='ltr'><strong>pastorisque</strong></span> <span class='ocrx_word' id='word_1_550' title='bbox 1285 3995 1489 4052; x_wconf 86' lang='lat' dir='ltr'><strong>Christi</strong></span> <span class='ocrx_word' id='word_1_551' title='bbox 1541 3998 1738 4053; x_wconf 90' lang='lat' dir='ltr'><strong>nostri.</strong></span> <span class='ocrx_word' id='word_1_552' title='bbox 1771 3998 1855 4053; x_wconf 85' lang='lat' dir='ltr'><strong>Ad</strong></span> <span class='ocrx_word' id='word_1_553' title='bbox 1898 4015 2162 4059; x_wconf 87' lang='lat' dir='ltr'><strong>occasum</strong></span> 
     </span>
    </p>
   </div>
   <div class='ocr_carea' id='block_1_73' title="bbox 576 4088 2161 4159">
    <p class='ocr_par' dir='ltr' id='par_1_73' title="bbox 576 4088 2161 4159">
     <span class='ocr_line' id='line_1_73' title="bbox 576 4088 2161 4159; baseline 0.001 -12"><span class='ocrx_word' id='word_1_554' title='bbox 576 4093 682 4147; x_wconf 87' lang='lat' dir='ltr'><strong>diei</strong></span> <span class='ocrx_word' id='word_1_555' title='bbox 718 4091 949 4147; x_wconf 89' lang='lat' dir='ltr'><strong>Creator</strong></span> <span class='ocrx_word' id='word_1_556' title='bbox 973 4098 1161 4145; x_wconf 88' lang='lat' dir='ltr'><strong>noster</strong></span> <span class='ocrx_word' id='word_1_557' title='bbox 1187 4104 1287 4159; x_wconf 92' lang='lat' dir='ltr'><strong>pro</strong></span> <span class='ocrx_word' id='word_1_558' title='bbox 1335 4090 1494 4145; x_wconf 90' lang='lat' dir='ltr'><strong>nobis</strong></span> <span class='ocrx_word' id='word_1_559' title='bbox 1518 4088 1882 4146; x_wconf 85' lang='lat' dir='ltr'><strong>voluntariam</strong></span> <span class='ocrx_word' id='word_1_560' title='bbox 1929 4103 2161 4150; x_wconf 82' lang='lat' dir='ltr'><strong>mortem</strong></span> 
     </span>
    </p>
   </div>
   <div class='ocr_carea' id='block_1_74' title="bbox 574 4181 2161 4252">
    <p class='ocr_par' dir='ltr' id='par_1_74' title="bbox 574 4181 2161 4252">
     <span class='ocr_line' id='line_1_74' title="bbox 574 4181 2161 4252; baseline 0.003 -14"><span class='ocrx_word' id='word_1_561' title='bbox 574 4185 734 4238; x_wconf 83' lang='lat' dir='ltr'><strong>obiit.</strong></span> <span class='ocrx_word' id='word_1_562' title='bbox 784 4181 1174 4252; x_wconf 87' lang='lat' dir='ltr'><strong>Praescriptum</strong></span> <span class='ocrx_word' id='word_1_563' title='bbox 1228 4189 1350 4237; x_wconf 89' lang='lat' dir='ltr'><strong>erat</strong></span> <span class='ocrx_word' id='word_1_564' title='bbox 1397 4182 1734 4238; x_wconf 86' lang='lat' dir='ltr'><strong>sacriﬁcium</strong></span> <span class='ocrx_word' id='word_1_565' title='bbox 1770 4184 1985 4250; x_wconf 84' lang='lat' dir='ltr'><strong>oﬁ‘erri,</strong></span> <span class='ocrx_word' id='word_1_566' title='bbox 2032 4187 2161 4243; x_wconf 90' lang='lat' dir='ltr'><strong>luna</strong></span> 
     </span>
    </p>
   </div>
   <div class='ocr_carea' id='block_1_75' title="bbox 578 4275 2163 4351">
    <p class='ocr_par' dir='ltr' id='par_1_75' title="bbox 578 4275 2163 4351">
     <span class='ocr_line' id='line_1_75' title="bbox 578 4275 2163 4351; baseline 0.001 -18"><span class='ocrx_word' id='word_1_567' title='bbox 578 4277 798 4348; x_wconf 84' lang='lat' dir='ltr'><strong>plenam</strong></span> <span class='ocrx_word' id='word_1_568' title='bbox 831 4277 1032 4345; x_wconf 66' lang='lat' dir='ltr'><strong>{lucem</strong></span> <span class='ocrx_word' id='word_1_569' title='bbox 1073 4275 1334 4331; x_wconf 87' lang='lat' dir='ltr'><strong>habente.</strong></span> <span class='ocrx_word' id='word_1_570' title='bbox 1398 4275 1537 4331; x_wconf 88' lang='lat' dir='ltr'><strong>Cum</strong></span> <span class='ocrx_word' id='word_1_571' title='bbox 1569 4286 1753 4332; x_wconf 88' lang='lat' dir='ltr'><strong>autem</strong></span> <span class='ocrx_word' id='word_1_572' title='bbox 1788 4275 2041 4335; x_wconf 79' lang='lat' dir='ltr'><strong>Salvator</strong></span> <span class='ocrx_word' id='word_1_573' title='bbox 2067 4296 2163 4351; x_wconf 87' lang='lat' dir='ltr'><strong>ge-</strong></span> 
     </span>
    </p>
   </div>
   <div class='ocr_carea' id='block_1_76' title="bbox 572 4366 2159 4438">
    <p class='ocr_par' dir='ltr' id='par_1_76' title="bbox 572 4366 2159 4438">
     <span class='ocr_line' id='line_1_76' title="bbox 572 4366 2159 4438; baseline 0.004 -17"><span class='ocrx_word' id='word_1_574' title='bbox 572 4368 722 4423; x_wconf 89' lang='lat' dir='ltr'><strong>neris</strong></span> <span class='ocrx_word' id='word_1_575' title='bbox 754 4367 930 4421; x_wconf 86' lang='lat' dir='ltr'><strong>nostri</strong></span> <span class='ocrx_word' id='word_1_576' title='bbox 959 4381 1069 4420; x_wconf 86' lang='lat' dir='ltr'><strong>non</strong></span> <span class='ocrx_word' id='word_1_577' title='bbox 1103 4366 1282 4422; x_wconf 90' lang='lat' dir='ltr'><strong>solum</strong></span> <span class='ocrx_word' id='word_1_578' title='bbox 1313 4368 1478 4422; x_wconf 88' lang='lat' dir='ltr'><strong>homo</strong></span> <span class='ocrx_word' id='word_1_579' title='bbox 1508 4368 1835 4438; x_wconf 89' lang='lat' dir='ltr'><strong>appelletur,</strong></span> <span class='ocrx_word' id='word_1_580' title='bbox 1866 4372 1959 4424; x_wconf 88' lang='lat' dir='ltr'><strong>sed</strong></span> <span class='ocrx_word' id='word_1_581' title='bbox 1991 4369 2159 4437; x_wconf 86' lang='lat' dir='ltr'><strong>Deus,</strong></span> 
     </span>
    </p>
   </div>
   <div class='ocr_carea' id='block_1_77' title="bbox 481 4458 2160 4530">
    <p class='ocr_par' dir='ltr' id='par_1_77' title="bbox 481 4458 2160 4530">
     <span class='ocr_line' id='line_1_77' title="bbox 481 4458 2160 4530; baseline 0.002 -17"><span class='ocrx_word' id='word_1_582' title='bbox 481 4480 488 4485; x_wconf 95' lang='grc'><strong>·</strong></span> <span class='ocrx_word' id='word_1_583' title='bbox 572 4459 786 4515; x_wconf 85' lang='lat' dir='ltr'><strong>lunaris</strong></span> <span class='ocrx_word' id='word_1_584' title='bbox 810 4459 1031 4529; x_wconf 89' lang='lat' dir='ltr'><strong>quidem</strong></span> <span class='ocrx_word' id='word_1_585' title='bbox 1062 4458 1155 4513; x_wconf 78' lang='lat' dir='ltr'><strong>lux</strong></span> <span class='ocrx_word' id='word_1_586' title='bbox 1184 4458 1356 4530; x_wconf 88' lang='lat' dir='ltr'><strong>ﬁgura</strong></span> <span class='ocrx_word' id='word_1_587' title='bbox 1394 4458 1721 4526; x_wconf 87' lang='lat' dir='ltr'><strong>divinitatis,</strong></span> <span class='ocrx_word' id='word_1_588' title='bbox 1756 4461 1950 4516; x_wconf 88' lang='lat' dir='ltr'><strong>lunare</strong></span> <span class='ocrx_word' id='word_1_589' title='bbox 1976 4473 2160 4518; x_wconf 89' lang='lat' dir='ltr'><strong>autem</strong></span> 
     </span>
    </p>
   </div>
   <div class='ocr_carea' id='block_1_78' title="bbox 572 4550 2161 4624">
    <p class='ocr_par' dir='ltr' id='par_1_78' title="bbox 572 4550 2161 4624">
     <span class='ocr_line' id='line_1_78' title="bbox 572 4550 2161 4624; baseline 0.003 -18"><span class='ocrx_word' id='word_1_590' title='bbox 572 4565 775 4621; x_wconf 88' lang='lat' dir='ltr'><strong>corpus</strong></span> <span class='ocrx_word' id='word_1_591' title='bbox 801 4550 1050 4621; x_wconf 87' lang='lat' dir='ltr'><strong>corporis</strong></span> <span class='ocrx_word' id='word_1_592' title='bbox 1080 4550 1651 4620; x_wconf 68' lang='lat' dir='ltr'><strong>assumpti.Pr:2terca</strong></span> <span class='ocrx_word' id='word_1_593' title='bbox 1675 4561 1733 4607; x_wconf 91' lang='lat' dir='ltr'><strong>ut</strong></span> <span class='ocrx_word' id='word_1_594' title='bbox 1759 4552 1889 4607; x_wconf 87' lang='lat' dir='ltr'><strong>luna</strong></span> <span class='ocrx_word' id='word_1_595' title='bbox 1913 4556 2161 4624; x_wconf 84' lang='lat' dir='ltr'><strong>quoties-</strong></span> 
     </span>
    </p>
   </div>
   <div class='ocr_carea' id='block_1_79' title="bbox 570 4641 2164 4712">
    <p class='ocr_par' dir='ltr' id='par_1_79' title="bbox 570 4641 2164 4712">
     <span class='ocr_line' id='line_1_79' title="bbox 570 4641 2164 4712; baseline 0.004 -16"><span class='ocrx_word' id='word_1_596' title='bbox 570 4656 791 4712; x_wconf 88' lang='lat' dir='ltr'><strong>cunque</strong></span> <span class='ocrx_word' id='word_1_597' title='bbox 823 4642 1088 4712; x_wconf 87' lang='lat' dir='ltr'><strong>integram</strong></span> <span class='ocrx_word' id='word_1_598' title='bbox 1114 4641 1291 4697; x_wconf 89' lang='lat' dir='ltr'><strong>lucem</strong></span> <span class='ocrx_word' id='word_1_599' title='bbox 1335 4641 1529 4712; x_wconf 90' lang='lat' dir='ltr'><strong>adepta</strong></span> <span class='ocrx_word' id='word_1_600' title='bbox 1549 4650 1659 4707; x_wconf 88' lang='lat' dir='ltr'><strong>est,</strong></span> <span class='ocrx_word' id='word_1_601' title='bbox 1683 4644 1943 4701; x_wconf 88' lang='lat' dir='ltr'><strong>universo</strong></span> <span class='ocrx_word' id='word_1_602' title='bbox 1960 4645 2164 4702; x_wconf 92' lang='lat' dir='ltr'><strong>mundo</strong></span> 
     </span>
    </p>
   </div>
   <div class='ocr_carea' id='block_1_80' title="bbox 570 4734 2164 4806">
    <p class='ocr_par' dir='ltr' id='par_1_80' title="bbox 570 4734 2164 4806">
     <span class='ocr_line' id='line_1_80' title="bbox 570 4734 2164 4806; baseline 0.006 -21"><span class='ocrx_word' id='word_1_603' title='bbox 570 4736 682 4790; x_wconf 83' lang='lat' dir='ltr'><strong>dux</strong></span> <span class='ocrx_word' id='word_1_604' title='bbox 711 4742 931 4806; x_wconf 69' lang='lat' dir='ltr'><strong>praeest,</strong></span> <span class='ocrx_word' id='word_1_605' title='bbox 961 4735 1265 4805; x_wconf 88' lang='lat' dir='ltr'><strong>eodemque</strong></span> <span class='ocrx_word' id='word_1_606' title='bbox 1296 4737 1458 4791; x_wconf 91' lang='lat' dir='ltr'><strong>modo</strong></span> <span class='ocrx_word' id='word_1_607' title='bbox 1478 4734 1736 4791; x_wconf 88' lang='lat' dir='ltr'><strong>Salvator</strong></span> <span class='ocrx_word' id='word_1_608' title='bbox 1771 4746 1979 4804; x_wconf 86' lang='lat' dir='ltr'><strong>noster,</strong></span> <span class='ocrx_word' id='word_1_609' title='bbox 2016 4740 2164 4794; x_wconf 91' lang='lat' dir='ltr'><strong>obita</strong></span> 
     </span>
    </p>
   </div>
   <div class='ocr_carea' id='block_1_81' title="bbox 2345 3904 3859 3983">
    <p class='ocr_par' dir='ltr' id='par_1_81' title="bbox 2345 3904 3859 3983">
     <span class='ocr_line' id='line_1_81' title="bbox 2345 3904 3859 3983; baseline -0.005 -17"><span class='ocrx_word' id='word_1_610' title='bbox 2345 3910 2491 3983; x_wconf 75' lang='grc' dir='ltr'>Πρὸς</span> <span class='ocrx_word' id='word_1_611' title='bbox 2519 3907 2763 3978; x_wconf 79' lang='grc' dir='ltr'>ἑσπέραν</span> <span class='ocrx_word' id='word_1_612' title='bbox 2785 3906 2843 3960; x_wconf 81' lang='grc' dir='ltr'>δὲ</span> <span class='ocrx_word' id='word_1_613' title='bbox 2869 3905 3060 3959; x_wconf 88' lang='grc' dir='ltr'>ἐθύετο</span> <span class='ocrx_word' id='word_1_614' title='bbox 3088 3906 3116 3957; x_wconf 90' lang='grc' dir='ltr'>ὁ</span> <span class='ocrx_word' id='word_1_615' title='bbox 3149 3904 3343 3976; x_wconf 79' lang='grc' dir='ltr'>ἀμνὸς,</span> <span class='ocrx_word' id='word_1_616' title='bbox 3375 3906 3461 3959; x_wconf 86' lang='grc' dir='ltr'>ὅτι</span> <span class='ocrx_word' id='word_1_617' title='bbox 3508 3905 3681 3959; x_wconf 90' lang='grc' dir='ltr'>τύπον</span> <span class='ocrx_word' id='word_1_618' title='bbox 3728 3923 3859 3976; x_wconf 80' lang='grc' dir='ltr'>προ-</span> 
     </span>
    </p>
   </div>
   <div class='ocr_carea' id='block_1_82' title="bbox 2270 3995 3858 4073">
    <p class='ocr_par' dir='ltr' id='par_1_82' title="bbox 2270 3995 3858 4073">
     <span class='ocr_line' id='line_1_82' title="bbox 2270 3995 3858 4073; baseline -0.009 -15"><span class='ocrx_word' id='word_1_619' title='bbox 2270 4004 2537 4073; x_wconf 83' lang='grc' dir='ltr'>διέγραφε</span> <span class='ocrx_word' id='word_1_620' title='bbox 2562 3998 2659 4053; x_wconf 90' lang='grc' dir='ltr'><strong>τοῦ</strong></span> <span class='ocrx_word' id='word_1_621' title='bbox 2689 3996 2947 4070; x_wconf 84' lang='grc' dir='ltr'>ἀληθινοῦ</span> <span class='ocrx_word' id='word_1_622' title='bbox 2982 3995 3157 4067; x_wconf 89' lang='grc' dir='ltr'>ἀμνοῦ</span> <span class='ocrx_word' id='word_1_623' title='bbox 3206 3996 3304 4049; x_wconf 75' lang='grc' dir='ltr'>καὶ</span> <span class='ocrx_word' id='word_1_624' title='bbox 3334 3995 3594 4066; x_wconf 85' lang='grc' dir='ltr'>ποιμένος</span> <span class='ocrx_word' id='word_1_625' title='bbox 3622 3996 3858 4067; x_wconf 78' lang='grc' dir='ltr'>Χριστοῦ</span> 
     </span>
    </p>
   </div>
   <div class='ocr_carea' id='block_1_83' title="bbox 2268 4087 3858 4163">
    <p class='ocr_par' dir='ltr' id='par_1_83' title="bbox 2268 4087 3858 4163">
     <span class='ocr_line' id='line_1_83' title="bbox 2268 4087 3858 4163; baseline -0.006 -14"><span class='ocrx_word' id='word_1_626' title='bbox 2268 4094 2365 4149; x_wconf 83' lang='grc' dir='ltr'><strong>τοῦ</strong></span> <span class='ocrx_word' id='word_1_627' title='bbox 2390 4092 2524 4148; x_wconf 86' lang='grc' dir='ltr'>Θεοῦ</span> <span class='ocrx_word' id='word_1_628' title='bbox 2553 4090 2712 4163; x_wconf 86' lang='grc' dir='ltr'>ήμῶν</span> <span class='ocrx_word' id='word_1_629' title='bbox 2749 4105 2764 4121; x_wconf 98' lang='grc'><strong>⁸</strong></span> <span class='ocrx_word' id='word_1_630' title='bbox 2796 4088 2889 4143; x_wconf 73' lang='grc' dir='ltr'><strong>ἐπὶ</strong></span> <span class='ocrx_word' id='word_1_631' title='bbox 2929 4088 3164 4157; x_wconf 88' lang='grc' dir='ltr'>δυσμαῖς</span> <span class='ocrx_word' id='word_1_632' title='bbox 3196 4087 3303 4158; x_wconf 78' lang='grc' dir='ltr'><strong>γὰρ</strong></span> <span class='ocrx_word' id='word_1_633' title='bbox 3329 4088 3439 4140; x_wconf 84' lang='grc' dir='ltr'>τῶν</span> <span class='ocrx_word' id='word_1_634' title='bbox 3467 4087 3682 4141; x_wconf 87' lang='grc' dir='ltr'>αίώνων</span> <span class='ocrx_word' id='word_1_635' title='bbox 3706 4089 3799 4140; x_wconf 74' lang='grc' dir='ltr'><strong>καὶ</strong></span> <span class='ocrx_word' id='word_1_636' title='bbox 3831 4088 3858 4140; x_wconf 82' lang='grc' dir='ltr'><strong>ό</strong></span> 
     </span>
    </p>
   </div>
   <div class='ocr_carea' id='block_1_84' title="bbox 2272 4178 3857 4256">
    <p class='ocr_par' dir='ltr' id='par_1_84' title="bbox 2272 4178 3857 4256">
     <span class='ocr_line' id='line_1_84' title="bbox 2272 4178 3857 4256; baseline -0.007 -15"><span class='ocrx_word' id='word_1_637' title='bbox 2272 4186 2520 4256; x_wconf 87' lang='grc' dir='ltr'>πλάστης</span> <span class='ocrx_word' id='word_1_638' title='bbox 2566 4184 2659 4238; x_wconf 85' lang='grc' dir='ltr'><strong>τὸν</strong></span> <span class='ocrx_word' id='word_1_639' title='bbox 2700 4183 2839 4252; x_wconf 82' lang='grc' dir='ltr'>ὑπὲρ</span> <span class='ocrx_word' id='word_1_640' title='bbox 2867 4182 2899 4253; x_wconf 80' lang='grc' dir='ltr'>ὴ</span> <span class='ocrx_word' id='word_1_641' title='bbox 2910 4179 3027 4251; x_wconf 85' lang='grc' dir='ltr'><strong>μῶν</strong></span> <span class='ocrx_word' id='word_1_642' title='bbox 3055 4180 3305 4233; x_wconf 81' lang='grc' dir='ltr'>ἑκούσιον</span> <span class='ocrx_word' id='word_1_643' title='bbox 3348 4179 3559 4248; x_wconf 86' lang='grc' dir='ltr'>ὑπέστη</span> <span class='ocrx_word' id='word_1_644' title='bbox 3591 4178 3820 4232; x_wconf 77' lang='grc' dir='ltr'>θάνατον</span> <span class='ocrx_word' id='word_1_645' title='bbox 3840 4193 3857 4210; x_wconf 90' lang='grc'><strong>⁸</strong></span> 
     </span>
    </p>
   </div>
   <div class='ocr_carea' id='block_1_85' title="bbox 2273 4272 3857 4350">
    <p class='ocr_par' dir='ltr' id='par_1_85' title="bbox 2273 4272 3857 4350">
     <span class='ocr_line' id='line_1_85' title="bbox 2273 4272 3857 4350; baseline -0.006 -16"><span class='ocrx_word' id='word_1_646' title='bbox 2273 4276 2625 4350; x_wconf 86' lang='grc' dir='ltr'>πλησιφαοῦς</span> <span class='ocrx_word' id='word_1_647' title='bbox 2647 4276 2705 4330; x_wconf 84' lang='grc' dir='ltr'><strong>δέ</strong></span> <span class='ocrx_word' id='word_1_648' title='bbox 2740 4276 2837 4345; x_wconf 88' lang='grc' dir='ltr'><strong>τῆς</strong></span> <span class='ocrx_word' id='word_1_649' title='bbox 2872 4274 3106 4345; x_wconf 84' lang='grc' dir='ltr'>σελήνης</span> <span class='ocrx_word' id='word_1_650' title='bbox 3133 4272 3301 4344; x_wconf 81' lang='grc' dir='ltr'>οῦσης</span> <span class='ocrx_word' id='word_1_651' title='bbox 3331 4274 3645 4344; x_wconf 79' lang='grc' dir='ltr'>προσήγετο</span> <span class='ocrx_word' id='word_1_652' title='bbox 3672 4272 3734 4325; x_wconf 76' lang='grc' dir='ltr'><strong>τὸ</strong></span> <span class='ocrx_word' id='word_1_653' title='bbox 3765 4272 3857 4325; x_wconf 80' lang='grc' dir='ltr'>θῦ-</span> 
     </span>
    </p>
   </div>
   <div class='ocr_carea' id='block_1_86' title="bbox 2273 4365 3857 4445">
    <p class='ocr_par' dir='ltr' id='par_1_86' title="bbox 2273 4365 3857 4445">
     <span class='ocr_line' id='line_1_86' title="bbox 2273 4365 3857 4445; baseline -0.006 -19"><span class='ocrx_word' id='word_1_654' title='bbox 2273 4390 2350 4445; x_wconf 87' lang='grc' dir='ltr'><strong>μα</strong></span> <span class='ocrx_word' id='word_1_655' title='bbox 2373 4389 2386 4404; x_wconf 93' lang='grc'><strong>⁸</strong></span> <span class='ocrx_word' id='word_1_656' title='bbox 2427 4370 2551 4425; x_wconf 73' lang='grc' dir='ltr'>ἐπεὶ</span> <span class='ocrx_word' id='word_1_657' title='bbox 2581 4370 2675 4424; x_wconf 77' lang='grc' dir='ltr'>καὶ</span> <span class='ocrx_word' id='word_1_658' title='bbox 2712 4371 2740 4423; x_wconf 87' lang='grc' dir='ltr'>ὁ</span> <span class='ocrx_word' id='word_1_659' title='bbox 2770 4366 2861 4422; x_wconf 87' lang='grc' dir='ltr'><strong>τοῦ</strong></span> <span class='ocrx_word' id='word_1_660' title='bbox 2890 4367 3082 4436; x_wconf 87' lang='grc' dir='ltr'>γένους</span> <span class='ocrx_word' id='word_1_661' title='bbox 3112 4365 3269 4437; x_wconf 76' lang='grc' dir='ltr'>ἡμῶν</span> <span class='ocrx_word' id='word_1_662' title='bbox 3296 4365 3489 4436; x_wconf 86' lang='grc' dir='ltr'>Σωτὴρ</span> <span class='ocrx_word' id='word_1_663' title='bbox 3516 4366 3617 4419; x_wconf 80' lang='grc' dir='ltr'><strong>οὐκ</strong></span> <span class='ocrx_word' id='word_1_664' title='bbox 3646 4366 3857 4435; x_wconf 84' lang='grc' dir='ltr'>ἄνθρω-</span> 
     </span>
    </p>
   </div>
   <div class='ocr_carea' id='block_1_87' title="bbox 2267 4459 3857 4536">
    <p class='ocr_par' dir='ltr' id='par_1_87' title="bbox 2267 4459 3857 4536">
     <span class='ocr_line' id='line_1_87' title="bbox 2267 4459 3857 4536; baseline -0.004 -19"><span class='ocrx_word' id='word_1_665' title='bbox 2267 4483 2370 4529; x_wconf 89' lang='grc' dir='ltr'><strong>πος</strong></span> <span class='ocrx_word' id='word_1_666' title='bbox 2406 4464 2568 4536; x_wconf 84' lang='grc' dir='ltr'>μόνον</span> <span class='ocrx_word' id='word_1_667' title='bbox 2616 4459 3017 4535; x_wconf 75' lang='grc' dir='ltr'>ἐχρημάτιζεν,</span> <span class='ocrx_word' id='word_1_668' title='bbox 3044 4459 3183 4515; x_wconf 82' lang='grc' dir='ltr'><strong>ἀλλά</strong></span> <span class='ocrx_word' id='word_1_669' title='bbox 3226 4460 3322 4513; x_wconf 77' lang='grc' dir='ltr'><strong>καὶ</strong></span> <span class='ocrx_word' id='word_1_670' title='bbox 3350 4460 3483 4523; x_wconf 85' lang='grc' dir='ltr'>Θεός</span> <span class='ocrx_word' id='word_1_671' title='bbox 3508 4476 3525 4492; x_wconf 90' lang='grc'><strong>⁸</strong></span> <span class='ocrx_word' id='word_1_672' title='bbox 3558 4460 3655 4513; x_wconf 77' lang='grc' dir='ltr'><strong>καὶ</strong></span> <span class='ocrx_word' id='word_1_673' title='bbox 3691 4459 3857 4512; x_wconf 88' lang='grc' dir='ltr'>τύπον</span> 
     </span>
    </p>
   </div>
   <div class='ocr_carea' id='block_1_88' title="bbox 2268 4552 3858 4629">
    <p class='ocr_par' dir='ltr' id='par_1_88' title="bbox 2268 4552 3858 4629">
     <span class='ocr_line' id='line_1_88' title="bbox 2268 4552 3858 4629; baseline -0.005 -17"><span class='ocrx_word' id='word_1_674' title='bbox 2268 4560 2367 4629; x_wconf 84' lang='grc' dir='ltr'><strong>μὲν</strong></span> <span class='ocrx_word' id='word_1_675' title='bbox 2425 4560 2529 4627; x_wconf 84' lang='grc' dir='ltr'><strong>τῆς</strong></span> <span class='ocrx_word' id='word_1_676' title='bbox 2581 4554 2850 4624; x_wconf 83' lang='grc' dir='ltr'>Θεότητος</span> <span class='ocrx_word' id='word_1_677' title='bbox 2883 4554 3041 4624; x_wconf 87' lang='grc' dir='ltr'>φέρει</span> <span class='ocrx_word' id='word_1_678' title='bbox 3065 4552 3126 4606; x_wconf 82' lang='grc' dir='ltr'>τὸ</span> <span class='ocrx_word' id='word_1_679' title='bbox 3185 4552 3323 4622; x_wconf 85' lang='grc' dir='ltr'>φῶς,</span> <span class='ocrx_word' id='word_1_680' title='bbox 3348 4552 3410 4606; x_wconf 85' lang='grc' dir='ltr'><strong>τὸ</strong></span> <span class='ocrx_word' id='word_1_681' title='bbox 3433 4552 3490 4605; x_wconf 82' lang='grc' dir='ltr'>δὲ</span> <span class='ocrx_word' id='word_1_682' title='bbox 3540 4552 3858 4622; x_wconf 72' lang='grc' dir='ltr'>σεληνιακὸν</span> 
     </span>
    </p>
   </div>
   <div class='ocr_carea' id='block_1_89' title="bbox 2265 4643 3859 4717">
    <p class='ocr_par' dir='ltr' id='par_1_89' title="bbox 2265 4643 3859 4717">
     <span class='ocr_line' id='line_1_89' title="bbox 2265 4643 3859 4717; baseline -0.003 -17"><span class='ocrx_word' id='word_1_683' title='bbox 2265 4646 2428 4717; x_wconf 85' lang='grc' dir='ltr'>σῶμα</span> <span class='ocrx_word' id='word_1_684' title='bbox 2447 4646 2549 4717; x_wconf 89' lang='grc' dir='ltr'><strong>τῆς</strong></span> <span class='ocrx_word' id='word_1_685' title='bbox 2577 4644 3023 4716; x_wconf 80' lang='grc' dir='ltr'>προσληφθείσης</span> <span class='ocrx_word' id='word_1_686' title='bbox 3055 4644 3255 4715; x_wconf 85' lang='grc' dir='ltr'>σαρκός</span> <span class='ocrx_word' id='word_1_687' title='bbox 3282 4661 3297 4676; x_wconf 88' lang='grc'><strong>⁸</strong></span> <span class='ocrx_word' id='word_1_688' title='bbox 3334 4643 3475 4715; x_wconf 79' lang='grc' dir='ltr'>πλὴν</span> <span class='ocrx_word' id='word_1_689' title='bbox 3500 4644 3687 4712; x_wconf 86' lang='grc' dir='ltr'>ἐπειδὴ</span> <span class='ocrx_word' id='word_1_690' title='bbox 3719 4644 3859 4696; x_wconf 87' lang='grc' dir='ltr'><strong>κατά</strong></span> 
     </span>
    </p>
   </div>
   <div class='ocr_carea' id='block_1_90' title="bbox 2261 4739 3855 4813">
    <p class='ocr_par' dir='ltr' id='par_1_90' title="bbox 2261 4739 3855 4813">
     <span class='ocr_line' id='line_1_90' title="bbox 2261 4739 3855 4813; baseline -0.002 -17"><span class='ocrx_word' id='word_1_691' title='bbox 2261 4743 2363 4813; x_wconf 86' lang='grc' dir='ltr'>τὴν</span> <span class='ocrx_word' id='word_1_692' title='bbox 2388 4741 2791 4813; x_wconf 88' lang='grc' dir='ltr'>κοσμογένειαν</span> <span class='ocrx_word' id='word_1_693' title='bbox 2824 4739 3108 4811; x_wconf 82' lang='grc' dir='ltr'>ὁλοκλήρῳ</span> <span class='ocrx_word' id='word_1_694' title='bbox 3140 4739 3280 4808; x_wconf 76' lang='grc' dir='ltr'>φωτὶ</span> <span class='ocrx_word' id='word_1_695' title='bbox 3312 4739 3855 4810; x_wconf 82' lang='grc' dir='ltr'>καταλαμπομένηή</span> 
     </span>
    </p>
   </div>
   <div class='ocr_carea' id='block_1_91' title="bbox 571 4828 2161 4909">
    <p class='ocr_par' dir='ltr' id='par_1_91' title="bbox 571 4828 2161 4897">
     <span class='ocr_line' id='line_1_91' title="bbox 571 4828 2161 4897; baseline 0.003 -15"><span class='ocrx_word' id='word_1_696' title='bbox 571 4838 768 4894; x_wconf 87' lang='lat' dir='ltr'><strong>morte,</strong></span> <span class='ocrx_word' id='word_1_697' title='bbox 797 4838 994 4884; x_wconf 81' lang='lat' dir='ltr'><strong>cuncta</strong></span> <span class='ocrx_word' id='word_1_698' title='bbox 1047 4828 1382 4884; x_wconf 85' lang='lat' dir='ltr'><strong>recreaverit</strong></span> <span class='ocrx_word' id='word_1_699' title='bbox 1437 4844 1502 4884; x_wconf 89' lang='lat' dir='ltr'><strong>ac</strong></span> <span class='ocrx_word' id='word_1_700' title='bbox 1536 4829 1813 4897; x_wconf 81' lang='lat' dir='ltr'><strong>refecerit,</strong></span> <span class='ocrx_word' id='word_1_701' title='bbox 1867 4831 2015 4887; x_wconf 88' lang='lat' dir='ltr'><strong>haud</strong></span> <span class='ocrx_word' id='word_1_702' title='bbox 2055 4833 2161 4887; x_wconf 53' lang='lat' dir='ltr'><strong>im&#39;</strong></span> 
     </span>
    </p>
   </div>
   <div class='ocr_carea' id='block_1_92' title="bbox 2260 4828 3857 4909">
    <p class='ocr_par' dir='ltr' id='par_1_92' title="bbox 2266 4832 3857 4909">
     <span class='ocr_line' id='line_1_92' title="bbox 2266 4832 3857 4909; baseline -0.003 -19"><span class='ocrx_word' id='word_1_703' title='bbox 2266 4837 2464 4909; x_wconf 82' lang='grc' dir='ltr'>σελήνη</span> <span class='ocrx_word' id='word_1_704' title='bbox 2506 4834 2780 4906; x_wconf 85' lang='grc' dir='ltr'>λαμϐάνει</span> <span class='ocrx_word' id='word_1_705' title='bbox 2812 4836 2914 4904; x_wconf 81' lang='grc' dir='ltr'><strong>τὴν</strong></span> <span class='ocrx_word' id='word_1_706' title='bbox 2947 4833 3305 4903; x_wconf 78' lang='grc' dir='ltr'>προαγωγὴν,</span> <span class='ocrx_word' id='word_1_707' title='bbox 3331 4836 3361 4888; x_wconf 84' lang='grc' dir='ltr'><strong>δ</strong></span> <span class='ocrx_word' id='word_1_708' title='bbox 3389 4834 3445 4887; x_wconf 87' lang='grc' dir='ltr'>δὲ</span> <span class='ocrx_word' id='word_1_709' title='bbox 3485 4832 3581 4886; x_wconf 86' lang='grc' dir='ltr'><strong>τοῦ</strong></span> <span class='ocrx_word' id='word_1_710' title='bbox 3606 4833 3857 4903; x_wconf 82' lang='grc' dir='ltr'>Σωτῆρος</span> 
     </span>
    </p>
   </div>
   <div class='ocr_carea' id='block_1_93' title="bbox 570 4919 2158 4994">
    <p class='ocr_par' dir='ltr' id='par_1_93' title="bbox 570 4919 2158 4994">
     <span class='ocr_line' id='line_1_93' title="bbox 570 4919 2158 4994; baseline 0.004 -21"><span class='ocrx_word' id='word_1_711' title='bbox 570 4920 767 4974; x_wconf 89' lang='lat' dir='ltr'><strong>merito</strong></span> <span class='ocrx_word' id='word_1_712' title='bbox 800 4919 928 4973; x_wconf 89' lang='lat' dir='ltr'><strong>luna</strong></span> <span class='ocrx_word' id='word_1_713' title='bbox 977 4928 1109 4975; x_wconf 87' lang='lat' dir='ltr'><strong>tunc</strong></span> <span class='ocrx_word' id='word_1_714' title='bbox 1166 4919 1428 4991; x_wconf 91' lang='lat' dir='ltr'><strong>temporis</strong></span> <span class='ocrx_word' id='word_1_715' title='bbox 1480 4921 1551 4976; x_wconf 90' lang='lat' dir='ltr'><strong>ab</strong></span> <span class='ocrx_word' id='word_1_716' title='bbox 1605 4936 1672 4977; x_wconf 90' lang='lat' dir='ltr'><strong>eo</strong></span> <span class='ocrx_word' id='word_1_717' title='bbox 1725 4922 1819 4992; x_wconf 90' lang='lat' dir='ltr'><strong>qui</strong></span> <span class='ocrx_word' id='word_1_718' title='bbox 1880 4923 2158 4994; x_wconf 88' lang='lat' dir='ltr'><strong>sapienter</strong></span> 
     </span>
    </p>
   </div>
   <div class='ocr_carea' id='block_1_94' title="bbox 570 5010 2065 5083">
    <p class='ocr_par' dir='ltr' id='par_1_94' title="bbox 570 5010 2065 5083">
     <span class='ocr_line' id='line_1_94' title="bbox 570 5010 2065 5083; baseline 0.003 -19"><span class='ocrx_word' id='word_1_719' title='bbox 570 5010 756 5065; x_wconf 90' lang='lat' dir='ltr'><strong>omnia</strong></span> <span class='ocrx_word' id='word_1_720' title='bbox 778 5010 942 5082; x_wconf 78' lang='lat' dir='ltr'><strong>regit,</strong></span> <span class='ocrx_word' id='word_1_721' title='bbox 975 5011 1243 5082; x_wconf 88' lang='lat' dir='ltr'><strong>integram</strong></span> <span class='ocrx_word' id='word_1_722' title='bbox 1279 5011 1455 5067; x_wconf 90' lang='lat' dir='ltr'><strong>lucem</strong></span> <span class='ocrx_word' id='word_1_723' title='bbox 1486 5012 1749 5068; x_wconf 81' lang='lat' dir='ltr'><strong>exhibere</strong></span> <span class='ocrx_word' id='word_1_724' title='bbox 1774 5014 1931 5083; x_wconf 84' lang='lat' dir='ltr'><strong>jussa</strong></span> <span class='ocrx_word' id='word_1_725' title='bbox 1962 5024 2065 5071; x_wconf 88' lang='lat' dir='ltr'><strong>est.</strong></span> 
     </span>
    </p>
   </div>
   <div class='ocr_carea' id='block_1_95' title="bbox 750 5293 1979 5373">
    <p class='ocr_par' dir='ltr' id='par_1_95' title="bbox 750 5293 1979 5373">
     <span class='ocr_line' id='line_1_95' title="bbox 750 5293 1979 5373; baseline 0.006 -24"><span class='ocrx_word' id='word_1_726' title='bbox 750 5293 1084 5361; x_wconf 64' lang='lat' dir='ltr'><strong>QUIESTIO</strong></span> <span class='ocrx_word' id='word_1_727' title='bbox 1114 5294 1362 5351; x_wconf 79' lang='lat' dir='ltr'><strong>CCXCVI</strong></span> <span class='ocrx_word' id='word_1_728' title='bbox 1387 5296 1601 5368; x_wconf 79' lang='lat' dir='ltr'><strong>[Coisl.,</strong></span> <span class='ocrx_word' id='word_1_729' title='bbox 1634 5298 1797 5353; x_wconf 87' lang='lat' dir='ltr'><strong>Taur.</strong></span> <span class='ocrx_word' id='word_1_730' title='bbox 1820 5300 1979 5373; x_wconf 68' lang='lat' dir='ltr'><strong>CIX].</strong></span> 
     </span>
    </p>
   </div>
   <div class='ocr_carea' id='block_1_96' title="bbox 570 5384 2161 5513">
    <p class='ocr_par' dir='ltr' id='par_1_96' title="bbox 570 5384 2161 5513">
     <span class='ocr_line' id='line_1_96' title="bbox 570 5384 2161 5513; baseline 0.007 -74"><span class='ocrx_word' id='word_1_731' title='bbox 570 5384 713 5453; x_wconf 75' lang='lat' dir='ltr'><strong>Quid</strong></span> <span class='ocrx_word' id='word_1_732' title='bbox 741 5402 806 5440; x_wconf 80' lang='lat' dir='ltr'><strong>ea:</strong></span> <span class='ocrx_word' id='word_1_733' title='bbox 824 5386 906 5441; x_wconf 83' lang='lat' dir='ltr'><strong>his</strong></span> <span class='ocrx_word' id='word_1_734' title='bbox 921 5388 1090 5442; x_wconf 78' lang='lat' dir='ltr'><strong>verbis</strong></span> <span class='ocrx_word' id='word_1_735' title='bbox 1114 5387 1550 5513; x_wconf 45' lang='lat' dir='ltr'><strong>intelligebnflium;</strong></span> <span class='ocrx_word' id='word_1_736' title='bbox 1564 5388 1768 5445; x_wconf 74' lang='lat' dir='ltr'><strong>Portam</strong></span> <span class='ocrx_word' id='word_1_737' title='bbox 1787 5408 1970 5446; x_wconf 87' lang='lat' dir='ltr'><strong>arcum</strong></span> <span class='ocrx_word' id='word_1_738' title='bbox 1986 5411 2161 5450; x_wconf 88' lang='lat' dir='ltr'><strong>meum</strong></span> 
     </span>
     <span class='ocr_line' id='line_1_97' title="bbox 1184 5464 1581 5513; baseline -0.003 -2"><span class='ocrx_word' id='word_1_739' title='bbox 1184 5474 1241 5512; x_wconf 83' lang='lat' dir='ltr'><strong>tn</strong></span> <span class='ocrx_word' id='word_1_740' title='bbox 1272 5475 1341 5511; x_wconf 84' lang='lat' dir='ltr'><strong>nu</strong></span> <span class='ocrx_word' id='word_1_741' title='bbox 1382 5476 1396 5511; x_wconf 83' lang='grc' dir='ltr'><strong>ι</strong></span> <span class='ocrx_word' id='word_1_742' title='bbox 1438 5464 1526 5513; x_wconf 77' lang='lat' dir='ltr'><strong>us&#39;</strong></span> <span class='ocrx_word' id='word_1_743' title='bbox 1564 5480 1581 5510; x_wconf 72' lang='grc' dir='ltr'><strong>ι</strong></span> 
     </span>
    </p>
   </div>
   <div class='ocr_carea' id='block_1_97' title="bbox 1184 5464 1581 5513">
    <p class='ocr_par' dir='ltr' id='par_1_97' title="bbox 1184 5464 1581 5513">
     <span class='ocr_line' id='line_1_98' title="bbox 1184 5464 1581 5513; baseline -0.003 -2"><span class='ocrx_word' id='word_1_744' title='bbox 1184 5464 1241 5512; x_wconf 83' lang='lat' dir='ltr'><strong>in</strong></span> <span class='ocrx_word' id='word_1_745' title='bbox 1272 5464 1498 5513; x_wconf 77' lang='lat' dir='ltr'><strong>nubibus</strong></span> <span class='ocrx_word' id='word_1_746' title='bbox 1515 5464 1540 5513; x_wconf 68' lang='grc' dir='ltr'><strong>ξ)</strong></span> <span class='ocrx_word' id='word_1_747' title='bbox 1564 5480 1581 5510; x_wconf 73' lang='grc' dir='ltr'><strong>ι</strong></span> 
     </span>
    </p>
   </div>
   <div class='ocr_carea' id='block_1_98' title="bbox 2266 4925 3856 4999">
    <p class='ocr_par' dir='ltr' id='par_1_98' title="bbox 2266 4925 3856 4999">
     <span class='ocr_line' id='line_1_99' title="bbox 2266 4925 3856 4999; baseline -0.003 -17"><span class='ocrx_word' id='word_1_748' title='bbox 2266 4929 2407 4999; x_wconf 81' lang='grc' dir='ltr'>ὑπὲρ</span> <span class='ocrx_word' id='word_1_749' title='bbox 2436 4927 2531 4981; x_wconf 88' lang='grc' dir='ltr'><strong>τοῦ</strong></span> <span class='ocrx_word' id='word_1_750' title='bbox 2563 4928 2756 4996; x_wconf 89' lang='grc' dir='ltr'>γένους</span> <span class='ocrx_word' id='word_1_751' title='bbox 2792 4927 3023 4990; x_wconf 82' lang='grc' dir='ltr'>θάνατος</span> <span class='ocrx_word' id='word_1_752' title='bbox 3056 4928 3357 4982; x_wconf 86' lang='grc' dir='ltr'>ἀνανέωσίν</span> <span class='ocrx_word' id='word_1_753' title='bbox 3384 4946 3444 4981; x_wconf 87' lang='grc' dir='ltr'><strong>τε</strong></span> <span class='ocrx_word' id='word_1_754' title='bbox 3489 4928 3587 4981; x_wconf 78' lang='grc' dir='ltr'>καὶ</span> <span class='ocrx_word' id='word_1_755' title='bbox 3630 4925 3856 4980; x_wconf 81' lang='grc' dir='ltr'>ἀνακαί-</span> 
     </span>
    </p>
   </div>
   <div class='ocr_carea' id='block_1_99' title="bbox 2266 5020 3853 5093">
    <p class='ocr_par' dir='ltr' id='par_1_99' title="bbox 2266 5020 3853 5093">
     <span class='ocr_line' id='line_1_100' title="bbox 2266 5020 3853 5093; baseline -0.002 -18"><span class='ocrx_word' id='word_1_756' title='bbox 2266 5039 2411 5075; x_wconf 86' lang='grc' dir='ltr'>νισιν</span> <span class='ocrx_word' id='word_1_757' title='bbox 2443 5020 2902 5093; x_wconf 85' lang='grc' dir='ltr'>ἐπραγματεύετο</span> <span class='ocrx_word' id='word_1_758' title='bbox 2924 5021 3019 5073; x_wconf 90' lang='grc' dir='ltr'><strong>τοῦ</strong></span> <span class='ocrx_word' id='word_1_759' title='bbox 3056 5021 3260 5085; x_wconf 86' lang='grc' dir='ltr'>παντὸς</span> <span class='ocrx_word' id='word_1_760' title='bbox 3284 5060 3301 5086; x_wconf 90' lang='grc'><strong>,</strong></span> <span class='ocrx_word' id='word_1_761' title='bbox 3335 5021 3564 5085; x_wconf 81' lang='grc' dir='ltr'>εἰκότως</span> <span class='ocrx_word' id='word_1_762' title='bbox 3590 5021 3625 5091; x_wconf 85' lang='grc' dir='ltr'><strong>ή</strong></span> <span class='ocrx_word' id='word_1_763' title='bbox 3657 5020 3853 5089; x_wconf 74' lang='grc' dir='ltr'>σελήνη</span> 
     </span>
    </p>
   </div>
   <div class='ocr_carea' id='block_1_100' title="bbox 2264 5112 3854 5186">
    <p class='ocr_par' dir='ltr' id='par_1_100' title="bbox 2264 5112 3854 5186">
     <span class='ocr_line' id='line_1_101' title="bbox 2264 5112 3854 5186; baseline -0.001 -19"><span class='ocrx_word' id='word_1_764' title='bbox 2264 5115 2326 5167; x_wconf 82' lang='grc' dir='ltr'><strong>τὸ</strong></span> <span class='ocrx_word' id='word_1_765' title='bbox 2350 5114 2466 5184; x_wconf 84' lang='grc' dir='ltr'><strong>φῶς</strong></span> <span class='ocrx_word' id='word_1_766' title='bbox 2522 5114 2796 5184; x_wconf 85' lang='grc' dir='ltr'>ἀμείωτον</span> <span class='ocrx_word' id='word_1_767' title='bbox 2838 5115 2964 5167; x_wconf 87' lang='grc' dir='ltr'>κατ’</span> <span class='ocrx_word' id='word_1_768' title='bbox 2997 5115 3173 5167; x_wconf 87' lang='grc' dir='ltr'>ἐκεῖνο</span> <span class='ocrx_word' id='word_1_769' title='bbox 3220 5116 3419 5183; x_wconf 89' lang='grc' dir='ltr'>καιροῦ</span> <span class='ocrx_word' id='word_1_770' title='bbox 3453 5113 3721 5186; x_wconf 88' lang='grc' dir='ltr'>παρέχειν</span> <span class='ocrx_word' id='word_1_771' title='bbox 3754 5112 3854 5168; x_wconf 82' lang='grc' dir='ltr'><strong>ὑπὸ</strong></span> 
     </span>
    </p>
   </div>
   <div class='ocr_carea' id='block_1_101' title="bbox 2264 5204 3552 5275">
    <p class='ocr_par' dir='ltr' id='par_1_101' title="bbox 2264 5204 3552 5275">
     <span class='ocr_line' id='line_1_102' title="bbox 2264 5204 3552 5275; baseline -0.001 -16"><span class='ocrx_word' id='word_1_772' title='bbox 2264 5204 2361 5259; x_wconf 90' lang='grc' dir='ltr'><strong>τοῦ</strong></span> <span class='ocrx_word' id='word_1_773' title='bbox 2396 5206 2575 5260; x_wconf 81' lang='grc' dir='ltr'>πάντα</span> <span class='ocrx_word' id='word_1_774' title='bbox 2600 5204 2781 5273; x_wconf 82' lang='grc' dir='ltr'>σοφῶς</span> <span class='ocrx_word' id='word_1_775' title='bbox 2802 5205 3221 5275; x_wconf 82' lang='grc' dir='ltr'>οίκονομοῦντος</span> <span class='ocrx_word' id='word_1_776' title='bbox 3242 5204 3552 5275; x_wconf 82' lang='grc' dir='ltr'>ἁπετάχθη.</span> 
     </span>
    </p>
   </div>
   <div class='ocr_carea' id='block_1_102' title="bbox 2784 5316 3325 5385">
    <p class='ocr_par' dir='ltr' id='par_1_102' title="bbox 2784 5316 3325 5385">
     <span class='ocr_line' id='line_1_103' title="bbox 2784 5316 3325 5385; baseline 0.007 -16"><span class='ocrx_word' id='word_1_777' title='bbox 2784 5317 3123 5373; x_wconf 66' lang='lat' dir='ltr'><strong>ararum:</strong></span> <span class='ocrx_word' id='word_1_778' title='bbox 3149 5316 3325 5385; x_wconf 58' lang='grc' dir='ltr'><strong>Σιιςῖν.</strong></span> 
     </span>
    </p>
   </div>
   <div class='ocr_carea' id='block_1_103' title="bbox 2266 5408 3843 5482">
    <p class='ocr_par' dir='ltr' id='par_1_103' title="bbox 2266 5408 3843 5482">
     <span class='ocr_line' id='line_1_104' title="bbox 2266 5408 3843 5482; baseline 0.003 -20"><span class='ocrx_word' id='word_1_779' title='bbox 2266 5408 2327 5462; x_wconf 87' lang='grc' dir='ltr'>Τί</span> <span class='ocrx_word' id='word_1_780' title='bbox 2362 5408 2516 5478; x_wconf 80' lang='grc' dir='ltr'>ἐστι,</span> <span class='ocrx_word' id='word_1_781' title='bbox 2562 5428 2579 5461; x_wconf 86' lang='grc' dir='ltr'><strong>ι</strong></span> <span class='ocrx_word' id='word_1_782' title='bbox 2619 5410 2796 5479; x_wconf 84' lang='grc' dir='ltr'>Θήσω</span> <span class='ocrx_word' id='word_1_783' title='bbox 2838 5412 2904 5464; x_wconf 84' lang='grc' dir='ltr'>τὸ</span> <span class='ocrx_word' id='word_1_784' title='bbox 2952 5410 3136 5477; x_wconf 77' lang='grc' dir='ltr'>τόξον</span> <span class='ocrx_word' id='word_1_785' title='bbox 3165 5428 3286 5480; x_wconf 86' lang='grc' dir='ltr'><strong>μου</strong></span> <span class='ocrx_word' id='word_1_786' title='bbox 3313 5411 3385 5465; x_wconf 80' lang='grc' dir='ltr'>ἐν</span> <span class='ocrx_word' id='word_1_787' title='bbox 3412 5411 3486 5480; x_wconf 78' lang='grc' dir='ltr'>τῇ</span> <span class='ocrx_word' id='word_1_788' title='bbox 3513 5412 3742 5482; x_wconf 67' lang='grc' dir='ltr'>νεφέλῃ</span> <span class='ocrx_word' id='word_1_789' title='bbox 3771 5427 3790 5475; x_wconf 88' lang='grc'><strong><em>;</em></strong></span> <span class='ocrx_word' id='word_1_790' title='bbox 3827 5428 3843 5458; x_wconf 76' lang='grc' dir='ltr'><strong><em>ο</em></strong></span> 
     </span>
    </p>
   </div>
   <div class='ocr_carea' id='block_1_104' title="bbox 1280 5572 3133 5655">
    <p class='ocr_par' dir='ltr' id='par_1_104' title="bbox 1280 5572 3133 5655">
     <span class='ocr_line' id='line_1_105' title="bbox 1280 5572 3133 5655; baseline 0.011 -32"><span class='ocrx_word' id='word_1_791' title='bbox 1280 5572 1423 5623; x_wconf 79' lang='lat' dir='ltr'><strong>Edita</strong></span> <span class='ocrx_word' id='word_1_792' title='bbox 1455 5588 1481 5622; x_wconf 88' lang='lat' dir='ltr'><strong>a</strong></span> <span class='ocrx_word' id='word_1_793' title='bbox 1517 5574 1641 5624; x_wconf 83' lang='lat' dir='ltr'><strong>Maio</strong></span> <span class='ocrx_word' id='word_1_794' title='bbox 1665 5576 1723 5634; x_wconf 88' lang='lat' dir='ltr'><strong>(l.</strong></span> <span class='ocrx_word' id='word_1_795' title='bbox 1748 5589 1791 5625; x_wconf 91' lang='lat' dir='ltr'><strong>c.</strong></span> <span class='ocrx_word' id='word_1_796' title='bbox 1825 5592 1876 5639; x_wconf 90' lang='lat' dir='ltr'><strong>p.</strong></span> <span class='ocrx_word' id='word_1_797' title='bbox 1912 5577 2019 5639; x_wconf 81' lang='grc'><strong>150,</strong></span> <span class='ocrx_word' id='word_1_798' title='bbox 2052 5594 2102 5642; x_wconf 85' lang='lat' dir='ltr'><strong>q.</strong></span> <span class='ocrx_word' id='word_1_799' title='bbox 2137 5585 2270 5647; x_wconf 79' lang='lat'><strong>506).</strong></span> <span class='ocrx_word' id='word_1_800' title='bbox 2296 5614 2357 5625; x_wconf 89' lang='lat'><strong><em>—</em></strong></span> <span class='ocrx_word' id='word_1_801' title='bbox 2394 5591 2685 5655; x_wconf 84' lang='lat' dir='ltr'><strong>Explanatio</strong></span> <span class='ocrx_word' id='word_1_802' title='bbox 2717 5594 2768 5642; x_wconf 88' lang='lat' dir='ltr'><strong>in</strong></span> <span class='ocrx_word' id='word_1_803' title='bbox 2800 5593 2924 5644; x_wconf 83' lang='lat' dir='ltr'><strong>Gen.</strong></span> <span class='ocrx_word' id='word_1_804' title='bbox 2961 5606 3031 5653; x_wconf 71' lang='grc' dir='ltr'>ιχ,</span> <span class='ocrx_word' id='word_1_805' title='bbox 3058 5591 3133 5643; x_wconf 82' lang='grc'>15.</span> 
     </span>
    </p>
   </div>
   <div class='ocr_carea' id='block_1_105' title="bbox 643 5656 2153 5732">
    <p class='ocr_par' dir='ltr' id='par_1_105' title="bbox 643 5656 2153 5732">
     <span class='ocr_line' id='line_1_106' title="bbox 643 5656 2153 5732; baseline 0.007 -23"><span class='ocrx_word' id='word_1_806' title='bbox 643 5656 845 5712; x_wconf 76' lang='lat' dir='ltr'><strong>Arcum</strong></span> <span class='ocrx_word' id='word_1_807' title='bbox 878 5657 933 5712; x_wconf 88' lang='lat' dir='ltr'><strong>in</strong></span> <span class='ocrx_word' id='word_1_808' title='bbox 954 5658 1224 5723; x_wconf 87' lang='lat' dir='ltr'><strong>nubibus,</strong></span> <span class='ocrx_word' id='word_1_809' title='bbox 1253 5661 1537 5729; x_wconf 82' lang='lat' dir='ltr'><strong>gentilium</strong></span> <span class='ocrx_word' id='word_1_810' title='bbox 1556 5662 1649 5715; x_wconf 90' lang='lat' dir='ltr'><strong>ﬁlii</strong></span> <span class='ocrx_word' id='word_1_811' title='bbox 1684 5664 1958 5732; x_wconf 90' lang='lat' dir='ltr'><strong>quoddam</strong></span> <span class='ocrx_word' id='word_1_812' title='bbox 1990 5678 2153 5720; x_wconf 80' lang='lat' dir='ltr'><strong>natu—</strong></span> 
     </span>
    </p>
   </div>
   <div class='ocr_carea' id='block_1_106' title="bbox 566 5747 2156 5819">
    <p class='ocr_par' dir='ltr' id='par_1_106' title="bbox 566 5747 2156 5819">
     <span class='ocr_line' id='line_1_107' title="bbox 566 5747 2156 5819; baseline 0.009 -20"><span class='ocrx_word' id='word_1_813' title='bbox 566 5747 682 5801; x_wconf 89' lang='lat' dir='ltr'><strong>rale</strong></span> <span class='ocrx_word' id='word_1_814' title='bbox 718 5758 911 5815; x_wconf 90' lang='lat' dir='ltr'><strong>putant</strong></span> <span class='ocrx_word' id='word_1_815' title='bbox 937 5766 1097 5819; x_wconf 89' lang='lat' dir='ltr'><strong>opus,</strong></span> <span class='ocrx_word' id='word_1_816' title='bbox 1128 5752 1272 5818; x_wconf 88' lang='lat' dir='ltr'><strong>quod</strong></span> <span class='ocrx_word' id='word_1_817' title='bbox 1296 5768 1478 5815; x_wconf 88' lang='lat' dir='ltr'><strong>suam,</strong></span> <span class='ocrx_word' id='word_1_818' title='bbox 1511 5754 1653 5807; x_wconf 84' lang='lat' dir='ltr'><strong>unde</strong></span> <span class='ocrx_word' id='word_1_819' title='bbox 1679 5756 1819 5809; x_wconf 78' lang='lat' dir='ltr'><strong>solet</strong></span> <span class='ocrx_word' id='word_1_820' title='bbox 1843 5757 2012 5811; x_wconf 88' lang='lat' dir='ltr'><strong>nubes</strong></span> <span class='ocrx_word' id='word_1_821' title='bbox 2029 5774 2156 5815; x_wconf 87' lang='lat' dir='ltr'><strong>con-</strong></span> 
     </span>
    </p>
   </div>
   <div class='ocr_carea' id='block_1_107' title="bbox 564 5838 2153 5919">
    <p class='ocr_par' dir='ltr' id='par_1_107' title="bbox 564 5838 2153 5919">
     <span class='ocr_line' id='line_1_108' title="bbox 564 5838 2153 5919; baseline 0.013 -29"><span class='ocrx_word' id='word_1_822' title='bbox 564 5838 908 5895; x_wconf 79' lang='lat' dir='ltr'><strong>stitutionem</strong></span> <span class='ocrx_word' id='word_1_823' title='bbox 946 5841 1145 5911; x_wconf 86' lang='lat' dir='ltr'><strong>accipit</strong></span> <span class='ocrx_word' id='word_1_824' title='bbox 1177 5860 1192 5912; x_wconf 88' lang='lat'><strong>;</strong></span> <span class='ocrx_word' id='word_1_825' title='bbox 1226 5844 1353 5899; x_wconf 84' lang='lat' dir='ltr'><strong>divo</strong></span> <span class='ocrx_word' id='word_1_826' title='bbox 1388 5853 1571 5903; x_wconf 84' lang='lat' dir='ltr'><strong>autem</strong></span> <span class='ocrx_word' id='word_1_827' title='bbox 1600 5846 1772 5917; x_wconf 77' lang='lat' dir='ltr'><strong>Moysi</strong></span> <span class='ocrx_word' id='word_1_828' title='bbox 1819 5862 2086 5919; x_wconf 86' lang='lat' dir='ltr'><strong>quantum</strong></span> <span class='ocrx_word' id='word_1_829' title='bbox 2124 5872 2153 5911; x_wconf 88' lang='lat' dir='ltr'><strong>e</strong></span> 
     </span>
    </p>
   </div>
   <div class='ocr_carea' id='block_1_108' title="bbox 2338 5662 3845 5749">
    <p class='ocr_par' dir='ltr' id='par_1_108' title="bbox 2338 5662 3845 5749">
     <span class='ocr_line' id='line_1_109' title="bbox 2338 5662 3845 5749; baseline -0.003 -22"><span class='ocrx_word' id='word_1_830' title='bbox 2338 5662 2495 5731; x_wconf 82' lang='grc' dir='ltr'><strong>Τὸδέ</strong></span> <span class='ocrx_word' id='word_1_831' title='bbox 2529 5681 2587 5731; x_wconf 89' lang='grc' dir='ltr'><strong>ἐν</strong></span> <span class='ocrx_word' id='word_1_832' title='bbox 2612 5681 2676 5749; x_wconf 80' lang='grc' dir='ltr'>τῇ</span> <span class='ocrx_word' id='word_1_833' title='bbox 2706 5678 2908 5749; x_wconf 84' lang='grc' dir='ltr'>νεφέλῃ</span> <span class='ocrx_word' id='word_1_834' title='bbox 2932 5679 3088 5743; x_wconf 80' lang='grc' dir='ltr'>τόξον</span> <span class='ocrx_word' id='word_1_835' title='bbox 3107 5676 3374 5747; x_wconf 87' lang='grc' dir='ltr'>Ἑλλήνων</span> <span class='ocrx_word' id='word_1_836' title='bbox 3405 5675 3504 5741; x_wconf 80' lang='grc' dir='ltr'>μὲν</span> <span class='ocrx_word' id='word_1_837' title='bbox 3535 5670 3725 5733; x_wconf 83' lang='grc' dir='ltr'>παῖδες</span> <span class='ocrx_word' id='word_1_838' title='bbox 3748 5688 3845 5737; x_wconf 82' lang='grc' dir='ltr'>φυ-</span> 
     </span>
    </p>
   </div>
   <div class='ocr_carea' id='block_1_109' title="bbox 2265 5754 3847 5838">
    <p class='ocr_par' dir='ltr' id='par_1_109' title="bbox 2265 5754 3847 5838">
     <span class='ocr_line' id='line_1_110' title="bbox 2265 5754 3847 5838; baseline -0.003 -21"><span class='ocrx_word' id='word_1_839' title='bbox 2265 5765 2418 5819; x_wconf 89' lang='grc' dir='ltr'>σικόν</span> <span class='ocrx_word' id='word_1_840' title='bbox 2475 5784 2528 5820; x_wconf 89' lang='grc' dir='ltr'><strong>τι</strong></span> <span class='ocrx_word' id='word_1_841' title='bbox 2591 5767 2907 5836; x_wconf 79' lang='grc' dir='ltr'>νομίζουσιν</span> <span class='ocrx_word' id='word_1_842' title='bbox 2941 5767 3124 5838; x_wconf 79' lang='grc' dir='ltr'>ἔργον,</span> <span class='ocrx_word' id='word_1_843' title='bbox 3159 5766 3251 5818; x_wconf 73' lang='grc' dir='ltr'>καὶ</span> <span class='ocrx_word' id='word_1_844' title='bbox 3278 5762 3372 5830; x_wconf 80' lang='grc' dir='ltr'>ἀφ’</span> <span class='ocrx_word' id='word_1_845' title='bbox 3406 5754 3467 5814; x_wconf 70' lang='grc' dir='ltr'>οὗ</span> <span class='ocrx_word' id='word_1_846' title='bbox 3512 5762 3732 5827; x_wconf 78' lang='grc' dir='ltr'>νεφέλαι</span> <span class='ocrx_word' id='word_1_847' title='bbox 3758 5759 3847 5813; x_wconf 80' lang='grc' dir='ltr'><strong>καὶ</strong></span> 
     </span>
    </p>
   </div>
   <div class='ocr_carea' id='block_1_110' title="bbox 2262 5852 3842 5929">
    <p class='ocr_par' dir='ltr' id='par_1_110' title="bbox 2262 5852 3842 5929">
     <span class='ocr_line' id='line_1_111' title="bbox 2262 5852 3842 5929; baseline -0.003 -20"><span class='ocrx_word' id='word_1_848' title='bbox 2262 5857 2433 5927; x_wconf 78' lang='grc' dir='ltr'>ἥλιος,</span> <span class='ocrx_word' id='word_1_849' title='bbox 2466 5859 2688 5912; x_wconf 80' lang='grc' dir='ltr'>κάκεῖνο</span> <span class='ocrx_word' id='word_1_850' title='bbox 2721 5859 2821 5929; x_wconf 77' lang='grc' dir='ltr'><strong>τὴν</strong></span> <span class='ocrx_word' id='word_1_851' title='bbox 2857 5858 3123 5911; x_wconf 78' lang='grc' dir='ltr'>σύστασιν</span> <span class='ocrx_word' id='word_1_852' title='bbox 3152 5853 3453 5926; x_wconf 82' lang='grc' dir='ltr'>λαμϐάνει·</span> <span class='ocrx_word' id='word_1_853' title='bbox 3488 5852 3643 5922; x_wconf 80' lang='grc' dir='ltr'>τῷδέ</span> <span class='ocrx_word' id='word_1_854' title='bbox 3663 5869 3726 5921; x_wconf 83' lang='grc' dir='ltr'><strong>γε</strong></span> <span class='ocrx_word' id='word_1_855' title='bbox 3757 5852 3842 5905; x_wconf 83' lang='grc' dir='ltr'>θε-</span> 
     </span>
    </p>
   </div>
  </div>
