4136 6430
329 399 464 467 1199

1087 406 1182 465 AD
1228 403 1817 465 AMPHILOCIIIUM
1856 403 2199 471 QUIESTIO
2233 400 2885 467 CCXCIV-CCXCVIII.

3441 405 3579 472 1130

326 523 535 591 σπεσίῳ
563 521 789 574 Μωΰσεῖ
816 520 939 575 ὅσον
964 520 1071 575 ἀπὸ
1095 524 1192 592 τῆς
1226 520 1333 573 τῶν
1358 520 1557 585 λέξεων
1581 520 1892 589 προφανοῦς

2006 520 2387 589 signiﬁcatione
2424 520 2719 575 verborum
2753 520 2878 589 ejus
2906 518 3259 590 perspicuum
3302 529 3410 585 est,
3464 538 3574 577 non

327 610 604 680 σημασίας
628 610 726 664 οὐκ
766 610 938 664 ἐδόκει
966 610 1142 675 τοῦτο,
1179 610 1316 663 ἀλλὰ
1344 610 1641 680 σύγχρονον
1671 607 1896 681 εἷναιτῇ

326 701 587 774 δεδομένῃ
609 701 868 773 διαθήκη
900 720 919 753 ‹
980 701 1110 755 Ἰδοὺ
1155 699 1285 770 γὰρ,
1318 700 1476 770 φησὶ,
1503 701 1693 770 τίθημι
1718 700 1778 752 τὸ
1806 700 1899 752 τόο

329 793 417 857 ξον
479 811 581 864 μου
635 796 692 846 ἐν
734 797 801 863 τῇ
850 792 1069 864 νεφέλῃ,
1104 792 1179 854 ώς
1210 791 1305 845 νῦν
1352 790 1639 859 τιθεμένου
1676 793 1768 844 καὶ
1801 791 1900 860 τῆς

326 884 592 954 διαθήκης
624 883 1052 955 χρηματίζοντος
1080 882 1306 952 σημείου
1331 898 1347 914 ο
1382 902 1400 934 ι
1439 882 1595 935 οὐδὲν
1618 882 1673 935 δέ
1698 882 1899 935 ἄτοπον

327 976 527 1028 ἐννοεῖν
555 978 651 1029 καὶ
690 977 906 1044 φάσεως
931 976 1029 1045 μὲν
1052 975 1164 1029 ἀπα
1176 975 1307 1045 ρχὴν
1351 973 1628 1046 [ἀπαρχῆς
1651 972 1699 1044 η
1727 989 1898 1044 προσ-

330 1065 491 1137 ϐολὴν
522 1061 664 1119 εἶναι
688 1066 750 1120 τὸ
776 1066 951 1133 τόξον,
976 1066 1067 1119 ἐπὶ
1090 1065 1382 1136 βεϐαιώσει
1413 1065 1470 1119 δὲ
1496 1065 1598 1134 τῆς
1641 1064 1780 1134 πρὸς
1806 1063 1899 1118 τὸν

332 1159 457 1213 Νῶε
492 1158 757 1230 διαθήκης
806 1159 867 1212 τὸ
922 1159 1074 1211 Θεῖον
1106 1158 1238 1211 αὐτὸ
1272 1158 1719 1229 προσλαμϐάνειν
1745 1173 1758 1188 ο
1790 1151 1903 1211 οἷον

327 1250 404 1313 ὡς
430 1250 480 1303 εί
511 1249 782 1319 λέγοντες,
816 1252 899 1305 ὅτι
922 1251 1028 1315 ἕως
1063 1251 1130 1305 ἂν
1161 1250 1320 1304 τοῦτο
1347 1250 1574 1321 γένηται
1601 1251 1697 1305 καὶ
1723 1252 1758 1321 ὴ
1801 1250 1903 1320 φύ-

331 1356 417 1403 σις
455 1340 518 1393 τὸ
554 1342 752 1394 οἰκεῖον
800 1342 1137 1413 προϐάληται
1189 1340 1372 1412 ἔργον,
1403 1343 1504 1396 οὐκ
1542 1342 1695 1395 ἔσται
1728 1358 1902 1396 κατα-

335 1430 599 1502 κλυσμός·
641 1432 759 1485 καθ’
782 1431 819 1486 ἃ
848 1433 913 1487 ἄν
933 1451 1016 1495 τις
1043 1434 1207 1487 εἴποι·
1244 1433 1391 1496 Ἕως
1420 1432 1512 1486 οὖν
1536 1434 1899 1504 ἀνταναιρεθῇ

330 1524 366 1594 ή
393 1523 613 1594 σελήνη,
644 1525 739 1578 καὶ
768 1525 873 1588 ἕως
907 1525 975 1579 ἂν
1009 1527 1037 1578 ό
1062 1525 1216 1597 ἥλιος
1264 1526 1355 1579 τὸν
1396 1525 1647 1595 οὐράνιον
1684 1525 1902 1595 διατρέ-

333 1632 445 1684 χων
476 1615 640 1668 πόλον
683 1619 752 1669 τὰ
792 1615 1011 1681 ἐπίγεια
1051 1617 1318 1686 φωτίζει·
1351 1616 1488 1685 ὅπερ
1534 1616 1681 1669 ἐστίν
1706 1632 1722 1648 ο
1756 1616 1907 1675 Ἕως

331 1706 364 1773 ή
396 1704 558 1773 φύσις
582 1707 677 1760 τὸν
708 1708 906 1762 οίκεῖον
933 1709 1125 1778 εἱρμὸν
1151 1707 1406 1770 διασώζει
1437 1707 1532 1761 καὶ
1575 1708 1714 1778 πρὸς
1746 1707 1902 1760 λύσιν

328 1795 390 1849 οὐ
420 1795 759 1867 διαστρέφει,
783 1798 889 1862 ἕως
915 1798 1038 1851 τότε
1068 1799 1129 1852 τὸ
1165 1798 1508 1869 ἀνθρώπινον
1547 1799 1704 1868 γένος
1730 1816 1901 1853 κατα-

2003 611 2142 665 idem
2193 609 2404 665 videtur
2432 609 2527 665 sed
2558 626 2799 665 coaevum
2871 610 3043 667 fuisse
3092 626 3281 667 arcum
3327 614 3580 668 concessi

2000 704 2131 758 olim
2165 701 2477 757 hominibus
2509 701 2878 759 Testamenti:
2919 722 2939 756 ι
2970 705 3131 769 Ecce,
3178 704 3358 774 inquit
3407 705 3573 769 Deus,

2004 806 2146 862 pono
2177 806 2366 846 arcum
2397 807 2578 846 meum
2608 792 2662 846 in
2716 793 2975 859 nubibus,
3010 804 3065 848 et
3092 794 3199 849 erit
3225 795 3441 864 signum
3471 792 3579 847 fe:-

2002 883 2148 939 deris
2177 884 2449 953 pactique.
2482 901 2502 934 ι
2538 882 2762 937 Minime
2805 893 2988 939 autem
3024 884 3322 939 absurdum
3352 884 3579 939 credere

2001 990 2190 1030 arcum
2229 976 2387 1046 quasi
2419 976 2694 1046 adjectum
2721 976 2909 1031 statim
2956 980 3123 1033 verbo
3155 986 3436 1033 auctorem
3467 991 3587 1047 quo

2002 1065 2118 1136 ipse
2175 1066 2321 1122 Deus
2346 1068 2696 1123 conﬁrmaret
2749 1083 2910 1123 suum
2938 1083 3062 1123 cum
3113 1067 3326 1124 Noemo
3372 1068 3575 1125 fmdus.

2002 1156 2231 1213 Perinde
2257 1174 2323 1213 ac
2350 1159 2397 1215 si
2431 1158 2638 1214 dictum
2688 1169 2834 1216 esset
2865 1159 3110 1230 quandiu
3136 1176 3299 1217 arcus
3330 1162 3433 1217 iste
3453 1176 3579 1231 per-

2004 1248 2347 1312 maneliit,et
2376 1256 2577 1303 natura
2622 1264 2784 1304 suum
2834 1264 2976 1318 opus
3018 1259 3263 1320 peraget.
3296 1248 3418 1304 Non
3473 1249 3581 1304 erit

2004 1338 2291 1405 diluvium,
2355 1340 2500 1410 quod
2528 1340 2670 1395 idem
2705 1347 2789 1396 est
2833 1349 3041 1409 atque:
3096 1339 3352 1408 Quandiu
3414 1341 3595 1396 stabit

2003 1430 2155 1496 luna,
2204 1440 2260 1485 et
2289 1430 2370 1486 sol
2409 1432 2608 1487 coelum
2672 1446 3020 1501 percurrens,
3085 1431 3588 1487 terrestriaillumi-

2004 1522 2151 1577 nabit
2176 1539 2192 1589 ;
2216 1523 2321 1588 vel,
2361 1522 2613 1589 Quandiu
2639 1532 2832 1578 natura
2874 1524 2990 1579 suis
3021 1524 3180 1580 nodis
3218 1524 3586 1593 astringetnr,

2003 1622 2057 1667 et
2084 1612 2151 1666 ad
2179 1611 2590 1668 dissolutionem
2620 1630 2729 1668 non
2755 1622 3017 1678 vertetur,
3048 1614 3235 1668 tandiu
3269 1614 3452 1683 genus'
3477 1614 3585 1667 hu-

2004 1716 2227 1755 manum
2252 1700 2461 1756 diluvio
2514 1718 2623 1757 non
2676 1702 2953 1772 punietur.
3014 1700 3302 1772 Syriorum
3354 1717 3451 1756 rex
3513 1700 3589 1757 ad

2004 1791 2259 1849 Elisaaum
2295 1794 2444 1849 misit
2467 1795 2561 1864 qui
2597 1796 2751 1850 hunc
2772 1796 2839 1850 de
2870 1794 3016 1865 regis
3042 1797 3150 1849 vita
3190 1795 3583 1863 interrogaret,

327 1884 559 1958 κλυσμῷ
580 1888 927 1959 ἀτιμώρητον
957 1888 1111 1943 ἔσται
1146 1905 1159 1919 ·
1194 1892 1222 1943 ὁ
1250 1890 1307 1943 δέ
1335 1889 1589 1960 βασιλεὺς
1639 1893 1740 1961 τῆς
1795 1891 1900 1943 Συ-

2006 1883 2256 1953 quamvis
2311 1884 2403 1938 ille
2438 1900 2547 1938 non
2578 1883 2711 1950 Deo,
2762 1884 2856 1939 sed
2889 1884 3051 1939 idolis
3097 1883 3410 1939 inserviret.
3443 1880 3583 1935 Pro-

331 1973 453 2046 ρίας
518 1974 713 2044 μαθεῖν
758 1977 1081 2031 ἀποστέλλει
1117 1978 1245 2050 περὶ
1272 1979 1372 2049 τῆς
1401 1978 1547 2050 ζωῆς
1573 1980 1737 2034 αὐτοῦ
1766 1981 1901 2051 πρὸς

2006 1976 2176 2044 pheta:
2218 1983 2404 2031 autem
2456 1975 2605 2030 fama
2665 1976 2909 2045 undique
2969 1974 3290 2046 pervulgata
3337 1981 3475 2037 erat,
3528 1980 3586 2024 et

325 2068 418 2122 τὸν
452 2068 755 2121 Ἐλισσαῖον
790 2085 806 2100 ·
858 2070 1037 2123 καίτοι
1089 2070 1163 2141 μὴ
1217 2071 1296 2142 τῷ
1341 2071 1482 2142 Θεῷ,
1518 2072 1632 2125 ἀλλ’
1662 2072 1901 2137 εἰδώλοις

2006 2068 2316 2124 istiusmodi
2377 2075 2499 2122 erat
2561 2067 2790 2123 morbus
2835 2066 2950 2136 regi
2981 2066 3197 2121 instans
3250 2072 3311 2118 ut
3360 2075 3591 2119 necesse

325 2157 628 2228 λατρεύων,
660 2160 742 2212 ὃτι
764 2161 1051 2232 προφήτην
1091 2161 1255 2215 αὐτὸν
1285 2162 1564 2233 πανταχοῦ
1586 2163 1902 2235 διήγγελλεν

330 2252 366 2320 ή
402 2250 579 2321 φήμη,
609 2252 702 2305 καὶ
743 2253 954 2323 ὴνόσος
992 2255 1265 2308 ἐπιστᾶσα
1290 2254 1368 2325 τῷ
1399 2254 1607 2325 βασιλεῖ
1637 2256 1903 2326 συνηνάγ-

324 2343 457 2405 καζε
489 2340 754 2397 πυθέσθαι
778 2343 915 2414 πρὸς
942 2340 1053 2397 οἷον
1078 2344 1416 2415 ἀποϐήσεται
1443 2345 1615 2409 τέλος.

844 2454 1181 2509 ΕΡΩΤΗΣΙΣ
1222 2457 1377 2525 Σιιῑθ.

320 2546 557 2615 Δίκαιος
603 2547 671 2602 δέ
723 2550 758 2620 d
808 2549 958 2620 Nés
992 2549 1323 2620 τυγχάνων,
1381 2548 1538 2603 διατι
1588 2549 1902 2605 ἁλίσκεται

666 2618 838 2689 μέθῃ,
866 2618 965 2673 καὶ
992 2618 1079 2674 οὔ
1097 2619 1305 2673 δίδωσι
1331 2620 1508 2687 δίκην
1529 2637 1549 2685 ;

2001 2156 2153 2213 ﬁeret
2181 2156 2452 2214 sciscitari
2486 2170 2649 2227 quem
2683 2157 2752 2212 ad
2784 2155 2951 2211 ﬁnem
2979 2155 3229 2212 exiturus
3257 2162 3424 2211 esset.

2164 2460 2490 2528 QUESTIO
2521 2458 2793 2517 ccxcvn
2822 2458 3041 2532 [Coist.,
3073 2456 3238 2513 Taur.
3271 2455 3418 2528 cxi.

2008 2552 2140 2607 Cum
2158 2552 2341 2621 justus
2368 2562 2501 2606 esset
2534 2550 2649 2606 Noe
2674 2591 2691 2615 ,
2726 2549 3119 2673 curlebrietatis
3158 2559 3377 2618 argutus
3405 2560 3589 2616 pwnas

2641 2638 2744 2673 non
2771 2637 2827 2673 so
2854 2629 2957 2673 vat.

2641 2638 2744 2675 non
2771 2629 2957 2675 δοιυαε.

800 2730 944 2782 Edita
965 2746 991 2782 a
1017 2730 1143 2781 Maio
1170 2732 1226 2796 (l.
1263 2745 1306 2782 c.
1330 2747 1378 2795 p.
1407 2732 1516 2793 150,
1534 2746 1583 2795 q.
1608 2733 1745 2796 507).
1768 2762 1829 2771 -
1856 2736 1898 2786 Ι)

2006 2748 2059 2786 3e
2084 2735 2225 2785 ebrio
2249 2747 2343 2785 nec
2361 2740 2525 2785 tamen
2545 2738 2739 2798 pun-ito.
2765 2736 2890 2785 Gen.
2917 2749 2987 2797 Ix,
3020 2736 3099 2787 ει.

394 2813 613 2878 Δίκαιος
665 2814 722 2868 δὲ
749 2817 779 2868 ὁ
809 2815 935 2868 Νῶε
962 2815 1247 2887 τυγχάνων
1294 2815 1577 2871 ἁλίσκεται
1628 2818 1771 2892 μέθῃ
1812 2820 1906 2875 καὶ

324 2906 387 2959 οὐ
418 2907 602 2960 δίδωσι
634 2906 812 2978 δίκην,
841 2908 925 2961 ὅτι
963 2909 1103 2977 μήτε
1127 2908 1369 2980 ἀκρασίᾳ
1410 2910 1752 2980 κεχρημένος
1805 2909 1905 2981 τὴν

327 2996 505 3067 μέθην
555 2995 787 3065 ὑπέστη,
822 2997 916 3050 καὶ
950 2996 1115 3066 νόμον
1166 2998 1269 3050 οὐκ
1330 2993 1447 3067 εἶχε
1498 2998 1600 3068 τῆς
1634 3000 1714 3061 είς
1747 2999 1906 3071 κόρον

322 3087 663 3157 ἀπείργοντα
690 3085 1001 3149 οίνοποσίας
1026 3101 1040 3115 ·
1069 3085 1247 3150 ἄλλως
1280 3103 1338 3140 τε
1370 3087 1426 3139 δὲ
1456 3087 1553 3141 καὶ
1582 3088 1782 3159 όιγνοίιῖι⁵
1802 3088 1903 3157 τῆς

2097 2821 2235 2877 Cum
2260 2820 2448 2890 justus
2490 2829 2636 2876 esset
2671 2819 2806 2886 Noe,
2838 2821 3119 2876 ebrietatis
3165 2816 3435 2889 arguitur,
3488 2830 3599 2872 nec

2005 2929 2197 2983 pinnas
2230 2914 2415 2979 solvit,
2450 2914 2580 2984 quia
2643 2929 2751 2968 non
2796 2929 2863 2968 ex
2923 2912 3350 2981 intemperantia
3402 2908 3595 2964 ebrius

2004 3006 2185 3062 Iactus
2213 3016 2316 3073 est,
2344 3016 2399 3062 et
2452 3007 2697 3061 nondum
2728 3005 2996 3060 adversus
3052 3005 3304 3060 ebriosos
3334 3002 3591 3059 homines

2004 3096 2112 3150 lata
2135 3105 2255 3150 erat
2280 3097 2389 3163 lex,
2420 3097 2725 3165 praesertim
2770 3110 2923 3150 cum.
2964 3095 3083 3148 vini
3120 3094 3355 3160 inscius,
3399 3108 3510 3146 non
3534 3107 3596 3146 se

324 3180 597 3249 χρήσεως,
632 3176 747 3231 ἀλλ’
768 3178 889 3247 οὐχὶ
918 3177 1225 3247 πολυποσίᾳ
1255 3179 1557 3232 κατέπεσεν
1579 3181 1659 3244 είς
1694 3180 1898 3250 μέθηνο

2013 3189 2180 3243 nimia
2217 3189 2513 3259 cupiditate
2540 3187 2765 3242 bibendi
2801 3188 2926 3241 vino
2968 3187 3203 3241 obrutus
3235 3186 3347 3253 sit;
3384 3193 3592 3253 tempe-

325 3270 653 3339 κιρνάμενος
676 3269 784 3340 γάρ
817 3271 844 3321 ὁ
874 3265 1016 3333 οἶνος
1040 3270 1139 3339 οὐχ
1171 3267 1345 3332 οὕτως
1376 3269 1484 3323 τῶν
1510 3269 1902 3323 ἐπιθολούντων

325 3361 520 3431 ἀτμῶν
536 3361 625 3414 τὸν
655 3361 961 3430 ἐγκέφαλον
986 3361 1185 3431 πληροῖ
1210 3361 1306 3414 καλ⁸
1338 3361 1401 3414 τὸ
1440 3360 1767 3432 ἡγεμονικὸν
1792 3362 1909 3413 ἐπι-

325 3452 569 3515 σκοτίζει
594 3467 608 3481 ⁸
645 3454 679 3522 ή
713 3451 771 3504 δὲ
800 3453 1036 3522 ἄκρατος
1066 3452 1258 3504 τούτου
1296 3452 1587 3522 προσφορὰ
1640 3453 1908 3524 θερμοτέ-

326 3560 456 3614 ρους
509 3541 734 3605 τούτους
785 3542 1134 3611 ἀναφέρουσα
1192 3542 1286 3594 καὶ
1331 3542 1693 3612 δριμυτέρους
1720 3542 1818 3596 καὶ
1849 3542 1909 3607 ἐξ

321 3635 505 3704 ὀλίγου
538 3633 781 3704 πόματος
815 3632 1055 3702 μάλιστα
1084 3634 1196 3694 τοῖς
1239 3634 1527 3702 ἀσυνήθως
1567 3634 1705 3704 πρὸς
1750 3634 1908 3687 τοῦτο

320 3726 689 3795 διακειμένοις
736 3725 1092 3794 ἐνεργάζεται
1120 3725 1179 3778 τὸ
1206 3725 1377 3785 πάθος
1404 3742 1418 3754 ·
1455 3726 1593 3797 πλὴν
1624 3728 1652 3779 ὁ
1704 3725 1907 3781 θεσπέο

324 3834 440 3881 σιος
467 3815 697 3883 Παῦλος,
716 3816 820 3886 πρὸ
838 3815 994 3886 ἡμῶν
1016 3816 1107 3869 τὸν
1128 3816 1267 3886 ὐπέρ
1289 3817 1457 3870 αὐτοῦ
1476 3819 1711 3871 ποιεῖται
1727 3818 1905 3887 λόγον,

331 3926 353 3959 ι
374 3907 666 3978 Ἀμαρτία,
686 3906 933 3977 φάσκων,
962 3906 1064 3960 οὐκ
1089 3906 1378 3975 ἐλλογεῖτο,
1405 3910 1478 3978 μὴ
1507 3908 1659 3971 ὄντος
1681 3909 1898 3979 νόμου’›

320 3998 407 4053 διὸ
440 3998 612 4053 πολλὰ
638 3999 706 4052 ἂν
731 3997 915 4069 εὕροις
944 3997 1086 4051 κατὰ
1110 3998 1210 4066 τὴν
1244 3999 1481 4053 παλαιάν
1511 4000 1729 4068 ἐκείνην
1759 4003 1907 4054 πολι-

318 4094 474 4147 τείαν
494 4093 620 4156 τούς
650 4091 989 4161 θαυμασίους
1017 4089 1260 4151 ἐκείνους
1300 4089 1499 4160 ἄνδρας
1536 4090 1907 4163 διαπεπρακό-

318 4183 526 4250 ταςνέξ
586 4182 865 4254 ἀπειρίας,
894 4180 954 4244 ἐξ
997 4174 1072 4233 ὧν
1133 4180 1315 4243 αὐτοῖς
1377 4179 1603 4249 οὐδεμία
1660 4198 1909 4251 παρηκο-

318 4275 557 4346 λούθησε
584 4275 706 4347 δίκη
732 4290 744 4303 ο
786 4274 904 4326 νυνὶ
951 4271 1009 4325 δὲ
1034 4271 1158 4324 ἐπεὶ
1184 4272 1316 4344 παρ’
1342 4274 1474 4344 ήμῖν
1499 4273 1594 4325 καὶ
1626 4273 1779 4343 νόμοι
1807 4275 1905 4327 καὶ

320 4368 434 4422 τῶν
454 4368 744 4439 πρακτέων
773 4368 805 4436 ή
839 4364 1039 4434 γνῶσις
1064 4364 1492 4435 ἐπιφανεστάτη,
1517 4365 1757 4431 εὐλόγως
1777 4368 1905 4430 τοὺς

320 4459 789 4531 παραϐεϐηκότας
836 4455 1018 4528 ἠητῆς
1071 4456 1419 4527 παρανομίας
1467 4455 1789 4525 ὑποδέχεται
1816 4472 1901 4509 τι·

323 4552 535 4624 μωρία.

854 4689 1191 4742 svorum:
1216 4687 1381 4754 Σιιιιο.

316 4776 518 4831 Πόθεν
545 4778 677 4833 ἔστι
707 4779 817 4847 τῆς
839 4779 1086 4847 Γραφῆς
1116 4775 1460 4847 λαϐεἷνᾼῠπύ
1484 4775 1591 4831 τοῦ
1618 4774 1906 4830 διαϐόλου

726 4845 833 4903 τὸν
872 4845 1044 4919 Ἀδὰμ
1076 4845 1453 4914 ἀπατηθῆναι
1482 4863 1500 4910 ;

2012 3290 2190 3335 ratum
2221 3296 2379 3351 aqua:
2430 3280 2618 3335 vinum
2644 3295 2755 3333 non
2789 3280 2925 3333 adeo
2961 3279 3277 3333 turbulento
3321 3277 3589 3342 anhelitu,

2010 3372 2297 3427 cerebrum
2332 3371 2538 3441 implet,
2598 3379 2871 3440 caputque
2908 3370 3249 3425 obtenebrat.
3314 3368 3599 3423 Meracum

2010 3473 2191 3517 autem
2223 3464 2410 3517 vinum
2443 3462 2723 3518 calefactis
2769 3461 3090 3515 hominibus
3123 3459 3396 3516 feritatem
3442 3458 3594 3513 addit

2012 3553 2095 3607 vel
2155 3554 2368 3608 modice
2410 3553 2693 3620 haustum,
2744 3553 3158 3623 prtesertimque
3216 3552 3452 3607 insuetis
3474 3552 3595 3606 ani-

2009 3659 2159 3698 mum
2197 3644 2459 3698 incendit.
2494 3644 2766 3700 Caeterum
2819 3643 2981 3699 divus
3036 3643 3240 3698 Paulus
3296 3653 3423 3698 ante
3491 3657 3599 3697 nos

2010 3751 2125 3791 rem
2149 3736 2373 3807 agitavit
2397 3736 2625 3791 dicens:
2662 3754 2682 3789 ι
2716 3736 3009 3791 Peccatum
3031 3746 3215 3791 autem
3264 3752 3374 3791 non
3410 3737 3592 3805 impu-

2009 3828 2214 3883 tabitur
2256 3829 2481 3899 quando
2512 3844 2619 3883 non
2645 3838 2799 3885 esset
2823 3830 2910 3885 lex
2940 3831 2983 3861 ι’
3016 3848 3062 3884 ι.
3108 3828 3477 3895 Quamobrem
3534 3826 3590 3879 iu

2009 3920 2233 3988 antiqua
2272 3919 2390 3989 lege
2411 3919 2691 3973 mirabiles
2711 3920 2898 3974 videas
2930 3934 3173 3989 persaepe
3194 3920 3349 3974 viros
3390 3918 3594 3987 quibus

2010 4009 2063 4064 id
2089 4010 2386 4079 inexpertis
2413 4010 2629 4075 accidit,
2661 4025 2727 4064 ex
2756 4026 2865 4079 quo
2899 4011 3049 4064 nulla
3110 4019 3291 4063 tamen
3342 4009 3423 4063 eis
3457 4024 3592 4063 con-

2009 4111 2192 4155 secuta
2219 4109 2303 4156 est
2350 4116 2533 4170 poena.
2562 4100 2721 4155 Nunc
2784 4110 2963 4155 autem
3032 4101 3174 4170 apud
3230 4115 3332 4154 nos
3366 4115 3491 4154 cum
3539 4108 3596 4154 et

2009 4189 2095 4243 lex
2142 4200 2195 4245 et
2224 4204 2404 4244 rerum
2440 4206 2564 4259 quae
2624 4199 2754 4245 sunt
2797 4186 3061 4245 faciendae
3117 4191 3357 4260 cognitio
3411 4192 3595 4245 mani-

2008 4280 2203 4335 festata
2232 4282 2325 4346 sit,
2376 4292 2521 4336 recte
2565 4297 2660 4336 eos
2704 4282 2796 4352 qui
2856 4282 3005 4351 leges
3037 4283 3366 4353 transgressi
3426 4291 3582 4348 sunt,

2019 4374 2476 4443 transgressionis
2496 4388 2658 4442 paena
2679 4374 2901 4443 excipit.
3494 4358 3506 4370 ’

2153 4677 2481 4747 ρυᾸίδΤΙΟ
2530 4679 2825 4737 CCXCVlll
2871 4680 3063 4754 [CoisL
3087 4681 3251 4737 Taur.
3288 4681 3451 4755 CXI].

2013 4772 2098 4827 Ea:
2129 4788 2230 4841 quo
2264 4770 2553 4841 Scriptura:
2579 4772 2692 4826 loco
2732 4784 2959 4837 constat,
3013 4775 3279 4828 Adamum
3308 4791 3342 4828 a
3383 4773 3603 4827 diabolo

2563 4844 2836 4913 deceptum
2871 4861 2983 4897 esse
3008 4846 3035 4897 ?

664 4962 919 5012 Editarum
942 4976 969 5009 a
994 4960 1169 5010 Wolﬁo
1192 4962 1438 5009 tricesima
1469 4965 1636 5009 octava
1658 4958 1797 5021 (Cur.
1834 4954 2038 5018 Philol.,
2061 4960 2099 5005 ι.
2135 4956 2193 5017 ν,
2216 4971 2264 5019 p.
2295 4956 2410 5017 692,
2441 4957 2552 5007 695.
2579 4956 2804 5008 Galland.
2828 4957 2962 5019 Xlll,
2984 4957 3097 5020 709,
3117 4959 3232 5023 710)

404 5070 472 5122 '0
513 5068 572 5121 δέ
610 5069 974 5139 ὲπηρώτησας
999 5108 1015 5134 ,
1065 5066 1141 5130 ώς
1172 5067 1334 5119 πόθεν
1384 5065 1501 5118 ἔστι
1533 5067 1634 5137 τῆς
1671 5066 1900 5136 Γραφῆς

323 5162 530 5226 λαϐεῖν,
580 5161 685 5214 ὑπὸ
727 5159 821 5213 τοῦ
870 5159 1118 5212 διαϐόλου
1184 5158 1276 5211 τὸν
1318 5158 1490 5227 Ἀδάμ
1534 5158 1900 5229 ἀπατηθῆναι,

326 5256 461 5307 πᾶσι
490 5254 587 5323 μὲν
607 5252 855 5305 εὐσεϐέσι
874 5251 1157 5321 νομίζεται
1186 5249 1364 5315 τοῦτο,
1385 5249 1503 5303 ἀλλ’
1532 5252 1565 5319 ή
1585 5251 1774 5321 Γραφὴ
1793 5250 1902 5320 (85)

324 5346 413 5399 διὰ
440 5343 535 5397 τοῦ
564 5343 738 5413 ὄφεως
785 5345 946 5413 μόνον
977 5341 1326 5413 ἀπατηθῆναι
1360 5341 1473 5411 (84)
1504 5344 1601 5411 τὴν
1632 5338 1800 5406 Εὔαν,
1835 5340 1903 5393 δι’

402 5501 445 5531 ί*
473 5500 634 5556 Rom.
667 5518 721 5567 v,
752 5502 847 5557 15.

2077 5066 2230 5132 Quod
2252 5066 2474 5135 quaeris,
2504 5066 2647 5120 unde
2667 5081 2733 5120 ex
2756 5065 3041 5136 Scriptura
3066 5074 3281 5121 constet
3320 5064 3607 5119 Adamum

2007 5176 2037 5215 a
2068 5161 2290 5216 diabolo
2327 5176 2451 5216 esse
2478 5160 2797 5225 seductum,
2854 5160 2907 5213 id
2940 5159 3159 5230 quidem
3198 5160 3305 5230 piis
3331 5158 3597 5213 omnibus

2013 5251 2356 5321 exploratum
2392 5250 2644 5304 habetur.
2681 5247 2968 5319 Scriptura
3004 5259 3208 5317 tamen,
3244 5266 3367 5320 qua:
3418 5249 3590 5303 Evam

2010 5350 2222 5397 tantum
2255 5356 2349 5412 per
2404 5350 2734 5411 serpentem,
2790 5357 2887 5411 per
2946 5342 3097 5398 illam
3132 5358 3263 5399 vero
3316 5343 3610 5398 AdamunL

1851 5614 2087 5672 NOTAE.

403 5740 515 5809 (8'5)
558 5739 686 5795 Post
731 5739 917 5811 γραφὴ

407 5811 519 5882 (84)
544 5810 783 5868 (ὲυὶδιὶιιζ
802 5812 1171 5881 ἀπατηθῆναι,
1198 5813 1352 5866 (Iulli.
1387 5810 1774 5879 ἀπαιτηθῆναι.

963 5740 1230 5796 excidisse
1273 5739 1489 5794 videtur
1537 5738 1680 5792 facili
1713 5738 1867 5806 lapsu
1906 5738 2132 5803 librarii,
2161 5738 2218 5806 ἦ.

2166 5738 2185 5749 ,ι
