4136 6440
589 321 718 388 1131

1747 329 2008 390 ΡΗΟΤΙΙ
2039 333 2542 394 PATRIARCH/E
2573 337 2681 396 CP.

3726 323 3861 385 1132

584 438 872 507 deceptum
898 434 1062 499 sistit,
1101 434 1517 488 lueulentiorem
1543 434 1757 504 quaesiti
1787 436 1949 505 hujus
2002 438 2156 492 solu—

2266 440 2435 510 αύτῆς
2484 440 2542 494 δὲ
2583 443 2674 493 τὸν
2714 440 2886 508 Ἀδάμ
2933 437 3180 506 εἰσάγει,
3217 431 3708 508 περιφανεστέραν
3757 432 3854 486 τοῦ

585 529 793 583 tionem
823 526 996 581 aﬂ‘ert.
1037 527 1153 595 Ipse
1182 526 1327 579 enim
1387 525 1651 580 Dominus
1683 536 1870 582 noster
1900 529 1953 583 in
1982 528 2161 584 Evan-

585 619 744 690 geliis
771 635 871 673 nos
927 620 1135 683 docuit,
1188 618 1422 672 dicens:
1463 619 1602 673 «Ille
1655 618 1724 674 ab
1771 618 1928 674 initio
1986 620 2163 674 homi-

587 712 709 766 cida
735 720 816 764 est
836 711 900 764 '°.
931 729 948 762 ι
993 710 1178 780 Neque
1201 710 1344 764 enim
1380 709 1476 772 ibi,
1504 709 1650 779 quod
1679 711 1956 765 nonnullis
1985 712 2162 765 visum

586 809 690 862 est,
719 801 950 855 Cainum
978 802 1156 855 innuit
1187 819 1202 867 ;
1229 801 1321 856 sed
1356 802 1408 855 in
1440 801 1619 870 ipsum
1661 801 1920 856 Satanam
1951 804 2162 858 crimen

587 892 694 945 hoc
718 889 903 944 refert.
941 888 1177 959 Serpens
1224 893 1395 954 enim,
1423 892 1514 960 qui
1567 892 1768 945 diaboli
1817 893 2161 947 instrumen-

587 991 703 1036 tum
736 993 989 1048 vocatur,
1031 984 1163 1036 nihil
1197 983 1348 1037 dubii
1387 991 1591 1050 movet,
1649 984 1852 1052 quippe
1905 985 1998 1053 qui
2051 985 2167 1053 pri-

587 1074 798 1128 marius
828 1082 882 1128 et
928 1075 1180 1143 princeps
1232 1074 1567 1132 seductionis
1597 1085 1788 1128 auctor
1833 1075 2018 1128 haberi
2056 1091 2163 1130 non

588 1163 783 1230 possit.
823 1163 1114 1231 Propterea
1146 1178 1276 1216 vero
1328 1179 1420 1231 per
1453 1173 1780 1232 serpentem,
1834 1179 1940 1218 nun
1978 1173 2165 1218 autem

588 1267 687 1322 per
727 1255 871 1308 aliud
939 1255 1142 1308 animal
1200 1254 1378 1309 malus
1435 1256 1644 1309 daemon
1732 1254 1981 1310 fraudem
2040 1256 2168 1310 Eva:

588 1345 743 1411 facit,
795 1347 942 1414 quod
978 1345 1182 1398 animal
1213 1345 1346 1398 illud
1412 1346 1628 1400 mulieri
1683 1346 1989 1415 jucundum
2017 1357 2166 1403 esset

585 1434 733 1502 ideo,
760 1437 1046 1506 quoniam,
1079 1451 1178 1504 pro
1212 1435 1476 1504 singulari
1509 1437 1692 1490 indole
1725 1453 1843 1502 sua,
1879 1439 1983 1492 alia
2018 1454 2169 1507 quaa-

589 1541 809 1596 cunque
840 1527 1104 1580 imitando
1135 1526 1393 1581 facillime
1425 1529 1734 1596 exprimere
1764 1540 1998 1599 poterat.
2027 1533 2167 1586 Cum

587 1632 722 1672 vero
763 1625 1025 1687 praeterea
1069 1617 1322 1672 diabolus
1360 1620 1563 1673 animal
1620 1621 1724 1675 hoc
1758 1623 1996 1676 naturali
2026 1639 2169 1693 qua-

589 1706 715 1762 dam
744 1706 1044 1776 sagacitate
1071 1705 1400 1760 instructum
1439 1709 1666 1774 videret,
1708 1710 1852 1764 idem
1883 1711 1956 1763 illi
1993 1711 2170 1765 maxi-

2265 528 2579 600 ζητήματος
2607 531 2707 601 τὴν
2734 530 2888 582 λύσιν
2917 527 3049 600 ἔχει.
3083 526 3256 590 Αὐτὸς
3298 527 3409 597 γὰρ
3472 527 3502 578 ό
3545 523 3768 594 Κύριος
3802 525 3862 577 ἐν

2266 622 2622 690 Εὐαγγελίοις
2668 620 2903 686 ἐδίδαξεν
2943 621 3092 690 ἡμᾶς
3139 617 3347 672 είπὼν·
3407 635 3426 669 ι
3473 616 3727 678 Ἐκεῖνος
3765 615 3862 668 ἀπ’

2265 715 2438 784 ἀρχῆς
2496 714 2941 784 ἀνθρωποκτόνος
2996 712 3162 766 ἐστίν.
3205 732 3224 765 ι
3260 711 3372 766 Καὶ
3427 709 3538 779 γὰρ
3594 708 3724 777 οὐχ,
3788 707 3863 769 ὡς

2267 805 2432 866 ὲνίοις
2463 803 2644 869 ἔδοξε,
2679 803 2772 857 τὸν
2816 803 2957 858 Κόιῖν
2994 801 3210 872 μηνύει,
3260 801 3376 854 ἀλλ’
3431 801 3512 861 εἰς
3558 797 3737 850 αὐτὸν
3774 796 3864 849 τὸν

2267 894 2512 946 Σατανᾶν
2557 893 2656 964 τὴν
2701 893 3041 963 κατηγορίαν
3087 891 3372 961 ἀναφέρει.
3433 889 3493 943 Ὀ
3539 888 3662 960 γὰρ
3715 888 3861 954 ἧφις,

2267 984 2498 1054 ὄργανον
2561 983 2661 1054 μὲν
2719 981 2814 1035 τοῦ
2865 981 3114 1035 διαϐόλου
3168 979 3546 1053 χρηματίζων,
3591 977 3865 1046 οὐδεμίαν

2269 1072 2570 1146 παρέχεται
2601 1072 2839 1142 ἀπορίαν
2862 1111 2878 1136 ,
2911 1070 3214 1140 αὐτουργὸς
3259 1070 3317 1122 δὲ
3365 1069 3460 1121 καὶ
3517 1067 3867 1136 πρωταίτιος

2267 1165 2367 1235 τῆς
2394 1163 2613 1233 ἀπάτης
2642 1160 2896 1232 οὐδαμῶς
2932 1160 2998 1214 ἂν
3027 1159 3127 1230 ἔχῃ
3159 1157 3344 1229 χώραν
3370 1155 3736 1226 νομισθῆναι.
3765 1152 3864 1206 Διὰ

2269 1257 2430 1309 τοῦτο
2449 1256 2527 1319 δὲ,
2559 1256 2652 1307 καὶ
2678 1255 2800 1324 οὐχὶ
2827 1253 2895 1306 δι’
2921 1252 3085 1305 ἄλλου
3117 1249 3280 1315 ζῶον,
3328 1249 3601 1320 προσάγει
3629 1249 3661 1300 ὁ
3690 1262 3864 1313 πονη-

2275 1347 2366 1419 ρὸς
2394 1348 2494 1416 τὴν
2521 1347 2738 1416 ἀπάτην
2764 1347 2830 1416 τῇ
2859 1343 2975 1414 Εὕα
2999 1384 3013 1407 ,
3044 1343 3125 1396 ὅτι
3154 1341 3549 1412 κεχαρισμένον
3592 1334 3670 1409 ἦν
3709 1336 3866 1389 τοῦτο

2270 1439 2331 1492 τὸ
2365 1437 2502 1502 ζῶον
2524 1439 2589 1508 τῇ
2626 1439 2869 1504 γυναικὶ,
2913 1434 3002 1487 διὰ
3022 1432 3120 1486 τοῦ
3148 1432 3247 1502 τῆν
3280 1431 3449 1499 ἄλλην
3485 1428 3730 1497 εὐφυΐαν
3774 1427 3866 1478 καὶ

2271 1529 2409 1599 πρὸς
2451 1529 2510 1582 τὸ
2561 1527 2904 1599 μιμήσασθαι
2952 1525 3178 1577 δυνατὸν
3223 1519 3316 1592 ἦν.
3344 1520 3554 1582 Ἄλλως
3583 1536 3650 1571 τε
3683 1518 3743 1570 δὲ
3774 1515 3865 1569 καί

2269 1639 2413 1684 τινος
2454 1619 2696 1690 ἐμφύτου
2732 1619 2959 1688 μετέχον
3001 1616 3162 1669 τοῦτο
3192 1615 3252 1667 τὸ
3283 1613 3420 1678 ζῶον
3453 1611 3601 1682 ὁρῶν
3654 1609 3861 1680 φρονή-

2269 1727 2414 1773 σεως
2439 1710 2467 1762 ὁ
2494 1708 2738 1770 διάϐολος
2765 1749 2779 1773 ,
2826 1705 3133 1777 ἐπιτήδειον
3169 1704 3391 1772 ἐνόμισε
3441 1701 3579 1771 πρὸς
3610 1699 3721 1770 τήν
3759 1699 3862 1749 ὐπ-

588 1812 682 1852 me
730 1799 910 1852 visum
969 1809 1053 1854 est
1102 1800 1599 1864 accommodatum,
1648 1802 1808 1872 cujus
1857 1802 2162 1859 ministerio

2274 1801 2501 1873 ηρεσίαν
2532 1799 2680 1870 αὐτῷ
2702 1798 2804 1868 τῆς
2830 1796 3048 1866 ἀπάτης
3082 1792 3420 1866 χρηματίσαι
3460 1791 3727 1860 ὄργανον,
3765 1787 3859 1840 ἅτε

588 1890 658 1944 ad
706 1888 953 1945 fraudem
1014 1891 1321 1947 faciendam
1381 1901 1667 1958 uteretur;
1725 1893 1981 1963 inprimis
2040 1910 2166 1950 cum

588 1979 736 2035 idem
796 1991 925 2036 tunc
953 1983 1175 2052 quidem
1207 1983 1451 2052 linguam
1498 1983 1723 2038 haberet
1751 1983 1818 2038 ad
1845 1985 2008 2039 verba
2040 2000 2170 2056 pro-

586 2069 816 2126 ferenda
874 2073 1148 2128 idoneam.
1204 2073 1424 2128 Interim
1490 2074 1753 2128 ineffabili
1810 2076 2170 2145 providentiae

587 2160 822 2216 debetur
847 2163 1010 2217 etiam
1041 2163 1197 2229 illud,
1234 2164 1379 2234 quod
1399 2179 1626 2234 serpens
1649 2179 1811 2220 voces
1843 2167 2168 2223 articulatas

588 2251 833 2308 formare
862 2256 1058 2323 potuit.
1101 2254 1242 2310 Cum
1274 2255 1419 2310 enim
1455 2255 1722 2311 Conditor
1755 2258 2003 2327 optimus
2038 2259 2168 2313 mali

591 2343 858 2398 daemonis
920 2344 1214 2399 consilium
1273 2347 1628 2416 perspiceret,
1694 2349 1966 2418 sciretque
2016 2363 2165 2414 eum,

585 2433 690 2487 nisi
731 2444 1038 2504 serpentem
1070 2436 1282 2493 fraudis
1308 2453 1420 2492 suae
1457 2439 1888 2494 instrumentum
1920 2441 2166 2507 haberet,

584 2522 902 2582 hominibus
925 2527 1058 2597 ipsis
1079 2529 1145 2583 ad
1163 2537 1406 2583 mutuam
1433 2531 1513 2584 sui
1531 2530 1908 2600 deceptionem
1935 2547 2167 2587 usurum

581 2629 727 2683 esse,
758 2630 1068 2689 serpentem
1099 2620 1398 2676 humanam
1452 2636 1638 2677 vocem
1691 2626 1943 2679 emittere
1972 2641 2168 2695 passus

583 2717 690 2772 est,
745 2725 814 2764 ne
872 2713 1138 2780 pernicies
1197 2714 1483 2768 hominum
1527 2733 1592 2770 ex
1662 2718 1795 2788 ipsis
1850 2720 2168 2776 hominibus

585 2796 926 2864 nasceretur,
962 2805 1203 2874 malique
1235 2807 1390 2875 origo
1424 2808 1494 2861 ah
1527 2808 1660 2876 ipsis
1711 2811 1977 2879 prodiret.
2010 2811 2168 2878 Quod

584 2891 630 2944 si
655 2892 802 2945 enim
852 2893 955 2963 ipsi
987 2906 1242 2951 auctores
1293 2899 1674 2967 persuasionis
1724 2901 1789 2955 ad
1827 2905 2167 2972 peccandum

577 2985 944 3060 exstitissent,
983 2987 1126 3042 idem
1157 2989 1264 3043 illis
1301 3007 1403 3044 usu
1435 2992 1697 3058 venisset,
1747 2996 1890 3064 quod
1928 2999 2166 3067 serpenti

582 3079 904 3145 accidit,ita
956 3082 1202 3151 quidem,
1237 3093 1294 3138 ut
1338 3084 1458 3138 sine
1502 3085 1756 3142 instituto
1809 3104 1991 3145 causa;
2039 3106 2168 3145 exa-

581 3169 753 3230 mine,
797 3169 862 3222 ad
913 3173 1222 3239 exemplmn
1295 3176 1588 3242 serpentis,
1653 3177 2164 3234 contlemnatoriam

581 3263 910 3318 sententiam
972 3263 1337 3320 audivissent.
1375 3266 1563 3336 Itaque
1619 3271 1893 3326 sermonis
1939 3271 2164 3328 humani

578 3349 812 3408 facultas
845 3355 1083 3423 serpenti
1115 3357 1470 3425 permittitur,
1503 3374 1572 3412 ne
1609 3359 1775 3413 homo
1800 3362 1927 3414 mali
1962 3372 2158 3418 auctor

581 3442 751 3498 fuisse
801 3445 1093 3499 videretur.
1134 3443 1212 3500 Ita
1243 3447 1390 3502 enim
1438 3448 1584 3503 Deus
1637 3465 1800 3518 agere
1850 3455 2160 3519 consuevit,

577 3543 660 3588 ut.
693 3550 790 3605 per
821 3552 944 3604 qua:
973 3536 1325 3592 adversarius
1374 3541 1547 3595 malas
1599 3551 1742 3597 artes
1774 3545 2022 3609 molitur,
2064 3561 2163 3614 per

577 3623 768 3679 eadem
798 3625 1036 3694 pessima
1063 3625 1184 3695 ejus
1218 3628 1450 3682 consilia
1479 3639 1685 3684 evertat
1706 3642 1759 3686 et
1793 3633 2087 3690 disturbet.

714 3733 1040 3799 QUAESTI‘O
1066 3734 1314 3790 CCXCIX
1348 3735 1538 3808 [€0st
1578 3739 1766 3806 Taur.,
1811 3742 2023 3818 CXVI].

616 3824 758 3890 Quid
786 3829 898 3883 haec
928 3827 1179 3898 ualeant;
1222 3847 1241 3881 ‹
1276 3828 1518 3896 Domine,
1563 3848 1669 3887 non
1697 3847 1774 3890 est
1823 3838 2125 3894 exaltatum

1210 3916 1300 3954 σοι·
1329 3917 1519 3956 meum.
1534 3921 1552 3953 ι

2270 1892 2335 1963 δὴ
2387 1891 2621 1962 μάλιστα
2661 1890 2755 1942 καὶ
2809 1886 3061 1956 γλῶσσαν
3094 1885 3336 1955 ῥήμασιν
3389 1875 3860 1949 ὑπηρετήσασθαι

2270 1985 2501 2055 λαχόντα
2525 1982 2647 2036 τότε
2671 1982 2765 2035 τὸν
2787 1980 2933 2050 ὅφιν.
2975 1977 3286 2048 Ἀφράστου
3314 1973 3371 2026 δὲ
3402 1969 3667 2044 προνοίας
3700 1967 3858 2037 ἔργον

2267 2071 2338 2148 ἧν
2368 2076 2463 2128 καὶ
2487 2075 2569 2138 τὸ,
2599 2075 2688 2126 τὸν
2713 2072 2839 2141 ὅφιν
2869 2069 3055 2140 φωνάς
3105 2067 3409 2137 ἐνάρθρους
3438 2064 3688 2133 ἀφιέναι.
3737 2061 3857 2115 Ἐν-

2268 2166 2414 2240 ορῶν
2441 2166 2552 2236 γάρ
2574 2167 2602 2218 ό
2631 2165 2839 2234 πλάνης
2861 2163 2963 2224 τὰς
2990 2160 3085 2214 τοῦ
3113 2158 3352 2228 πονηροῦ
3381 2157 3592 2220 ἐννοίας
3615 2195 3630 2219 ,
3659 2153 3759 2208 καὶ
3785 2153 3858 2216 ὡς

2269 2263 2319 2314 εί
2351 2261 2426 2331 μὴ
2471 2259 2562 2313 τὸν
2610 2258 2735 2328 ὅφιν
2763 2257 2999 2326 ὄργανον
3030 2254 3129 2324 τῆς
3168 2253 3384 2319 ἀπάτης
3417 2249 3597 2314 λάϐοι,
3658 2245 3858 2308 αὐτοὺς

2271 2347 2513 2410 ἐκείνους
2548 2347 2674 2408 τοὺς
2707 2340 3032 2415 ἀνθρώπους
3085 2343 3166 2403 εἰς
3215 2341 3316 2410 τὴν
3367 2337 3580 2392 ἑαυτῶν
3633 2336 3854 2404 ἀπάτην

2272 2438 2677 2505 συλαγωγὴσει,
2724 2436 2999 2506 συγχωρεῖ
3046 2433 3138 2486 τὸν
3165 2431 3288 2500 ὅφιν
3321 2430 3707 2501 ἀνθρωπίνους
3742 2444 3852 2496 φω-

2269 2532 2368 2595 νὰς
2394 2532 2666 2601 προϊέναι,
2685 2530 2774 2583 ἵνα
2806 2529 2880 2600 μὴ
2909 2527 2969 2592 ἐξ
3000 2527 3181 2581 αὐτῶν
3210 2525 3319 2578 τῶν
3353 2521 3662 2594 ἀνθρώπων
3691 2521 3726 2590 ή
3749 2517 3853 2572 τῶν

2271 2619 2577 2690 ἀνθρώπων
2603 2619 2752 2689 λύμη
2781 2617 3154 2688 ὲκὸλαστήσῃ,
3190 2616 3286 2668 καὶ
3315 2617 3348 2684 ἡ
3379 2611 3473 2666 τοῦ
3502 2611 3683 2666 κακοῦ
3709 2607 3851 2679 ἀρχὴ

2269 2711 2478 2764 ἐκεῖθεν
2503 2709 2602 2781 τὴν
2631 2707 2857 2779 πρόοδον
2884 2706 3060 2760 λάϐοι.
3087 2707 3150 2759 Et
3179 2704 3289 2774 γὰρ
3323 2703 3477 2755 αὐτοὶ
3505 2703 3606 2771 τῆς
3633 2699 3828 2767 είσηγή

2273 2820 2410 2867 σεως
2435 2802 2530 2856 τοῦ
2563 2800 2962 2872 ἁμαρτήματος
2990 2797 3395 2868 καθεστηκότες
3424 2794 3691 2864 ὤφθησαν
3719 2794 3853 2861 ἀρχ-

2269 2896 2435 2966 ηγοὶ,
2486 2894 2623 2962 ὅπερ
2669 2892 2737 2945 ἂν
2781 2892 2874 2944 ἐπὶ
2921 2889 3015 2943 τοῦ
3059 2889 3236 2959 ὄφεως
3286 2885 3561 2958 ἐπράχθη,
3612 2884 3712 2938 καὶ
3766 2879 3850 2932 ἐπ’

2272 2985 2496 3039 ἐκείνων
2525 2984 2592 3037 ἂν
2619 2982 2975 3052 διεφυλάχοη.
3008 2982 3119 3034 Καὶ
3150 2978 3259 3033 οὐδ’
3287 2977 3631 3047 ἀνακρίσεως
3657 2971 3852 3042 τυχόν-

2270 3096 2362 3143 τες
2393 3079 2482 3142 ἂν,
2519 3077 2709 3147 ὥσπερ
2737 3077 2848 3129 οὐδ’
2876 3077 2904 3128 ό
2937 3075 3082 3143 ὄφις,
3110 3073 3208 3141 τὴν
3240 3066 3718 3132 καταδικάζουσαν
3745 3063 3856 3116 ἐδέ-

2272 3174 2432 3240 ξαντο
2457 3172 2665 3242 ψῆφον.
2702 3169 2868 3224 Ἀλλὰ
2897 3169 3314 3239 παραχωρεῖται
3343 3164 3421 3235 τῷ
3447 3165 3569 3232 ὄφει
3612 3162 3728 3214 τῶν
3765 3160 3854 3212 ἀν-

2271 3267 2508 3337 θρώπων
2535 3267 2562 3318 ὁ
2587 3264 2765 3332 λόγος,
2803 3263 2891 3315 ἵνα
2925 3261 2998 3332 μὴ
3041 3261 3069 3312 ὁ
3122 3259 3409 3330 ἄνθρωπος
3440 3254 3686 3324 ἀρχηγὸς
3717 3249 3850 3320 ὀφθῇ

2268 3357 2639 3428 γεγενημένος
2661 3359 2759 3427 τῆς
2785 3357 3008 3420 κακίας.
3035 3353 3292 3408 Τοιοῦτον
3323 3351 3434 3422 γὰρ
3457 3350 3518 3402 τὸ
3546 3350 3730 3401 Θεῖον.
3762 3344 3849 3410 Ἐξ

2269 3442 2344 3502 ὧν
2376 3449 2405 3500 ὁ
2438 3446 2815 3515 ἀντικείμενος
2847 3446 2947 3516 τὴν
2987 3442 3349 3513 κακοτεχνίαν
3393 3441 3727 3500 ἐπινοεῖται,
3767 3433 3850 3486 διὰ

2265 3537 2472 3590 τούτων
2525 3537 2696 3590 αὑτοῦ
2743 3537 2814 3590 τὰ
2872 3536 3245 3608 μηχανήματα
3290 3531 3618 3604 περιτρέπει
3664 3544 3729 3580 τε
3761 3523 3850 3578 καὶ

2270 3628 2553 3683 καταλύει.

2774 3739 3113 3793 ΕΡΩΤΗΣΙΣ
3166 3735 3325 3803 mea

2274 3831 2342 3885 Τί
2375 3827 2508 3885 ἐστι
2536 3871 2552 3896 ,
2599 3851 2619 3883 ‹
2651 3832 2850 3900 Κύριε,
2885 3832 2999 3900 οὐχ
3037 3828 3247 3899 ’ὑψὼοη
3293 3827 3332 3895 ἡ
3377 3825 3591 3894 καρδία
3619 3841 3740 3895 μου
3773 3838 3787 3852 °
3824 3839 3842 3871 ι

1653 4017 1796 4069 Edita
1814 4034 1840 4070 a
1861 4020 1988 4072 Maio
2011 4025 2162 4082 (Nov.
2188 4027 2313 4080 Coll.
2341 4035 2376 4080 t.
2402 4029 2486 4092 IX,
2507 4046 2557 4094 p.
2587 4031 2716 4096 151).

645 4093 773 4150 ΠῖΕο
815 4095 1003 4162 verba,
1061 4115 1082 4150 ι
1132 4099 1384 4164 Domine,
1428 4114 1537 4155 non
1582 4110 1668 4157 est
1703 4107 2002 4161 exaltatum
2065 4125 2162 4165 cor

574 4204 782 4254 meum,
815 4205 992 4260 neque
1034 4191 1160 4246 elati
1195 4200 1325 4246 sunt
1355 4194 1499 4249 oculi
1527 4196 1655 4262 mei,
1682 4211 1857 4268 neque
1885 4201 2160 4256 ambulavi

2343 4116 2416 4169 Τὸ
2440 4117 2517 4180 δὲ,
2553 4136 2571 4168 ι
2609 4116 2802 4189 Κύριε,
2858 4118 2960 4186 οὐχ
2994 4113 3184 4185 ὑψώθη
3235 4114 3268 4184 ἡ
3309 4111 3508 4182 καρδία
3549 4128 3674 4180 μου,
3731 4110 3846 4164 οὐδὲ

2272 4206 2750 4278 ἐμετεωρίσθησαν
2786 4209 2835 4261 οί
2873 4206 3146 4277 ὀφθαλμοί
3207 4221 3335 4276 μου,
3381 4204 3504 4257 οὐδὲ
3545 4204 3846 4275 ἐπορεύθην

575 4278 631 4333 in
655 4281 896 4349 magnis,
927 4297 1106 4351 neque
1134 4283 1188 4335 in
1220 4283 1567 4340 mirabilibus
1590 4301 1756 4356 super
1781 4303 1868 4344 me
1892 4292 1958 4357 ’⁸,
1983 4309 2002 4342 ι
2037 4293 2154 4349 hrec

2266 4295 2313 4347 ὲν
2344 4294 2620 4364 μεγάλοις,
2641 4296 2761 4349 οὐδὲ
2786 4297 2843 4350 ὲν
2863 4295 3186 4366 θαυμασίοις
3228 4295 3368 4364 ὑπὲρ
3388 4293 3508 4363 ἐμὲ,
3541 4313 3562 4345 ι
3581 4293 3724 4364 τάχα
3754 4292 3846 4363 μὲν

577 4369 632 4422 in
672 4369 849 4439 ipsum
897 4369 1085 4426 forsan
1123 4371 1291 4428 David
1331 4374 1664 4432 conferenda
1706 4390 1855 4435 sunt.
1889 4381 1994 4447 Qui
2027 4399 2151 4438 cum

574 4475 803 4530 regnum
831 4462 1064 4531 adeptus
1091 4472 1258 4529 esset,
1292 4465 1531 4534 plurima
1562 4468 1628 4523 de
1667 4470 1920 4526 hostibus
1952 4484 2156 4544 tropma

575 4550 982 4617 constituisset,
1040 4561 1310 4622 anteaque
1353 4571 1383 4610 e
1412 4566 1636 4626 pastore
1669 4576 1764 4615 rex
1808 4561 2006 4628 factus,
2058 4581 2157 4634 spe

573 4641 785 4712 majora
825 4653 1155 4700 consecutus
1177 4655 1342 4712 esset,
1375 4662 1496 4702 cum
1533 4649 1669 4704 iram
1699 4653 1964 4709 adversus
1988 4656 2156 4710 Nabal

572 4735 752 4802 palam
791 4737 1133 4793 exercuisset
1181 4739 1482 4795 irruentem
1516 4741 1628 4796 ﬁlio
1682 4759 1868 4799 necem
1902 4758 2155 4802 contem-

570 4825 778 4892 platus,
818 4825 994 4880 multa
1027 4837 1287 4897 expertus
1318 4845 1348 4883 a
1376 4828 1514 4884 Joab
1551 4840 1606 4886 et
1632 4830 1812 4886 Semei
1839 4844 2156 4906 caeteraque

572 4916 628 4970 id
665 4931 836 4986 genus
882 4918 1091 4986 majore
1127 4920 1327 4990 (lignus
1372 4921 1668 4979 miratioue
1702 4925 1941 4991 videtur,
2000 4928 2151 4998 quod

571 5021 700 5059 cum
761 5008 927 5062 tantis
954 5017 1006 5064 et
1050 5010 1248 5064 talibus
1279 5011 1445 5067 rebus
1477 5021 1719 5070 tentatus
1754 5026 1921 5082 esset,
1958 5017 2155 5074 fracta

573 5112 684 5150 non
737 5107 868 5153 sunt
917 5099 1035 5170 ejus
1091 5102 1264 5169 vires,
1322 5119 1442 5167 nec,
1467 5107 1722 5173 quamvis
1794 5123 1888 5178 spe
1943 5112 2156 5179 majora

575 5188 808 5258 adeptus
844 5191 1125 5257 intumuit,
1151 5197 1505 5251 autanimum
1527 5199 1742 5265 extulit,
1767 5210 1864 5254 aut
1890 5217 2008 5256 sese
2035 5204 2156 5270 plus

570 5282 997 5351 mquojactavit.
1031 5286 1237 5341 Cuncta
1268 5288 1410 5342 enim
1427 5291 1492 5344 ad
1521 5307 1790 5346 summam
1806 5294 2158 5363 omnipoten-

573 5371 644 5425 tis
669 5375 960 5445 omniaque
989 5381 1224 5448 regentis
1249 5379 1339 5435 Dei
1368 5384 1665 5451 potentiam
1692 5385 1980 5453 referebat,
2005 5389 2157 5443 verbi

571 5463 740 5532 hujus
797 5482 1070 5537 nusquam
1124 5471 1453 5529 immemor:
1525 5493 1544 5525 ι
1577 5475 1690 5546 Ego
1736 5487 1917 5533 autem
1953 5482 2157 5536 vermis

571 5570 716 5621 sum,
749 5567 804 5612 et
831 5575 936 5613 non
969 5561 1160 5628 homo,
1190 5565 1474 5621 hominum
1504 5568 1739 5625 dedecus
1759 5581 1815 5626 et
1849 5574 2156 5643 populiab-

645 5735 694 5766 “
723 5735 880 5795 Joan.
913 5756 1030 5806 vm,
1069 5743 1157 5800 41.
1236 5749 1276 5780 ²¹
1313 5746 1460 5804 Psal.
1486 5765 1650 5818 cxxx,
1682 5751 1732 5817 I,
1758 5752 1812 5807 2.

2260 4386 2353 4439 καὶ
2387 4389 2466 4448 εἰς
2521 4388 2684 4441 αὑτὸν
2714 4387 3013 4457 ἐκληφθείη
3066 4389 3158 4442 τὸν
3205 4385 3387 4440 Δαϐίδ.
3411 4385 3484 4437 Τὸ
3533 4385 3644 4452 γάρ
3697 4383 3846 4453 βασι-

2258 4477 2405 4531 λείαν
2431 4478 2530 4547 μὲν
2554 4477 2945 4548 περιεζῶσθαι,
2971 4478 3094 4531 κατ’
3120 4477 3330 4547 ἐχθρῶν
3348 4478 3406 4530 δὲ
3427 4476 3689 4538 πολλάκις
3717 4475 3842 4546 τρό-

2260 4585 2394 4620 παια
2423 4569 2749 4636 ἀναστῆσαι,
2783 4569 2877 4622 καὶ
2931 4569 3038 4636 πρὸ
3079 4568 3287 4622 τούτων
3329 4569 3438 4621 ἀπὸ
3483 4570 3742 4636 ποιμένος
3791 4569 3846 4618 ὲν

2261 4659 2554 4729 βασιλείοις
2585 4659 2914 4725 διαιτᾶσθαι,
2947 4661 3042 4714 καὶ
3095 4661 3357 4729 μειζόνων
3385 4661 3418 4730 ἢ
3474 4662 3597 4714 κατ’
3629 4660 3845 4718 ἐλπίδας

2259 4750 2563 4819 ἀξιοῦσθαι,
2587 4753 2682 4804 καὶ
2714 4752 2884 4824 ὀργὴν
2918 4751 3144 4824 ὕστερον
3177 4751 3321 4805 κατὰ
3374 4751 3466 4804 τοῦ
3509 4750 3698 4804 Νάὸαλ
3730 4752 3846 4800 ἐπι-

2258 4843 2799 4913 δεδεῖχθαι,θανάτου
2829 4860 2890 4896 τε
2919 4843 3216 4913 ἀπαίτησιν
3243 4843 3547 4913 ἐπισκῆψαι
3575 4842 3653 4912 τῷ
3672 4841 3841 4901 παιδὶ,

2260 4935 2411 5006 παρά
2440 4952 2498 4988 τε
2527 4934 2622 4988 τοῦ
2672 4934 2829 4987 Ἰωᾶιϐ
2851 4937 2945 4988 καὶ
2980 4935 3075 4988 τοῦ
3105 4936 3304 5004 Σεμεεὶ
3352 4935 3563 4997 λαϐεῖν,
3598 4935 3692 4986 καὶ
3747 4935 3839 4985 ὅσα

2261 5022 2397 5075 ἄλλα
2434 5023 2684 5086 τοιαῦτα,
2732 5024 3184 5094 θαυμασιώτερον
3237 5025 3336 5094 μὲν
3367 5023 3662 5091 ἀποφαίνει
3715 5022 3843 5092 μᾶλ-

2259 5115 2352 5168 λον
2372 5115 2463 5167 τὸν
2494 5115 2658 5168 Δαϐὶδ
2697 5117 2745 5168 εί
2773 5117 2830 5168 ὲν
2859 5115 3134 5179 τοσούτοις
3150 5117 3245 5168 καὶ
3275 5114 3538 5177 τοιούτοις
3593 5113 3840 5178 ἐξεταζό-

2265 5223 2442 5276 μενος,
2485 5209 2544 5259 τὸ
2595 5208 2696 5277 τῆς
2751 5206 2933 5277 ψυχῆς
2971 5207 3072 5261 οὐκ
3114 5207 3383 5277 ὲκλονήθη
3446 5205 3666 5274 πάγιον,
3725 5203 3838 5258 οὐδὲ

2265 5295 2596 5368 μειζόνωνῆ
2652 5298 2794 5350 κατὰ
2841 5297 2940 5361 τὰς
2982 5297 3206 5361 ἐλπίδας
3267 5295 3589 5366 ἀξιούμενος
3639 5295 3839 5365 ὲπῆρεν

2262 5386 2456 5441 ἑαυτοῦ
2486 5390 2582 5442 καὶ
2606 5389 2938 5460 ύπερύψωσε
2965 5389 3064 5460 τὴν
3103 5389 3355 5460 καρδίαν,
3395 5388 3578 5458 μεῖζον
3613 5387 3647 5459 ἢ
3675 5403 3838 5454 προσ-

2261 5479 2365 5548 ῇκε
2415 5477 2484 5530 τὰ
2525 5480 2649 5532 καθ’
2689 5479 2880 5534 ἑαυτὸν
2948 5481 3396 5551 φανταζόμενοςο
3451 5479 3568 5531 ἀλλ’
3610 5479 3694 5540 εἰς
3747 5477 3839 5546 τὴν

2263 5571 2678 5643 παντοκράτορα
2721 5571 2816 5627 καὶ
2877 5570 3239 5642 κυριεύουσαν
3293 5571 3402 5627 τῶν
3452 5573 3589 5626 ὅλων
3625 5569 3840 5624 ἅπαντα
