4136 6444
540 431 680 497 1135

1698 445 1960 508 PHOTII
1991 447 2494 513 PATRIARCHBE
2522 453 2630 514 (ΖΡ.

3728 453 3869 518 1136

531 559 700 597 causa
723 552 809 598 est
833 543 928 598 tibi
951 545 1157 616 gaudii,
1190 549 1448 618 quoniam
1473 550 1692 621 quietus
1715 561 1769 607 et
1807 566 2124 612 mansuetus

2237 559 2428 631 ἥσυχος
2454 561 2578 631 ἣκει
2608 576 2690 614 σοι
2731 560 2762 612 ό
2783 559 3069 631 βασιλεύς·
3102 581 3121 616 ι
3156 564 3219 617 τὸ
3244 564 3323 631 δὲ,
3361 565 3867 635 ἀπογεγαλακτι-

531 635 683 689 venit
707 635 775 689 ad
804 643 855 690 te
888 651 982 690 rex
1007 635 1074 692 ".
1108 656 1126 688 ι
1174 636 1288 694 Hoc
1325 640 1554 696 verbum
1583 657 1614 696 a
1645 642 1784 697 laete
1820 644 2110 715 depulsum

2237 652 2437 721 τμένον,
2463 650 2830 722 ἐναρμοσθείη
2864 651 2931 705 ἂν
2955 653 3074 716 τοῖς
3093 653 3429 724 εἰρημένοις,
3463 656 3568 709 ὅτι
3607 657 3720 708 καὶ
3766 657 3867 726 τὴν

531 741 659 780 cum
707 726 794 782 bis
823 725 962 783 forte
1007 739 1356 800 congrueret,
1391 733 1520 801 quia
1557 734 1796 788 animam
1831 751 1994 805 quam
2027 752 2116 793 as-

531 829 845 888 sumpserat
882 819 952 874 ad
1003 821 1286 891 antiquam
1317 832 1372 877 et
1399 823 1738 892 primitivam
1787 825 2113 898 dignitatem

530 909 772 976 reduxit,
823 912 969 981 quod
1001 913 1142 967 idem
1171 923 1257 968 est
1305 927 1372 970 ac
1395 915 1536 971 laete
1567 918 1858 988 depulsum
1893 921 1960 974 ad
1997 936 2115 976 ma-

537 1009 680 1056 trem
727 1018 907 1058 suam.
959 1005 1016 1060 Si
1051 1006 1180 1075 quis
1225 1017 1408 1063 autem
1445 1011 1776 1081 intelligeret
1831 1013 2111 1068 Christum

525 1109 817 1169 postquam
842 1109 1010 1171 utque
1034 1101 1198 1167 Deus,
1233 1111 1404 1174 utque
1433 1107 1597 1162 homo
1621 1110 2114 1166 commorationem

527 1204 688 1244 suam
735 1191 878 1246 inter
923 1193 1177 1250 homines
1217 1197 1447 1267 peregit,
1496 1211 1691 1253 rursus
1733 1199 1800 1254 ad
1826 1209 2116 1270 paternum

525 1282 796 1351 gremium
837 1299 904 1339 ex
934 1300 1047 1354 quo
1093 1301 1353 1356 egressus
1397 1299 1515 1344 erat
1553 1305 1835 1346 reversum
1877 1308 2024 1358 esse,
2068 1293 2118 1349 is

527 1388 748 1442 quoque
771 1375 1090 1432 verisimilia
1125 1380 1446 1448 eonjieeret.
1479 1380 1735 1452 Namque
1769 1384 1899 1439 illuc
1933 1400 2122 1438 recur-

527 1478 676 1530 rens,
717 1473 775 1520 et
819 1477 1047 1538 accepto
1099 1485 1266 1539 super
1308 1472 1494 1527 omnia
1536 1473 1767 1542 judicio,
1815 1489 2008 1530 omnes
2063 1475 2120 1529 in

526 1557 883 1627 semetipsum
932 1559 1280 1628 justiﬁeavit,
1331 1563 1476 1633 quod
1533 1579 1601 1619 ex
1632 1566 1719 1621 his
1767 1565 1953 1622 verbis
1987 1580 2122 1622 eon-

527 1653 638 1702 stat
675 1664 691 1703 :
731 1667 750 1700 ι
786 1649 1064 1706 Restitues
1093 1652 1161 1706 ad
1195 1653 1437 1708 animam
1462 1670 1666 1711 meam.
1700 1673 1722 1708 ι

703 1759 1036 1828 ΟυλΕδΤΙΟ
1073 1765 1201 1820 CCC
1244 1763 1440 1838 [CoisL
1494 1767 1663 1824 Taur.
1711 1767 1924 1842 CXIII].

563 1850 673 1908 Cur
695 1854 753 1909 in
783 1856 910 1911 rubo
947 1872 1040 1911 nec
1071 1859 1128 1912 in
1159 1857 1508 1984 aligezqua
1556 1860 1732 1932 Moysi
1780 1859 2088 1930 apparuerit

2150 1905 2200 1965 B

2213 742 2392 814 ψυχὴν
2419 744 2487 814 ἥν
2525 743 2902 818 ,προσείληφεν
2946 745 3043 798 ἐπὶ
3088 745 3150 799 τὸ
3202 747 3428 816 ἀρχαῖον
3496 749 3706 819 αὐτὴν
3767 749 3867 802 καὶ

2214 835 2539 907 προγονικὸν
2573 836 2926 908 ἐπανήγαγεν
2953 837 3173 907 ἀξίωμα
3208 853 3222 868 ·
3259 839 3420 893 τοῦτο
3457 841 3597 911 γὰρ
3645 842 3724 894 ἂν
3776 842 3867 910 εἴη

2213 927 2298 991 τὸ,
2331 945 2353 979 ‹
2375 927 2463 990 Ὦς
2481 926 2543 980 τὸ
2569 927 3184 999 ἀπογεγαλακτισμένον
3209 932 3302 984 ἐπὶ
3320 934 3419 1004 τήν
3453 933 3723 1004 μητέρα
3763 933 3864 985 αὑ-

2215 1014 2309 1068 τοῦ
2338 1031 2353 1045 ⁸
2376 1033 2395 1066 ι
2433 1017 2482 1068 εἰ
2510 1015 2567 1068 δέ
2603 1033 2689 1079 τις
2732 1016 2907 1070 ἐθέλοι
2956 1019 3100 1071 νοεῖν
3139 1019 3222 1072 ὃτι
3256 1021 3352 1074 καὶ⁵
3387 1021 3496 1087 τὴν
3531 1023 3704 1092 μετὰ
3755 1022 3870 1074 τῶν

2217 1107 2525 1177 ἀνθρώπων
2561 1109 2910 1179 ἀναστροφὴν
2941 1108 3265 1182 θεοπρεπῶς
3279 1129 3340 1164 τε
3395 1113 3500 1167 καὶ
3539 1113 3869 1183 ἀνθρωπο-

2218 1197 2447 1268 πρεπῶς
2473 1199 2699 1263 τελέσας
2745 1201 2910 1254 πάλιν
2953 1202 3049 1254 ἐπὶ
3091 1203 3217 1264 τοὺς
3238 1206 3585 1272 πατρικοὺς,
3618 1198 3713 1258 ὧν
3762 1205 3870 1257 οὑκ

2219 1289 2436 1360 ἐξέστη,
2458 1291 2691 1355 κόλπους
2717 1292 3011 1361 ἐπανῆλθε,
3051 1295 3147 1346 καὶ
3189 1289 3345 1359 οὗτος
3400 1297 3467 1350 ἂν
3512 1296 3604 1349 τά
3661 1296 3868 1348 εἰκότα

2219 1381 2336 1450 ἐρεῖ
2365 1397 2379 1412 ο
2432 1382 2529 1434 καὶ
2575 1381 2685 1451 γὰρ
2740 1383 2921 1435 ἐκεῖσε
2974 1383 3303 1455 ἀναδραμὼν
3369 1385 3465 1439 καὶ
3527 1385 3657 1458 τὴν
3714 1385 3868 1457 ὑπὲρ

2191 1472 2439 1526 ,πάντων
2465 1471 2646 1544 κρίσιν
2673 1472 2987 1543 δεξάμενος,
3017 1475 3306 1528 ἐδικαίωσε
3336 1478 3568 1541 πάντας
3610 1479 3684 1529 ἐν
3723 1478 3862 1530 ἐαυ-

2221 1562 2323 1634 τῷ,
2346 1564 2485 1632 ὅπερ
2524 1563 2866 1635 ὑποδηλώσει
2895 1564 2962 1620 ἂν
2992 1565 3088 1620 καὶ
3119 1565 3203 1631 τὸ,
3233 1585 3253 1618 r
3275 1567 3366 1631 Ὠς
3403 1567 3867 1633 ἀνταποδώσεις

2222 1653 2316 1706 ἐπὶ
2351 1653 2453 1725 τὴν
2469 1653 2653 1725 ψυχήν
2673 1672 2800 1725 μου.
2826 1672 2845 1707 ι

2786 1767 3117 1822 ΕΡΩΤΗΣΙΣ
3159 1771 3240 1825 T'.

2227 1857 2388 1910 Διατί
2411 1856 2480 1912 ἐν
2497 1857 2668 1923 ,βάτῳ
2697 1858 2795 1931 καὶ
2821 1861 2932 1931 οὐκ
2951 1859 3024 1913 ἐν
3049 1861 3230 1930 ἑτέρῳ
3259 1861 3428 1931 φυτῷ
3450 1862 3536 1930 τῷ
3577 1861 3862 1918 Μωῢσεῖ

2723 1928 3046 1985 όπτάνεται
3062 1934 3095 1986 ὀ
3123 1928 3304 1999 Θεόξ;

1422 2039 1567 2091 Edita
1597 2055 1625 2091 a
1646 2041 1770 2092 Maio
1795 2043 1854 2106 (l.
1879 2056 1925 2092 c.
1947 2056 1998 2104 p.
2020 2040 2250 2103 152-15l,
2266 2053 2319 2103 q.
2340 2038 2474 2102 309).
2499 2065 2561 2077 --
2580 2039 2739 2090 Exod.
2761 2053 2830 2101 tu,
2858 2040 2908 2090 2.

599 2121 798 2181 Multas
832 2124 904 2180 ob
929 2139 1163 2192 causas;
1199 2136 1256 2182 at
1289 2125 1613 2198 priusquam
1644 2129 1994 2184 excutiamus
2012 2143 2123 2198 qua

528 2215 598 2270 de
624 2230 791 2271 causa
846 2217 1187 2286 apparuerit,
1225 2217 1408 2274 dicere
1443 2218 1664 2289 expedit
1698 2220 1802 2275 tria
1851 2219 1954 2274 hoc
1977 2235 2125 2291 sym-

531 2308 719 2364 bolum
755 2308 1094 2378 signiﬁcare.
1135 2307 1235 2364 Vel
1267 2319 1326 2365 ut
1355 2312 1526 2368 rubus
1553 2312 1806 2379 ardebat,
1837 2327 1938 2367 nec
1970 2327 2124 2368 com-

529 2398 856 2464 burebatur,
903 2401 985 2456 sic
1026 2400 1194 2456 Israel
1244 2401 1548 2458 obnoxium
1593 2403 1875 2474 periculis,
1926 2403 2122 2473 pmnis,

530 2490 879 2562 ﬂammisque
938 2492 1178 2548 miseriae
1210 2495 1414 2564 quibus
1442 2510 1568 2550 eum
1598 2489 1823 2551 Servitio
1847 2494 2124 2566 objeetum

530 2583 770 2656 IEgyptii
797 2586 1092 2650 vexabant,
1123 2587 1239 2642 sola
1268 2586 1360 2642 Dei
1385 2587 1578 2642 dextra
1608 2604 1638 2643 e
1677 2598 1852 2643 morte
1875 2596 1931 2643 et
1959 2588 2126 2643 exilio

532 2687 786 2748 ereptum
837 2679 1029 2734 fuisse.
1056 2677 1155 2734 Vel
1192 2679 1365 2734 Deum
1399 2679 1666 2746 Verbum,
1699 2679 1879 2736 Patris
1915 2680 2124 2744 lumen,

533 2769 950 2838 incorporeum,
983 2770 1296 2826 divinitatis
1347 2773 1526 2843 ignem
1563 2772 1809 2829 terrestri
1839 2781 1894 2827 et
1923 2787 2129 2842 corpo-

536 2875 634 2914 reo
664 2857 903 2929 Virginis
962 2861 1089 2915 sinu
1155 2859 1399 2924 fulsisse,
1466 2862 2019 2932 ineonsumptamque
2075 2869 2132 2914 et

535 2953 800 3008 intactam
839 2950 1113 3021 Virginem
1165 2968 1288 3022 quae
1328 2961 1655 3024 conceperat
1703 2955 2031 3010 servavisse.
2072 2951 2130 3006 Si

538 3043 716 3100 mavis
764 3044 881 3114 ipse
937 3043 1249 3101 Diviuitatis
1301 3046 1444 3116 ignis
1478 3046 1735 3101 humana:
1779 3047 2131 3102 consociatus

537 3145 776 3201 natura,
813 3137 960 3190 illam
1005 3138 1227 3206 quidem
1265 3138 1575 3201 mundabit,
1611 3139 1990 3202 consecrabit,
2021 3154 2131 3193 non

539 3236 725 3282 autem
780 3230 1088 3293 comburet,
1126 3245 1227 3285 nec
1256 3231 1475 3287 delebit.
1512 3230 1996 3288 Verumenimvero
2018 3234 2133 3287 haec

2297 2127 2397 2179 Διὰ
2416 2124 2616 2186 πολλάς
2660 2124 2874 2186 αἰτίαςο
2927 2125 3203 2196 μᾶλλονδὲ
3234 2127 3341 2200 πρὸ
3368 2125 3464 2181 τοῦ
3514 2124 3856 2182 ἀποδοῦναι

2224 2216 2326 2281 τὰς
2347 2215 2487 2270 διατί
2519 2215 2675 2285 ὤφθη
2708 2215 2912 2282 αἰτίας,
2947 2217 3174 2288 ἄμεινον
3203 2221 3380 2273 εἰπεῖν
3411 2219 3495 2273 ὅτι
3539 2219 3695 2291 τρία
3722 2215 3855 2270 τινὰ

2224 2308 2288 2362 τὸ
2341 2306 2610 2379 σύμϐολον
2662 2308 2894 2378 μηνύει*
2933 2309 2967 2379 ἢ
3013 2309 3096 2362 ὅτι
3137 2309 3329 2382 ὥσπερ
3372 2311 3408 2381 ή
3456 2309 3637 2381 βάτος
3704 2308 3850 2379 πυρὶ

2228 2402 2700 2473 περιελαμϐάνετο
2751 2403 2874 2473 μὲν,
2915 2404 2974 2456 οὑ
3005 2406 3325 2459 κατεκαίετο
3362 2405 3443 2469 δὲ,
3473 2404 3628 2459 οὖτα.
3680 2404 3789 2458 καὶ
3820 2405 3850 2455 ὀ

2239 2494 2458 2565 Ἰσραὴλ
2478 2494 2695 2558 ἔκδοτος
2724 2497 2838 2557 τοῖς
2865 2499 3194 2567 πειρασμοῖς
3217 2497 3313 2551 καὶ
3358 2499 3480 2559 ταῖς
3520 2496 3847 2568 τιμωρίαις

2229 2587 2406 2658 καὶτῇ
2447 2586 2606 2657 φλογὶ
2625 2589 2723 2658 τῆς
2746 2588 3122 2660 ταλαιπωρίας
3181 2589 3249 2661 ἥν
3297 2590 3483 2653 αὑτοῖς
3523 2590 3576 2642 οἱ
3623 2589 3848 2658 αἰχμα-

2230 2678 2600 2742 λωτεύσαντες
2635 2678 2901 2748 ὑφῆπτον,
2927 2681 3064 2752 μόνῃ
3082 2681 3138 2734 δέ
3154 2683 3221 2752 τῇ
3243 2681 3337 2735 τοῦ
3365 2680 3504 2736 Θεοῦ
3539 2681 3712 2752 δεξιᾷ
3742 2677 3844 2732 τοῦ

2233 2769 2308 2840 μὴ
2358 2769 2676 2824 διολωλέναι
2721 2770 2816 2823 καὶ
2870 2770 3325 2843 ἀποτεφρωθῆναι
3372 2771 3840 2841 διετηρήθησαψ

2229 2860 2264 2930 ἢ
2302 2860 2385 2913 ὅτι
2405 2859 2434 2911 ὁ
2463 2859 2596 2922 Θεὸς
2623 2859 2798 2928 Λόγος
2826 2861 2888 2912 τὸ
2909 2860 3024 2928 φῶς
3061 2861 3123 2914 τὸ
3151 2863 3422 2933 πατρικὸν
3455 2863 3637 2914 καὶτὸ
3665 2862 3844 2914 ᾶῦλον

2230 2953 2331 3023 τῆς
2363 2953 2630 3024 Θεότητος
2661 2951 2774 3024 πῦρ
2807 2955 2866 3007 ἐν
2911 2956 2978 3025 τῇ
3007 2956 3188 3026 γεηρᾷ
3233 2971 3293 3008 τε
3347 2956 3442 3008 καὶ
3483 2955 3698 3008 ὑλώδει
3734 2952 3839 3021 τῆς

2232 3044 2514 3116 Παρθένου
2545 3046 2732 3115 μήτρᾳ
2780 3045 3222 3115 περιαστράψαν,
3254 3043 3683 3112 ἀκατάφλεκτον
3742 3043 3844 3092 καὶ

2230 3138 2494 3207 ἀπήμονα
2547 3135 2806 3189 διασώσει
2861 3137 2960 3208 τὴν
3005 3135 3309 3206 δεξαμένην
3353 3135 3540 3202 ,αὑτό’
3583 3134 3640 3186 εί
3703 3131 3838 3203 βού-

2231 3227 2315 3280 λει
2374 3227 2432 3280 δὲ
2507 3227 2569 3280 τὸ
2631 3227 2763 3280 αὐτὸ
2817 3227 2918 3296 τῆς
2976 3226 3231 3296 θεότητος
3309 3225 3420 3296 πῦρ
3476 3227 3544 3296 τῇ
3604 3225 3840 3296 ἀνθρω-

539 3316 664 3371 rubi
728 3318 988 3388 mysterio
1039 3320 1480 3391 praetigurantur,
1526 3321 1828 3391 rubusque,
1886 3337 1987 3376 nec
2019 3321 2130 3376 alia

2237 3317 2366 3389 πίνῃ
2415 3317 2830 3389 προσομιλῆσαν
2885 3317 3048 3387 φύσει
3077 3356 3093 3380 ,
3143 3313 3498 3387 πυρακτὼσει
3558 3316 3667 3386 μὲν
3739 3315 3837 3367 καὶ

541 3406 728 3475 planta
775 3407 1069 3478 subjicitur
1113 3408 1248 3479 igni.
1302 3407 1466 3464 Forte
1509 3410 1772 3479 quoniam
1815 3410 1871 3464 in
1911 3410 2129 3466 deserto

2237 3407 2571 3478 θεοποιήσει,
2593 3406 2655 3460 οὐ
2705 3405 3035 3474 καταφλέξει
3071 3405 3131 3460 δέ
3161 3405 3258 3460 καὶ
3305 3403 3628 3474 ἐξαφανίσει
3654 3423 3668 3434 ·
3695 3403 3836 3459 ἀλλά

547 3497 696 3551 nulla
749 3497 858 3554 alia
896 3497 1081 3568 planta
1127 3499 1488 3569 gignebatur;
1525 3500 1608 3553 vel
1644 3499 1834 3564 etiam,
1869 3509 1930 3555 ut
1962 3501 2134 3556 disea-

547 3605 670 3645 mus
698 3589 875 3660 ignem
929 3591 1178 3645 divinum
1215 3605 1340 3647 cum
1366 3598 1616 3645 naturam
1655 3591 1948 3645 humanam
1982 3608 2136 3646 com-

545 3683 875 3749 plecteretur
899 3699 1022 3755 qua:
1041 3693 1263 3754 peccata
1291 3699 1393 3741 sua
1417 3694 1477 3739 ut
1505 3685 1698 3754 spinas
1723 3684 1958 3754 projicit,
1986 3683 2136 3753 illam

547 3771 940 3837 inﬂammasse,
983 3790 1092 3835 non
1127 3784 1310 3829 autem
1337 3776 1768 3846 consumpsisse.
1801 3775 1906 3830 Sed
1947 3774 2136 3845 spinas

549 3867 958 3923 eireumdantes
1042 3869 1323 3924 exussisse
1366 3884 1431 3923 ac
1469 3869 1755 3924 delevisse.
1789 3867 1886 3924 Vel
1912 3869 1967 3925 si.
1987 3869 2136 3924 aliud

551 3971 604 4014 te
630 3962 806 4029 juvat,
855 3961 912 4015 in
969 3962 1111 4016 rubo
1150 3961 1254 4015 isto
1282 3971 1543 4032 apparent
1570 3961 1845 4033 pleraeque
1871 3960 2134 4032 gentium,

551 4051 781 4126 ahjectis
833 4053 902 4108 de
958 4052 1070 4108 Deo
1126 4053 1490 4122 opinionibus
1535 4063 1818 4122 correpue,
1870 4062 1926 4108 et
1977 4053 2138 4123 quasi

553 4146 831 4205 atheismo
875 4147 1138 4213 obsessae,
1171 4147 1384 4202 semina
1420 4156 1773 4216 peccatorum
1827 4160 2012 4202 secum
2054 4145 2137 4200 fe-

553 4249 758 4304 rentes,
789 4239 1261 4308 pulrefactamque
1287 4242 1338 4293 in
1361 4239 1531 4294 Deum
1552 4239 1986 4302 venerationem,
2013 4254 2134 4310 quae

553 4331 831 4386 debebant
868 4333 1044 4386 sancti
1080 4331 1319 4401 Spiritus
1350 4333 1585 4386 adventu
1615 4341 1668 4386 et
1700 4321 2144 4386 manifestatione

555 4420 802 4488 accendi,
829 4431 884 4476 et
913 4423 1140 4492 spinoso
1197 4422 1288 4475 illo
1334 4422 1658 4492 ingratoque
1734 4437 1925 4476 errore
1983 4437 2144 4475 mun-

557 4512 700 4576 dari,
729 4511 981 4582 ignisque
1041 4512 1211 4566 divini
1243 4511 1425 4565 radios
1451 4513 1721 4581 accipere.
1760 4531 1779 4564 ι
1818 4511 1956 4582 lpse,
1983 4517 2146 4581 prout

559 4607 768 4661 dictum
830 4614 954 4668 est,
1009 4603 1313 4674 baptizabit
1365 4620 1466 4660 vos
1519 4605 1572 4658 in
1606 4604 1811 4674 Spiritu
1867 4614 2057 4660 sancto
2093 4613 2148 4659 et

2235 3502 2506 3572 προτυποῖ
2546 3501 2644 3570 μὲν
2671 3499 2732 3553 τὸ
2763 3498 2859 3551 ἐπὶ
2902 3500 3003 3568 τῆς
3032 3497 3196 3567 βάτου
3234 3497 3535 3567 μυστήριον
3571 3496 3714 3558 ῐσως
3767 3493 3834 3546 ἂν

2233 3593 2304 3646 τά
2342 3591 2598 3645 τοιαῦτα·
2628 3591 2724 3644 καὶ
2780 3592 2814 3662 ή
2845 3590 3007 3657 βάτος
3039 3589 3098 3642 δὲ
3145 3587 3510 3643 ὑποϐάλλεται
3565 3587 3648 3656 τῷ
3694 3583 3836 3654 πυρὶ

2236 3684 2333 3739 καὶ
2390 3683 2514 3753 οὐχὶ
2541 3683 2710 3751 φυτὸν
2759 3681 2946 3752 ἓτερον
2983 3695 2998 3710 ·
3033 3679 3177 3751 τάχα
3227 3679 3327 3750 μὲν
3360 3681 3556 3750 ὅτιπερ
3595 3678 3712 3731 οὐδ’
3764 3671 3832 3744 ἦν

2237 3776 2424 3847 ἐτέρου
2453 3775 2601 3839 τινὸς
2630 3776 2664 3846 ή
2695 3773 2904 3844 ἔρημος
2946 3771 3100 3843 παρὰ
3134 3772 3292 3826 τοῦτο
3317 3772 3488 3842 φυτοῦ
3540 3767 3833 3842 καρποφόο

2241 3885 2372 3942 ρος·
2406 3867 2486 3922 ἔτι
2515 3867 2572 3920 δὲ
2622 3866 2717 3922 καὶ
2763 3867 2850 3918 ἵνα
2887 3864 3172 3936 μάθωμεν,
3203 3865 3278 3928 ὡς
3332 3864 3433 3935 τὴν
3472 3863 3831 3934 ἀνθρωπίνην

2241 3960 2404 4031 φύσιν
2435 3959 2497 4012 τὸ
2520 3959 2620 4028 τῆς
2656 3957 2912 4026 θεότητος
2943 3955 3252 4026 ’περιλαϐὸν
3303 3953 3438 4026 πῦρ,
3467 3953 3632 4007 οἱονεί
3675 3966 3831 4011 τινας

2240 4052 2485 4116 ἀκάνθας
2511 4051 2609 4115 τὰς
2634 4051 2913 4121 ἁμαρτίας
2953 4046 3431 4120 προϐεϐλημένην,
3462 4039 3674 4117 ταύτην
3731 4043 3833 4114 μὲν

2241 4145 2547 4214 ἐφλόγιςεν,
2577 4144 2639 4196 οὑ
2669 4142 2926 4196 κατέκαιε
2956 4139 3016 4193 δέ
3040 4155 3055 4170 ·
3089 4139 3188 4202 τὰς
3205 4139 3264 4193 δέ
3292 4139 3422 4208 περὶ
3446 4138 3625 4208 αὐτὴν
3657 4136 3832 4190 ἀκάν-

2244 4237 2344 4300 θας
2397 4236 2659 4290 κατέκαιε
2713 4234 2809 4287 καὶ
2849 4231 3156 4303 διέφθειρεν
3194 4246 3210 4262 ο
3249 4232 3298 4284 εί
3366 4229 3547 4299 βούλει
3585 4228 3678 4290 δὲ,
3738 4223 3833 4281 καὶ

2244 4329 2475 4398 ἐπείπερ
2508 4328 2578 4382 τὰ
2620 4327 2800 4398 πλήθη
2819 4325 2927 4380 τῶν
2961 4324 3132 4378 ἐθνῶν
3158 4325 3280 4384 ταῖς
3303 4315 3674 4393 χαμαιπετέσι
3705 4318 3833 4388 περὶ

2245 4419 2383 4480 Θεοῦ
2419 4419 2702 4490 συρόμενα
2726 4416 3010 4479 διανοίαις,
3044 4417 3140 4469 καὶ
3168 4409 3278 4468 οἷον
3296 4417 3360 4484 τῇ
3383 4413 3640 4483 ἀθεότητι
3671 4429 3832 4483 περι-

2248 4511 2550 4582 κεχυμένα,
2586 4509 2683 4562 καὶ⁹
2707 4508 2806 4570 τὰς
2834 4508 2944 4560 τῶν
2977 4507 3266 4578 ἁμαρτιῶν
3301 4505 3608 4576 ἐκφέροντα
3665 4502 3834 4573 ἐκφύ-

2251 4619 2384 4666 σεις,
2401 4601 2495 4654 κοιλ⁵
2519 4599 2617 4670 τὴν
2637 4599 2732 4652 τοῦ
2756 4597 3100 4668 σεϐάσματος
3127 4596 3388 4649 σύστασιν
3405 4593 3834 4667 σαθράν,έμελ>.ε

561 4699 671 4768 igni
697 4698 763 4752 ³⁷.
803 4716 822 4748 ›
865 4695 935 4752 Ut
979 4706 1162 4751 autem
1208 4696 1550 4750 manifestior
1612 4679 1922 4766 clariorque
2001 4706 2134 4750 essel

2250 4693 2307 4747 δὲ
2339 4691 2512 4745 ταῦτα
2559 4695 2627 4761 τῇ
2659 4690 2752 4742 τοῦ
2785 4691 2943 4756 ἁγίου
2998 4686 3316 4756 Πνεύματος
3376 4687 3724 4756 ἐπιφοιτήσει
3777 4698 3834 4736 τε

564 4793 758 4860 ﬁgura,
805 4796 1116 4844 memorant
1157 4787 1352 4842 rubum
1383 4789 1608 4849 arsisse,
1645 4804 1750 4840 non
1785 4799 1962 4841 autem
1992 4803 2144 4842 eom-

564 4883 787 4944 bustum
817 4895 961 4942 esse.
993 4877 1244 4949 Namque
1273 4879 1446 4933 rubus
1481 4895 1678 4948 repens
1711 4887 1766 4930 et
1791 4879 2067 4946 spinosus,
2097 4881 2142 4936 si

567 4972 636 5031 ad
672 4983 925 5032 naturam
952 4972 1073 5041 ejus
1103 4981 1338 5040 spectes,
1384 4971 1637 5024 inlirmus
1670 4982 1792 5035 est;
1827 4973 1874 5024 si
1905 4972 1973 5025 ad
2022 4989 2145 5041 spe-

565 5066 734 5136 ciem,
780 5079 946 5134 super
995 5074 1196 5124 terram
1236 5063 1488 5117 diﬂ‘usus.
1532 5062 1664 5128 Quae
1706 5073 1905 5117 cuneta
1948 5064 2146 5118 rubum

572 5160 713 5218 inter
753 5165 808 5208 et
868 5155 1102 5224 gentiles
1181 5153 1431 5226 quasdam
1508 5153 1828 5208 communia
1908 5164 2142 5224 ponunt.

573 5248 801 5316 insuper
857 5245 960 5300 hac
1010 5244 1229 5314 quidem
1263 5244 1446 5314 planta
1505 5243 1640 5296 nihil
1696 5244 1804 5298 fere
1862 5245 2153 5311 humilius,

573 5355 716 5408 quae,
773 5337 988 5390 etiamsi
1019 5344 1300 5418 augeseat,
1360 5350 1642 5405 nunquam
1685 5345 1862 5390 tamen
1897 5339 2157 5406 assurgit,

577 5430 838 5498 humique
866 5444 1082 5496 semper
1113 5428 1420 5497 proserpit:
1458 5427 1601 5493 ignis
1632 5435 1836 5494 autem,
1861 5428 1975 5483 leve
2005 5431 2162 5498 quid-

577 5523 703 5575 dam
758 5535 883 5574 cum
938 5504 1160 5582 habent,
1218 5535 1281 5574 ex
1321 5505 1602 5572 omnibus
1633 5533 1754 5585 quae
1784 5534 1948 5572 sensu
1989 5521 2164 5590 perci-

584 5617 804 5680 piuntur
851 5611 1087 5664 maxime
1131 5611 1200 5663 ad
1249 5610 1464 5664 excelsa
1526 5620 1579 5664 et
1629 5609 1888 5662 sublimia
1971 5612 2158 5664 tendit.

583 5708 705 5774 uno
750 5702 1085 5773 signiﬁcatur
1111 5703 1253 5759 hanc
1287 5719 1396 5773 pra:
1425 5703 1638 5756 caeteris
1669 5701 1924 5758 omnibus
1955 5703 2162 5758 consti-

662 5881 706 5916 ’“
735 5880 904 5952 Soph.
944 5898 1026 5948 tu,
1058 5883 1143 5944 14,
1223 5882 1266 5914 ³⁷
1305 5880 1474 5945 Mure.
1509 5898 1546 5947 ι,
1589 5882 1643 5938 8.

2255 4785 2348 4840 καὶ
2379 4785 2665 4855 ἐλλάμψει,
2691 4783 2792 4852 τῆς
2840 4782 2938 4852 μὲν
2971 4780 3312 4841 ἀκανθώδους
3352 4779 3448 4832 καὶ
3486 4776 3836 4841 ζιζανιὼδους

2255 4877 2684 4949 περιφλέγεσθαι
2729 4875 2825 4929 καὶ
2876 4869 3349 4940 ἀποκαθαίρεσθαι
3394 4869 3628 4936 πλάνης,
3657 4867 3757 4930 τὰς
3780 4865 3834 4916 δὲ

2253 4966 2348 5022 τοῦ
2391 4966 2573 5022 θεϊκοῦ
2607 4964 2780 5035 πυρὸς
2803 4964 3026 5024 ἀκτῖνας
3069 4959 3450 5028 ὑποδέχεσθαι.
3501 4957 3676 5018 Αὑτὸς
3707 4954 3833 5023 γὰρ,

2257 5061 2414 5130 φησὶ,
2455 5057 2706 5134 βαπτίσει
2742 5056 2886 5126 ὑμᾶς
2917 5056 2974 5108 ἐν
3003 5051 3280 5119 Πνεύματι
3330 5048 3470 5119 ἁγίῳ
3514 5047 3611 5100 καὶ
3654 5045 3787 5116 πυρί
3819 5059 3832 5074 ·

2258 5153 2324 5206 ἵν’
2353 5147 2756 5221 ἐμφανέστερόν
2784 5165 2845 5200 τε
2872 5149 2967 5204 καὶ
3007 5143 3446 5214 τηλαυγέστερον
3476 5140 3538 5192 τὸ
3579 5136 3835 5201 εἰκονιζό-

2261 5259 2422 5314 μενον
2451 5238 2934 5313 προσδιατυπωθῇ,
2959 5239 2991 5307 ἡ
3013 5236 3173 5306 βάτος
3192 5232 3717 5302 παραλαμϐάνεται,
3739 5229 3833 5280 ὑπο

2259 5333 2604 5407 ηρετουμένη
2635 5333 2755 5403 μὲν,
2780 5332 2842 5384 οὑ
2861 5328 3170 5400 φλεγομένη
3193 5327 3248 5378 δὲ
3264 5325 3345 5396 τῷΓ
3372 5324 3527 5394 πυρίο
3552 5321 3836 5393 χαμερπής

2260 5447 2318 5481 τε
2335 5429 2444 5496 γάρ
2462 5429 2577 5480 ἐστι
2604 5426 2697 5479 καὶ
2723 5423 3046 5493 ἀκανθώδης
3065 5421 3159 5474 καὶ
3171 5419 3269 5491 τὴν
3301 5419 3596 5476 ὑπόστασιν
3614 5415 3837 5480 ἀσθενὴς

2263 5520 2358 5572 καὶ
2389 5519 2532 5580 κατά
2556 5517 2655 5587 τὴν
2683 5515 2806 5584 ὄψιν
2835 5511 3187 5583 διηπλωμένη
3223 5511 3319 5579 τῆς
3353 5510 3458 5576 γῆς
3487 5525 3498 5538 ·
3534 5507 3659 5559 καθ’
3685 5504 3724 5558 ἃ.
3755 5506 3840 5555 καὶ

2265 5613 2363 5682 τὴν
2437 5609 2731 5676 ἀναλογίαν
2791 5609 2928 5677 πρὸς
2987 5606 3158 5673 αὐτὴν
3219 5600 3475 5663 διασώζει
3549 5597 3620 5648 τὰ
3696 5594 3839 5662 ἔθνη.

2273 5705 2393 5757 Ἔτι
2437 5701 2494 5756 δὲ
2529 5699 2624 5754 τοῦ
2664 5700 2905 5762 τοιούτου
2965 5697 3064 5768 μὲν
3127 5693 3296 5765 φυτοῦ
3353 5689 3543 5761 σχεδόν
3593 5705 3648 5742 τι
3697 5687 3843 5741 οὐδὲν
