4136 6504
433 444 572 508 113'.)
1600 443 1868 504 PHOTII
1907 446 2043 506 PA'I

2146 445 2418 506 ARCHIE
2447 446 2556 505 ΟΡ.
3586 446 3733 514 1140

427 576 524 615 cor
565 558 870 613 Pharaonis
917 558 968 611 in
1021 557 1282 613 duritiam
1341 558 1414 614 sit
1478 574 1872 626 conversurus,
1919 564 2013 618 sed

2145 566 2318 619 εακάοι
2361 566 2475 628 καὶ,
2513 561 2672 618 «Οἶδα
2700 563 2779 617 ὅτι
2809 563 2908 617 οὐκ
2937 563 3229 617 ἀκούσεταί
3261 580 3351 616 σου
3383 564 3602 630 Φαραώ·
3637 567 3735 618 διὰ

425 652 574 724 quod
608 652 675 706 ad
706 653 850 707 illam
887 653 1051 706 istum
1091 652 1445 707 inclinantem
1475 662 1529 708 et
1555 668 1882 710 conversum
1909 670 2021 710 non

2145 655 2279 708 :oiito
2336 654 2624 725 σκληρυνῶ
2673 654 2776 722 τὴν
2819 653 3047 721 καρδίαν
3102 651 3325 705 αὐτοῦ’»
3355 653 3451 705 καὶ
3489 653 3600 724 γὰρ
3639 655 3730 716 τὸ,

426 747 633 800 relevet
687 759 788 799 nec
822 742 1081 803 refrenet.
1120 759 1189 799 ne
1238 745 1493 799 humanae
1523 755 1734 801 natura:
1789 747 2022 802 liberum

2145 746 2471 815 νκληρυνῶ,
2527 747 2625 816 οὐχ
2657 746 2740 799 ὅτι
2787 746 2953 809 αὐτὸς
2983 743 3081 812 τὴν
3119 742 3214 796 τοῦ
3263 744 3462 814 Φαραὼ
3495 744 3734 814 καρδίαν

427 836 717 890 arbitrium
777 834 1012 889 auferat.
1049 833 1369 906 [Egyptium
1439 848 1629 892 contra
1682 840 2022 894 voluntatem

2145 842 2471 896 ιεταπλάσει
2527 842 2608 903 εἰς
2638 839 3008 912 σκληρότητα,
3055 837 3183 892 ἀλλ’
3235 838 3318 890 ὃτι
3351 837 3488 907 πρὸς
3519 837 3734 907 ταύτην

427 928 754 983 inclinatum
790 943 896 981 non
944 937 1121 982 mutat
1156 944 1254 983 nec
1284 929 1556 984 convertit
1580 930 1647 983 ad
1679 930 1881 984 malam
1923 946 2026 986 vo-

2145 934 2294 988 ιύτοῦ
2327 934 2587 1006 ῥέποντος
2620 934 2716 986 καὶ
2775 931 3283 1001 συνεστραμμένου,
3319 931 3445 984 οὐδέ
3497 931 3737 1002 ἀναχαι-

429 1022 733 1086 luntatem;
775 1020 879 1075 hoc
903 1020 1047 1073 enim
1097 1021 1370 1091 signiﬁcat
1434 1022 1716 1075 indurabo.
1771 1022 2027 1077 Continet

2145 1027 2293 1092 τίζει,
2336 1027 2422 1080 ἵνα
2466 1027 2540 1096 μὴ
2577 1024 2803 1095 περιέλῃ
2855 1025 2955 1094 τῆς
3004 1025 3357 1092 ἀνθρωπίνης
3390 1022 3609 1090 φύσεως
3667 1023 3738 1074 τὸ

428 1110 570 1166 forte
603 1114 895 1182 quemdam
937 1114 1104 1168 alium
1130 1115 1320 1168 eadem
1354 1115 1517 1170 lectio
1551 1131 1773 1171 sensum
1806 1133 1820 1170 :
1853 1115 2027 1169 Indu-

2145 1115 2498 1180 ιὺτεξούσιοψ
2531 1117 2626 1168 καὶ
2672 1114 2812 1185 παρ’
2850 1115 3098 1166 ἑκούσιον
3131 1114 3225 1166 τοῦ
3257 1111 3562 1181 Αἰγυπτίου
3617 1111 3738 1182 ὡρ-

430 1205 580 1269 rabo,
617 1205 670 1260 id
700 1214 804 1273 est,
839 1207 990 1261 dura:
1014 1215 1068 1261 et
1110 1206 1333 1262 indocili
1382 1207 1555 1261 menti
1599 1208 1734 1262 dura
1767 1206 2024 1263 inducam

2145 1209 2374 1280 μηκότος
2404 1250 2420 1275 ,
2473 1208 2534 1260 ού
2591 1206 2888 1276 μεταϐαλεῖ
2944 1205 3065 1258 οὐδέ
3099 1205 3432 1274 μεταστήσει
3484 1204 3620 1274 πρὸς
3667 1201 3742 1254 τὸ

429 1306 485 1352 et
518 1298 831 1354 istiusmodi
862 1299 1096 1354 feritatis
1123 1301 1312 1370 digna.

2145 1302 2409 1354 Ξικούσιον·
2445 1298 2605 1352 τοῦτο
2638 1300 2746 1369 γάρ
2775 1301 2891 1350 ἐστι
2917 1298 2998 1361 τὸ,
3032 1295 3548 1365 σκληρυνῶ.”Εχοι
3579 1295 3636 1348 δ’
3663 1293 3738 1348 ἄν

429 1409 552 1445 τινα
581 1394 675 1446 καὶ
717 1392 910 1464 ἑτέραν
939 1394 971 1463 ή
1005 1393 1153 1458 λέξις
1175 1392 1314 1462 αὕτη
1346 1393 1844 1464 παραδηλουμένην
1909 1393 2287 1462 περιπέτειαν
2316 1391 2646 1460 σκληρυνῶ
2685 1391 2794 1460 γὰρ
2861 1389 2981 1443 ἀντὶ
3031 1389 3150 1454 τοῦ,
3187 1386 3411 1459 σκληρῷ
3471 1387 3569 1442 καὶ
3597 1386 3734 1441 ἀτε-

435 1486 632 1558 ράμονι
662 1487 760 1556 τὴν
811 1486 1044 1558 γνώμην
1095 1488 1209 1541 ὄντι
1243 1489 1456 1559 σκληρὰ
1486 1488 1635 1560 αὐτῷ
1692 1489 1880 1553 ἐπάξω
1926 1491 2022 1542 καὶ
2057 1489 2158 1561 τῆς
2185 1489 2279 1543 τοῦ
2311 1490 2514 1561 τρόπου
2539 1487 2824 1557 ὠμότητος
2863 1486 3084 1550 ἐπάξια.

505 1577 582 1632 Ita
631 1593 784 1648 ergo,
834 1579 978 1634 sicut
1015 1580 1295 1647 diximus,
1355 1581 1662 1650 prmvidens
1714 1583 1855 1637 Deus
1907 1581 2031 1637 illos

2204 1583 2363 1636 υῦτω
2391 1581 2456 1653 δὴ
2483 1581 2576 1635 οῦν
2607 1578 2866 1644 ἐνταῦθα,
2907 1577 3096 1649 ὥσπερ
3126 1577 3361 1648 ἔφημεν,
3394 1577 3643 1649 προειδδς
3667 1576 3736 1631 τὸ

435 1671 658 1741 proprio
695 1680 848 1725 motu
883 1681 936 1725 et
971 1673 1189 1742 propria
1216 1673 1494 1728 voluntate
1519 1671 1764 1728 Roboam
1787 1674 2033 1728 desertu-

2145 1673 2284 1726 θεῖον
2318 1672 2394 1735 ὡς
2431 1673 2489 1739 ἐξ
2523 1673 2735 1735 οἰκείας
2775 1670 2960 1742 ὁρμῆς
3009 1671 3105 1722 καὶ
3144 1669 3424 1741 Θελήσεως
3479 1670 3723 1739 ἀποστή-

434 1779 526 1817 ros
555 1779 696 1828 esse,
753 1779 1086 1835 servumque
1129 1774 1185 1820 et
1246 1775 1558 1835 apostatam
1621 1764 1913 1821 Jeroboam
1943 1781 2034 1821 se-

2145 1783 2316 1820 τονται
2345 1765 2445 1836 μὲν
2476 1764 2568 1817 τοῦ
2619 1764 2882 1834 Ῥοϐοάμ,
2919 1762 3349 1833 ἀκολουθήσουσι
3376 1762 3531 1833 δὲτῷ
3557 1761 3736 1831 δούλῳ

352 1895 360 1904 .
435 1857 686 1925 quendos
729 1872 870 1922 esse,
905 1867 958 1912 et
1009 1858 1361 1913 dividendam
1404 1874 1527 1914 esse
1557 1869 1772 1929 gentem
1808 1860 2033 1914 induas

2145 1859 2227 1913 tati
2255 1856 2540 1927 ἀποστάτῃ
2581 1856 2866 1928 Ἱεροῢοὰμ
2913 1857 3008 1910 καὶ
3054 1856 3450 1926 μερισοήσεται
3481 1857 3541 1909 τὸ
3578 1856 3734 1919 ἕονος

437 1955 644 2014 partes,
690 1946 854 2016 hujus
909 1947 1183 2020 (inquam)
1242 1950 1617 2019 cognitionem
1651 1952 1794 2005 sicut
1823 1959 1875 2006 et
1909 1966 2031 2005 om-

438 2039 593 2092 nium
624 2038 859 2093 aliorum
897 2055 1296 2111 praeoccupans
1329 2041 1496 2108 Deus,
1525 2058 1649 2112 quae
1682 2043 1870 2098 futura
1901 2052 2032 2098 sunt

437 2130 773 2197 praenuntiat
816 2140 871 2186 et
898 2133 1030 2187 dicit
1063 2149 1078 2187 :
1123 2132 1382 2188 Scindam
1418 2151 1646 2205 regnum
1698 2144 1874 2202 tuum,
1904 2152 2034 2206 pro-

439 2230 561 2290 pter
582 2222 720 2278 duas
748 2239 945 2280 causas
969 2225 1082 2295 jam
1118 2226 1491 2296 supradictas.
1527 2228 1585 2282 Si
1627 2228 1774 2283 enim
1807 2227 1917 2282 Deo
1955 2229 2033 2282 ita

441 2328 657 2382 semper
681 2314 957 2384 loquente,
989 2325 1042 2371 et
1059 2317 1125 2373 ad
1149 2319 1506 2390 semetipsum
1535 2320 1721 2374 omnia
1740 2319 2030 2386 referente,

441 2411 679 2458 attamen
720 2405 797 2458 illi
855 2407 924 2460 ad
979 2407 1118 2463 alios
1171 2424 1293 2465 sese
1341 2419 1725 2465 convertentes
1781 2412 1949 2477 deos,
1981 2419 2034 2465 et

441 2495 716 2550 Astartem
771 2511 895 2567 quae
942 2499 1180 2556 Artemis
1243 2501 1388 2571 apud
1437 2501 1657 2556 Graecos
1706 2511 1934 2557 vocatur
1980 2509 2036 2557 et

441 2585 683 2643 (lhamos
718 2595 772 2643 et
819 2606 1041 2646 muscas
1086 2593 1352 2659 colentes,
1390 2595 1514 2650 istis
1544 2609 1658 2650 sum
1687 2595 1814 2650 vitae
1847 2596 2034 2665 provi-

443 2681 686 2736 dentiam
705 2690 761 2737 et
799 2682 1146 2740 durationem
1179 2677 1575 2753 attribuerunt,
1609 2689 1675 2742 ad
1707 2688 1838 2758 quid
1863 2689 2036 2742 auda-

441 2773 543 2828 ciae
577 2789 686 2829 non
732 2777 1035 2844 venissent,
1071 2780 1117 2833 si
1146 2795 1213 2834 ex
1245 2792 1562 2835 sanctarum
1615 2779 2033 2851 Scripturarum

441 2865 699 2932 lectione,
756 2868 867 2924 illis
907 2870 1033 2925 data
1089 2870 1284 2927 fuisset
1332 2873 1553 2928 occasio
1597 2874 1847 2942 quaedam
1888 2875 2038 2944 engi-

441 2959 616 3026 tandi,
659 2960 824 3014 alium
849 2962 1142 3031 quemdam
1169 2979 1289 3019 esse
1311 2964 1475 3020 tinem
1507 2966 1690 3035 ptenis
1719 2965 2034 3033 facientem,

443 3056 499 3102 et
527 3064 594 3103 ex
625 3049 736 3103 alio
776 3053 1018 3121 quodam
1073 3055 1346 3109 malorum
1383 3069 1525 3110 onus
1556 3057 1792 3112 venire?
1839 3055 2037 3111 Videas

443 3148 625 3194 autem
679 3142 734 3196 in
784 3145 1086 3199 tentatione
1139 3145 1274 3215 justi
1325 3144 1429 3202 Job
1483 3147 1656 3202 Deum
1705 3151 2039 3203 tentationes

446 3233 861 3301 permittentem
891 3243 948 3292 et
997 3238 1136 3293 lines
1167 3239 1440 3308 quosdam
1489 3240 1779 3294 tentatioui
1830 3239 2041 3294 consti-

443 3333 642 3392 tuens;
676 3327 827 3382 verbi
855 3329 1050 3395 gratia,
1078 3329 1184 3385 hoc
1222 3331 1384 3385 datur
1417 3332 1514 3386 tibi
1544 3333 1850 3398 tentare,in
1885 3332 2038 3386 illum

2131 1955 2212 2016 είς
2241 1952 2509 2022 τμήματα
2536 1949 2649 2015 δύο,
2679 1949 2870 2002 τούτου
2893 1949 2993 2020 τὴν
3024 1949 3233 2015 γνῶσιν
3260 1948 3451 2018 ὥσπερ
3489 1948 3583 2000 καὶ
3623 1947 3737 2000 τῶν

2065 2077 2107 2131 Β
2132 2044 2310 2098 ἄλλων
2339 2043 2594 2097 ἁπάντων
2628 2039 2976 2113 προειληφὼς
3003 2041 3032 2094 6
3065 2040 3222 2107 Θεὸς,
3271 2039 3638 2131 προαγορεύει.
3668 2037 3734 2090 τὸ

2140 2137 2424 2208 ἐσόμενον,
2457 2135 2550 2190 καί
2605 2152 2740 2206 φησι
2769 2151 2786 2168 ο
2816 2132 3106 2206 Διαρρήξω
3157 2133 3259 2200 τὴν
3314 2129 3616 2202 βασιλείαν,
3641 2131 3734 2185 διὰ

2137 2227 2236 2291 τὰς
2263 2227 2672 2300 προειρημένας
2699 2225 3009 2298 ἔμπροσθεν
3035 2225 3216 2288 αἰτίας
3245 2224 3359 2278 δύο.
3404 2225 3468 2276 Εἰ
3501 2223 3608 2292 γὰρ
3638 2223 3735 2276 καὶ

2136 2320 2280 2375 οὕτω
2311 2319 2404 2373 τοῦ
2433 2319 2590 2372 Θείου
2635 2316 2912 2388 πανταχοῦ
2942 2316 3190 2385 λέγοντος
3217 2315 3314 2370 καὶ
3339 2316 3418 2378 εἰς
3454 2316 3647 2368 ἑαυτὸν
3673 2313 3737 2367 τὸ

2137 2416 2247 2468 πᾶν
2270 2413 2654 2483 ἀναφέροντος,
2674 2411 2733 2464 οὑ
2753 2409 2987 2463 διέλιπον
3017 2409 3170 2463 αὐτοὶ
3186 2409 3322 2479 πρὸς
3344 2407 3565 2478 ἐτέρους
3593 2410 3731 2460 ἁπο-

2137 2507 2424 2579 τρέχοντες
2443 2505 2622 2569 θεοὺς,
2641 2503 2737 2558 καλ⁷
2750 2505 2816 2575 τῇ
2853 2502 3124 2572 Ἀστάρτῃ
3146 2501 3267 2573 ἦτις
3291 2501 3408 2554 ἐστὶ
3437 2501 3564 2571 παρ’
3605 2498 3734 2552 ’Έλ-

2137 2599 2297 2669 λησιν
2355 2598 2644 2668 Ἀρτεμις,
2684 2596 2783 2650 καὶ
2819 2595 2897 2666 τῷ
2925 2596 3132 2664 Χαμὼς
3154 2595 3248 2647 καλ⁸
3285 2595 3403 2656 ταῖς
3431 2592 3617 2663 μυίαις
3635 2593 3736 2642 λα-

2136 2691 2444 2764 τρεύοντες,
2465 2689 2741 2750 κάκείνοις
2759 2687 2857 2758 τῆς
2875 2686 3088 2740 ἑαυτῶν
3109 2684 3254 2755 ζωῆς
3274 2685 3375 2756 τὴν
3398 2682 3656 2754 πρόνοιάν
3676 2698 3734 2733 τε

2140 2785 2236 2839 καὶ
2269 2783 2366 2851 τὴν
2393 2780 2655 2851 διαμονὴν
2687 2779 3107 2849 περιάπτοντες,
3139 2776 3193 2830 τί
3214 2776 3314 2830 οὐκ
3332 2775 3398 2828 ἂν
3423 2775 3738 2843 ἐτόλμησαν

2141 2875 2195 2929 εἴ
2225 2874 2346 2929 τινά
2377 2873 2541 2926 ποθεν
2562 2870 2744 2924 λαϐεῖν
2779 2869 3039 2940 ἀφορμὴν
3073 2867 3232 2937 ἔσχον
3278 2869 3342 2920 ἐκ
3375 2865 3477 2934 τῆς
3526 2863 3634 2917 τῶν
3662 2863 3740 2914 ἱε-

2146 2967 2255 3038 ρῶν
2281 2964 2634 3038 Γραμμάτων
2665 2961 2930 3025 διανοίας,
2949 2959 3027 3023 ὡς
3057 2960 3216 3023 ἄλλος
3245 2960 3330 3023 τίς
3369 2962 3520 3014 ἐστιν
3555 2958 3743 3020 αὐτοῖς

2140 3057 2170 3108 6
2199 3053 2299 3117 τὰς
2330 3051 2609 3124 τιμωρίας
2668 3050 2896 3121 ὁρίζων,
2929 3049 3024 3102 καὶ
3054 3049 3114 3114 ἐξ
3151 3050 3340 3120 ἐτέρου
3393 3048 3540 3111 τινὸς
3563 3050 3598 3120 ἡ
3630 3047 3741 3100 τῶν

2142 3146 2404 3218 χειρόνων
2433 3145 2618 3208 αὐτοῖς
2662 3142 2855 3196 ἕπεται
2886 3141 3030 3212 φορά
3062 3158 3076 3207 ;
3105 3141 3265 3204 Ἵδοις
3291 3141 3347 3194 δ’
3378 3140 3443 3195 ἂν
3475 3140 3570 3196 καὶ
3597 3139 3742 3193 κατὰ

2140 3237 2203 3290 τὸ
2233 3237 2591 3308 πειρατήριον
2613 3233 2706 3288 τοῦ
2739 3233 2952 3287 δικαίου
2987 3231 3105 3286 Ἰὼϐ
3127 3233 3220 3286 τὸν
3237 3231 3368 3286 Θεὸν
3397 3230 3742 3302 συγχωροῦν-

2142 3344 2212 3380 τα
2235 3327 2366 3390 τοὺς
2417 3326 2767 3397 πειρασμοὺς
2824 3325 2922 3380 καὶ
2954 3326 3114 3397 ὅρους
3170 3323 3322 3386 τινὰς
3376 3321 3742 3393 καθορίζοντα

447 3425 630 3471 autem
674 3434 743 3473 ne
781 3435 1008 3476 manum
1054 3423 1336 3478 extendas.
1369 3423 1563 3480 Omnia
1595 3425 1745 3480 enim
1787 3425 1855 3479 ab
1889 3425 2041 3478 omni

2145 3419 2222 3491 τῷ
2248 3416 2585 3492 πειράζοντι·
2611 3413 2744 3483 οἷον,
2786 3418 2926 3473 Τάδε
2950 3415 3153 3471 δίδοται
3187 3433 3270 3469 σοι
3301 3414 3584 3486 πειράσαι,
3613 3412 3741 3467 τεύ-

446 3511 654 3577 potenti
700 3512 917 3581 dextra,
966 3516 1132 3571 modo
1155 3517 1378 3586 quidem
1423 3517 1718 3588 adjuvante
1755 3525 1810 3572 et
1835 3532 2040 3587 coope-

450 3609 627 3668 rante,
673 3603 838 3659 modo
881 3605 1235 3674 permittente
1271 3617 1328 3662 et
1370 3622 1482 3663 non
1524 3608 1877 3678 impediente,
1909 3626 2046 3681 pen-

447 3691 597 3748 deut.

525 3871 736 3930 Similis
766 3880 949 3930 autem
972 3874 1157 3946 aliquo
1187 3879 1351 3933 modo
1383 3877 1601 3933 videtur
1620 3887 1674 3933 et
1703 3879 1822 3934 haec
1845 3879 2043 3935 lectio:

459 3989 478 4022 ι
514 3970 584 4023 Et
640 3968 850 4023 addidit
894 3966 1052 4023 furor
1107 3971 1325 4026 Domini
1382 3971 1547 4028 irasci
1600 3981 1793 4028 contra
1853 3972 2046 4038 Israel,

452 4061 861 4130 commovitque
920 4059 1091 4116 David
1142 4062 1196 4117 in
1246 4065 1327 4119 eis
1379 4063 1654 4120 dicentem
1695 4079 1711 4120 :
1748 4064 2046 4121 Dinumera

452 4151 707 4206 Israel”.
753 4169 772 4201 ι
813 4149 1010 4205 Incitat
1059 4152 1208 4207 enim
1253 4153 1427 4209 David
1463 4154 1531 4209 ad
1584 4154 1754 4210 Israel
1796 4155 2049 4209 dinume-

451 4244 690 4299 randum
742 4247 868 4316 quia
913 4262 1042 4317 erga
1071 4245 1209 4316 justi
1249 4245 1455 4316 judicis
1483 4245 1622 4300 iram
1663 4253 1720 4301 et
1749 4245 2046 4301 vindictam

453 4339 715 4394 Israelita:
758 4354 858 4410 pro
888 4339 1130 4410 peccatis
1167 4339 1283 4395 suis
1314 4339 1592 4396 debitores
1622 4346 1820 4406 erant;
1855 4348 1910 4394 et
1939 4353 2047 4394 non

454 4439 538 4484 est
592 4429 736 4485 alius
790 4430 1078 4500 impellens
1125 4428 1385 4485 Davidem
1426 4444 1492 4486 ac
1529 4429 1621 4484 ille
1668 4429 1763 4500 qui
1793 4428 2049 4484 irascitur

454 4530 646 4577 contra
704 4521 870 4578 Israel
935 4531 991 4578 et
1038 4523 1133 4594 qui
1179 4537 1376 4594 pinnas
1444 4521 1501 4577 in
1531 4522 1684 4577 illum
1721 4523 2050 4580 inducturus

453 4622 595 4670 erat.
624 4615 838 4670 Etenim
865 4617 1075 4685 peccati
1107 4632 1208 4673 nos
1238 4632 1365 4672 reos
1395 4616 1624 4681 scimus,
1663 4616 2047 4672 testimonium

454 4706 619 4760 etiam
656 4707 1073 4775 perhibentibus
1125 4707 1328 4763 divinis
1378 4706 1624 4774 Litteris,
1675 4707 2047 4763 accidentium

2145 3529 2238 3568 του
2270 3513 2328 3566 δὲ
2373 3514 2448 3584 μὴ
2474 3511 2608 3586 ἅψῃ.
2641 3511 2830 3565 Πάντα
2856 3511 2965 3582 γὰρ
2989 3510 3088 3580 τῆς
3112 3507 3620 3578 παντοκρατορικῆς
3649 3506 3741 3572 ἐξ-

2143 3607 2316 3678 ῆπται
2348 3605 2550 3672 δεξιᾶς,
2583 3603 2655 3658 τὰ
2716 3605 2816 3675 μὲν
2878 3599 3424 3673 ἀντιλαμϐανομένης
3470 3600 3568 3652 καὶ
3598 3615 3741 3668 συμ-

2148 3695 2518 3767 πραττούσης,
2559 3693 2631 3748 τὰ
2680 3694 2738 3748 δέ
2772 3692 3213 3764 παραχωρούσης
3270 3691 3366 3744 καὶ
3409 3689 3510 3742 οὐκ
3537 3690 3739 3758 ἀπειρο

2147 3790 2376 3859 γούσηςο

2221 3880 2613 3950 Παραπλήσιονι
2641 3877 2699 3931 δέ
2734 3895 2852 3940 πως
2907 3872 3047 3930 εἶναι
3072 3875 3221 3929 δοκεῖ
3267 3873 3362 3928 καὶ
3409 3872 3491 3937 τὸ,
3521 3890 3540 3923 ι
3570 3871 3748 3938 Προσ-

2148 3973 2301 4028 έθετο
2315 3973 2453 4045 ὀργὴ
2478 3971 2686 4042 Κυρίου
2698 3970 2792 4024 τοῦ
2815 3969 3138 4040 Θυμωθῆναι
3159 3969 3254 4022 ἐπὶ
3272 3966 3506 4038 Ἰσραήλ.
3525 3966 3637 4018 Καὶ
3651 3966 3750 4016 ἐπ-

2149 4067 2330 4120 έσεισε
2357 4065 2450 4118 τὸν
2495 4062 2660 4118 Δαϐὶδ
2695 4065 2775 4127 εἰς
2801 4061 3003 4125 αὐτοὺς
3043 4060 3238 4128 λέγων,
3277 4057 3612 4129 Ἀρίθμησον
3655 4056 3750 4108 τὸν

2162 4159 2406 4230 Ἰσραήλ.
2444 4177 2462 4210 ι
2498 4155 2762 4210 Ἐπισείει
2803 4154 2913 4227 γὰρ
2963 4154 3056 4208 τὸν
3087 4152 3254 4206 Δαὸὶδ
3309 4150 3616 4222 ἀριθμῆσαι
3657 4148 3750 4201 τὸν

2162 4251 2400 4324 Ἰσραὴλ,
2438 4251 2521 4304 ὅτι
2541 4249 2636 4303 τοῦ
2660 4249 2871 4303 δικαίου
2898 4245 3089 4318 κριτοῦ
3113 4245 3250 4317 ὀργὴ
3280 4245 3376 4298 καὶ
3405 4241 3647 4313 τιμωρία
3669 4241 3751 4312 τῷ

2162 4344 2380 4416 Ἰσραὴλ
2395 4345 2462 4413 ἐφ
2479 4339 2585 4406 ὀἷς
2610 4343 2859 4414 ἥμαρτον
2881 4339 3315 4411 ἐκεχρεὼστητο’
3335 4337 3432 4390 καὶ
3455 4336 3556 4389 οὑκ
3578 4334 3741 4396 ἄλλος

2148 4437 2236 4500 τίς
2262 4439 2413 4490 ἐστιν
2429 4437 2456 4488 6
2471 4434 2741 4488 ἀνασείων
2764 4433 2854 4485 τὸν
2873 4431 3062 4496 Δαὸὶδ,
3090 4429 3204 4484 ἀλλ’
3233 4431 3261 4483 6
3280 4425 3626 4500 ὠργισμένος
3648 4425 3751 4495 μὲν

2149 4528 2228 4600 τῷ
2271 4527 2513 4601 Ἰσραὴλ,
2550 4525 2868 4594 ἐπενεγκεῖν
2911 4523 2970 4576 δέ
3008 4521 3220 4594 μέλλων
3262 4520 3449 4582 αὐτοῖς
3477 4518 3578 4589 τὴν
3627 4533 3752 4570 ποι-

2150 4622 2270 4693 νήν.
2304 4621 2415 4674 Καὶ
2439 4619 2550 4690 γὰρ
2578 4618 2682 4686 τῆς
2709 4617 2806 4689 μὲν
2841 4615 3121 4686 ἁμαρτίας
3150 4615 3349 4677 αὐτοὺς
3383 4612 3545 4685 ίσμεν
3576 4630 3637 4665 τε
3668 4613 3752 4666 αἰο

2150 4713 2446 4779 τίους,καὶ
2471 4711 2543 4764 τὰ
2593 4711 2714 4764 Θεῖα
2769 4708 3238 4779 διαμαρτύρονται
3273 4707 3471 4775 Λόγια,
3523 4706 3634 4759 τῶν
3691 4705 3752 4758 δὲ

457 4807 640 4852 autem
669 4798 827 4856 uobis
859 4815 958 4869 pro
997 4800 1237 4870 peccatis
1271 4798 1690 4854 tribulationum
1724 4798 1906 4853 divina
1943 4813 2042 4853 vo-

2146 4803 2458 4878 ἐρχομένων
2489 4803 2623 4873 ἡμῖν
2646 4802 2745 4869 ἐφ’
2793 4795 2876 4862 οἷς
2909 4799 3362 4871 ἐξαμαρτάνομεν
3413 4796 3685 4868 θλιϐερών
3715 4798 3751 4867 ἡ

457 4889 645 4944 luntas
683 4900 770 4946 est
820 4899 1034 4946 auctor.
1074 4889 1213 4946 Justi
1257 4891 1406 4945 enim
1457 4896 1544 4945 est
1583 4889 1788 4959 judicis
1828 4903 2048 4959 poenam

457 4995 558 5052 pro
624 4982 893 5050 gravitate
944 4982 1132 5037 delicti
1188 4989 1467 5048 statuere;
1501 4980 1705 5036 etenim
1758 4979 1853 5035 irae
1881 4997 2048 5037 causa

461 5083 612 5141 sunt,
645 5076 738 5146 qui
772 5083 1174 5146 peccaverunt;
1221 5075 1304 5130 ira
1328 5083 1511 5130 autem
1548 5074 1671 5130 istis
1705 5074 2050 5143 punitionem

459 5167 702 5235 induxit,
764 5168 948 5224 medio
991 5177 1212 5238 sumpto
1255 5165 1448 5233 David,
1480 5181 1644 5237 quem
1676 5167 1778 5236 ipsi
1809 5164 2051 5222 offende-

459 5269 606 5328 rant,
647 5271 871 5333 propter
901 5262 1051 5333 quod
1084 5271 1140 5317 et
1172 5262 1288 5333 ipse
1310 5262 1364 5317 in
1397 5261 1565 5318 Deum
1591 5270 1934 5332 peccaverat,
1967 5269 2048 5315 et-

461 5353 609 5408 enim
634 5353 1027 5418 dinumeravit,
1069 5355 1322 5423 quamvis
1356 5353 1510 5409 illum
1561 5353 1724 5410 citius
1752 5354 1875 5409 aliis
1922 5367 2058 5409 con-

464 5446 840 5516 demnaverit;
875 5449 1008 5503 dicit
1033 5448 1181 5502 enim
1212 5464 1226 5502 :
1271 5446 1554 5504 Percussit
1588 5464 1684 5503 cor
1731 5448 1898 5503 David
1927 5463 2055 5503 eum

469 5549 692 5610 propter
720 5541 908 5610 populi
938 5541 1344 5596 recensiouem.
1369 5539 1530 5608 Quali
1557 5556 1688 5597 vero
1716 5556 1816 5611 pro
1857 5541 2056 5596 delicto

467 5632 700 5702 populus
732 5648 922 5702 ptenas
947 5635 1078 5690 dare
1093 5633 1352 5705 dignatus
1371 5636 1495 5690 est?
1519 5650 1701 5689 nonne
1721 5633 1945 5689 evidens
1976 5642 2060 5690 est

473 5739 573 5792 pro
601 5726 1000 5783 insurrectione
1029 5737 1222 5786 contra
1265 5727 1434 5784 David
1465 5744 1628 5785 suum
1661 5742 1867 5798 regem,
1928 5741 2056 5782 cum

478 5818 678 5887 rejecta
705 5819 944 5890 legitima
969 5831 1022 5878 et
1057 5822 1207 5893 justa
1231 5829 1525 5891 potestate,
1560 5821 1614 5875 in
1644 5820 1887 5878 favorem
1915 5819 2062 5876 illius

550 5933 594 5964 ³³
629 5931 801 5990 Exod.
833 5949 946 6001 xw,
983 5934 1038 5991 ί.
1147 5935 1190 5967 ³⁸
1214 5933 1375 5992 Num.
1412 5949 1540 6004 xxv,
1578 5934 1632 5990 4.

2148 4897 2271 4952 θεία
2319 4895 2502 4967 ψῆφος
2532 4894 2887 4967 δημιουργός·
2947 4891 3138 4963 κριτοῦ
3194 4889 3304 4960 γὰρ
3336 4888 3573 4953 δικαίου,
3611 4886 3752 4957 πρὸς

2147 4990 2249 5060 τὴν
2275 4987 2385 5041 τῶν
2413 4987 2592 5059 ἔργων
2631 4987 2919 5059 βαρύτητα
2949 4986 3046 5040 καὶ
3072 4985 3174 5055 τὴν
3205 4983 3305 5037 ἐπ’
3336 4982 3537 5045 αὐτοὺς
3571 4997 3750 5050 τιμω-

2153 5082 2276 5157 ρίαν
2309 5081 2676 5153 ἁρμόζεσθαι.
2703 5081 2814 5134 Καὶ
2844 5080 2954 5149 γὰρ
3007 5078 3109 5148 τῆς
3144 5077 3242 5146 μὲν
3274 5074 3445 5145 ὀργῆς
3478 5076 3527 5127 οἱ
3569 5075 3756 5143 ἡμαρ-

2150 5177 2381 5248 τηκότες
2413 5175 2710 5244 παραίτιον
2741 5174 2775 5244 ἡ
2803 5172 2860 5226 δὲ
2885 5171 3026 5243 ὀργὴ
3082 5170 3296 5233 τούτοις
3349 5169 3450 5240 τὴν
3477 5165 3755 5239 τιμωρίαν

2153 5267 2434 5338 ἐπήγαγε,
2477 5265 2644 5337 μέσου
2694 5261 3266 5334 παραλαμϐανομένου
3319 5258 3415 5313 τοῦ
3451 5257 3639 5322 Δαϐὶδ,
3673 5258 3754 5318 εἰς

2153 5360 2214 5413 ὃν
2246 5360 2443 5412 ἐκεῖνοι
2482 5357 2920 5431 προσέκρουσαν,
2944 5354 3033 5408 διὰ
3059 5353 3122 5407 τὸ
3163 5353 3260 5406 καὶ
3301 5351 3465 5405 αὑτὸν
3493 5352 3752 5420 ἡμαρτη-

2153 5452 2312 5506 κέναι
2361 5449 2502 5521 Θεῷο
2540 5452 2633 5503 καὶ
2671 5449 2782 5520 γὰρ
2810 5447 3140 5520 ἠρίθμησενο
3173 5446 3222 5498 εἰ
3279 5445 3376 5497 καὶ
3408 5444 3604 5497 Θᾶττον
3647 5440 3716 5493 αὖ
3731 5453 3766 5480 -'

2153 5544 2246 5599 τὸν
2276 5543 2381 5614 πρὸ
2393 5544 2501 5598 τῶν
2514 5543 2690 5597 ἄλλων
2716 5541 3099 5595 κατεδίκασεν·
3123 5538 3260 5609 φησὶ
3283 5539 3444 5608 γάρ’(
3472 5533 3750 5599 Ἐπάταξε

2155 5635 2355 5708 καρδία
2386 5636 2552 5689 Δαϐὶδ
2581 5635 2746 5690 αὐτὸν
2780 5635 2863 5688 ὅτι
2895 5632 3174 5702 ἠρίθμησε
3217 5630 3308 5682 τὸν
3339 5629 3488 5682 λαόν.
3529 5646 3546 5676 ι
3585 5625 3754 5687 Ποίας

2167 5729 2225 5782 δὲ
2245 5727 2592 5798 παρανομίας
2614 5726 2921 5795 τηνικαῦτα
2947 5726 2975 5777 6
3007 5722 3134 5786 λαὸς
3164 5721 3422 5790 ὑποσχεῖν
3449 5719 3757 5773 ἐδικαιοῦτο

2169 5819 2526 5892 τιμωρίαν,ἢ
2569 5817 2814 5890 δηλονότι
2843 5817 2944 5885 τῆς
3004 5813 3428 5877 ἐπαναστάσεως
3461 5811 3561 5882 τῆς
3611 5811 3757 5866 κατὰ
