4136 6448
365 353 502 431 11l1

1248 357 1348 416 AD
1386 355 1976 415 AMPIIILOCIIIUM
2015 355 2359 426 QUEESTIO
2389 358 2572 431 CCCI,
2614 357 2830 417 CCCII.

3487 344 3624 411 1142

359 468 453 524 τοῦ
506 465 655 535 σφῶν
704 465 966 536 βασιλέως
991 466 1156 520 Δαϐίδ
1187 484 1200 532 ;
1237 468 1400 537 ἡνίκα
1435 469 1826 540 διαρῤαγέντες
1886 468 1951 518 ἐκ
1976 481 1997 524 λ

2081 468 2144 535 uti
2178 477 2366 522 contra
2396 479 2604 535 patrem
2633 476 2684 520 ct
2706 480 2885 533 regem
2913 462 3227 534 tyrannicas
3255 476 3450 515 manus
3479 461 3626 514 leva-

363 559 530 628 νόμου
580 559 677 610 καὶ
720 557 937 620 δικαίας
964 559 1140 628 ἀρχῆς
1168 557 1245 628 τῷ
1282 559 1420 611 κατὰ
1466 560 1672 630 πατρὸς
1718 565 1811 613 καὶ
1851 562 1951 631 βα-

366 648 556 712 σιλέως
588 648 915 716 τυραννικὰς
942 650 1134 718 χεῖρας
1178 649 1492 720 ἀντάραντι,
1526 652 1621 701 καὶ
1679 653 1812 720 μήτε
1849 651 1950 721 τὴν

368 739 531 808 φύσιν
583 737 962 809 εὐλαϐηθέντι,
989 740 1129 816 ’μήτε
1178 738 1239 791 τὸ
1265 739 1363 809 τῆς
1421 737 1700 808 βασιλείας
1733 743 1953 813 ἀξίωμα

365 831 760 898 δυσωπηθέντι,
805 831 1278 902 συνεπανέστησάν
1315 849 1372 886 τε
1402 837 1496 885 καὶ
1540 836 1950 907 συναπεστάτη-

371 939 488 975 σαν.
547 922 634 986 Ἐξ
677 916 736 974 οὗ
789 922 991 993 κυρίως
1032 923 1130 992 μέν
1165 925 1286 977 κατ’
1339 925 1581 994 ἀλλήλων
1625 927 1887 997 ἐρῤυηκει
1918 929 1948 980 6

371 1014 550 1082 φόνος,
577 1013 723 1075 ἄπας
751 1013 804 1066 δὲ
865 1013 1074 1082 φύσεως
1115 1016 1468 1087 κατεπατήθη
1503 1018 1689 1086 νόμος,
1745 1019 1950 1072 παίδων

373 1105 638 1167 πολλάκις
669 1107 810 1157 κατὰ
835 1106 1086 1175 πατέρων
1113 1106 1182 1158 τὰ
1205 1105 1333 1176 ξίφη
1362 1108 1655 1176 φερόντων,
1672 1109 1764 1160 καὶ
1785 1111 1811 1160 ὁ
1829 1109 1951 1176 φίλ-

371 1212 533 1258 τατος
561 1195 674 1258 υίὸς
718 1197 901 1266 χειρος
930 1199 1201 1267 πατρικῆς
1229 1197 1390 1268 ἔργον
1420 1198 1688 1267 κείμενος*
1727 1199 1954 1252 τοιαῦτα

373 1288 482 1356 γὰρ
507 1286 576 1339 τὰ
631 1287 778 1340 κακὰ
834 1288 933 1356 τῆς
985 1288 1248 1356 ἐμφυλίου
1307 1291 1569 1352 στάσεως.
1614 1289 1827 1358 Ταύτης
1861 1285 1953 1342 οὖν

373 1378 471 1446 τῆς
500 1376 622 1430 κατ’
676 1377 925 1447 ἀλλήλων
957 1379 1290 1447 μιαιφονίας,
1335 1379 1543 1440 δίκαιος
1595 1373 1662 1448 ἦν
1697 1381 1952 1449 ὑποσχεῖν

375 1470 473 1536 τὴν
500 1470 768 1538 τιμωρίαν
795 1469 822 1520 6
866 1469 1105 1539 Ἰσραήλν
1147 1472 1268 1522 ἐπεὶ
1297 1469 1353 1523 δέ
1395 1471 1508 1523 ἔδει
1557 1471 1952 1540 ποινηλαθῆναι

2055 567 2228 622 verat,
2260 559 2407 611 nullo
2441 570 2648 612 natura:
2684 565 2954 625 respectu,
2983 557 3126 609 nulla
3155 553 3434 623 dignitatis
3467 552 3627 620 regiae

2054 651 2378 710 ΓΘνθΙὊΙιΙξὲΙ,
2438 657 2898 703 (ῘΟΙΙΞΠΓΙὊΧΘΙΊΙΙΙΙ,
2937 659 2990 701 ει
3036 646 3203 701 δίΙΙὶΙΙῙ
3259 651 3624 697 εεεεεεθνηιη.

2053 737 2173 804 Quo
2218 737 2420 792 factum
2475 751 2556 793 est
2596 749 2654 793 ut
2684 738 2770 792 alii
2829 738 2966 790 alios
2998 735 3289 791 crudeliter
3319 732 3630 786 trucidave-

2052 831 2184 897 rint,
2211 842 2265 885 et
2292 847 2483 884 omnes
2514 840 2722 884 natura:
2745 833 2890 899 leges
2911 829 3138 897 pedibus
3165 823 3627 883 conculcaverint,

2050 923 2174 976 liliis
2228 937 2368 989 smpe
2403 931 2590 975 contra
2643 931 2826 990 patres
2879 919 3118 989 gladium
3175 916 3516 976 ferentibus,
3575 920 3630 963 et

2049 1015 2376 1069 charissimo
2411 1015 2520 1067 lilio
2553 1030 2714 1066 manu
2759 1025 2986 1082 paterna
3050 1011 3284 1078 jaceute.
3329 1007 3452 1059 lla-c
3493 1015 3625 1058 sunt

2049 1108 2192 1159 enim
2218 1107 2340 1159 belli
2384 1107 2561 1160 civilis
2590 1105 2727 1157 mala
2756 1122 2770 1170 ;
2807 1104 2964 1170 Cujus
2995 1112 3189 1156 autem
3233 1114 3432 1152 muttire
3464 1097 3632 1149 credis

2052 1212 2265 1265 azquum
2299 1206 2416 1249 erat
2445 1212 2636 1264 punias
2675 1195 2805 1249 dare
2867 1193 3055 1246 Israel.
3093 1192 3228 1244 Cum
3262 1200 3440 1242 autem
3481 1187 3632 1238 illum

2057 1305 2229 1358 poeme
2287 1305 2509 1343 causam
2563 1289 2777 1342 nescire
2830 1294 3127 1356 oporteret,
3177 1285 3318 1337 sicut
3383 1281 3634 1350 quaedam

2059 1381 2378 1448 principalis
2410 1395 2576 1433 causa
2615 1378 2866 1431 vindictae
2898 1378 3100 1429 dicitur
3151 1374 3404 1427 Davidcm
3437 1372 3642 1425 excita-

2060 1484 2172 1524 tum
2215 1472 2384 1524 fuisse
2413 1472 2478 1524 ad
2515 1470 2770 1539 populum
2805 1467 3287 1521 diuunierandnm.

377 1563 559 1625 αὑτὸν,
594 1556 703 1616 οἷον
742 1577 826 1624 τις
861 1563 1310 1632 προκαταρκτικὴ
1389 1562 1538 1614 αἰτία
1598 1563 1868 1633 τιμωρίας
1917 1563 2216 1615 διατίθεται
2280 1562 2341 1614 τὺ
2375 1560 2763 1629 ἁνασεισθῆναι
2818 1558 2905 1611 τὸν
2951 1557 3114 1610 Δαϐὶδ
3147 1554 3506 1626 ἐξαριθμῆσαι
3555 1550 3645 1603 τὸν

377 1651 523 1708 λαόν.

451 1747 572 1800 Ὀτι
589 1746 697 1816 γὰρ
723 1746 841 1798 οὐδὲ
857 1745 964 1798 τῶν
989 1745 1176 1799 δεινῶν
1208 1746 1414 1816 σφόδρα
1435 1744 1586 1815 παρὰ
1613 1743 1874 1814 βασιλέως
1893 1741 1960 1816 ἦν
1993 1755 1997 1809 ἶ

2137 1741 2288 1809 Quod
2322 1739 2465 1793 enim
2501 1753 2604 1791 non
2639 1746 2745 1791 tam
2794 1733 2961 1788 fuerit
2990 1732 3287 1786 criminosa
3320 1729 3422 1782 ista
3462 1724 3644 1795 populi

378 1841 412 1909 ἡ
444 1840 737 1910 ἀρίθμησις
771 1838 864 1891 τοῦ
919 1838 1072 1902 λαοῦ,
1108 1838 1210 1891 κᾶν
1259 1838 1356 1891 νῦν
1401 1840 1480 1902 εἰς
1539 1839 1719 1891 αἰτίαν
1747 1839 1845 1907 τῆς
1879 1855 1956 1891 τι·

384 1931 598 2001 μωρίας
635 1931 1026 2002 παρείληπται,
1075 1929 1225 2000 δηλοῖ
1255 1933 1411 2000 καὶὴ
1457 1932 1596 2000 μετὰ
1638 1931 1808 1984 ταῦτα
1851 1934 1957 1984 ἀπ-

381 2021 678 2092 αρίθμησις
726 2021 876 2092 παρὰ
907 2022 984 2092 τῷ
1010 2022 1160 2092 αὐτῷ
1205 2023 1548 2093 γεγενημένη
1587 2023 1768 2075 Δαϐίδ·
1808 2015 1958 2096 ὲφ’ᾗ

382 2113 506 2167 οὔτε
543 2131 596 2168 τι
647 2114 810 2184 μηδὲν
840 2115 1123 2184 ἀπήντησε
1172 2114 1409 2184 πονηρὸν
1459 2115 1554 2166 καὶ
1604 2115 1741 2184 μήτε
1790 2130 1961 2183 πονη-

387 2209 508 2278 ρίας
536 2208 838 2279 ἐγκλήματι
867 2205 1169 2276 ὑπαχθεῖσα
1203 2206 1339 2276 μήτε
1378 2207 1501 2259 τινὰ
1545 2205 1960 2274 ἐφελκυσαμένη

387 2301 600 2369 ποινήν·
657 2299 797 2368 αὕτη
852 2299 908 2352 δὲ
962 2296 1182 2368 περὶτὰ
1231 2298 1358 2367 τέλη
1417 2298 1606 2365 γέγονε
1668 2297 1761 2349 τοῦ
1813 2296 1966 2366 βασι-

388 2392 544 2454 λέωςο
574 2394 660 2446 ὅτε
691 2395 783 2445 καὶ
820 2395 848 2445 6
869 2391 977 2444 τῶν
1033 2391 1279 2445 Λευῖτῶν
1308 2390 1659 2458 συνελογίσθη
1714 2390 1836 2459 ἀριο
1847 2390 1964 2458 μόςο

389 2482 548 2535 τοῦτο
587 2482 643 2534 δὲ
667 2484 758 2535 καὶ
790 2481 1301 2549 συνυπεμφαίνουσα
1331 2481 1364 2548 ἡ
1390 2480 1602 2548 Γραφὴ,
1632 2480 1712 2542 τὺ,
1747 2497 1764 2529 ‹
1790 2479 1967 2548 Προσ-

394 2573 545 2626 έθετο
587 2573 722 2644 ὀργὴ
772 2573 974 2643 Κυρίου
1000 2569 1330 2639 ἰθυμωθῆναι
1385 2570 1477 2621 ἐπὶ
1539 2569 1810 2638 Ἶσραὴλ,ι
1843 2569 1973 2621 δια-

391 2664 572 2733 τίθησι
590 2665 694 2735 πρὸ
720 2665 864 2729 τοῦ,ι
889 2664 1152 2715 Ἀνέσεισε
1177 2663 1266 2714 τὸν
1283 2659 1496 2725 Δαϐ¹ιδ,ι
1518 2661 1784 2728 ἐνάγουσα
1813 2661 1976 2714 οἱονεὶ

394 2759 491 2811 καὶ
538 2757 862 2811 διανιστῶσα
891 2757 982 2810 τὸν
1033 2755 1306 2825 ἀκροατὴν
1337 2753 1568 2806 συνιδεῖν
1612 2753 1686 2815 ὼς
1736 2753 1857 2821 ουχὶ
1886 2751 1975 2803 διὰ

393 2852 455 2903 το
485 2849 851 2920 αριθμηθῆναι
897 2848 988 2900 τὸν
1014 2847 1143 2900 iam
1175 2849 1207 2917 ἡ
1235 2845 1371 2916 ὀργὴ
1429 2844 1642 2914 ἀνήφθη
1675 2843 1766 2896 τοῦ
1819 2842 1976 2906 Θεοῦ,

399 2942 536 2996 ἀλλὰ
587 2941 676 2993 διὰ
717 2941 814 3010 τὴν
875 2939 1394 3010 προσγεγενημένην
1454 2936 1632 2989 αὐτῶν
1687 2935 1876 2988 στάσιν
1921 2952 1981 2987 τε

400 3036 494 3087 καὶ
522 3033 814 3101 τυραννίδα
862 3033 954 3085 καὶ
997 3031 1328 3100 μιαιφονίαν·
1382 3030 1442 3082 τὸ
1493 3030 1601 3098 γὰρ
1656 3028 1757 3099 τὴν
1811 3027 1981 3098 ὀργὴν

2059 1834 2308 1889 recensio
2336 1847 2365 1885 a
2402 1845 2526 1897 rege
2561 1829 2726 1890 facta,
2754 1827 3007 1894 quamvis
3035 1836 3180 1875 nunc
3205 1829 3263 1873 ut
3291 1834 3455 1873 causa
3487 1815 3648 1884 puni-

2061 1928 2227 1982 tionis
2251 1925 2516 1987 tradatur,
2548 1923 2694 1974 clare
2719 1920 3058 1972 demonStrat
3089 1914 3175 1967 illa
3214 1926 3332 1978 quae
3364 1920 3550 1978 postea
3581 1905 3648 1958 ab

2060 2022 2248 2072 eodem
2283 2014 2450 2068 David
2482 2014 2621 2066 facta
2648 2011 2748 2064 fuit
2783 2009 3054 2070 recensio,
3086 2014 3495 2074 propterquam
3527 1996 3650 2050 nul-

2064 2103 2174 2163 lum
2202 2108 2441 2160 occurrit
2466 2105 2690 2165 malum,
2711 2103 2976 2170 siquidem
3015 2099 3216 2153 nullam
3242 2095 3462 2148 malitiae
3485 2105 3650 2143 accu-

2066 2200 2333 2253 sationem
2370 2196 2550 2250 attulit
2578 2210 2678 2249 ncc
2720 2208 2935 2262 pugnam
2966 2189 3206 2243 induxit.
3247 2185 3339 2238 llla
3385 2183 3522 2235 facta
3551 2179 3653 2231 fuit

2067 2292 2328 2346 extremis
2374 2290 2517 2359 regis
2561 2287 2743 2347 anuis,
2781 2301 2903 2338 cum
2937 2283 3222 2336 levitarum
3264 2288 3527 2329 numerus
3561 2285 3652 2323 re-

2069 2386 2311 2440 censitus
2335 2381 2452 2435 fuit.
2476 2379 2629 2446 Quod
2657 2378 2792 2431 satis
2818 2377 2961 2428 clare
2987 2373 3180 2426 indicat
3212 2367 3492 2434 Scriptura
3524 2361 3650 2412 dum

2071 2477 2288 2530 verba:
2356 2492 2374 2524 ι
2412 2471 2628 2541 Adjecit
2668 2471 2746 2523 ira
2795 2467 2890 2520 Dei
2946 2464 3106 2518 irasci
3155 2468 3344 2513 contra
3395 2452 3652 2524 populum

2073 2566 2240 2621 Israel
2266 2586 2281 2616 ι
2303 2565 2456 2634 ponit
2478 2571 2603 2616 ante
2634 2561 2722 2613 illa
2744 2556 2992 2627 «Impulit
3016 2551 3181 2606 David
3209 2570 3224 2601 ι
3256 2549 3520 2600 inducens
3553 2542 3654 2594 ali-

2077 2672 2187 2726 quo
2222 2656 2384 2709 modo
2408 2663 2461 2708 et
2504 2654 2804 2720 disponens
2836 2649 3116 2702 auditores
3145 2643 3208 2696 ad
3239 2634 3658 2705 intelligendum

2082 2766 2188 2804 non
2237 2757 2460 2818 propter
2505 2745 2688 2816 populi
2735 2741 3110 2797 recensiouem
3157 2737 3290 2788 iram
3334 2731 3426 2782 Dei
3455 2729 3663 2782 esi-ila-

2082 2851 2191 2894 tam
2230 2839 2422 2902 fuisse,
2472 2837 2564 2890 sed
2603 2844 2824 2904 propter
2871 2830 3066 2884 factam
3102 2826 3168 2878 ab
3196 2824 3276 2878 eis
3312 2819 3661 2873 rebellionem

2085 2940 2139 2986 et
2165 2929 2504 3001 tyrannidem
2541 2936 2595 2980 et
2625 2924 2847 2979 czedem.
2877 2921 2961 2974 lra
3010 2919 3153 2972 enim
3184 2911 3500 2967 recensione
3527 2920 3666 2976 pra:-

2090 3029 2287 3096 posita,
2337 3027 2483 3079 illam
2536 3037 2642 3076 non
2682 3029 2904 3090 propter
2959 3013 3334 3071 recensionem
3387 3007 3664 3058 inductam

402 3084 778 3190 itepozveliai'allat
828 3121 927 3190 τῆς
961 3084 1338 3188 ἀριθμησεως,
1389 3119 1448 3170 οὐ
1613 3084 1980 3186 τὴνιὰρίθμηυ

2088 3118 2258 3172 fuisse
2292 3117 2498 3170 clarum
2523 3123 2624 3167 est.
2663 3112 2927 3164 lncitatur
2980 3122 3104 3159 vero
3139 3105 3254 3173 ipse
3283 3097 3452 3152 David
3479 3102 3530 3148 et
3561 3107 3667 3145 non

406 3229 488 3263 σιν
518 3210 821 3281 ἐπαχθῆναι
852 3207 1056 3277 ταύτην
1105 3208 1272 3276 δηλοῖ·
1332 3207 1641 3258 ἁνασείεται
1671 3205 1729 3258 δέ
1764 3206 1925 3266 αὐτὸς
1955 3206 1982 3256 6

405 3303 570 3356 Δα6“ιδ
601 3303 694 3354 καὶ
727 3302 825 3354 οὐκ
855 3300 1034 3363 ἄλλος,
1067 3299 1258 3368 ὅτιπερ
1292 3296 1381 3350 διὰ
1415 3298 1474 3349 τὸ
1506 3296 1672 3349 αὑτοῦ
1728 3297 1984 3366 ἁμάρτη-

410 3411 487 3465 μα
513 3395 545 3464 ἡ
574 3392 666 3446 τοῦ
683 3390 1002 3459 Ἀϐεσαλὼμ
1034 3391 1398 3452 ἐπανάστασις
1423 3388 1646 3458 συνέϐη.
1671 3407 1689 3439 ι
1731 3388 1878 3440 Ἀνθ’
1910 3382 1985 3440 ὧν

407 3487 537 3555 γὰρ,
573 3485 760 3554 φησὶν,
805 3484 1102 3550 ἐφόνευσας
1149 3482 1242 3535 καί
1283 3480 1629 3549 ἐμοίχευσας,
1663 3480 1758 3532 καὶ
1781 3479 1988 3547 ἑτέροις

411 3579 509 3648 μὲν
539 3576 849 3646 ὑπαχθήσῃ,
884 3575 1022 3645 πλὴν
1055 3573 1191 3626 ἀλλὰ
1214 3573 1309 3626 καὶ
1343 3574 1398 3624 αἱ
1427 3572 1688 3639 γυναῖκές
1751 3585 1844 3622 σου
1902 3572 1990 3622 ἐν·

410 3673 580 3724 ώπιον
597 3668 704 3721 τῶν
727 3666 1021 3738 ὀφθαλμῶν
1047 3683 1140 3718 σου
1160 3667 1237 3728 εἰς
1256 3665 1474 3734 ἐτέρους
1503 3666 1984 3733 μεταστήσονται,›

409 3764 439 3817 ὃ
464 3763 526 3833 δὴ
573 3762 666 3815 καὶ
697 3760 1100 3828 διαπέπρακται
1130 3757 1208 3828 τῷ
1270 3753 1607 3823 Ἀϐεσαλὼμο
1679 3754 1992 3806 ἁνασείεται

411 3856 503 3910 οὖν
530 3855 690 3916 αὐτὸς
713 3855 740 3906 ὀ
770 3851 1126 3924 ἡμαρτηκὼς,
1155 3850 1242 3903 ἵνα
1274 3849 1369 3902 τοῦ
1409 3851 1611 3902 οἰκείου
1644 3847 1994 3916 πταίσματος

414 3947 494 4009 είς
518 3944 865 4010 συναισθησιν
883 3939 1072 4002 ἐλθὼν,
1099 3959 1116 3991 ι
1140 3938 1326 4008 Ἐγὼῆ
1336 3954 1563 4009 μαρτον,
1580 3937 1879 4006 ἀναϐοήσῃ,
1900 3935 1997 3987 καὶ

415 4039 528 4108 ἐγὼ
557 4037 951 4105 ἐκακοποίησα,
977 4025 1130 4094 οὗτος
1158 4031 1214 4084 δὲ
1243 4031 1270 4082 ὁ
1291 4029 1418 4092 λαὸς
1460 4029 1510 4082 τί
1543 4028 1767 4096 ἐποίησε
1795 4044 1809 4092 ;
1838 4046 1855 4078 ι
1887 4025 1997 4078 Καὶ

417 4132 482 4183 ἐκ
516 4129 612 4195 μὲν
631 4131 730 4197 τῆς
746 4123 1148 4196 ἐξαγορεύσεως
1176 4125 1269 4176 καὶ
1290 4120 1578 4188 μετανοίας
1605 4120 1640 4188 ἡ
1657 4117 1884 4188 θραῦσις
1905 4132 1999 4168 κο-

419 4222 588 4291 πάσῃ·
639 4218 844 4288 ταύτης
891 4217 947 4268 δὲ
976 4214 1246 4286 ληγούσης
1284 4215 1318 4284 ἡ
1372 4211 1614 4281 σωτηρία
1663 4207 2000 4277 περιγένοιτο

419 4314 498 4381 τῷ
541 4310 705 4378 γένει’
743 4308 940 4378 μᾶλλον
974 4307 1030 4358 δὲ
1064 4304 1269 4360 ἄνωθεν
1314 4306 1510 4366 εἰπεῖν,
1558 4300 1999 4371 ἐκεχρεωστήκει

2086 3209 2248 3267 alius,
2293 3207 2419 3275 quia
2473 3213 2691 3273 propter
2722 3203 2892 3271 ipsius
2922 3199 3180 3252 delictqu
3257 3187 3550 3245 Absalonis
3590 3185 3672 3237 in-

2087 3297 2356 3352 surrectio
2395 3295 2612 3355 accidit,
2655 3293 2790 3346 dicit
2824 3290 2968 3344 enim
3012 3307 3025 3342 :
3070 3306 3087 3337 ι
3118 3285 3256 3352 Quia
3311 3280 3560 3336 occidisti
3619 3287 3675 3330 et

2089 3385 2416 3441 adulterium
2444 3382 2793 3444 commisisti,
2837 3380 2941 3434 sub
2985 3379 3216 3430 aliorum
3248 3379 3514 3442 potestate
3541 3365 3673 3430 eris,

2089 3481 2184 3534 sed
2235 3487 2290 3533 ct
2337 3477 2590 3530 mulieres
2629 3485 2750 3528 tuas
2791 3473 2843 3525 in
2869 3471 3044 3525 oculis
3096 3467 3202 3521 luis
3227 3465 3508 3534 proximus
3550 3468 3677 3511 tuus

2093 3573 2265 3628 tollet.
2301 3590 2320 3624 ι
2357 3569 2512 3636 Quod
2542 3568 2761 3637 quidem
2793 3564 2919 3619 fecit
2961 3563 3245 3618 Absalom.
3287 3559 3680 3611 Commovetur

2093 3683 2224 3737 ergo
2261 3666 2377 3735 ipse
2401 3664 2494 3733 qui
2531 3659 2777 3731 peccavit
2811 3669 2869 3712 ut
2899 3657 2982 3713 sui
3032 3653 3213 3709 delicti
3286 3645 3677 3704 conscientiam

2097 3759 2322 3821 habens,
2362 3774 2380 3806 ι
2412 3756 2522 3822 Ego
2558 3753 2800 3823 peccavi,
2837 3749 3101 3810 clamitet,
3137 3759 3238 3815 ego
3286 3743 3426 3795 male
3448 3739 3556 3807 egi,
3595 3735 3686 3788 hic

2098 3860 2280 3905 autem
2313 3849 2545 3921 populus
2573 3846 2702 3917 quid
2739 3843 2903 3900 fecit?
2926 3864 2943 3894 ι
2974 3850 3027 3897 et
3048 3857 3113 3894 ex
3137 3839 3238 3893 ista
3269 3832 3611 3891 confessione
3632 3835 3687 3880 et

2097 3943 2418 4014 pmniteutia
2452 3938 2822 3996 tribulationis
2864 3936 2958 3989 liat
2993 3933 3138 3996 linis,
3179 3938 3233 3984 et
3263 3929 3364 3982 ista
3411 3928 3686 3982 cessante,

2100 4039 2250 4093 salus
2278 4037 2429 4108 genti
2488 4034 2863 4104 superveniat.
2914 4029 3112 4082 Potius
3145 4031 3322 4076 autem
3367 4034 3489 4088 qua:
3521 4026 3686 4108 supra

2099 4140 2436 4187 memorans,
2470 4137 2686 4193 pugnam
2748 4121 2948 4174 meruit
2984 4114 3244 4185 populus,
3287 4116 3508 4178 propter
3541 4101 3687 4170 quod

2102 4219 2300 4288 adjecit
2326 4217 2482 4270 furor
2509 4213 2719 4268 Domini
2755 4210 2914 4265 irasci
2945 4215 3137 4263 contra
3187 4205 3349 4265 illos;
3393 4195 3692 4253 commovit

2103 4316 2284 4360 autem
2333 4305 2411 4357 ira
2453 4303 2618 4357 David
2651 4302 2717 4355 ad
2750 4298 3008 4369 populum
3041 4287 3528 4348 dinumerandum.
3556 4283 3692 4334 l‘ost

423 4377 522 4474 την
556 4377 724 4472 γδίκην
747 4377 784 4454 νό
816 4400 961 4462 λαός·
1032 4399 1120 4451 διὰ
1157 4397 1314 4450 τοῦτο
1359 4395 1656 4466 προσέθετο
1701 4393 1837 4465 ὀργὴ
1866 4391 1997 4446 Θεοῦ

2107 4407 2289 4453 autem
2322 4395 2696 4450 recensionem
2719 4393 2881 4447 irruit
2905 4391 3060 4459 plaga
3085 4405 3100 4454 ;
3131 4401 3239 4456 qua
3262 4389 3460 4442 stante,
3489 4377 3540 4430 in
3564 4390 3697 4429 con-

427 4496 749 4567 θυμωθῆναι
777 4494 861 4545 ἐπ’
879 4491 1091 4552 αὐτούς’
1137 4489 1379 4542 ἀνασείει
1402 4489 1458 4541 δὲ
1485 4490 1512 4541 6
1537 4487 1708 4556 θυμὸς
1740 4487 1877 4556 πρὸς
1906 4485 2005 4554 τὴν

425 4588 550 4657 ἀρίθ
560 4586 824 4656 μησιντὺν
840 4584 1025 4637 Δα6Ξδ’
1040 4581 1162 4652 ἀριθ
1172 4581 1428 4651 μηθὲντος
1445 4579 1501 4632 δὲ
1515 4579 1736 4631 ἐπέθετο
1754 4579 1786 4646 ἡ
1804 4576 2005 4645 πληγή’

430 4680 725 4750 ἱσταμένης
750 4679 806 4730 δέ
831 4677 929 4748 τῆς
961 4676 1174 4745 πληγῆς
1202 4676 1279 4736 εἰς
1301 4671 1650 4740 συναίσθησιν
1693 4669 1788 4722 τοῦ
1824 4685 2006 4738 παρσ-

430 4771 725 4841 πτώματος
746 4771 869 4840 ἥκει
899 4771 927 4821 ὁ
951 4767 1132 4820 Δαϐίδ·
1168 4768 1231 4818 ἐκ
1252 4764 1350 4832 τῆς
1377 4763 1796 4830 συναισθήσεως,
1814 4762 1894 4822 εἰς
1921 4777 2013 4829 με·

430 4864 670 4918 τὰνοιανο
700 4863 732 4930 ἡ
762 4861 1020 4930 μετάνοια
1047 4857 1104 4910 δὲ
1158 4856 1255 4925 τὴν
1307 4854 1515 4909 ἄνωθεν
1548 4851 1876 4922 συγγνώμην
1920 4851 2014 4904 καὶ

431 4957 522 5008 τὸν
548 4955 696 5006 ἔλεον
740 4954 902 5005 κινεῖο
957 4951 1027 5003 τὰ
1056 4951 1112 5003 δὲ
1165 4947 1399 5000 παύουσι
1429 4947 1528 5016 τὴν
1576 4944 1825 5016 θραῦσιν·
1867 4943 2006 4996 ὥστε

2107 4487 2388 4541 scientiam
2424 4483 2602 4539 delicti
2651 4482 2797 4537 venit
2827 4480 3018 4539 David,
3051 4489 3105 4530 et
3142 4493 3206 4529 ex
3247 4467 3589 4528 conscientia
3637 4464 3694 4516 iu

2107 4579 2507 4648 pienitentiam,
2559 4575 2875 4646 poenitentia
2919 4581 3101 4625 autem
3146 4567 3356 4636 veniam
3389 4571 3442 4616 et
3479 4557 3697 4613 miseri-

2111 4670 2352 4724 cordiam
2381 4686 2411 4722 a
2459 4669 2566 4722 Deo
2596 4667 2838 4730 attrahit,
2874 4675 2928 4720 et
2958 4664 3038 4717 sic
3086 4662 3246 4714 linem
3281 4655 3442 4709 habet
3465 4649 3696 4704 tribula-

2113 4764 2211 4819 tio.
2242 4765 2312 4817 ita
2343 4772 2400 4816 ut
2432 4764 2569 4816 mala
2601 4762 2796 4831 populo
2821 4759 2978 4827 quasi
3013 4757 3065 4809 in
3096 4768 3208 4808 uno
3269 4751 3444 4818 capite
3474 4758 3700 4813 peccas-

2113 4867 2197 4911 set
2240 4857 2561 4921 acciderint,
2592 4866 2646 4910 et
2705 4855 2974 4908 malorum
3032 4850 3278 4903 levamen
3332 4856 3426 4911 per
3451 4835 3697 4907 ejusdem

2115 4950 2486 5018 pteuiteutiam
2520 4949 2826 5016 contigerit.

433 5049 529 5100 καὶ
558 5045 618 5099 τὸ
641 5045 808 5098 δεινὸν
849 5043 926 5112 τῷ
989 5041 1103 5111 λαῷ
1138 5040 1326 5109 ὥσπερ
1368 5040 1476 5092 ἀπό
1526 5054 1668 5100 τινος
1711 5037 1954 5106 κεφαλῆς
1977 5036 2052 5108 τῷ
2091 5042 2436 5115 ἡμαρτηκότι
2499 5045 2729 5113 κατέδηο
2775 5043 2869 5096 καὶ
2900 5043 2934 5111 ἡ
2960 5038 3056 5092 τοῦ
3091 5036 3299 5098 πάθους
3354 5031 3518 5086 πάλιν
3567 5029 3701 5082 ἀνα..

439 5140 601 5211 στολὴ
630 5138 719 5192 διὰ
743 5137 841 5207 τὴν
875 5134 1039 5188 αὑτοῦ
1074 5132 1361 5202 μετάνοιαν
1387 5129 1769 5201 κατεπράχθη.

1000 5247 1332 5300 ΕΡΩΤΙΙΣΙΣ
1362 5245 1482 5298 Ὶ’Β’.

443 5343 608 5399 Atat!
647 5345 679 5396 ό
734 5342 1059 5406 θεσπέσιος
1104 5340 1279 5391 Δαΰὶδ
1322 5335 1754 5404 πίιρηχωρεῖται
1808 5336 2022 5390 πεσεῖν

655 5415 742 5478 εἰς
777 5413 1073 5482 ἁμαρτίαν
1097 5412 1194 5464 καὶ
1227 5410 1360 5462 τότε
1395 5409 1805 5474 τηλικαύτηιν;

2327 5225 2659 5291 QUASSTIO
2714 5222 2886 5279 cccn
2937 5220 3129 5293 [CoisL
3158 5218 3320 5272 Taur.
3347 5213 3488 5284 cxi.

2127 5320 2238 5375 Cur
2296 5320 2591 5387 permiserit
2649 5319 2788 5372 Deus
2860 5314 3168 5414 prophelgm
3244 5307 3496 5361 Doridem
3555 5312 3709 5356 lauto

2735 5406 2790 5414 ,υ
2809 5404 2888 5414 ...υ
2901 5389 3064 5414 Aul-nun

2731 5389 3064 5441 succumbere
3085 5389 3098 5438 Ξ

1306 5524 1450 5574 Edita
1484 5539 1508 5572 a
1542 5523 1666 5572 Maio
1699 5521 1754 5584 (l.
1778 5537 1822 5573 c.
1845 5537 1894 5586 p.
1929 5523 2038 5585 ιῦι,
2071 5537 2119 5584 q.
2142 5519 2357 5582 5l0).—
2385 5515 2428 5565 ll
2449 5514 2572 5576 Reg.
2594 5509 2707 5570 xr,l
2745 5519 2850 5567 seq.

519 5614 675 5685 Τάχα
700 5613 798 5683 μὲν
827 5613 920 5664 καὶ
940 5612 1030 5666 διά
1045 5627 1195 5672 τινας
1228 5609 1421 5680 ἐτέρας
1439 5610 1785 5680 ἀπορρήτους
1801 5609 1978 5671 αἰτίας
2013 5625 2026 5640 ο

1000 5703 1023 5715 ο

449 5706 684 5778 πλη-ιὼς
715 5705 778 5758 ἂν
836 5706 927 5758 καὶ
958 5703 1033 5774 τῷ
1085 5701 1184 5771 βίῳ
1236 5701 1523 5770 μετανοίας
1574 5702 2025 5771 προστεθειμένον

452 5801 540 5870 εἴη
586 5798 932 5872 παράδειγμα
969 5812 982 5828 ·
1016 5797 1063 5849 εί
1095 5797 1202 5864 γὰρ
1230 5785 1382 5858 οὗτος
1421 5793 1669 5866 βασιλεύς
1706 5809 1766 5846 τε
1823 5791 1898 5848 ὢν
1932 5795 2025 5846 καὶ

2206 5580 2544 5670 Quibusdam
2596 5595 2826 5650 occultis
2855 5593 2992 5646 forte
3015 5590 3081 5643 de
3111 5586 3314 5651 causis,
3350 5593 3406 5637 at
3434 5580 3624 5636 saltem
3652 5585 3708 5630 ut

2135 5697 2295 5753 nobis
2324 5693 2487 5746 David
2513 5687 2844 5759 pwnitentiae
2877 5690 3269 5754 proponeretur
3318 5674 3596 5743 exemplar
3624 5686 3636 5732 ;
3670 5671 3708 5714 si

2133 5789 2278 5844 enim
2338 5781 2714 5855 hujuscemodi
2764 5793 2856 5835 rex
2893 5791 3053 5847 quem
3107 5771 3408 5830 secundum
3472 5783 3566 5819 (rw
3623 5765 3630 5790 ⁷
