4132 6440
489 376 632 442 11ιὶ3

1689 383 1951 445 ΙἮΟΤΙΙ
1981 387 2487 447 PATBIARCl-L‘E
2511 388 2622 447 ΕΡ.

3616 388 3751 454 Ilii

472 488 790 556 regnavisse
829 489 1163 558 accepimus,
1198 501 1306 546 tam
1341 491 1453 548 cito
1482 509 1514 548 e
1552 493 1707 564 lapsu
1749 511 1810 550 se
1854 496 2053 559 attulit,

2169 496 2304 549 κατὰ
2347 495 2448 566 τὴν
2506 497 2735 568 καρδίαν
2794 495 3214 551 πεπολιτεῦσθαι
3261 504 3756 571 μεμαρτυρημένος

473 580 902 650 ιιοειιίιοηιὶίιᾳυε
932 592 987 636 ct
1043 582 1304 653 lacrymis
1355 595 1588 641 conatus
1622 598 1708 642 est
1745 587 1929 641 delere
1960 589 2067 640 ini-

475 673 741 739 quitatem
775 688 953 736 suam,
988 690 1171 730 nonne
1217 686 1431 745 oportet
1475 693 1574 732 nos
1609 678 1702 748 qui
1757 693 1865 732 non
1898 682 2066 736 semel

477 771 691 816 tantutn
724 764 1046 833 cecidimus,
1080 767 1176 822 sed
1209 770 1474 823 continuo
1503 769 1763 835 labimur,
1798 772 1980 825 facere
2008 782 2067 827 ut

473 852 624 922 largo
647 853 776 908 ﬂetu
809 865 857 909 ct
889 858 1124 912 contrito
1153 861 1318 914 corde
1346 871 1567 930 peccata
1596 872 1784 917 nostra
1811 865 2068 918 emende-

473 946 638 1000 ntus?
693 948 1094 1018 Argumentum
1136 967 1356 1022 quoque
1413 953 1518 1006 hoc
1560 963 1640 1007 est
1697 968 1766 1006 ne
1809 955 2064 1023 quidam,

471 1036 676 1091 virtute
709 1038 974 1110 insignes,
1007 1057 1132 1096 cum
1164 1043 1219 1096 in
1240 1058 1334 1098 eos
1367 1059 1584 1099 errores
1614 1044 1938 1111 deciderint,
1970 1045 2067 1116 qui

474 1137 605 1182 sunt
630 1129 888 1198 hominis,
921 1133 1270 1204 semetipsos,
1304 1136 1453 1189 omni
1480 1135 1729 1207 deposita
1761 1153 1856 1207 spe
1879 1176 1895 1202 ,
1940 1153 2067 1208 pes-

473 1220 766 1287 sumdent;
795 1225 890 1277 sed
933 1227 1117 1294 potius
1149 1227 1436 1283 attendant
1462 1228 1681 1283 beatum
1729 1231 1878 1285 hunc
1911 1231 2067 1285 Davi-

472 1309 620 1376 dem,
665 1324 872 1383 quanto
916 1317 1124 1373 scelere
1169 1319 1476 1386 astrictum,
1505 1336 1670 1390 quam
1697 1323 1807 1377 cito
1832 1323 2064 1379 salutem

377 1439 382 1445 -
475 1402 767 1472 invenerit,
800 1415 859 1461 ut
889 1415 943 1462 et
967 1409 1070 1477 ipsi
1095 1410 1289 1465 eodem
1312 1411 1495 1466 studio
1523 1413 1847 1481 excitentur,
1876 1429 2065 1470 assur-

475 1505 625 1565 gant,
654 1499 1069 1569 emendatisque
1117 1500 1366 1556 moribus
1405 1501 1565 1555 unice
1595 1501 1815 1556 demum
1861 1518 2066 1560 consu-

474 1587 668 1652 lentes,
712 1591 953 1659 priorem
992 1591 1359 1661 integritatem
1403 1609 1575 1663 usque
1619 1595 1823 1650 colant.
1857 1595 2064 1651 Forsan

474 1693 696 1749 quoque
724 1689 878 1736 tanto
901 1691 1126 1751 peccato
1152 1685 1490 1753 permittitur
1511 1687 1872 1741 succumbere
1895 1686 2065 1742 David

475 1785 545 1826 ne
589 1769 759 1826 Judaei
839 1773 1123 1829 audientes
1180 1790 1378 1844 magna
1435 1791 1556 1846 quae
1619 1777 1687 1830 de
1749 1776 1844 1831 illo
1892 1793 2064 1834 sacra:

2171 585 2328 650 Θεοῦ,
2363 586 2547 639 πεσὼν
2575 580 2732 650 οὗτος
2761 587 2954 640 θᾶττον
2985 588 3184 658 ἀνέστη
3213 588 3308 641 καὶ
3336 589 3425 643 διά
3460 593 3756 660 μετανοίας

2169 677 2265 730 καὶ
2293 677 2546 749 δακρύων
2573 678 2900 732 ἐσπούδασεν
2918 679 3226 750 ἐκκαθᾶραι
3241 679 3301 733 τὸ
3327 681 3759 752 ὀλίσθημανπῶς

2172 767 2233 820 οὐ
2270 768 2376 839 χρὴ
2397 769 2491 821 καί
2514 771 2661 839 ἡμᾶς
2707 770 2806 840 οὐχ
2837 769 2986 834 ἅπαξ
3024 770 3316 835 πεσόντας,
3343 771 3481 824 ἀλλά
3513 773 3601 827 διὰ
3622 791 3758 828 πανο

2168 859 2258 922 τὸς
2280 859 2600 925 πίπτοντας,
2632 861 2856 930 θερμοῖς
2884 863 2999 924 τοῖς
3027 861 3262 931 δάκρυσι
3297 863 3398 915 ’καὶ
3427 880 3754 936 συντετριμ-

2173 953 2308 1024 μένῃ
2334 952 2531 1022 καρδίᾳ
2559 952 2880 1020 ἀπαλείφειν
2912 952 3206 1022 πειρᾶσθαι
3235 955 3305 1007 τὰ
3337 956 3752 1026 ἁμαρτήματα;

2167 1041 2248 1095 ἔτι
2278 1042 2355 1106 δὲ,
2390 1042 2475 1094 ἵνα
2496 1041 2570 1112 μὴ
2599 1041 2803 1112 δήποτέ
2832 1058 2976 1104 τινες
3000 1041 3110 1092 τῶν
3143 1043 3202 1094 ὲν
3225 1042 3615 1113 κατορθώμασι
3645 1043 3759 1096 δια-

2168 1133 2519 1204 λαμπόντων,
2553 1126 2641 1186 οἷα
2670 1123 2824 1202 δὴττά
2854 1131 3174 1206 ἀνθρώπινα
3211 1135 3293 1198 εἰς
3324 1135 3682 1206 παράπτωμά
3702 1154 3758 1190 τι

2169 1225 2642 1298 κατωλισθηκότες
2667 1224 2982 1293 ἀπογνώσει
3015 1226 3243 1288 ἑαυτοὺς
3274 1228 3368 1280 καὶ
3419 1227 3759 1300 ἀπελπιστία

2169 1318 2486 1387 παραδῶσιν
2510 1334 2524 1347 °
2558 1317 2673 1372 ἀλλ’
2713 1317 2932 1388 ἔχοντες
2977 1317 3068 1372 τὸν
3105 1318 3380 1389 μακάριον
3413 1319 3620 1372 ἐκεῖνον
3645 1321 3756 1373 Δα-

2169 1410 2256 1464 6ἰδ
2296 1410 2631 1481 τηλικαύτην
2668 1409 2765 1480 μὲν
2799 1409 3146 1480 παρανομίαν
3197 1409 3583 1480 εἰργασμένον,
3613 1411 3757 1465 οὕτω

2167 1501 2225 1555 δὲ
2275 1503 2499 1571 ταχεῖαν
2565 1501 2663 1572 τὴν
2703 1501 3002 1570 θεραπείαν
3052 1501 3398 1572 εὑρημένον,
3452 1503 3546 1556 καὶ
3600 1505 3756 1557 αὐτοὶ

2168 1593 2307 1663 πρὸς
2325 1593 2417 1646 τὸν
2439 1593 2622 1664 ὅμοιον
2641 1593 2970 1646 διαναστῶσι
3004 1593 3185 1664 ζῆλον,
3209 1593 3303 1646 καὶ
3328 1594 3420 1647 τοῦ
3451 1594 3750 1664 πτώματος

2166 1685 2591 1754 ἀνασφαλέντες,
2627 1685 2722 1739 καὶ
2775 1686 2874 1755 τῆς
2935 1686 3222 1756 μετανοίας
3275 1685 3387 1738 ὅλοι
3442 1689 3754 1754 γεγονότες,

2170 1776 2279 1831 τῶν
2327 1777 2606 1847 προτέρων
2656 1775 2887 1847 ἔχωνται
2943 1777 3389 1848 κατορθωμάτων
3425 1794 3441 1809 ο
3509 1779 3641 1843 ἴσως
3693 1781 3753 1833 δὲ

476 1865 773 1934 Scriptura:
805 1874 1097 1930 testantur,
1131 1881 1197 1920 ex
1235 1882 1394 1937 aequo
1425 1869 1576 1922 illum
1613 1884 1738 1923 cum
1769 1869 1880 1923 Deo
1917 1870 2068 1924 cole-

2174 1868 2270 1922 καὶ
2302 1869 2627 1940 συγχωρεῖὸ
2658 1867 2790 1932 Θεὸς
2821 1869 2900 1932 εἰς
2932 1869 3208 1940 ἁμαρτίαν
3233 1871 3420 1922 πεσεῖν
3448 1869 3538 1923 τὸν
3567 1871 3754 1936 Δαϐὶδ,

475 1965 634 2023 rent;
666 1957 868 2012 etenim
907 1957 1096 2013 eadem
1128 1957 1196 2013 de
1239 1973 1406 2014 causa
1450 1957 1653 2030 Moysis
1691 1975 1893 2031 corpus
1933 1961 2066 2016 sub-

475 2055 691 2117 reptum
716 2056 834 2113 est;
861 2047 1228 2119 ignotumque
1255 2065 1426 2120 usque
1476 2050 1542 2104 ad
1584 2065 1824 2120 praesens
1850 2059 2065 2121 tempus

475 2155 508 2192 a
538 2139 665 2194 iiliis
709 2138 870 2195 Israel
925 2151 1174 2206 vocatur,
1232 2140 1510 2211 Divusque
1553 2141 1752 2197 Paulus
1801 2142 1944 2198 idem
1995 2143 2065 2197 de

475 2231 772 2300 semeptiso
821 2230 1066 2287 declarat
1110 2232 1300 2287 dicens
1344 2251 1357 2286 :

2175 1959 2264 2014 ἵνα
2287 1959 2364 2030 μὴ
2386 1961 2486 2023 τὰς
2516 1959 2618 2030 τῆς
2661 1961 2813 2031 ἱερᾶς
2843 1959 3067 2029 Γραφῆς
3095 1960 3226 2031 περὶ
3254 1959 3421 2013 αὐτοῦ
3449 1961 3756 2032 μαρτυρίας

2171 2051 2235 2106 τὸ
2273 2052 2544 2108 Ἰουδαίων
2568 2053 2722 2117 ἔθνος
2750 2051 3042 2116 ἀκούοντες
3070 2053 3150 2115 εἰς
3169 2051 3302 2105 Θεὸν
3333 2051 3497 2106 αὑτὸν
3525 2054 3761 2123 ἀναστή-

2174 2163 2311 2200 σωσι
2335 2161 2350 2177 ⁸
2381 2145 2477 2200 καὶ
2505 2145 2616 2217 γὰρ
2647 2143 2823 2198 καὶτὸ
2852 2144 3130 2206 Μωῦσέως
3155 2141 3317 2213 σῶμα
3349 2142 3438 2196 διά
3465 2143 3564 2214 τὴν
3586 2143 3758 2215 αὐτὴν

1412 2250 1431 2284 ε
1477 2230 1556 2288 Ne
1603 2232 1897 2303 quisquam
1953 2247 2069 2289 sese

2173 2235 2355 2290 αἰτίαν
2390 2234 2708 2307 μετατεθὲν,
2733 2234 3011 2302 ἄγνωστον
3045 2232 3210 2304 μέχρι
3239 2231 3336 2286 καὶ
3358 2233 3596 2304 τήμερον
3620 2252 3760 2304 χρη-

476 2320 929 2376 seandalizaverit
983 2338 1153 2392 super
1202 2338 1290 2378 tne
1346 2333 1566 2393 propter
1636 2323 1782 2395 quod
1831 2323 1980 2379 videt
2016 2335 2069 2382 et

2175 2324 2391 2398 ματίζει
2416 2327 2532 2388 τοῖς
2558 2324 2618 2392 ἐξ
2677 2323 2926 2395 Ἰσραήλ*
2962 2323 3060 2378 καὶ
3080 2325 3108 2378 6
3141 2322 3429 2386 θεσπέσιος
3459 2324 3516 2378 δὲ
3543 2325 3759 2389 Παῦλος

475 2412 662 2480 audit;
695 2430 714 2464 ι
749 2421 804 2468 ει
825 2413 1007 2483 reipsa
1038 2414 1326 2486 gentilium
1356 2414 1581 2484 quidam
1647 2429 1754 2470 una
1803 2415 2072 2470 vidissent

476 2504 722 2575 prodigia
751 2520 873 2577 quae
917 2507 1036 2576 ipse
1062 2515 1120 2562 et
1149 2505 1431 2562 Barnabas
1460 2507 1846 2578 perpetrabant
1879 2513 1938 2562 ut
1963 2505 2069 2564 diis

477 2612 637 2653 sacra
665 2596 846 2656 facere
877 2606 1335 2671 properaverunt.

663 2885 994 2953 QUIESTIO
1027 2887 1230 2945 CCCI“
1268 2888 1458 2961 [CoisL
1500 2889 1666 2946 Taur.
1692 2889 1903 2963 CXVI].

549 2976 729 3044 Quare
797 2980 940 3035 Deus
1009 2983 1421 3054 primogenitum
1503 2982 1683 3038 Israel
1749 2985 1992 3039 vocavit?

2168 2412 2410 2468 τοιοῦτόν
2438 2429 2492 2466 τι
2532 2413 2663 2483 περὶ
2693 2411 2858 2468 αὐτοϋ
2882 2412 3140 2483 ὑποδηλοῖ
3168 2411 3366 2466 λαλῶψ
3390 2412 3542 2466 «Ἵνα
3578 2416 3760 2484 μήτις

2167 2503 2556 2575 ὑπολογίσηταί
2581 2521 2663 2566 τις
2683 2504 2816 2574 περὶ
2836 2503 2972 2575 ὲμοῦ
2992 2503 3134 2573 ὑπὲρ
3149 2503 3178 2556 ὃ
3205 2503 3390 2574 βλέπει
3417 2504 3510 2557 καὶ
3531 2504 3719 2558 ἀκούει
3741 2520 3760 2536 ο

2169 2598 2305 2654 ἀλλὰ
2331 2597 2424 2651 καί
2444 2613 2588 2661 τινες
2607 2595 2714 2652 τῶν
2741 2596 3162 2665 Ἐλληνιζόντων
3179 2595 3302 2649 ἐπεὶ
3329 2595 3759 2666 τερατουργοῦν-

2169 2706 2272 2752 τας
2294 2683 2437 2742 εἶδον
2468 2688 2632 2742 αὐτόν
2652 2705 2713 2741 τε
2746 2689 2843 2742 καὶ
2874 2687 3186 2760 Βαρνάϐαν,
3217 2687 3294 2751 ὡς
3342 2685 3484 2750 θεοῖς
3512 2686 3757 2759 προσφέ-

2174 2797 2287 2853 ρειν
2315 2779 2507 2843 θυσίας
2538 2778 2833 2851 ὥρμησαν.

2710 2892 3050 2958 ΕΡΩἸἨΣΙΣ
3088 2893 3206 2947 TI".

2173 2985 2336 3039 Διατί
2359 2982 2737 3052 πρωτότοκον
2771 2983 2803 3035 d
2838 2981 2986 3048 Θεὸς
3027 2982 3136 3036 τὸν
3183 2983 3425 3053 Ἰσραὴλ
3456 2981 3714 3036 ἐκάλεσε
3739 3022 3758 3047 ,

1580 3093 1725 3146 Edita
1748 3110 1775 3144 a
1795 3095 1921 3144 Maio
1953 3094 2009 3158 (l.
2031 3107 2076 3144 c.
2096 3108 2148 3157 q.
2173 3094 2280 3157 100,
2302 3093 2410 3155 101,
2432 3107 2482 3156 q.
2510 3091 2643 3154 152).

547 3175 692 3232 Deus
723 3176 888 3233 Israel
917 3178 1342 3251 primOgenitnm
1373 3189 1556 3241 vocat.
1585 3194 1710 3234 eum
1743 3178 1966 3248 Moysen
1998 3177 2066 3232 ad

2245 3176 2602 3248 Πρωτότοκον
2634 3174 2692 3226 δὲ
2717 3175 2745 3226 6
2784 3173 2918 3236 Θεὸς
2953 3172 3045 3226 τὸν
3113 3171 3330 3244 Ἰσραὴλ
3377 3173 3552 3238 καλεῖ,
3596 3174 3758 3244 ἡνίκα

478 3269 818 3326 Pharaonem
837 3271 1008 3335 misit,
1029 3271 1097 3325 ad
1115 3272 1514 3327 ostendendum
1535 3281 1799 3342 quantum
1824 3286 2071 3326 amorem

477 3369 531 3415 et
550 3369 809 3430 quantam
825 3362 1147 3417 cbaritatem
1163 3379 1290 3434 erga
1307 3364 1460 3418 illurn
1489 3364 1742 3420 habebat.
1765 3363 1858 3418 Sic
1886 3364 2071 3433 aliquo

478 3451 642 3505 modo
685 3450 752 3506 ad
791 3451 1009 3523 Moysen
1059 3453 1427 3523 loquebatur:
1483 3453 1732 3524 Loquere
1777 3453 2068 3509 Pharaoni.

481 3541 758 3606 Quantum
780 3551 834 3595 tu
869 3558 1111 3597 amorem
1127 3557 1256 3613 erga
1271 3543 1442 3597 (ilium
1471 3553 1624 3596 tuum
1648 3540 2072 3612 primogenitum

481 3629 649 3686 habes
668 3639 723 3685 et
737 3645 944 3692 servas.
969 3641 1180 3688 tantum
1199 3641 1326 3702 puta
1339 3642 1392 3688 et
1415 3632 1586 3686 Deutn
1607 3631 1809 3687 habere
1829 3647 1954 3700 erga
1974 3645 2072 3699 po-

479 3721 668 3792 pulum
689 3721 874 3777 Israel.
899 3722 1088 3792 Itaque
1105 3739 1212 3778 non
1237 3726 1620 3793 acquiescente
1642 3722 1736 3778 illo
1761 3721 2070 3777 liberationi

477 3823 534 3867 et
565 3813 759 3868 reditui
806 3814 997 3878 Israel,
1031 3826 1222 3869 contra
1250 3816 1645 3885 primogenitos
1685 3811 1991 3868 Pharaonis
2015 3819 2070 3865 et

481 3903 867 3975 [Egyptiorum
903 3906 1062 3977 plaga
1113 3906 1296 3960 irruit.
1331 3925 1349 3957 ι
1385 3904 1528 3961 Deus
1579 3913 1760 3961 autem
1819 3920 1945 3960 cum
1997 3904 2069 3960 sit

479 3999 725 4052 omnium
789 4001 1034 4067 gentium
1099 3996 1272 4052 factor
1334 4008 1388 4052 et
1448 4006 1676 4062 auctor,
1735 3996 1810 4052 ita
1871 4005 1954 4052 est
2014 4007 2070 4051 et

479 4092 726 4146 omnium
763 4091 1124 4160 providentia.
1169 4090 1537 4160 Sequentihus
1588 4099 1768 4144 autem
1817 4089 2073 4160 tempori-

479 4185 603 4251 bus,
633 4200 824 4241 omnes
856 4195 1043 4256 gentes
1067 4185 1135 4240 ad
1165 4184 1412 4240 eamdem
1439 4183 1804 4254 cognitionem
1835 4197 2069 4238 conver-

477 4292 642 4334 surus
670 4285 790 4334 erat
842 4285 896 4333 et
946 4287 1375 4341 convocaturus,
1433 4286 1486 4331 et
1530 4276 1671 4331 iilios
1722 4285 1775 4330 et
1823 4275 2068 4330 lueredes

480 4370 670 4440 gratia:
694 4369 1030 4425 redditurus.
1055 4369 1198 4424 Ante
1233 4369 1356 4424 illas
1387 4380 1571 4424 autem
1604 4375 1818 4438 gentem
1856 4366 2067 4421 Israeli-

449 4462 642 4518 ‘ticam
686 4460 870 4530 elegit,
903 4470 963 4515 ut
994 4476 1089 4530 per
1121 4461 1268 4514 illam
1301 4475 1492 4514 omnes
1523 4459 1660 4513 alias
1685 4457 2015 4512 conduceret
2047 4473 2062 4510 :

477 4554 625 4624 quod
656 4561 709 4607 et
738 4552 1118 4608 demonstrant
1142 4551 1396 4620 apostoli,
1428 4551 1520 4621 qui
1551 4551 1771 4620 quidem
1804 4565 1868 4604 cx
1897 4548 2063 4603 Israel
2094 4542 2136 4598 D

478 4645 584 4702 orti
629 4653 760 4700 sunt
787 4645 1032 4699 omnimn
1075 4653 1260 4698 autem
1312 4642 1563 4712 magistri
1610 4651 1663 4696 et
1705 4641 2066 4695 conductores

482 4738 607 4794 facti
639 4747 787 4802 sunt,
837 4745 1125 4807 propterea
1192 4735 1453 4805 lsraelitis
1521 4750 1624 4789 vox
1681 4733 2064 4803 primogenitus

480 4830 678 4884 donata
717 4839 823 4884 est.
877 4829 997 4884 Non
1057 4829 1261 4898 recepit
1305 4837 1488 4882 autem
1543 4827 1619 4880 illi
1667 4827 2066 4896 primogenitus

480 4925 696 4994 pietatis
752 4922 1166 4994 perfectionem,
1224 4923 1409 4992 itaque
1462 4923 1632 4974 durus
1696 4926 1751 4973 et
1812 4917 2068 4972 indocilis
2115 4907 2117 4909 ’

480 5015 660 5071 factus
691 5024 776 5072 est
800 5031 907 5070 non
935 5015 1112 5069 solum
1138 5014 1193 5068 in
1223 5013 1480 5084 Egypto,
1512 5011 1606 5068 sed
1630 5019 1683 5065 et
1707 5017 1828 5080 post
1857 5010 2062 5064 exitum

480 5109 536 5164 in
567 5109 807 5163 deserto.
848 5107 1074 5176 Propter
1104 5105 1251 5175 quod
1283 5103 1700 5174 perfectiorihus
1731 5115 1841 5155 non
1871 5101 2065 5170 digna-

482 5212 570 5256 tus
597 5209 681 5254 cst
705 5199 978 5270 mysteriis
1015 5210 1068 5252 et
1095 5213 1190 5267 per
1218 5197 1389 5266 legem
1424 5195 1652 5251 secundi
1677 5193 1887 5248 ordinis
1919 5206 2066 5246 sem-

483 5309 579 5364 per
612 5293 937 5347 instituitur.
987 5292 1125 5346 Cum
1171 5290 1316 5345 enim
1351 5289 1524 5360 legem
1568 5287 1754 5355 digito
1798 5284 1894 5339 Dei
1924 5283 2063 5338 scri-

483 5399 628 5456 ptam
658 5426 674 5451 ,
723 5385 1030 5454 tabulisque
1069 5383 1324 5437 humanis
1373 5381 1625 5435 manibus
1665 5393 1773 5432 non
1799 5374 2066 5431 confectis

481 5475 828 5545 insculptum,
862 5473 1031 5544 legem
1059 5472 1216 5527 nobis
1245 5486 1275 5524 a
1303 5470 1525 5524 Christo
1554 5468 1788 5521 dandam
1829 5465 2072 5534 ﬁguran-

485 5573 625 5628 tem,
657 5564 889 5634 populus
937 5560 1218 5625 llebrazus,
1253 5569 1472 5630 propter
1514 5553 1671 5613 vituli
1704 5557 1850 5612 aurei
1885 5565 2068 5610 trans-

486 5654 820 5723 gressionem
875 5662 929 5708 et
981 5652 1356 5720 impietatem,
1407 5667 1515 5704 non
1579 5650 1836 5720 dignatus
1904 5647 2070 5701 fuerit

488 5743 752 5812 accipere,
785 5745 991 5813 accepit
1022 5745 1319 5798 secundam
1357 5758 1518 5811 quam
1554 5741 1766 5812 Moyses
1800 5739 1999 5794 tabulis
2039 5756 2068 5793 τι

487 5852 547 5893 se
575 5836 758 5907 politis
791 5837 1088 5907 inscripsit.
1123 5837 1181 5894 Si
1243 5837 1386 5892 enim
1437 5837 1585 5906 ipsas
1637 5852 1667 5891 α
1697 5835 1807 5891 Deo
1835 5833 2067 5903 scriptas

2173 3269 2264 3324 τὸν
2291 3269 2499 3340 Μωῦσῆ
2533 3265 2832 3322 ἀπέστελλε
2893 3265 3032 3335 πρὸς
3071 3264 3166 3320 τὸν
3201 3266 3425 3336 Φαραὼ,
3477 3266 3757 3320 ἐνδεικνύ-

2177 3378 2340 3431 μενος
2391 3360 2491 3431 τὴν
2545 3359 2769 3430 ἀγάπην
2833 3357 2928 3412 καὶ
2995 3358 3233 3429 στοργὴν
3290 3359 3424 3429 ὅσην
3467 3353 3582 3429 εἶχε
3627 3359 3757 3428 περὶ

2174 3453 2365 3507 αὐτόν’
2420 3453 2622 3506 ὡσανεὶ
2675 3451 2828 3521 ἔλεγε
2881 3450 2959 3522 τῷ
3009 3450 3266 3504 Μωῦσεῖο
3311 3468 3330 3502 ι
3358 3450 3613 3520 Λάλησον
3673 3448 3755 3518 τῷ

2171 3543 2371 3614 Φαραὼ
2391 3585 2405 3609 ,
2436 3543 2518 3596 ὅτι
2561 3541 2789 3612 Ἦλίκην
2821 3542 2886 3596 σὺ
2919 3542 3155 3611 στοργὴν
3206 3541 3336 3612 περὶ
3368 3541 3460 3594 τὸν
3501 3541 3592 3592 σὸν
3640 3540 3758 3591 υἱὸν

2171 3634 2264 3688 τὸν
2295 3632 2642 3704 πρωτότοκον
2681 3632 2828 3703 ἔχεις
2863 3631 2959 3685 καὶ
2987 3631 3289 3702 διατηρεῖς,
3324 3630 3423 3702 τὴν
3466 3629 3634 3701 αὐτὴν
3667 3631 3758 3683 ἐν·

2171 3726 2283 3780 νόει
2313 3725 2409 3779 καὶ
2437 3724 2576 3796 πρὸς
2606 3724 2668 3778 τὸ
2701 3724 2858 3793 γένος
2895 3723 2990 3777 τοῦ
3039 3723 3260 3794 Ἰσραὴλ
3280 3722 3424 3794 ἔχειν
3465 3721 3558 3775 τὸν
3586 3720 3754 3774 Θεόν·

2170 3819 2250 3873 διὸ
2282 3819 2379 3872 καὶ
2400 3817 2755 3880 ἀπειθοῦντος
2787 3817 2929 3887 πρὸς
2959 3817 3060 3888 τὴν
3089 3817 3405 3887 ἐλευθερίαν
3438 3815 3534 3870 καὶ
3566 3815 3754 3870 ἄνοδον

2171 3910 2266 3965 τοῦ
2311 3909 2548 3982 Ἰσραὴλ,
2579 3909 2720 3964 κατὰ
2746 3908 2856 3962 τῶν
2886 3909 3250 3979 πρωτοτόκων
3279 3907 3372 3962 τοῦ
3409 3908 3610 3980 Φαραὼ
3657 3909 3754 3962 καὶ

2169 4006 2280 4060 τῶν
2311 4005 2630 4075 Αἰγυπτίων
2675 4005 2896 4074 ἀφίεται
2932 4006 2964 4074 ἡ
3019 4003 3200 4074 πληγή
3228 4019 3242 4034 ο
3286 4023 3304 4056 ι
3351 4004 3431 4058 ἔτι
3481 4005 3538 4057 δὲ
3569 4007 3596 4058 6
3621 4005 3754 4070 Θεὸς

2170 4095 2358 4168 ἐπειδὴ
2399 4097 2655 4150 ἁπάντων
2677 4095 2825 4149 ἐστὶν
2855 4095 3028 4149 ἐθνῶν
3064 4095 3312 4165 πλάστης
3345 4096 3438 4148 καὶ
3481 4095 3750 4166 δημιουρ-

2169 4189 2286 4257 γὸς,
2326 4186 2468 4240 οὕτω
2499 4186 2594 4240 καὶ
2624 4185 2846 4240 πάντων
2876 4174 3185 4256 προνοητής
3205 4199 3221 4216 ο
3252 4186 3466 4255 χρόνοις
3497 4185 3542 4236 δ’
3591 4184 3753 4238 ὑστέ-

2171 4299 2284 4351 ροις
2312 4281 2382 4333 τὰ
2437 4279 2565 4351 ἔθνη
2617 4278 2796 4333 πάντα
2851 4277 2991 4349 πρὸς
3043 4277 3145 4346 τὴν
3200 4276 3411 4331 οἰκείαν
3456 4275 3752 4345 ἐπίγνωσιν

2169 4371 2394 4442 ἔμελλεν
2429 4369 2781 4442 ἐπιστρέφειν
2839 4367 2936 4422 καὶ
2995 4367 3184 4421 καλεῖν
3231 4367 3328 4421 καὶ
3378 4367 3534 4431 υἱοὺς
3582 4368 3749 4421 αὑτοῦ

2168 4467 2261 4519 καὶ
2292 4465 2665 4538 κληρονόμους
2715 4463 2812 4534 τῆς
2867 4463 3090 4533 χάριτος
3121 4463 3478 4533 ἀποφαίνειν’
3528 4462 3634 4534 πρὸ
3692 4463 3750 4516 δὲ

2165 4553 2372 4608 τούτων
2417 4554 2478 4607 τὸ
2535 4553 2686 4616 ἔθνος
2712 4551 2996 4619 ἐξελέξατο
3033 4551 3125 4605 τοῦ
3186 4553 3403 4623 Ἰσραὴλ
3453 4553 3530 4615 ὡς
3589 4553 3656 4606 ἂν
3683 4553 3752 4605 δι’

2165 4645 2334 4699 αὐτοῦ
2377 4645 2662 4716 συναγάγῃ
2686 4645 2780 4698 καὶ
2813 4646 2943 4708 τοὺς
2985 4644 3200 4708 ἄλλους.
3243 4645 3352 4698 Καὶ
3402 4643 3656 4714 δηλοῦσιν
3700 4645 3750 4696 οἱ

2167 4737 2457 4791 ἀπόστολοι
2504 4736 2664 4790 τοῦτο
2707 4734 2766 4800 ἐξ
2825 4735 3045 4806 Ἰσραὴλ
3099 4737 3198 4808 μὲν
3254 4736 3477 4802 φύντες,
3531 4737 3750 4789 πάντων

2164 4827 2222 4882 δὲ
2252 4827 2363 4881 τῶν
2396 4826 2567 4882 ἐθνῶν
2591 4824 2901 4880 διδάσκαλοι
2928 4827 3024 4879 καὶ
3076 4826 3415 4893 συναγωγεῖς
3443 4823 3749 4894 γεγενημέ-

2166 4936 2274 4972 νοιο
2305 4918 2393 4972 διὰ
2425 4917 2584 4972 τοῦτο
2607 4919 2721 4981 τοῖς
2746 4916 3110 4988 Ἰσραηλίταις
3142 4918 3174 4987 ἡ
3203 4917 3582 4985 πρωτότοκος
3610 4917 3740 4986 ἐχα-

2170 5011 2326 5082 ρίσθη
2363 5012 2538 5080 φωνή.
2591 5011 2664 5061 Οὐ
2699 5009 2987 5081 Λαμὸάνει
3015 5009 3072 5062 δὲ
3119 5010 3148 5063 6
3205 5009 3553 5078 πρωτότοκος
3596 5000 3751 5070 οὗτος

2165 5103 2237 5156 τὰ
2304 5103 2406 5174 τῆς
2438 5101 2723 5165 εὐσεϐείας
2791 5100 3292 5171 τελεώτερα’διότι
3357 5101 3597 5171 σκληρὸς
3654 5100 3750 5154 καὶ

2166 5192 2397 5263 ἀπειθὴς
2418 5191 2669 5261 γέγονεν,
2701 5191 2760 5243 οὐ
2799 5189 2941 5242 κατὰ
2961 5189 3061 5260 τὴν
3082 5187 3362 5257 Αἴγυπτον
3396 5190 3578 5258 μόνον,
3609 5189 3750 5242 ἀλλὰ

2171 5285 2307 5358 μετά
2337 5283 2434 5355 τὴν
2463 5283 2522 5350 ἐξ
2546 5281 2822 5351 Αἰγύπτου
2846 5280 3022 5345 ἔξοδον
3058 5282 3116 5332 ἐν
3143 5283 3206 5351 τῇ
3242 5281 3340 5351 ὲρή
3355 5299 3460 5350 μῳ.
3520 5281 3613 5333 Διὸ
3638 5281 3749 5334 τῶν

2170 5376 2268 5446 μὲν
2322 5373 2673 5443 τελειοτέρων
2731 5371 2832 5424 οὐκ
2889 5369 3138 5435 ἀξιοῦται
3177 5371 3516 5441 μυστηρίων,
3565 5371 3654 5423 διὰ
3693 5371 3752 5423 δὲ

2165 5465 2258 5519 τοῦ
2293 5464 2554 5534 δευτέραν
2587 5462 2740 5527 τάξιν
2765 5461 2982 5532 ἔχοντος
3007 5462 3173 5531 νόμου
3209 5463 3348 5525 τέως
3379 5462 3750 5529 παιδαγωγεῖ-

2165 5572 2275 5608 ται.
2352 5553 2504 5605 Ἐπεὶ
2571 5551 2666 5604 καὶ
2714 5550 2803 5603 τὸν
2866 5550 3116 5618 δακτύλῳ
3173 5548 3310 5602 Θεοῦ
3361 5547 3751 5618 γεγραμμένον

2165 5647 2329 5717 νόμον
2358 5643 2521 5708 πλαξί
2568 5660 2626 5696 τε
2678 5642 3122 5712 ἀχειροποιήτοις
3169 5638 3637 5709 ἐντετυπωμένον,
3689 5638 3750 5702 ὃς

2165 5740 2255 5791 τὸν
2285 5737 2556 5808 ἡμέτερον
2597 5735 2862 5788 καὶκατὰ
2912 5733 3150 5805 Χριστὸν
3207 5731 3517 5802 προετύπου
3574 5729 3743 5798 νόμον

2165 5833 2265 5887 οὐκ
2297 5830 2542 5896 ἀξιοῦται
2574 5827 2826 5892 δέξασθαι
2868 5827 2926 5881 τὸ
2982 5825 3254 5880 Ἰουδαίων
3315 5823 3464 5888 ἔθνος
3512 5822 3599 5876 διὰ
3646 5821 3744 5892 τὴν
