4132 6460
411 420 550 486 1145

1210 416 1309 475 AD
1349 411 1953 474 AMPIIILOCIIIUM
1997 410 2344 482 QU/ESTIO
2377 409 2622 482 CCClIl,
2661 405 2892 467 CCCIV.

3552 401 3692 466 1146

405 534 538 606 περὶ
577 532 669 586 τὸν
729 531 930 602 μόσχον
980 525 1300 580 δυσσέϐειαν
1334 540 1391 574 τε
1450 521 1545 573 καὶ
1601 518 2038 588 παρανομίαν,έ

2126 517 2312 571 abnlas
2366 527 2420 570 ct
2461 516 2655 570 inclius
2687 529 2849 589 quam
2890 512 2958 564 ab
2989 511 3244 567 humanis
3276 513 3529 568 manibus
3553 516 3691 584 poli-

406 625 678 696 λαμϐάνει
708 623 764 676 δὲ
793 622 884 675 τὸν
909 620 1162 688 δεύτερον
1193 616 1288 670 καὶ
1321 615 1379 666 ὃν
1409 611 1653 680 Μωῦσῆς
1685 611 1885 674 πλαξὶν
1922 609 1988 672 ἃς

406 714 569 776 αὐτὸς
595 710 884 775 ὲλάξευσεν
917 707 1243 777 ἐγεγράφει.
1299 705 1364 758 Εἰ
1386 705 1493 774 γὰρ
1528 702 1700 763 αὐτὰς
1721 699 1818 764 τὰς
1858 699 1989 752 θεο-

406 820 653 876 γραφους
685 801 904 864 πλάκας
933 798 1124 852 ἔλαϐον
1148 797 1242 850 καί¹
1270 797 1520 866 κρεῖττον
1557 792 1591 863 ἢ
1634 793 1778 844 κατὰ
1805 789 1994 860 χειρὸς

407 897 570 968 ἔργον
628 891 1113 962 ὲκλελαξευμένας,
1167 889 1309 957 τάχα
1372 885 1438 939 ἂν
1466 884 1560 936 καὶ
1611 881 1768 946 θεοὺς
1815 881 1989 943 αύτάς

407 987 639 1060 ἡγοῦντο
670 987 764 1038 καὶ
791 985 882 1037 ἐπὶ
911 983 1097 1053 μεῖζον
1124 980 1225 1050 τὴν
1253 975 1405 1030 θείαν
1430 974 1552 1029 κατ’
1599 974 1783 1027 αὐτῶν
1818 971 1992 1042 ὀργὴν

408 1080 620 1152 ἀνῆψαν
643 1095 658 1110 ⁸
687 1079 802 1132 ἀλλ’
837 1075 1067 1138 ἐκείνοις
1099 1073 1196 1144 μὲν
1245 1071 1315 1125 δι’
1352 1069 1416 1141 ἢν
1465 1067 1679 1138 ἔφημεν
1709 1064 1889 1118 αἰτίαν
1924 1062 1995 1114 τά

408 1173 722 1241 τελειότερα
764 1170 826 1222 οῦ
872 1167 1236 1238 παραδίδοται
1280 1163 1390 1217 τῶν
1444 1157 1784 1231 μυστηρίων.
1871 1153 1992 1207 Ἐπ’

408 1266 653 1336 ἐσχάτων
676 1263 734 1316 δὲ
760 1260 986 1332 ἡμερῶν
1037 1258 1329 1329 ἄνθρωπος
1354 1251 1600 1322 γεγονὼς
1649 1251 1677 1302 ὁ
1715 1246 1810 1300 τοῦ
1861 1243 1994 1298 Θεοῦ

409 1358 605 1424 Λόγος,
634 1356 730 1408 καί
759 1353 988 1422 θέμενος
1017 1350 1088 1403 τὰ
1116 1349 1243 1417 ἔθνη
1273 1349 1350 1410 εἰς
1411 1345 1585 1408 υἱοὺς,
1633 1343 1848 1396 δίδωσιν
1893 1339 1995 1391 αύ-

410 1451 522 1512 τοῖς
551 1446 734 1500 ούκέτι
778 1444 875 1515 τὴν
938 1444 997 1495 ἐν
1054 1441 1214 1508 τύπῳ
1263 1438 1359 1491 καὶ⁴
1413 1437 1542 1505 σκιᾷ
1589 1430 1995 1487 παλαιωθεῖσαν

415 1539 694 1610 λατρείαν,
726 1536 863 1590 ἀλλά
895 1535 993 1588 καὶ
1019 1533 1078 1586 ἐν
1105 1530 1335 1602 ἀληθείᾳ
1363 1528 1459 1580 καὶ
1507 1525 1799 1596 πράγματι
1858 1522 1986 1575 νεά-

415 1631 612 1696 ζουσάν
641 1646 700 1682 τε
735 1631 830 1682 καὶ
859 1624 1280 1696 ὲνακμάζουσαν
1310 1621 1373 1674 τὸ
1404 1619 1508 1689 τῆς
1544 1617 1828 1679 εὐσεϐείας
1858 1615 1999 1684 ἀκή-

417 1737 581 1794 ρατον
641 1718 865 1782 κάλλος.
901 1718 1128 1770 Πάντων
1204 1712 1338 1782 γοῦν
1397 1709 1827 1779 υίοθετηθέντων
1876 1706 1986 1759 τῶν

416 1814 608 1878 ἐθνῶν,
644 1812 870 1874 εἰκότως
914 1811 942 1861 ὁ
977 1809 1085 1880 πρὸ
1117 1805 1299 1860 αὐτῶν
1323 1806 1404 1868 εἰς
1453 1802 1729 1857 υἱοθεσίαν
1779 1799 2000 1870 κληθεὶς

2103 620 2184 663 tas
2211 609 2534 677 accepisset,
2554 623 2647 661 cas
2685 622 2812 660 mox
2863 615 2923 660 ut
2963 605 3093 660 deos
3125 606 3407 661 habuisset
3438 615 3493 662 et
3522 606 3690 662 Deum

2095 711 2286 756 contra
2313 715 2372 756 se
2411 702 2478 755 ad
2511 701 2774 769 majorem
2822 700 2957 753 iram
2990 701 3303 755 excitasset.
3337 698 3447 753 Illis
3472 697 3692 768 quidem

2096 801 2321 862 propter
2386 807 2550 861 quam
2617 790 2854 844 diximus
2923 806 3142 846 causam
3193 790 3517 859 perfectiora
3582 804 3693 843 non

2098 892 2226 938 sunt
2261 883 2458 938 tradita
2525 883 2805 953 mysteria.
2869 879 3196 936 Novissimis
3247 891 3428 936 autem
3474 881 3692 942 diebus,

2100 977 2264 1030 homo
2293 975 2496 1030 factum
2528 974 2620 1027 Dei
2664 972 2927 1036 Verbum,
2968 973 3222 1042 gentibus
3252 973 3305 1025 in
3341 972 3690 1040 adoptionem

2099 1068 2334 1122 ﬁliorum
2369 1069 2577 1122 vocatis
2603 1106 2616 1130 ,
2669 1065 2776 1119 illis
2822 1079 2932 1118 non
2981 1065 3092 1134 jam
3140 1064 3325 1134 figuris
3363 1075 3420 1118 et
3455 1063 3694 1118 tenebris

2102 1161 2342 1230 antiquis
2378 1159 2766 1214 obumbratum
2799 1158 3006 1210 cultum
3042 1155 3210 1220 dedit,
3259 1155 3352 1208 sed
3385 1155 3437 1208 in
3467 1155 3694 1208 veritate

2101 1262 2157 1305 et
2191 1252 2243 1305 in
2287 1266 2451 1320 opere
2498 1251 2887 1311 rirescentem,
2937 1257 2990 1302 ct
3028 1263 3223 1317 purum
3266 1247 3483 1316 pictatis
3530 1247 3695 1300 deco-

2103 1359 2217 1399 rem
2249 1337 2663 1414 produce‘ntem.
2695 1341 2966 1396 Omnibus
2995 1355 3125 1410 ergo
3161 1340 3425 1410 gentibus
3460 1339 3512 1391 in
3547 1339 3693 1391 ado-

2104 1437 2343 1508 ptionem
2382 1436 2615 1489 ﬁliorum
2670 1434 2912 1498 vocatis,
2959 1432 3155 1486 merito
3183 1431 3276 1500 qui
3312 1439 3436 1484 ante
3476 1429 3597 1482 illas
3637 1428 3690 1482 in

2107 1527 2457 1597 adoptionem
2502 1535 2729 1579 vocatus
2769 1533 2876 1588 cst,
2934 1522 3169 1593 populus
3213 1519 3374 1574 Israel
3419 1517 3696 1587 primoge-

2107 1619 2255 1673 nitus
2297 1618 2516 1671 dicitur.
2557 1615 2655 1670 liic
2689 1625 2868 1668 autem
2903 1623 2956 1667 et
2983 1613 3087 1666 hoc
3127 1624 3344 1664 mecum
3381 1605 3690 1666 considera,

2111 1712 2206 1765 Dei
2247 1709 2485 1764 Verbum
2537 1723 2603 1762 ex
2650 1708 2856 1762 semine
2889 1704 3068 1771 ,David
3121 1703 3346 1755 veniens
3389 1697 3691 1754 secundum

2111 1801 2505 1856 humanitatem
2558 1808 2805 1868 apparet.
2844 1797 2946 1850 Per
2977 1795 3126 1848 illum
3159 1802 3340 1847 autem
3382 1803 3545 1844 omne
3577 1787 3696 1856 pri-

417 1868 768 1974 πρωτότοκος
797 1868 1035 1970 ὲλῠέγετο.
1066 1897 1161 1952 τοῦ
1222 1895 1442 1965 Ἰσραὴλ
1475 1894 1624 1957 λαός.
1657 1887 1783 1945 Ὧδε
1807 1868 1880 1944 δέ-
1915 1908 2005 1961 μοι

2126 1895 2442 1963 nogenitum
2471 1890 2714 1961 Egypti,
2743 1897 2803 1941 ut
2830 1887 2991 1956 impia
3020 1893 3074 1940 et
3097 1882 3372 1938 incredula
3394 1878 3694 1950 generatio,

419 2000 514 2051 καὶ
565 1997 750 2066 ἕτερον
806 1994 1030 2046 σκόπει·
1089 1991 1146 2044 '0
1201 1987 1296 2042 τοῦ
1347 1985 1482 2040 Θεοῦ
1534 1985 1710 2053 Λόγος
1739 1985 1802 2036 ὲκ
1834 1982 2004 2052 σπέρ-

2126 1985 2261 2038 uorti
2292 1995 2346 2038 et
2385 1983 2721 2052 corruptinni
2782 1980 3088 2048 subjectum
3123 1976 3245 2030 fuit.
3280 1974 3415 2030 Cum
3452 1985 3584 2041 ergo
3627 1985 3697 2023 ex

425 2109 592 2163 ματος
640 2062 889 2161 φαίνεται
971 2086 1111 2141 κατὰ
1182 2084 1246 2137 τὸ
1308 2080 1650 2152 ἀνθρώπινον
1720 2075 2001 2144 ἐληλυθὼς

2126 2074 2267 2128 srael
2299 2084 2454 2129 ortus
2481 2076 2551 2127 sit
2590 2071 2970 2143 ASgyptiorum
3006 2068 3322 2122 interfector
3367 2062 3697 2134 primogeni-

436 2154 689 2254 Ἶσραήλλ
719 2180 786 2234 δι’
812 2177 979 2234 αὑτοῦ
1013 2177 1071 2230 δὲ
1102 2173 1450 2247 πρωτότοκον
1507 2171 1654 2225 ἆπαν
1680 2170 1993 2236 Αἰγυπτια-

2126 2181 2304 2228 orum,
2349 2165 2774 2234 primogenitum
2805 2171 2859 2217 et
2887 2159 3052 2216 Israel
3087 2167 3267 2212 vocat.
3300 2156 3415 2210 l-loe
3447 2154 3698 2222 Evange-

423 2247 541 2340 xbv‘,
575 2247 853 2328 τουτέστιν
884 2269 1081 2333 ἀσεϐὲς
1115 2269 1208 2322 καί⁸
1239 2265 1399 2321 ἄθεον
1445 2263 1718 2333 γέννημα,
1778 2258 1857 2329 τῷ
1901 2258 2002 2312 θα-

2126 2259 2222 2314 ista
2256 2260 2518 2314 describit
2550 2260 2742 2313 dicens
2776 2272 2790 2307 :
2845 2275 2863 2306 ι
2904 2254 2979 2308 Ex
3015 2253 3250 2323 Aigyplo
3283 2248 3475 2305 vocavi
3525 2247 3697 2300 lilium

425 2367 572 2437 νάτῳ
604 2365 698 2420 καὶ
716 2366 784 2435 τῇ
813 2364 990 2434 φθορᾷ
1029 2358 1419 2427 ὑποϐέϐληται.
1474 2354 1629 2408 Ἐπεὶ
1660 2350 1754 2405 οὖν
1802 2353 1868 2403 ἐκ
1900 2348 1995 2401 τοῦ

2126 2365 2284 2403 neum
2305 2351 2371 2402 υ.
2415 2369 2432 2401 ι
2469 2349 2600 2416 Quae
2631 2357 2760 2404 sunt
2788 2363 2920 2416 ergo
2969 2347 3196 2400 meliora
3235 2340 3514 2413 pensanda
3546 2345 3697 2393 sunt.

437 2429 655 2530 Ἰσραὴλ
721 2429 880 2527 ἔφυ-ό
923 2429 1045 2508 ’τῶν
1105 2450 1496 2521 Αἰγυπτιακῶν
1563 2443 1859 2516 ἀναιρέτης
1904 2442 2276 2511 πρωτοτόκων
2305 2482 2320 2506 ,
2366 2443 2720 2512 πρωτότοκον
2776 2441 2871 2494 καὶ
2919 2438 3010 2491 τὸν
3069 2433 3288 2507 Ἰσραὴλ
3344 2433 3521 2486 καλεῖ.
3585 2429 3702 2486 Καὶ

426 2549 585 2604 τοῦτο
629 2548 738 2621 ἄρα
792 2549 887 2601 καὶ
934 2549 963 2600 ό
1002 2515 1406 2614 Εὐαγγψελιστὴς
1459 2515 1808 2609 ἀναγράφει·
1857 2553 1876 2586 ‹
1936 2532 2028 2598 Ἐξ
2064 2533 2345 2602 Αἰγύπτου
2410 2535 2645 2587 ἐκάλεσα
2682 2534 2772 2586 τὸν
2797 2531 2928 2586 Υἱόν
2963 2547 3088 2601 μου.
3138 2523 3579 2581 »Ἐπισκεπτέον
3605 2515 3702 2574 οῦν

428 2643 650 2712 ἄμεινον
701 2638 912 2692 τούτων
935 2679 950 2692 .

975 2747 1311 2802 ΕΡΩΤΗΣΙΣ
1341 2745 1460 2797 ΤΔ’.

500 2843 632 2911 Πῶς
654 2846 708 2899 οἰ
736 2839 983 2912 οὐρανοί
1019 2840 1365 2910 διηγοῦνται
1387 2834 1576 2900 δόξαν
1606 2831 1714 2887 τοῦ
1747 2826 1902 2884 Θεοῦ
1919 2839 1940 2893 ;

2263 2714 2592 2783 QUIESTIO
2636 2711 2834 2768 cccw
2870 2692 3059 2782 [ὁρέει.
3097 2706 3258 2760 Taur.
3287 2700 3564 2771 cxvln].

2367 2809 2643 2876 Quomodo
2672 2807 2790 2860 ειειὶ
2821 2813 3065 2859 enarrem
3093 2801 3319 2872 gloriam
3344 2797 3477 2852 Dei?

1140 2977 1287 3027 Edita
1306 2989 1334 3026 a
1357 2972 1484 3024 Maio
1508 2973 1566 3036 (1.
1592 2983 1642 3020 c.
1663 2985 1715 3032 p.
1734 2968 1817 3031 97,
1837 2967 1919 3028 98,
1942 2978 1994 3027 q.
2013 2962 2185 3025 8!).—
2202 2959 2259 3007 In
2279 2953 2410 3005 Psal.
2433 2963 2550 3002 xvnt
2583 2949 2759 3013 (Graec.
2791 2943 2921 3008 xu),
2954 2944 3003 2994 1.

504 3093 569 3148 Οἰ
601 3092 660 3146 δὲ
687 3089 907 3161 οὐρανοὶ
936 3085 1010 3158 μὴ
1040 3085 1256 3156 ἔχοντες
1306 3080 1480 3150 στόμα
1511 3076 1824 3149 διηγοῦνται
1857 3071 2016 3136 δόξαν

2190 3063 2351 3128 ΟωΙί,
2379 3075 2506 3116 cum
2556 3073 2620 3113 os
2662 3071 2771 3110 non
2822 3053 3080 3113 habeant,
3109 3048 3336 3118 gloriam
3366 3043 3462 3099 Dei
3495 3058 3714 3098 annun-

2158 3158 2169 3161 _
2307 3155 2317 3161 .
2827 3145 2839 3161 I
2892 3160 2899 3161 κ
2921 3160 2941 3161 η
2980 3158 3057 3161 _.__
3079 3139 3352 3161 ,4_2._-.l:..-
3386 3147 3434 3161 ΑΔ
3462 3136 3680 3161 “nisi...

433 3183 590 3248 Θεοῦ,
621 3183 754 3237 διότι
784 3182 849 3234 ὲκ
877 3177 1140 3247 μεγέθους
1185 3175 1282 3228 καὶ
1329 3171 1596 3241 καλλονῆς
1646 3166 1963 3238 κτισμάτων
1992 3163 2021 3214 ὁ

434 3285 817 3348 γενεσιουργος
854 3270 1176 3340 θεωρεῖται,
1204 3265 1299 3320 καὶ
1351 3264 1413 3318 τὸ
1470 3261 1602 3332 περί
1631 3260 1773 3313 αὺτά
1833 3255 2023 3324 θαῦμα

435 3375 549 3436 τοῖς
601 3387 665 3440 γε
701 3365 988 3438 φρονοῦσιν
1019 3363 1100 3425 εἰς
1138 3361 1231 3414 τὸν
1289 3355 1635 3429 Δημιουργὸν
1689 3351 2021 3420 ἀναφέρεται

437 3462 533 3516 καὶ
559 3438 843 3512 διαϐαίνει·
880 3454 1021 3507 ὥστε
1049 3453 1098 3505 οἱ
1157 3449 1375 3520 οὐρανοὶ
1403 3446 1526 3515 οὐχὶ
1575 3445 1808 3514 ῥήμασι,
1875 3438 2022 3508 πρά-

436 3567 612 3624 γμασι
630 3549 688 3603 δὲ
719 3548 820 3618 τήν
839 3562 898 3598 τε
927 3543 1156 3612 δύναμιν
1185 3535 1615 3608 ἀνακηρύττουσι
1634 3531 1729 3585 τοῦ
1750 3532 2023 3601 Δημιουρ-

437 3617 563 3714 γοῦ,
602 3640 701 3695 καὶ
743 3617 882 3708 πρὸς
910 3631 1216 3700 δοξολογίαν
1248 3623 1630 3697 παρακαλοῦσι
1683 3621 1816 3683 τοὺς
1847 3617 2026 3689 ὀρθῶς

438 3706 623 3797 αὐτοῖς
650 3706 972 3800 ὲνορῶνταςο
1032 3725 1081 3776 εἰ
1109 3722 1165 3774 δὲ
1195 3719 1326 3773 κατ’
1359 3713 1618 3784 ἐπιϐολὴν
1645 3711 1882 3780 θεωρίας
1906 3706 2028 3760 ἑθε-

439 3827 629 3900 λήσοις
675 3821 899 3885 ἐννοεῖν,
930 3815 1184 3889 εὑρήσεις
1229 3809 1496 3880 οὐρανοὺς
1520 3807 1647 3868 τοὺς
1670 3801 2025 3862 ἀποστόλους,

442 3888 507 3971 οἳ.
541 3913 872 3985 διηγήσαντο
927 3888 1005 3959 τὸν
1046 3899 1379 3968 Εὐαγγέλιον
1437 3891 1535 3947 τοῦ
1589 3888 1828 3962 Χριστοῦ
1875 3889 2029 3958 πάσῃ

441 4010 508 4080 τῇ
539 3977 851 4073 οἰκουμένῃ,
872 3998 968 4052 καὶ
985 3993 1226 4058 δοξάζειν
1254 3988 1345 4041 τὸν
1365 3986 1498 4039 Θεὸν
1517 3982 1610 4036 τὸν
1627 3982 1768 4050 ὑπὲρ
1789 3977 1946 4049 ἡμῶν
1960 3977 2028 4030 τά

441 4071 1076 4171 ἡμέτεραάναλαϐόντα,
1100 4078 1385 4144 ὑπέδειξάν
1409 4093 1470 4130 τε
1496 4075 1591 4128 καὶ
1619 4071 2025 4140 καθηγήσαντοο

529 4159 708 4261 βούλει
763 4185 842 4250 δὲ,
879 4180 1209 4252 διηγήσαντο
1235 4175 1283 4228 οἰ
1331 4168 1552 4240 οὐρανοὶ
1599 4165 1699 4236 τὴν
1726 4162 1885 4228 δόξαν
1932 4159 2026 4213 τοῦ

447 4282 583 4336 Θεοῦ
606 4278 762 4352 ἡμῶν
795 4271 1056 4345 Χριστοῦ,
1086 4267 1252 4338 ἡνίκα
1283 4263 1393 4317 τῶν
1424 4257 1708 4330 πατρικῶν
1756 4255 1832 4325 μὴ
1861 4269 2032 4306 κενω-

450 4372 564 4435 θεὶς
609 4339 862 4430 κόλπων,
895 4365 960 4415 ὲκ
984 4357 1263 4428 Παρθένου
1316 4351 1494 4419 σάρκα
1517 4346 1702 4400 λαϐεῖν
1757 4339 2031 4412 κατηξίω-

2131 3158 2273 3212 tiaut
2305 3155 2358 3208 in
2399 3166 2467 3206 eo
2494 3165 2660 3204 sensu
2696 3145 2840 3217 quod
2879 3160 2945 3198 ex
2978 3139 3356 3210 magnitudine
3382 3147 3436 3193 et
3462 3136 3714 3191 multitu«

2129 3249 2257 3302 dine
2289 3253 2595 3299 creatarum
2631 3254 2813 3294 rerum
2854 3244 3047 3290 auctor
3091 3231 3434 3302 dignoscitur
3475 3237 3528 3282 et
3577 3227 3716 3282 isto—

2130 3356 2252 3396 rum
2279 3336 2569 3392 admiratio
2607 3347 2638 3385 a
2669 3329 3007 3400 sapientibus
3050 3326 3116 3380 ad
3151 3333 3430 3378 auctorem
3477 3318 3718 3376 relertur

2129 3444 2185 3490 et
2237 3429 2511 3494 ascendit;
2569 3426 2646 3479 ita
2704 3432 2762 3478 ut
2814 3421 2938 3475 coeli
2996 3434 3103 3473 non
3162 3416 3367 3480 verbis,
3412 3412 3506 3468 sed
3554 3410 3718 3466 faelis

2130 3521 2411 3580 Creatoris
2453 3516 2751 3588 potentiam
2790 3511 3086 3582 praedicent
3127 3516 3182 3562 et
3213 3506 3279 3560 ad
3322 3505 3477 3559 illum
3514 3499 3718 3572 gloriﬁ-

2132 3616 2368 3672 caudum
2403 3612 2524 3666 illos
2561 3607 2654 3678 qui
2701 3603 2866 3659 rectis
2914 3601 3092 3656 oculis
3138 3599 3192 3652 in
3232 3599 3367 3652 istos
3420 3591 3720 3662 respiciunt

2133 3707 2447 3762 hortentur.
2479 3700 2535 3754 Si
2571 3711 2752 3752 autem
2784 3709 2949 3764 supra
2974 3691 3214 3745 visibilia
3240 3697 3479 3742 mentem
3507 3685 3721 3739 elevare

2133 3796 2396 3858 volueris,
2434 3792 2603 3846 caelos
2635 3785 2878 3840 invenies
2928 3780 3205 3851 apostolos
3242 3792 3365 3832 esse
3415 3774 3510 3845 qui
3543 3772 3723 3826 Evan-

2137 3888 2344 3958 gelium
2392 3882 2595 3938 Christi
2642 3879 2696 3932 in
2738 3876 2992 3931 universa
3041 3880 3186 3925 terra
3239 3866 3720 3926 annuntiaverunt,

2134 3991 2191 4036 et
2229 3979 2294 4033 ad
2326 3978 2495 4031 Deum
2525 3973 2619 4042 qui
2653 3985 2816 4040 supra
2849 3964 3222 4032 nosmetipsos
3270 3968 3456 4013 nostra
3503 3969 3721 4009 assum-

2135 4069 2247 4140 psit
2305 4041 2719 4136 glorilieandum
2751 4059 3054 4112 docuerunt
3104 4062 3160 4105 et
3207 4049 3606 4102 instruxerunt.
3660 4041 3716 4094 Si

2135 4173 2317 4217 autem
2374 4153 2636 4216 volueris,
2695 4145 3100 4203 annuntiabant
3150 4139 3271 4194 cmli
3333 4136 3561 4206 gloriam
3624 4131 3721 4184 Dei

2137 4251 2309 4308 nostri
2356 4248 2487 4303 Jesu
2533 4241 2768 4306 Christi,
2800 4252 2950 4299 cum,
2989 4242 3214 4303 paterno
3248 4229 3370 4284 sinu
3421 4242 3530 4280 non
3565 4223 3723 4278 derc-

2135 4350 2295 4412 licto,
2345 4360 2411 4398 ex
2462 4339 2685 4408 Virgine
2735 4328 3008 4389 incarnari
3052 4327 3306 4396 dignatus
3343 4329 3428 4376 est
3469 4327 3524 4374 et
3567 4318 3722 4371 illum

451 4414 568 4528 de;
890 4414 1052 4506 αὐτὸν
1071 4414 1368 4518 ηΒηθλεὲμ
1391 4414 1486 4494 καὶ
1511 4438 1573 4490 τὸ
1598 4435 1884 4507 σπήλαιον*
1907 4430 2028 4483 τότε

2144 4439 2417 4495 Bethleem
2450 4446 2504 4490 et
2532 4443 2770 4502 praesepe
2801 4425 3129 4480 habuerunt.
3155 4417 3310 4471 Tunc
3333 4414 3478 4468 enim
3502 4425 3724 4480 praeser-

450 4524 564 4630 γὰρ
604 4555 690 4626 δὴ,
721 4524 841 4606 τότε
870 4549 905 4618 ἡ
936 4547 994 4598 ὲν
1021 4544 1134 4604 τοῖς
1163 4537 1410 4609 οὐρανοῖς
1435 4527 1812 4602 ἀριθμουμένη
1851 4524 2030 4594 φύσις,

452 4616 607 4706 τοῦτο
762 4645 797 4713 ἡ
833 4616 1026 4710 ὁρατὴ,
1073 4633 1230 4687 τοῦτο
1275 4627 1333 4682 δὲ
1372 4625 1518 4694 καὶὴ
1573 4622 1712 4690 ὑπὲρ
1740 4620 1800 4672 τὸ
1823 4616 2036 4688 ὁρώμε-

453 4759 563 4809 νον,
606 4730 926 4807 ὑπηρετεῖτό
953 4744 1012 4780 τε
1043 4727 1137 4781 καὶ
1171 4719 1544 4789 καθυπούργει
1596 4713 1672 4783 τῷ
1719 4707 2032 4779 θαύματι-ἠ

457 4837 558 4908 μὲν
578 4831 739 4888 οἱονεί
760 4845 880 4882 τινα
897 4824 1114 4895 κήρυκα
1138 4817 1316 4871 κοινὸν
1332 4815 1421 4866 τὸν
1435 4811 1636 4880 ἀστέρα
1657 4801 2037 4876 χειροτονοῦσα

456 4929 550 4984 καὶ
566 4921 939 4998 προϐάλλουσα
956 4910 1321 4982 ἀνακηρύττει
1342 4905 1435 4958 τοῦ
1456 4901 1726 4955 Δεσπότου
1747 4895 1845 4965 τὴν
1856 4892 2033 4958 δόξαν,

457 5021 554 5076 καὶ
611 4986 704 5070 τὸν
763 5008 1141 5084 κρυπτόμενον
1187 4999 1408 5071 βασιλέα
1437 4995 1516 5050 δι’
1563 4992 1681 5054 ἐνὸς
1737 4986 2035 5056 δορυφόρου

459 5077 944 5184 προπομπεύουσα·
982 5100 1016 5169 ἡ
1060 5097 1118 5149 δὲ
1183 5091 1385 5160 πλῆθος
1421 5084 1680 5156 στρατιᾶς
1730 5077 2036 5150 προϐαλλο-

466 5205 602 5276 μένη
630 5201 723 5253 τὸν
752 5196 990 5264 Κτίστην
1025 5185 1339 5246 αἰνούντων,
1380 5179 1477 5233 καὶ
1530 5175 1638 5228 τῶν
1693 5169 2038 5239 τελουμένων

1271 5275 1279 5276 ί
1359 5272 1379 5276 ’⁸
1662 5268 1673 5276 ⁵
1722 5264 1746 5276 Α
1783 5265 1804 5276 ε’
1895 5258 1935 5276 οἳ
1976 5259 2037 5276 9L.

459 5258 522 5350 τὸ
580 5258 766 5360 θαῦμα
802 5258 1176 5356 διηγουμένων
1215 5275 1292 5344 τῷ
1351 5272 1556 5343 ᾅσματι
1584 5283 1599 5298 ο
1651 5264 1862 5336 ρηθεῖεν
1891 5258 1935 5312 δ’
1973 5259 2038 5312 ἂν

463 5389 562 5441 οὐκ
591 5349 898 5439 ἀπεικότως
954 5349 1010 5428 οἰ.
1032 5369 1252 5440 ἄγγελοι
1299 5361 1522 5433 οὐρανοὶ
1553 5399 1567 5423 ,
1603 5357 1698 5410 ἆτε
1743 5354 1808 5422 δὴ
1836 5349 2040 5406 ἄνωθεν

467 5475 764 5549 ἀφιγμένοι
813 5469 948 5540 πρὸς
1003 5464 1070 5518 τά
1107 5460 1345 5527 ὲπίγειαο
1396 5455 1444 5506 εἱ
1476 5453 1533 5504 δὲ
1593 5450 1688 5502 καὶ
1738 5445 1830 5498 τὸν
1889 5442 2041 5510 ἣλιον

467 5532 670 5629 ἀθέλόις
697 5532 983 5617 ἰδεῖν-επὶ
1003 5554 1079 5625 τῷ
1125 5545 1442 5616 Δεσποτικῷ
1490 5541 1653 5595 πάθει
1708 5532 2041 5604 σκυθρωπά-

469 5663 650 5729 ζοντα,
682 5657 776 5712 καὶ
800 5654 867 5723 τῇ
896 5647 1152 5703 ἀποθέσει
1178 5642 1273 5695 τοῦ
1303 5631 1662 5710 περικαλλοῦς
1685 5627 1894 5684 ἐκείνου
1926 5639 2042 5694 φω-

545 5880 588 5913 ³⁰
618 5877 757 5935 Osee
780 5888 857 5940 ιι,
881 5870 954 5939 2;
1007 5863 1196 5922 Matth.
1235 5875 1296 5926 tt,
1332 5856 1416 5912 15.

2145 4533 2243 4586 tim
2291 4535 2558 4583 creatura:
2587 4536 2708 4591 quae
2737 4517 2791 4571 in
2825 4515 2980 4571 ccelis
3027 4516 3386 4566 numerantur
3427 4513 3537 4557 tam
3589 4499 3724 4553 visi-

2142 4623 2280 4678 biles
2319 4634 2482 4688 quam
2530 4611 2868 4675 invisibiles,
2921 4603 3187 4660 miraculo
3238 4594 3622 4652 ministrabant
3666 4600 3723 4643 et

2145 4713 2472 4770 serviebant.
2500 4707 2608 4761 Illa:
2637 4705 2855 4775 quidem
2878 4701 3020 4754 sicut
3046 4707 3348 4764 praeconem
3375 4700 3718 4742 communem

2145 4804 2354 4860 stellam
2394 4802 2656 4868 eligentes
2695 4804 2748 4850 et
2781 4790 3196 4862 praemittentes,
3239 4779 3454 4835 Domini
3494 4775 3722 4846 gloriam

2144 4906 2200 4952 et
2224 4893 2604 4950 absconditum
2655 4900 2839 4956 regem
2895 4896 2991 4952 per
3043 4891 3210 4933 unum
3258 4871 3542 4928 custodem
3591 4882 3724 4920 con-

2146 4973 2518 5048 comitantes,’
2575 4980 2890 5051 praedicant.
2960 4970 3053 5026 lla:
3113 4981 3242 5023 vero
3320 4959 3725 5018 multitudinem

2146 5085 2421 5141 exercitus
2458 5077 2851 5149 prmmittentes
2887 5068 2953 5122 ad
2981 5062 3313 5120 laudandum
3346 5057 3514 5111 Deum
3557 5061 3614 5108 et
3658 5051 3727 5104 ad

2147 5184 2368 5247 operata
2409 5167 2681 5226 mirabilia
2727 5161 2959 5219 canticis
3006 5153 3350 5211 celebranda.
3394 5149 3543 5202 Dicet
3590 5143 3729 5198 forte

2149 5268 2346 5337 aliquis
2370 5264 2506 5320 satis
2533 5257 2905 5315 rerisimiliter
2955 5253 3177 5318 angelos
3203 5258 3322 5299 esse
3340 5241 3530 5302 caelos,
3559 5236 3731 5305 siqui-

2149 5362 2270 5416 dem
2303 5374 2334 5412 e
2381 5357 2522 5411 coalo
2550 5359 2817 5408 venerunt
2846 5346 2913 5400 ad
2937 5353 3174 5399 terrena.
3203 5335 3261 5390 Si
3295 5349 3425 5390 vero
3464 5341 3520 5386 et
3557 5329 3729 5384 solem

2148 5450 2391 5505 volueris
2456 5447 2637 5501 videre
2708 5447 2932 5510 propter
3006 5429 3348 5487 Dominicam
3420 5421 3733 5495 passionem

2150 5544 2571 5615 pallescentem,
2624 5546 2679 5590 et
2731 5531 2978 5600 deposito
3010 5521 3351 5596 praepulchro
3377 5530 3476 5573 suo
3506 5511 3734 5574 lumine,

2152 5603 2490 5691 divinitatem
2527 5635 2578 5682 et
2633 5619 2932 5695 potentiam
2984 5611 3242 5686 patientis
3293 5603 3730 5666 annuntiautcm,
