4132 6426
527 408 664 475 114³1

1673 410 1936 470 ΡΗΟΤΙΙ
1974 413 2477 477 ΡΛΤΒΙΛΒΟΠίΕ
2511 418 2618 478 CP;

3650 425 3788 490 1143

526 535 634 575 non
685 519 842 589 longe
889 518 957 572 ab
996 518 1442 588 interpretatione
1488 519 1787 574 secundum
1843 523 2081 578 visionen

2183 525 2300 588 ,τὸς
2335 528 2434 599 τὴν
2495 529 2722 601 θεότητα
2776 532 2870 586 καὶ
2897 532 2996 602 τὴν
3047 531 3276 603 δύναμιν
3324 532 3420 587 τοῦ
3483 535 3789 607 πάσχοντος

522 609 712 664 fueris.

658 806 987 873 QUAESTIO
1025 808 1203 864 CCCV
1234 809 1424 882 [CoisL
1469 812 1630 868 Tnur.
1667 813 1922 886 CXVIII].

523 895 660 960 Quid
714 899 824 950 sit:
867 917 884 950 ι
924 897 1224 970 Increpasti
1271 913 1446 971 gentes
1500 914 1549 957 et
1604 906 1759 974 periit
1816 907 2090 976 impius?)

2207 617 2605 685 ἀναγγέλλοντα
2633 663 2647 685 ,
2700 623 2864 691 ἐγγὺς
2895 623 2958 676 ἂν
2988 625 3162 692 γένοιο
3191 628 3284 679 καὶ
3327 629 3428 698 τῆς
3480 629 3623 682 κατὰ
3650 629 3789 684 θεω-

2210 707 2330 776 ρίαν
2368 710 2742 777 ἀναπτύξεως.

2762 826 3096 880 ΕΡΩΤΗΣΙΣ
3130 829 3250 884 TE'.

2217 910 2279 966 Τί
2305 913 2525 969 ἐστιν’(
2549 916 2947 1042 Ἐπετίμηὲιᾶς
2970 919 3095 1042 egit;
3125 921 3351 988 ἔθνεσι,
3382 921 3480 976 καί
3509 923 3784 980 ἀπώλετο

2923 1005 2994 1041 σε
3038 1005 3141 1042 nc:
3175 1008 3194 1040 ι

2923 1005 3141 1054 σεοιις;
3175 1008 3194 1040 ι

1496 1129 1632 1179 Edita
1653 1146 1681 1181 a
1711 1131 1833 1182 Maio
1856 1134 1912 1197 (l.
1937 1147 1980 1184 c.
2005 1149 2055 1198 p.
2087 1135 2165 1198 98,
2199 1137 2303 1202 99).
2327 1164 2389 1176 -
2415 1141 2466 1190 In
2491 1143 2622 1194 Psal.
2657 1161 2725 1201 rx.
2750 1147 2798 1196 6.

598 1226 807 1280 Verba:
832 1225 1156 1299 «luere-pasti
1177 1238 1365 1299 gentes
1392 1240 1449 1286 et
1487 1235 1646 1303 periit
1669 1237 1890 1304 impius,
1915 1258 1933 1289 ι
1960 1239 2106 1294 clare

518 1317 623 1372 hoc
671 1320 992 1390 designant,
1046 1324 1281 1387 scilicet,
1342 1340 1465 1379 cum
1536 1327 1833 1398 increpata:
1901 1331 2105 1387 fuerint

518 1417 704 1476 gentes
731 1419 784 1464 et
816 1411 884 1463 ab
915 1427 1102 1468 errore
1149 1414 1246 1469 via:
1294 1430 1407 1471 sua:
1457 1417 1525 1472 ad
1584 1419 1996 1488 ingrediendum
2050 1425 2104 1479 in

517 1501 658 1554 ovile
703 1503 909 1557 Christi
963 1507 1198 1561 reducta:
1264 1507 1487 1576 fuerint,
1535 1511 1686 1566 illum
1738 1515 1830 1584 qui
1886 1532 1986 1572 nos
2036 1519 2104 1574 ad

518 1591 844 1661 impietatem
898 1597 1156 1659 vocabat,
1220 1599 1273 1654 id
1330 1609 1451 1662 est,
1509 1603 1787 1658 diabolum
1851 1609 2098 1675 periisse.

515 1679 718 1749 Impius
745 1684 890 1736 enim
925 1685 1029 1738 dici
1057 1696 1233 1754 potest
1257 1689 1350 1755 qui
1382 1691 1549 1760 impie
1577 1693 1706 1762 agit,
1735 1701 1789 1748 et
1818 1696 1910 1764 qui
1944 1699 2096 1753 illum

515 1771 583 1824 ad
623 1773 952 1841 impietatem
1003 1777 1192 1833 trahit.
1249 1778 1418 1848 Magis
1475 1782 1694 1837 obvium
1762 1783 1900 1841 forte
1953 1797 2098 1843 esset

514 1863 694 1917 dicere
718 1865 884 1933 quod,
915 1881 1036 1920 eum
1065 1867 1315 1925 Christus
1337 1871 1387 1925 in
1418 1884 1557 1928 terra
1577 1879 1837 1933 manserit
1858 1888 1911 1933 et
1933 1881 2097 1935 simul

513 1966 702 2008 omnes
734 1953 952 2010 Iudaeos
991 1966 1045 2011 et
1074 1956 1294 2014 ϐιαιως
1320 1961 1583 2018 barbaros
1606 1966 1672 2018 ad
1707 1969 1956 2023 eamdem
1995 1987 2094 2024 vo-

2237 1247 2330 1314 Τὸ,
2343 1269 2361 1300 ‹
2384 1251 2750 1322 Ἐπετίμησας
2770 1253 3067 1319 ἐθνεσι,καί
3082 1253 3328 1308 ἀπώλετο
3343 1257 3371 1308 6
3385 1255 3606 1327 ἀσεϐὴς,
3621 1276 3639 1307 ι
3651 1258 3787 1325 φασὶ

2202 1337 2364 1392 τοῦτο
2382 1339 2596 1408 δηλοῦν,
2620 1341 2695 1405 ὡς
2740 1345 2797 1395 ἐν
2819 1341 2896 1412 τῷ
2915 1345 3308 1414 ἐπιτιμηθῆναι
3327 1345 3400 1398 τά
3418 1346 3546 1416 ἔθνη
3569 1347 3664 1399 καὶ
3682 1347 3783 1416 τῆς

2201 1432 2409 1494 οἰκείας
2439 1433 2742 1502 ἀποστῆναι
2781 1434 3011 1504 πλάνης,
3043 1435 3295 1502 γενέσθαι
3320 1454 3380 1489 τε
3406 1439 3506 1507 τῆς
3540 1438 3780 1506 ποίμνης

2201 1523 2477 1592 Χριστοῦ,
2541 1526 2569 1578 6
2625 1525 2761 1593 πρὸς
2815 1525 3070 1580 ἀσέϐειαν
3126 1527 3326 1591 αὐτοὺς
3377 1529 3780 1598 ἐκκαλούμενος

2199 1615 2448 1669 ἀπώλετο
2497 1615 2761 1680 διάϐολος·
2818 1617 3020 1688 ἀσεϐὴς
3077 1617 3186 1688 γὰρ
3226 1620 3388 1684 αὐτός
3420 1638 3478 1672 τε
3506 1623 3534 1673 6
3558 1620 3776 1674 ἀσεϐῶν

2198 1709 2280 1779 είη
2315 1709 2380 1763 ἂν
2405 1711 2500 1763 καὶ
2527 1713 2556 1763 6
2591 1710 2779 1764 τοῦτον
2807 1711 2980 1764 ἕλκων
3040 1713 3178 1784 πρὸς
3223 1714 3323 1783 τὴν
3379 1713 3656 1767 ἀσέϐειαν·
3687 1714 3778 1785 εἴη

2196 1797 2242 1850 δ’
2271 1799 2337 1852 ἂν
2362 1799 2654 1870 ἐγγύτερον
2697 1799 2772 1861 ὠς
2796 1799 2889 1852 τοῦ
2923 1800 3176 1870 Σωτῆρος
3210 1801 3679 1871 ἐπιδεδημηκότος
3703 1805 3776 1872 τῇ

2195 1891 2289 1957 γῇ,
2322 1891 2416 1942 καὶ
2460 1889 2654 1953 κοινῶς
2679 1891 2924 1954 ἅπαντας
2967 1892 3253 1954 Ἰουδαίους
3277 1910 3336 1945 τε
3385 1893 3479 1947 καὶ
3507 1893 3779 1965 Ἕλληνας

2195 1981 2290 2032 καὶ
2333 1980 2642 2052 βαρϐάρους
2667 1982 2758 2035 ἐπὶ
2781 1983 2879 2052 τὴν
2907 1983 3113 2036 οἰκείαν
3140 1983 3617 2054 προσκαλουμένου
3654 1986 3777 2038 ἐπί-

511 2044 716 2098 caverit
745 2046 1140 2114 cognitionem,
1177 2059 1249 2114 et,
1283 2060 1344 2104 ut
1387 2052 1458 2106 ita
1490 2054 1690 2119 dicam,
1727 2073 1824 2126 pro
1852 2061 2081 2126 peccatis

2196 2089 2417 2139 γνῶσιν,
2466 2075 2559 2126 καὶ
2607 2074 2770 2127 οἱονεὶ
2804 2074 2912 2127 τῶν
2961 2072 3152 2144 πρώην
3207 2077 3386 2138 αὐτοῖς
3417 2075 3774 2146 ἠσεϐημένων

509 2138 718 2194 abillis
769 2150 924 2193 antea
969 2142 1298 2208 commissis,
1359 2145 1652 2200 salutarem
1708 2157 1760 2203 et
1793 2150 2089 2219 perfectam

508 2228 935 2296 increpationem
961 2247 1055 2300 per
1076 2232 1405 2302 baptismum
1435 2236 1728 2303 induxerit,
1777 2241 2090 2312 quicunque

508 2334 628 2374 sese
657 2320 918 2377 docibiles
951 2332 1005 2377 et
1044 2325 1290 2380 sinceros
1321 2327 1385 2380 ad
1421 2327 1851 2398 increpationem
1884 2333 2092 2388 habue-

507 2422 656 2476 runt,
692 2414 758 2468 de
800 2424 952 2484 parte
992 2418 1324 2474 salvatorum
1381 2422 1506 2477 facti
1554 2438 1716 2489 sunt,
1760 2429 1851 2497 qui
1907 2438 2088 2485 autem

505 2519 690 2574 animo
743 2521 981 2577 demisso
1061 2525 1486 2597 increpationem
1561 2546 1928 2603 acceperunt,
1988 2554 2090 2594 nec

505 2607 757 2679 baptismi
793 2614 1247 2682 purilicationem,
1308 2636 1409 2675 nec
1441 2623 1586 2690 quod
1617 2640 1683 2678 ex
1720 2626 1813 2681 illo
1845 2630 2089 2697 procedit

505 2698 688 2755 lumen
723 2702 842 2757 ﬁdei
881 2719 1262 2776 susceperunt,
1299 2711 1376 2766 illi
1413 2723 1474 2767 ut
1508 2715 1658 2784 impii
1703 2726 1755 2771 et
1785 2719 2088 2787 perditione

503 2791 649 2861 digni
687 2796 985 2861 perierunt.
1027 2800 1156 2854 Scio
1187 2813 1366 2858 autem
1401 2807 1649 2861 eamdem
1694 2825 1881 2864 vocem
1915 2813 2081 2879 sumi,

505 2885 798 2946 praesertim
874 2889 1016 2956 apud
1071 2892 1285 2960 aliquos
1337 2893 1531 2952 doctos
1581 2909 1917 2969 extraneos,
1981 2918 2082 2972 pro

503 2970 728 3039 honore,
779 2976 1066 3045 splendore
1087 2990 1140 3035 et
1170 2982 1361 3052 gloria.
1392 2983 1711 3056 Signiﬁcare
1749 3005 1878 3059 ergo
1906 2970 2083 3061 potest

503 3062 591 3117 hic
619 3064 794 3132 locus,
826 3069 870 3123 si
904 3070 1063 3125 verba
1098 3071 1152 3126 in
1201 3074 1308 3129 isto
1351 3091 1514 3131 sensu
1545 3079 1904 3149 accipiantur,
1936 3085 2082 3152 quod

500 3156 750 3222 gentibus
779 3173 809 3212 a
841 3159 1060 3217 Christo
1107 3164 1388 3223 honoratis
1438 3178 1492 3223 et
1520 3169 1839 3239 gloriﬁcatis
1887 3214 1903 3238 ,
1942 3175 2083 3231 ﬁlios

497 3247 714 3315 quidem
745 3259 799 3304 et
829 3252 1069 3311 haeredes
1110 3257 1195 3311 sui
1227 3259 1379 3328 regni
1417 3259 1510 3329 qui
1539 3261 1802 3320 docibiles
1836 3265 2078 3332 fuerunt,

497 3338 704 3406 posuit,
738 3341 830 3409 qui
887 3358 1068 3400 autem
1125 3347 1440 3404 haereditate
1471 3350 1679 3422 indigni
1715 3363 1769 3410 et
1799 3357 2076 3428 adoptioni

496 3442 622 3483 cum
651 3443 833 3488 essent
862 3435 1037 3506 impii,
1066 3441 1365 3508 perierunt.

676 3566 1001 3631 QUIESTIO
1038 3573 1234 3630 CCCVI
1268 3577 1452 3650 [CoisL
1487 3581 1649 3635 Taur.
1683 3581 1895 3654 CXIX].

498 3677 679 3756 Quare
700 3684 842 3752 magi
869 3700 934 3738 ea:
973 3685 1189 3742 Oriente
1218 3699 1265 3743 et
1302 3690 1540 3756 Perside,
1578 3711 1680 3747 non
1705 3711 1823 3749 vero
1851 3710 1916 3748 ex
1955 3695 2072 3748 alia

569 3752 778 3818 regione
805 3763 896 3806 aut
945 3768 1094 3823 gente
1146 3760 1214 3812 ad
1260 3752 1595 3818 Dominicnm
1641 3777 1859 3832 partum
1910 3765 2072 3835 primi

569 3824 877 3859 nnrpcgorin!
898 3824 920 3859 9

567 3832 877 3875 accesserint
895 3832 907 3877 Ξ

2193 2161 2534 2233 καθαρτικὴν
2561 2181 2623 2216 τε
2650 2165 2745 2218 καὶ
2802 2165 3151 2234 τελειωτικὴν
3184 2167 3499 2236 ἐπιτίμησιν
3547 2167 3645 2237 τὴν
3684 2167 3773 2220 διὰ

2191 2257 2284 2311 τοῦ
2317 2258 2690 2329 βαπτίσματος
2735 2260 3051 2328 ἐπάγοντος·
3085 2262 3199 2316 ὅσοι
3237 2263 3334 2332 μὲν
3393 2261 3662 2326 εὐπειθῶς
3708 2281 3770 2317 τε

2193 2350 2287 2403 καὶ
2319 2351 2626 2419 εἰλικρινῶς
2673 2351 2771 2420 τὴν
2826 2352 3146 2423 ἐπιτίμησιν
3181 2353 3447 2418 ἐδέξαντο,
3498 2346 3644 2406 οὗτοι
3669 2353 3773 2420 τῆς

2197 2443 2414 2514 μερίδος
2444 2443 2550 2495 τῶν
2584 2443 2905 2514 σωζομένων
2933 2444 3205 2511 ἐγένοντο·
3233 2446 3281 2496 εἰ
3308 2444 3364 2496 δέ
3393 2461 3479 2506 τις
3504 2443 3639 2515 πρὸς
3669 2443 3769 2511 τὴν

2189 2535 2506 2603 ἐπιτίμησιν
2533 2535 2966 2605 ἀπεδυσπέτησε,
2995 2537 3133 2606 μήτε
3151 2537 3242 2590 τὸν
3266 2537 3360 2588 τοῦ
3391 2536 3771 2605 βαπτίσματος

2188 2625 2472 2697 καθαρμὸν
2505 2629 2640 2696 μήτε
2669 2625 2766 2697 τὴν
2795 2626 2862 2678 δι’
2895 2626 3058 2679 αὑτοῦ
3084 2629 3183 2693 τῆς
3215 2627 3449 2690 πίστεως
3471 2625 3770 2698 προσδεξά-

2192 2734 2352 2786 μενος
2384 2716 2674 2786 ἕλλαμψιν,
2725 2711 2879 2779 οὗτος
2929 2717 3006 2781 ῶς
3048 2717 3254 2788 ἀσεϐής
3311 2735 3373 2770 τε
3416 2718 3510 2770 καὶ
3541 2717 3765 2787 ὀλέθρου

2187 2806 2465 2862 ἀπολεῖται
2495 2807 2662 2874 ἄξιος·
2699 2803 2817 2862 οἶδα
2851 2808 2909 2862 δὲ
2948 2809 3226 2879 ἐπιτιμίας
3252 2810 3403 2878 παρά
3431 2825 3493 2877 γε
3530 2807 3767 2878 μάλιστα

2185 2903 2297 2963 τοῖς
2325 2901 2430 2965 ἐξω
2465 2904 2645 2970 σοφοῖς
2673 2902 2772 2974 τὴν
2804 2902 2970 2973 τιμὴν
3003 2903 3096 2955 καὶ
3123 2903 3220 2971 τὴν
3261 2902 3617 2971 περιφάνειαν
3651 2903 3769 2954 ὀνο⁴

2190 2991 2504 3062 μαζομένην
2536 2993 2630 3045 καί⁸
2657 2995 2716 3045 τὸ
2751 2993 3051 3062 περίδοξον·
3097 2993 3244 3061 λέγοι
3277 2993 3342 3046 ἂν
3368 2989 3462 3046 οὖν
3488 2991 3548 3045 τὸ
3579 2990 3765 3062 ῥητὸν,

2185 3083 2320 3144 εῐτις
2348 3082 2448 3151 τὴν
2473 3081 2617 3146 λέξιν
2645 3085 2724 3146 εἰς
2777 3083 2933 3136 τοῦτο
2981 3083 3042 3136 τὸ
3079 3084 3479 3154 σημαινόμενον
3531 3082 3768 3152 μεταλά-

2186 3171 2291 3233 ϐοι,
2355 3171 2430 3236 ὡς
2487 3173 2582 3225 τοῦ
2621 3173 2856 3245 Χριστοῦ
2914 3176 3244 3245 τιμήσαντος
3297 3176 3390 3228 καὶ
3433 3173 3764 3240 δοξάσαντος

2183 3262 2251 3314 τὰ
2276 3260 2424 3333 ἔθνη,
2483 3264 2634 3326 υἱοὺς
2667 3263 2776 3333 γὰρ
2808 3264 3177 3334 κληρονόμους
3224 3264 3322 3332 τῆς
3383 3262 3550 3318 αὐτοῦ
3608 3267 3767 3334 βασι-

2182 3351 2332 3417 λείας
2355 3354 2482 3415 τοὺς
2509 3353 2860 3422 πειθομένους
2888 3353 3059 3419 ἔθετο,
3122 3355 3170 3407 οἳ
3205 3355 3414 3418 ἀνάξιοι
3475 3354 3571 3407 τοῦ
3629 3354 3762 3425 κλή-

2105 3433 2147 3489 (Ῑι
2185 3461 2280 3516 ρου
2315 3449 2409 3499 καὶ
2435 3446 2534 3516 τῆς
2566 3445 2860 3510 υἱοθεσίας,
2913 3447 3130 3510 ἀσεϐεῖς
3162 3448 3315 3511 ὄντες
3343 3447 3691 3501 ἀπολοῦνται.

2702 3580 3037 3634 ΕΡΩτιιΣιΣ
3093 3582 3231 3650 Tq'.

2178 3690 2365 3782 Διᾲρτί
2375 3693 2568 3782 1,ιιςίγοι
2597 3693 2672 3781 ἐξ,
2706 3693 3037 3782 Ἀντιξοθῶν
3065 3695 3161 3748 καὶ
3201 3693 3468 3782 Περσῶν,
3490 3695 3612 3782 ,καί
3645 3695 3758 3782 οὐκ

2251 3764 2318 3827 ἐξ
2366 3763 2571 3832 ἐτέρας
2601 3764 2794 3842 χῴρας
2823 3766 2861 3832 ἢ
2901 3767 3116 3842 ἕρκους
3155 3765 3233 3832 τῷ
3278 3763 3620 3831 Δεσποτικῷ
3667 3771 3763 3820 τύ-

2253 3851 2340 3902 κῳ
2377 3837 2823 3904 παραγεγόνασι
2853 3837 3069 3904 πρῶτοι
3087 3853 3108 3901 ;

495 3952 745 4004 Editarum
781 3971 808 4006 a
833 3957 1012 4008 Wolﬁo
1053 3962 1302 4015 tricesima
1326 3980 1454 4018 nona
1480 3970 1897 4084 (Curéngirlioémté
1928 3973 2081 4084 ξάνὲὑ

2183 3971 2336 4020 ἳ-69Ἱ.
2379 3968 2600 4019 Galland.
2627 3982 2678 4030 p.
2702 3969 2812 4030 710,
2843 3969 2948 4029 711,
2980 3985 3032 4020 ιι.
3066 3969 3142 4031 14,
3182 3983 3232 4032 q.
3265 3970 3398 4035 119).
3423 3971 3580 4021 --De
3603 3971 3758 4035 Hagis

2183 4035 2326 4084 tibus.
2355 4033 2526 4080 Matth.
2549 4046 2601 4093 ιι,
2629 4031 2650 4080 1

567 4121 748 4178 Variis
773 4123 841 4180 de
865 4129 1049 4184 causis
1088 4130 1141 4186 id
1177 4132 1384 4190 factum
1417 4153 1540 4196 esse
1571 4144 1790 4211 Opinor.
1827 4145 2073 4199 Primum

493 4217 714 4283 quidem
741 4221 812 4272 ita
867 4227 1151 4280 oraculum
1197 4229 1419 4299 aliquod
1450 4234 1834 4302 propheticum
1880 4238 2074 4307 imple-

494 4314 711 4367 verunt,
743 4307 816 4361 ita
844 4309 1089 4367 habens:
1128 4331 1146 4364 ι
1187 4315 1359 4386 Reges
1391 4321 1634 4375 Arabum
1659 4333 1714 4377 et
1743 4324 1899 4380 Saba:
1929 4324 2072 4381 don'a

491 4391 854 4450 aduentu.»
903 4397 1084 4455 Persa:
1133 4404 1279 4467 enim
1323 4414 1450 4461 tunc
1495 4413 1758 4479 temporis
1798 4430 2072 4469 summam

491 4488 816 4547 potestatem
871 4487 925 4540 in
970 4490 1222 4559 regiones
1269 4494 1392 4549 illas
1435 4500 1766 4554 exercebant
1815 4520 1829 4556 :
1879 4505 2070 4558 eadem

493 4578 623 4618 vero
649 4575 795 4622 terra
822 4580 876 4623 et
909 4588 1104 4628 aurum
1127 4582 1672 4648 praestantissimum,
1707 4598 1763 4641 et
1793 4591 2066 4659 myrrham

489 4664 545 4710 et
595 4659 724 4712 thus
772 4661 998 4728 profert.
1054 4667 1222 4723 Porro
1297 4671 1675 4744 [Egyptiorum
1723 4678 1951 4748 imperio
1998 4683 2065 4736 ad

487 4750 739 4819 Assyrios
769 4756 1049 4820 translato,
1079 4759 1434 4829 Assyriorum
1470 4782 1595 4820 vero
1630 4769 1723 4824 illo
1757 4772 1822 4823 ad
1870 4772 2065 4828 Persas

488 4839 761 4910 devoluto,
793 4845 1192 4919 Persarumque
1232 4855 1452 4924 regibus
1496 4867 1627 4914 tunc
1657 4861 1951 4930 primatum
1985 4874 2063 4919 te-

2246 4143 2344 4197 Διὰ
2369 4142 2592 4206 πολλάς,
2625 4141 2798 4212 οἶμαι,
2839 4142 3036 4205 αἰτίας.
3062 4143 3287 4214 Πρῶτον
3333 4144 3432 4214 μὲν
3459 4146 3568 4213 γὰρ
3613 4163 3748 4215 προ-

2177 4237 2402 4307 φητείαν
2434 4239 2554 4288 τινὰ
2589 4235 2940 4305 ἐξεπλήρουν,
2983 4235 3082 4306 τὴν
3107 4236 3400 4304 λέγουσαν·
3445 4255 3464 4290 ι
3501 4237 3754 4300 Βασιλεῖς

2185 4327 2432 4397 Ἀράϐων
2466 4327 2561 4380 καὶ
2604 4327 2754 4380 mea
2802 4326 2950 4396 δῶρα.
2987 4325 3367 4398 προσάξουσιν.
3401 4347 3421 4378 ι
3475 4329 3586 4381 Καὶ
3643 4329 3753 4398 γὰρ

2169 4421 2219 4471 οἰ
2257 4419 2466 4489 Πέρσαι
2498 4420 2802 4489 τηνικαῦτα
2841 4420 2948 4471 τῶν
2986 4420 3179 4489 χωρῶν
3212 4420 3440 4474 ἐκείκων
3457 4420 3517 4473 τὸ
3552 4421 3753 4488 κράτος

2170 4505 2336 4578 εἶχον.
2368 4510 2529 4580 Φέρει
2555 4510 2613 4563 δὲ
2659 4513 2692 4579 ἡ
2737 4510 2962 4563 ἐκείνων
3001 4511 3070 4575 γῆ
3111 4511 3380 4580 ἐπίσημον
3427 4528 3487 4563 τε
3545 4513 3747 4580 χρυσὸν

2170 4602 2261 4654 καὶ
2288 4600 2532 4670 σμύρναν
2569 4601 2662 4652 καὶ
2723 4601 2958 4656 λίϐανον.
2982 4602 3190 4664 Ἀλλιος
3217 4619 3275 4654 τε
3301 4603 3358 4654 δέ
3389 4604 3484 4655 καὶ
3512 4604 3610 4672 τῆς
3643 4606 3743 4673 μὲν

2166 4689 2480 4757 Αἰγυπτίων
2508 4689 2786 4759 βασιλείας
2816 4691 2896 4751 είς
2962 4691 3283 4760 ’Δσσυρίους
3327 4691 3741 4762 διαλελυμένης,

2162 4779 2271 4834 τῶν
2327 4779 2632 4849 Ἀσσυρίων
2690 4780 2747 4832 δὲ
2792 4781 2872 4842 εἰς
2909 4780 3126 4849 Πέρσας
3171 4782 3595 4852 μεταρῥυείσης,
3646 4784 3743 4834 καὶ

2159 4871 2270 4924 τῶν
2317 4873 2410 4924 ἐπὶ
2438 4872 2539 4940 γῆς
2587 4870 2708 4923 τότε
2767 4869 3027 4940 βασιλέων
3079 4871 3303 4942 Περσῶν
3360 4871 3428 4924 τὰ
3473 4873 3739 4942 πρεσϐεῖα

489 4931 768 4998 nentihus,
801 4938 1133 4995 conveniens
1167 4953 1304 5007 erat,
1334 4955 1414 5010 ut,
1445 4949 1537 5016 qui
1571 4965 1634 5003 ea
1673 4961 1832 5008 mtate
1869 4955 2061 5022 praeci-

2183 4961 2418 5030 ;χόντων,
2455 4961 2562 5013 ἔδει
2587 4963 2698 5022 τοῖς
2735 4961 2796 5012 τὸ
2827 4964 3092 5030 πρωτεῖον
3138 4963 3194 5013 ἐν
3226 4964 3339 5025 τοῖς
3372 4964 3493 5014 τότε
3543 4961 3738 5032 καιροῦ

489 5019 580 5085 pui
609 5031 814 5090 essent,
848 5024 1013 5081 iidem
1045 5030 1224 5098 primo
1254 5044 1310 5089 et
1335 5037 1427 5089 uni
1453 5041 1780 5097 saeculorum
1826 5043 1978 5114 Regi,
2005 5047 2061 5101 in

487 5117 630 5164 terra
681 5128 997 5185 conspecto,
1034 5121 1277 5189 Christo,
1319 5136 1376 5182 et
1413 5127 1521 5184 Deo
1566 5142 1775 5198 nostro,
1823 5137 2061 5192 adventu

485 5216 587 5254 suo
614 5204 822 5260 cultum
851 5219 1205 5282 praestarent,
1248 5227 1300 5271 et
1333 5218 1476 5274 dona
1509 5221 1788 5290 offerrent,
1821 5227 1907 5292 iis,
1937 5244 2061 5298 qua:

487 5287 782 5360 faciebant,
830 5299 1168 5366 prolitentes,
1199 5307 1345 5376 quod
1374 5307 1492 5361 Itex
1534 5311 1690 5365 modo
1716 5287 2061 5384 natus'ipso-

486 5393 628 5446 rum,
673 5385 765 5452 qui
823 5394 1035 5444 tantum
1081 5408 1190 5447 non
1237 5398 1386 5451 omni
1441 5400 1561 5453 orbi
1605 5400 1956 5471 imperarent,
2009 5415 2064 5461 et

2157 5050 2404 5120 λαχοῦσι,
2445 5051 2525 5121 τῷ
2559 5049 2760 5122 πρώτῳ
2797 5055 2893 5105 καὶ
2931 5053 3074 5121 μόνῳ
3116 5051 3337 5105 Βασιλεῖ
3366 5053 3474 5105 τῶν
3501 5052 3734 5118 αἰώνων,

2157 5141 2253 5192 ἐπὶ
2275 5143 2376 5208 γῆς
2399 5141 2612 5209 ὀφθέντι
2640 5142 2883 5212 Χριστῷ,
2905 5142 3023 5210 Θεῷ
3054 5142 3130 5213 τῷ
3156 5143 3331 5212 ἡμῶν,
3365 5145 3739 5213 παραγεγονό-

2161 5248 2260 5293 τας
2294 5249 2352 5283 τε
2385 5235 2778 5302 προσκυνῆσαι,
2813 5233 2906 5287 καὶ
2934 5233 3080 5304 δῶρα
3129 5233 3376 5303 κομίσαι,
3407 5234 3474 5287 δι’
3519 5229 3595 5286 ὧν
3622 5233 3736 5302 (85)

2157 5321 2427 5392 ἔπραττον
2449 5325 2908 5393 ἁνομολογοῦντας
2941 5326 3051 5396 (86)
3081 5327 3162 5378 ὅτι
3189 5328 3216 5378 ὁ
3240 5325 3453 5396 τεχθεὶς
3474 5324 3736 5387 Βασιλεὺς

2161 5411 2253 5466 καὶ
2306 5413 2507 5479 αὐτῶν,
2563 5415 2671 5467 τῶν
2724 5416 2923 5485 μικροῦ
2957 5417 3053 5487 τῆς
3088 5417 3191 5485 γῆς
3222 5417 3440 5486 ἁπάσης
3469 5415 3738 5487 κρατούν-

485 5473 739 5538 gentibus
787 5483 1044 5538 omnibus
1095 5489 1412 5556 superiores
1455 5503 1660 5563 essent,
1709 5493 1907 5560 Herus,
1959 5495 2065 5550 Do-

2183 5522 2276 5571 ων,
2315 5507 2409 5559 καὶ
2453 5507 2596 5560 κατὰ
2640 5508 2859 5561 πάντων
2893 5510 2952 5561 τὸ
3010 5511 3278 5579 πρωτεῖον
3331 5509 3588 5579 ἐχόντων,
3633 5511 3733 5560 Δ;-

557 5591 602 5621 ³³
631 5591 737 5649 Isa.
764 5614 853 5664 1.x,
885 5601 936 5655 6.

1999 5717 2230 5775 NOTIE.

565 5796 677 5869 (85)
711 5800 798 5860 Sic
827 5808 1008 5864 scribo
1035 5827 1152 5881 pro,
1187 5815 1254 5868 δι’
1287 5819 1366 5872 ὃν.

2214 5830 2326 5904 (86)
2353 5833 2520 5889 Coisl.
2555 5837 2692 5894 male
2720 5836 3204 5910 ἀνομολογοῦντας.
