4132 6500
374 431 508 496 1149

1154 431 1255 490 AD
1288 419 1884 486 AMPHILOCHIUM
1913 417 2262 489 QUt‘ESTiO
2292 423 2488 496 CCCV,
2526 427 2758 486 CCCVI.

3503 425 3640 492 1150

369 544 571 610 σπότης
599 542 695 595 καὶ
725 540 932 614 Κύριος
977 540 1072 593 καὶ
1110 540 1374 602 Βασιλεὺς
1406 537 1754 610 χρηματίζει,
1793 549 1960 604 προσ-

2067 533 2250 587 minus
2275 545 2326 588 ct
2364 534 2476 588 ltcx
2525 539 2922 606 appellaretur,
2971 545 3232 608 tanquam
3281 539 3542 595 adoratus
3571 544 3642 596 ab

365 635 698 705 κυνούμενός
726 651 787 686 τε
833 634 927 686 ὑπ’
955 631 1136 685 αὐτῶν
1171 631 1268 684 καὶ
1293 629 1772 703 δορυφορούμενος
1815 631 1952 701 (87).

367 727 430 779 Ei
479 728 524 780 δ’
571 728 654 781 ὅτι
699 728 909 781 ἐκεῖθεν
965 725 1264 795 ἐτύγχανεν
1323 726 1417 778 καὶ
1472 725 1726 795 Ἀϐραὰμ
1767 724 1796 775 ὁ
1848 740 1956 775 πα-

365 820 633 889 τριάρχης
709 820 798 891 (ἐκ
871 818 1154 872 Χαλδαίων
1227 817 1337 887 γὰρ
1392 820 1498 886 γῆς
1568 817 1787 888 πρῶτος
1851 817 1956 870 ἀπο

368 925 507 980 αρας
553 909 882 978 θεογνωσίαν
923 907 1232 980 ἐκήρυξεν),
1261 907 1351 960 διὰ
1391 906 1552 960 τοῦτο
1577 907 1671 960 καὶ
1702 903 1849 960 οὗτοι
1876 906 1957 968 εἰς

369 1001 743 1072 προσκύνησιν
814 1001 909 1053 τοῦ
995 1001 1250 1071 Σωτῆρος
1296 998 1508 1070 πρῶτοι
1587 999 1696 1051 τῶν
1780 996 1957 1051 ἄλλων

368 1093 578 1147 ἐκεῖθεν
607 1093 937 1164 ἐκινήθησαν
967 1093 1400 1163 παραγενέσθαι,
1432 1091 1644 1162 τρανῶς
1671 1089 1958 1144 διασαλπι⁴

370 1187 569 1258 ζούσης
607 1187 704 1256 τῆς
742 1185 1000 1256 τοιαύτης
1026 1186 1360 1256 οἰκονομίας,
1380 1186 1460 1238 ὅτι
1489 1186 1517 1237 ὁ
1561 1182 1722 1246 αὑτός
1757 1183 1904 1235 ἐστιν
1929 1183 1958 1236 ὁ

370 1281 463 1332 καλ¹
509 1280 630 1332 τότε
667 1279 761 1332 καὶ
792 1279 887 1333 νῦν
920 1278 1180 1348 ἐνεργῶν,
1228 1277 1353 1330 τότε
1406 1277 1508 1347 μὲν
1548 1277 1825 1343 τυπικῶς,
1862 1273 1959 1330 νῦν

369 1371 425 1424 δέ
448 1372 630 1434 αὐτοῖς
654 1371 946 1441 πράγμασι
975 1371 1070 1424 κα)⁵
1098 1369 1328 1442 ἀληθείᾳ
1353 1386 1365 1398 ·
1396 1367 1518 1423 οὐδὲ
1556 1367 1715 1421 τοῦτο
1767 1368 1832 1422 ἂν
1871 1368 1957 1438 εἴη

369 1464 467 1533 τῆς
496 1464 665 1536 ὀρθῆς
686 1463 905 1518 ἄπωθεν
931 1463 1192 1526 διανοίας.
1236 1463 1366 1516 Νόει
1394 1461 1450 1515 δέ
1481 1479 1573 1534 μοι
1623 1462 1864 1514 κάκεῖνο·
1896 1461 1961 1513 OE

371 1555 674 1626 Ἀσσυρίων
731 1555 971 1626 βασιλεῖς
1016 1558 1116 1626 τήν
1165 1573 1226 1608 τε
1275 1555 1634 1628 Ἰερουσαλὴμ
1701 1553 1962 1617 πολλάκις

372 1647 717 1718 ἐπόρθησαν,
772 1649 868 1701 καὶ
935 1649 1004 1701 τὰ
1070 1649 1129 1703 ἐν
1196 1647 1274 1718 τῷ
1328 1647 1458 1719 θείῳ
1527 1648 1632 1719 νεῷ
1701 1647 1962 1718 κειμήλια

372 1740 745 1809 ἀπεσύλησαν.
795 1741 906 1793 Καὶ
976 1740 1139 1794 αὐτὸν
1187 1739 1300 1792 ἐσθ’
1347 1743 1437 1794 ὅτε
1481 1741 1574 1794 τὸν
1619 1741 1746 1795 ναὸν
1793 1742 1961 1812 πυρὸς

374 1831 534 1899 ἔργον
566 1831 968 1900 ἀποφήναντες.
1031 1831 1144 1884 Καὶ
1201 1833 1304 1884 ὅσα
1359 1831 1498 1885 ἄλλα
1538 1834 1570 1902 ἠ
1613 1832 1744 1902 περὶ
1791 1831 1963 1885 ταῦτα

375 1920 586 1992 ἱστορία
639 1920 913 1985 διέξεισιν.
983 1921 1046 1974 Ἡ
1087 1922 1144 1975 δὲ
1188 1922 1299 1975 τῶν
1334 1922 1639 1992 Ἀσσυρίων
1680 1922 1827 1994 ἁρχὴ
1878 1923 1959 1986 είς

373 2013 593 2084 Πέρσας
624 2013 915 2083 μετέπεσε,
959 2014 1054 2067 καὶ
1082 2014 1174 2068 τὸν
1198 2013 1429 2078 ἐκείνοις
1454 2015 1686 2068 πλοῦτον
1715 2015 1955 2080 ἅπαντα,

371 2104 494 2166 ὅσος
518 2103 628 2172 (88)
657 2120 715 2156 τε
738 2104 795 2156 ἐν
823 2103 1108 2174 λαφύροις,
1133 2106 1227 2160 καὶ
1250 2106 1374 2168 ὅσος
1404 2107 1461 2158 ἐν
1490 2107 1750 2176 ὑπηκόων
1773 2108 1960 2176 φόροις

373 2196 453 2257 είς
481 2195 724 2259 ἐκείνους
749 2197 1216 2266 συμμετέστησεν.
1257 2198 1414 2266 Ἀγει
1442 2197 1622 2251 τοίνυν
1640 2200 1667 2250 ὁ
1685 2199 1817 2261 Θεὸς
1831 2202 1960 2264 τοὺς

373 2285 589 2357 Πέρσας
621 2288 703 2349 είς
737 2284 1110 2356 προσκύνησιν
1147 2287 1241 2340 τοῦ
1279 2289 1542 2358 βασιλέως
1568 2288 1664 2342 τοῦ
1719 2291 1954 2362 Ἰσραὴλ,

371 2379 428 2442 ὅς
476 2380 592 2431 ἐστι
639 2379 876 2449 Χριστὸς
922 2381 950 2432 ό
1007 2378 1140 2443 Θεὸς
1188 2381 1368 2451 ἡμῶν,
1423 2375 1576 2448 ᾧτινι
1615 2384 1712 2437 καὶ
1774 2387 1956 2439 ἀνεῖτο

377 2466 476 2531 μὲν
530 2468 586 2520 ἐν
646 2467 1044 2537 Ἱεροσολύμοις
1073 2469 1228 2532 νεὼς,
1276 2471 1608 2540 ἀνεφέροντο
1666 2473 1726 2525 δὲ
1765 2473 1861 2526 καὶ
1903 2476 1958 2527 αί

374 2557 711 2628 θυσίαι(89),
746 2560 838 2612 καὶ
866 2560 1120 2630 τρέχουσι
1145 2560 1395 2632 δρομέως
1418 2602 1432 2626 ,
1457 2563 1551 2616 καὶ
1581 2565 1959 2634 προσφέρουσι

371 2649 496 2702 ἀντὶ
529 2649 625 2718 μὲν
644 2649 743 2717 τῆς
770 2651 920 2720 παρὰ
943 2651 1050 2704 τῶν
1083 2652 1333 2722 πατέρων
1366 2654 1549 2708 αὐτῶν
1579 2657 1960 2726 γεγενημένης

371 2740 454 2802 είς
484 2739 555 2792 τὰ
587 2740 710 2810 ἱερὰ
751 2740 842 2793 τοῦ
885 2741 1020 2794 Θεοῦ
1077 2745 1302 2814 ἀτιμίας
1333 2745 1521 2816 τιμὴν,
1577 2747 1698 2800 ἀντὶ
1743 2747 1799 2800 δὲ
1849 2749 1960 2802 τῶν

368 2828 695 2900 δυσφημιῶν
753 2830 1066 2900 θεολογίαν,
1127 2836 1224 2887 καὶ
1276 2837 1650 2907 προσκύνησιν
1688 2839 1809 2892 ἀντὶ
1857 2840 1960 2910 τῆς

369 2919 538 2991 ἄλλης
578 2923 889 2992 παροινίας,
912 2924 1033 2976 ἀντὶ
1058 2924 1115 2977 δὲ
1143 2925 1247 2979 τῶν
1271 2927 1768 2999 συλαγωγηθέντων
1789 2929 1957 3001 δῶρα·

367 3013 468 3083 τῆς
502 3014 834 3084 προγονικῆς
873 3013 1062 3086 ὥσπερ
1115 3017 1692 3090 ὑπεραπολογούμενοι
1729 3022 1956 3092 τόλμης,

369 3105 468 3157 καὶ
498 3104 597 3174 τὴν
639 3105 972 3176 συγγνώμην
1006 3106 1238 3170 ἐκείνοις
1278 3108 1367 3162 διὰ
1402 3110 1502 3180 τῆς
1547 3112 1754 3176 οἰκείας
1795 3115 1961 3167 ἐκκα-

1991 1877 2038 1936 Β

2058 626 2193 690 illis,
2240 633 2294 682 et
2337 628 2598 683 satellitio
2643 630 2794 697 regio
2848 630 3106 700 stipatus.
3153 632 3425 697 Quoniam
3476 648 3643 702 porro

2056 721 2185 776 inde
2235 721 2584 776 Ahrahamus
2630 725 2938 792 patriarcha
3005 725 3272 780 oriundus
3321 727 3486 780 etiam
3542 727 3646 781 fuit

2062 815 2149 884 (is
2193 816 2368 880 enim,
2416 829 2481 868 ex
2515 815 2898 870 Chaldworum
2947 818 3170 888 regione
3229 817 3469 886 primum
3513 834 3643 885 pro-

2058 905 2258 969 fectus,
2299 905 2468 959 divini
2495 905 2752 960 Numinis
2800 907 3167 976 cognitionem
3198 907 3412 975 publice
3457 909 3642 978 ursit),

2059 1005 2344 1068 propterea
2375 1006 2429 1050 et
2461 997 2539 1050 illi
2575 996 2739 1066 primi
2770 999 3014 1051 omnium
3041 999 3266 1053 excitati
3296 1010 3444 1064 sunt,
3485 1009 3545 1053 ut
3576 1016 3644 1055 ex

2059 1086 2252 1141 eadem
2294 1089 2515 1156 regione
2569 1088 2637 1141 ad
2668 1088 2878 1141 cultum
2924 1087 3197 1142 Salvatori
3243 1091 3640 1156 praestandum,

2063 1182 2402 1245 advolarent,
2454 1183 2974 1252 sapientissimaque
3020 1184 3136 1237 hate
3175 1199 3363 1238 rerum
3407 1184 3643 1239 direCtio

2060 1275 2350 1344 perSpicue
2387 1274 2719 1344 signiﬁcaret
2751 1274 3005 1328 eumdem
3038 1289 3178 1338 esse,
3236 1276 3331 1345 qui
3363 1285 3416 1330 et
3443 1285 3569 1330 tunc
3593 1288 3647 1329 et

2064 1381 2210 1420 nunc
2238 1376 2582 1435 operaretur,
2612 1373 2744 1420 tunc
2775 1367 2998 1435 quidem
3033 1366 3086 1419 in
3125 1366 3288 1437 typis,
3333 1383 3480 1422 nunc
3519 1381 3648 1422 vero

2062 1472 2121 1511 re
2169 1457 2286 1526 ipsa
2320 1465 2374 1511 et
2409 1473 2592 1527 opere.
2625 1455 2682 1511 Si
2731 1458 2856 1527 quis
2905 1458 2979 1511 ita
3015 1467 3242 1523 statuat,
3301 1473 3404 1514 nec
3443 1458 3590 1512 hunc
3617 1473 3648 1512 a

2063 1559 2214 1604 recto
2237 1549 2445 1618 judicio
2479 1549 2783 1620 putaverint
2815 1551 3094 1607 aberrare.
3120 1547 3242 1604 Jam
3292 1565 3424 1604 vero
3454 1558 3509 1604 et
3545 1549 3651 1604 hoc

2065 1640 2234 1695 velim
2292 1641 2595 1710 expendas.
2645 1641 3002 1712 Assyriorum
3056 1656 3213 1711 reges
3273 1641 3651 1712 Hierosolyma

2066 1749 2209 1804 saepe
2241 1741 2654 1804 expugnarunt.
2696 1734 3016 1803 templique,
3057 1731 3168 1787 Deo
3214 1733 3381 1796 sacri,
3432 1733 3651 1788 cimelia

2067 1826 2432 1892 abstulerunt,
2458 1827 2637 1896 ipsum
2660 1826 2933 1880 interdum
2960 1825 3222 1894 templum
3248 1826 3388 1896 ignis
3410 1825 3650 1895 praedam

2065 1918 2350 1980 facientes,
2388 1929 2448 1973 ut
2481 1920 2635 1988 plura
2661 1919 2764 1972 alia
2791 1927 3024 1984 taceam,
3052 1933 3174 1987 quae
3207 1918 3279 1972 de
3311 1917 3395 1972 his
3421 1917 3650 1972 historia

2065 2011 2250 2065 tradit.
2306 2011 2504 2066 Postea
2561 2012 2917 2082 Assyriorum
2977 2010 3270 2080 imperium
3321 2009 3391 2064 ad
3450 2008 3650 2065 Persas

2063 2104 2338 2172 pervenit,
2364 2119 2670 2174 omnesque
2696 2119 2889 2158 eorum
2918 2118 3073 2173 opes,
3094 2117 3218 2169 qua:
3240 2101 3324 2158 vel
3353 2102 3408 2156 in
3434 2101 3648 2172 spoliis,

2062 2198 2147 2250 vel
2196 2198 2249 2251 in
2307 2199 2684 2268 subjectorum
2733 2197 2955 2252 tributis
3007 2197 3196 2267 positae
3236 2203 3415 2260 erant,
3457 2196 3524 2249 ad
3552 2209 3650 2250 eos

2066 2291 2565 2347 transferebantur.
2629 2293 2772 2347 Dens
2821 2292 3004 2360 itaque
3061 2289 3262 2344 Persas
3318 2289 3523 2344 excitat
3580 2287 3649 2340 ad

2063 2385 2442 2439 adorationem
2480 2384 2643 2454 Regis
2672 2383 2914 2447 israelis,
2945 2382 3036 2452 qui
3069 2391 3154 2436 est
3177 2381 3467 2443 Christus,
3503 2377 3649 2433 Deus

2064 2485 2272 2541 uoster,
2303 2478 2390 2532 cui
2422 2487 2478 2532 et
2507 2478 2770 2546 templum
2812 2476 3206 2547 Hierosolymis
3237 2482 3481 2530 erectum
3507 2483 3647 2536 erat,

2061 2581 2116 2626 et
2143 2570 2416 2627 sacriﬁcia
2451 2570 2844 2625 oﬂ‘erebautur.
2875 2569 2956 2624 Illi
2999 2569 3167 2623 citato
3202 2582 3370 2623 cursu
3403 2569 3471 2621 ad
3519 2581 3649 2621 eum

2065 2662 2338 2726 feruntur,
2373 2660 2534 2730 eique
2569 2675 2670 2730 pro
2701 2660 2942 2730 probris,
2989 2675 3020 2712 a
3075 2658 3378 2728 majoribus
3431 2658 3550 2712 suis
3593 2657 3646 2710 in

2065 2769 2220 2810 sacra
2253 2753 2542 2824 conjectis,
2604 2755 2890 2819 honorem,
2928 2768 3028 2821 pro
3065 2751 3284 2820 injuriis
3335 2749 3481 2814 ﬁdei,
3525 2757 3651 2803 tan-

2063 2861 2228 2916 quam
2287 2847 2340 2899 in
2385 2845 2583 2911 Deum,
2628 2845 3064 2914 professionem,
3111 2858 3212 2912 pro
3254 2841 3476 2912 ﬂagitiis
3525 2840 3650 2895 aliis

2065 2937 2298 2999 cultum,
2331 2950 2430 3003 pro
2457 2934 2646 3004 spoliis
2687 2934 2818 2989 olim
2854 2932 3019 2987 factis
3062 2930 3208 2986 dona
3239 2927 3497 2996 otierunt,
3546 2930 3652 2984 hoc

2065 3027 2230 3082 modo
2276 3027 2437 3098 quasi
2484 3029 2685 3082 avitam
2739 3028 3104 3083 temeri-tatem
3148 3027 3488 3093 excusaturi,
3556 3040 3653 3079 ve-

2067 3120 2324 3189 niamque
2363 3121 2471 3174 illis
2527 3121 2764 3190 propriis
2814 3119 2932 3175 suis
2975 3119 3228 3174 moribus
3271 3118 3648 3189 procuraturi.

368 3195 625 3264 λούμενοι
670 3197 946 3267 πράξεως.
1011 3199 1123 3252 Καὶ
1181 3201 1552 3272 προσφέρουσι
1602 3204 1704 3273 μὲν
1758 3205 1960 3275 χρυσὸν

2068 3211 2133 3266 ΕΙ.
2154 3228 2352 3267 aurum
2382 3214 2605 3282 quidem
2635 3213 2873 3268 olferunt
2899 3228 2998 3282 pro
3023 3228 3162 3267 auro
3193 3213 3286 3268 illo
3317 3223 3371 3268 et
3393 3213 3648 3279 cimeliis,

370 3285 495 3338 ἀντὶ
519 3285 613 3338 τοῦ
643 3285 849 3356 χρυσοῦ
885 3287 979 3340 καὶ
1005 3287 1113 3340 τῶν
1157 3289 1321 3361 ἱερῶν
1354 3291 1656 3362 κειμηλίων
1678 3335 1693 3359 ,
1725 3287 1800 3347 ὧν
1831 3293 1956 3348 ἐσύ-

369 3377 541 3446 λησαν
566 3394 579 3408 ο
598 3378 812 3432 λίϐανον
827 3379 883 3431 δὲ
909 3380 1031 3432 ἀντὶ
1050 3380 1159 3435 τῶν
1192 3381 1411 3448 θυσιῶν,
1442 3384 1508 3448 ἃς
1538 3384 1838 3453 ἐκώλυσαν,
1861 3391 1958 3443 καὶ

372 3469 624 3539 σμύρναν
656 3470 749 3521 ἐπὶ
773 3471 899 3532 τοὺς
924 3471 1072 3535 ams
1103 3472 1194 3525 ὑπ’
1215 3473 1395 3527 αὐτῶν
1417 3475 1794 3547 ἀνῃρημένους
1818 3479 1952 3551 (90),

369 3558 540 3610 πάλαι
574 3558 713 3610 κατὰ
755 3559 856 3629 τὴν
903 3562 1224 3630 πολιορκίαν
1258 3565 1385 3635 ὲνῆν
1426 3567 1608 3630 αὐτοῖς
1649 3570 1955 3641 ἀναστῆσαι

367 3648 466 3702 καὶ
524 3649 904 3718 παραστῆσαι,
963 3652 1152 3723 ὥσπερ
1199 3654 1364 3726 τιμὴν
1427 3659 1657 3722 ἐκείνοις
1702 3662 1812 3732 (91)
1858 3663 1955 3735 τὴν

369 3738 619 3809 σμύρναν
649 3739 988 3810 κομίζοντες,
1021 3744 1161 3813 τάχα
1182 3745 1237 3797 δὲ
1265 3748 1360 3799 καὶ
1392 3749 1489 3820 τὴν
1515 3751 1743 3823 γνώμην
1775 3755 1955 3810 αὐτῶν

366 3829 794 3900 ἐνδεικνύμενοι.
865 3833 952 3896 Ὠς
1003 3836 1131 3903 τόγε
1181 3838 1268 3890 ἐπ’
1329 3841 1518 3905 αὑταῖς
1570 3847 1664 3898 καὶ
1710 3844 1802 3899 τὸν
1857 3867 1956 3900 κα-

363 3925 756 3993 ταστραφέντα
825 3927 987 3992 ναὸν,
1045 3930 1140 3982 καὶ
1206 3931 1304 4002 τὴν
1368 3934 1521 3987 πόλιν
1597 3938 1956 4012 Ἰερουσαλὴμ

365 4015 584 4085 αἱρετὸν
659 4015 768 4086 (92)
805 4012 874 4087 ἦν
913 4019 1245 4075 ἁνανεῶσαι.
1315 4024 1428 4077 Καὶ
1506 4025 1616 4098 γὰρ
1651 4030 1684 4098 ή
1736 4031 1954 4102 σμύρνα

367 4105 696 4174 συσφίγγειν
743 4108 936 4162 εἴωθεν
992 4110 1060 4164 τὰ
1105 4112 1372 4168 διεστῶτα
1416 4119 1509 4169 κα)⁵
1553 4118 1951 4191 διεσπασμένα.

363 4199 480 4252 Καὶ
507 4199 615 4269 γὰρ
641 4202 689 4253 εἰ
711 4203 806 4253 καὶ
837 4203 931 4254 ἐπὶ
967 4203 1197 4273 Ἕσδρᾳ
1233 4207 1344 4277 (95)
1378 4226 1438 4261 τε
1469 4212 1564 4264 καὶ
1619 4215 1953 4280 Ζοροϐάϐελ

366 4291 642 4362 ἀνηνέχθη
675 4292 798 4345 τινὰ
835 4295 942 4347 τῶν
987 4295 1572 4370 λαφυραγωγηθέντων
1607 4304 1789 4374 ἱερῶν,
1835 4307 1952 4361 ἀλλ’

364 4381 464 4434 οὖν
495 4384 690 4446 ἐνδεῶς
739 4385 1042 4455 ἐπράττετο
1092 4388 1286 4453 ταῦτα,
1331 4393 1472 4462 μήτε
1510 4396 1603 4448 τοῦ
1659 4399 1951 4469 Λυτρωτοῢ

362 4473 465 4525 καὶ
491 4473 748 4544 Σωτῆρος
779 4477 939 4545 ήμῶν
976 4483 1442 4551 παραγεγονότος,
1475 4487 1613 4558 μήτε
1633 4490 1815 4543 αὐτῶν
1841 4492 1951 4546 τῶν

364 4563 879 4635 συλαγωγησάντων
914 4571 1344 4642 αὐτοπρόσωπον
1372 4578 1472 4648 τὴν
1502 4585 1820 4653 προσφορὰν
1840 4587 1949 4639 τῶν
1973 4577 2030 4638 D

367 4657 779 4750 σεσυλημένων,
835 4661 975 4714 ἀλλὰ
1031 4664 1098 4716 δι’
1156 4666 1361 4736 ἐτέρων
1415 4673 1776 4743 ποιουμένων.
1814 4679 1956 4750 Προ-

361 4748 600 4820 μήνυμα
629 4751 676 4803 δ’
699 4750 766 4805 ἂν
790 4754 876 4824 εἴη
903 4757 998 4808 καὶ
1029 4759 1062 4826 ἠ
1098 4757 1327 4828 Περσῶν
1370 4763 1564 4836 πρώτη
1617 4768 1821 4836 ἄφιξις,
1868 4748 1956 4826 γὸτι

354 4840 587 4928 πρῶτον
620 4843 669 4895 οί
701 4842 760 4908 ἐξ
785 4845 981 4911 ἐθνῶν,
1015 4849 1295 4921 ἦπερ(94)
1327 4853 1608 4926 ὁἸσραὴλ,
1639 4860 1730 4913 τὸν
1757 4863 1956 4916 οἰκεῖον

350 4931 760 5000 ὲπιγνώσονται
819 4937 1120 5010 Δεσπότην.
1180 4941 1305 4996 Είδέ
1361 4961 1448 5011 τις
1503 4946 1678 5003 ἐθέλοι
1742 4953 1837 5006 καὶ
1887 4954 1957 5007 τὰ

2063 3315 2188 3370 quae
2228 3316 2322 3370 per
2350 3302 2599 3370 rapinam
2636 3302 2767 3354 olim
2803 3302 3182 3368 abstulerant;
3227 3302 3350 3356 thus
3389 3318 3520 3356 vero
3551 3318 3650 3372 pro

2063 3391 2373 3454 sacriliciis,
2400 3407 2521 3460 qua:
2543 3392 2659 3445 ﬁeri
2684 3399 2970 3447 vetuerant
2990 3411 3004 3459 ;
3024 3403 3077 3446 et
3105 3393 3382 3463 myrrham
3412 3392 3652 3464 denique

2063 3495 2163 3549 pro
2198 3479 2330 3542 illis,
2365 3481 2456 3548 qui
2489 3480 2556 3534 ab
2607 3479 2742 3549 ipsis
2773 3489 2930 3533 erant
2977 3480 3259 3546 trucidati,
3306 3495 3560 3550 quosque
3593 3480 3649 3534 in

2063 3572 2448 3641 frequentibus
2477 3572 2596 3627 suis
2634 3571 3038 3638 obsidionibus,
3069 3572 3313 3627 excitare
3339 3580 3394 3627 ct
3425 3573 3479 3626 in
3509 3573 3652 3627 inte-

2061 3683 2218 3736 grum
2250 3667 2542 3721 restituere
2574 3666 2923 3735 potuissent;
2959 3666 3046 3719 his
3097 3665 3243 3720 enim
3280 3667 3499 3736 myrrha
3531 3667 3652 3722 cul-

2063 3772 2178 3815 tum
2207 3761 2370 3831 quasi
2399 3776 2560 3815 suum
2609 3769 2664 3815 et
2692 3760 2934 3814 studimn
2963 3761 3155 3816 testari
3203 3769 3482 3829 poterant.
3511 3759 3649 3816 For-

2064 3862 2211 3905 tasse
2234 3867 2364 3905 vero
2385 3851 2550 3905 etiam
2581 3865 2676 3919 per
2699 3850 2979 3921 myrrham
3012 3850 3180 3903 animi
3209 3852 3293 3905 sui
3321 3852 3648 3906 sententiam

2061 3945 2346 3999 declarare
2397 3944 2714 4004 voluerunt,
2769 3941 2919 4010 quod
2966 3942 3179 3998 scilicet
3207 3958 3308 4012 pro
3357 3944 3500 3998 virili
3550 3961 3649 4000 sua

2061 4047 2221 4106 parte
2253 4037 2518 4105 templum
2551 4035 2680 4090 olim
2713 4051 2967 4090 eversum
3019 4044 3075 4090 et
3111 4037 3304 4090 urbem
3333 4035 3646 4093 Jerusalem

2061 4128 2380 4182 instaurare
2411 4127 2646 4182 libenter
2684 4127 2909 4182 velient.
2943 4125 3160 4196 Myrrha
3191 4128 3338 4182 enim
3390 4144 3475 4193 ea,
3524 4147 3648 4199 qua:

2057 4221 2320 4276 distracta
2349 4227 2404 4273 et
2441 4218 2746 4274 disturbata
2775 4229 2927 4282 sunt,
2963 4218 3346 4289 constringere
3373 4228 3428 4273 et
3469 4221 3648 4272 conti-

2058 4331 2191 4369 nere
2217 4315 2384 4369 solet.
2423 4313 2688 4379 Quamvis
2715 4313 2861 4367 enim
2893 4313 2996 4367 sub
3029 4311 3206 4365 Esdra
3235 4321 3290 4366 et
3321 4311 3644 4366 Zorobabele

2058 4407 2350 4472 nonnulla,
2405 4422 2530 4476 quae
2581 4421 2648 4461 ex
2710 4406 2888 4460 sacris
2940 4407 2992 4459 in
3045 4405 3284 4475 praedam
3338 4417 3642 4469 cesserant,

2057 4499 2408 4566 olIerrentur,
2440 4509 2604 4554 tenue
2649 4509 2831 4554 tamen
2865 4499 2995 4552 illud
3030 4514 3196 4552 omne
3242 4510 3295 4552 et
3339 4498 3456 4553 leve
3501 4507 3640 4561 erat,

2059 4611 2183 4650 cum
2216 4610 2318 4648 nec
2349 4594 2635 4648 Liberator
2675 4601 2729 4646 et
2757 4594 3017 4647 Servatur
3061 4601 3251 4648 noster
3302 4592 3639 4659 advenisset,

2058 4701 2160 4740 nec
2186 4686 2284 4748 illi,
2318 4684 2413 4754 qui
2454 4683 2694 4753 praedam
2726 4682 2994 4748 fecerant,
3030 4683 3206 4751 spolia
3257 4682 3350 4735 illa
3386 4682 3510 4749 ipsi,
3543 4682 3637 4736 sed

2057 4793 2153 4847 per
2197 4777 2359 4839 alios,
2413 4775 2696 4828 oﬂ‘errent.
2749 4775 2922 4829 Porro
2970 4773 3108 4827 idem
3168 4772 3459 4825 Persarum
3512 4783 3639 4825 ante

2059 4877 2290 4923 cancros
2319 4867 2589 4921 adventus
2617 4863 3095 4936 przesigniﬁcabat,
3136 4863 3367 4931 gentiles
3402 4862 3633 4931 priores.

2057 4976 2224 5031 quam
2263 4959 2506 5024 Judaeos,
2539 4957 2833 5013 Dominum
2866 4972 3028 5013 suum
3071 4956 3355 5026 aguituros
3397 4967 3541 5009 esse.
3578 4952 3637 5008 Si

1902 5133 2140 5194 ΝΟΤᾸΕ.

434 5328 549 5407 (87)
578 5326 742 5385 Coisl.
773 5329 1285 5407 δωροφορούμενος.
1309 5331 1628 5407 Legendum
1645 5337 1827 5392 videri
1856 5352 1954 5407 po-

344 5410 506 5484 {erat
521 5401 835 5484 δωροφορού
845 5418 1028 5484 μενος,
1052 5401 1215 5484 quasi
1229 5401 1949 5484 muneri!)us_c_ohonestut'us.

2061 5481 2067 5484 ’
2112 5401 2244 5484 Δ(90)
2270 5410 2398 5484 Post
2437 5409 2984 5484 ἀνῃρημένους-ραις)
3014 5421 3111 5476 per
3153 5404 3472 5484 affinitatem
3521 5401 3633 5472 syl-

348 5474 595 5548 Ριξξι-διο).
630 5485 760 5523 vero
793 5482 1046 5548 nostrum
1086 5473 1241 5537 illud,
1290 5489 1400 5542 quo
1441 5477 1756 5548 et‘Photius
1789 5480 1949 5546 alias,
2053 5473 2192 5535 laba:
2225 5473 2440 5534 'ultima:
2479 5473 2751 5535 eiici'disse
2799 5473 2894 5542 οὓς
2948 5473 3220 5548 fi'iiquenti
3284 5473 3634 5529 librariorum

345 5554 417 5600 et
459 5542 768 5608 Scriptores
800 5540 1117 5611 frequenter
1148 5540 1396 5608 utuntur,
1435 5545 1526 5600 ubi
1574 5549 1640 5601 de
1688 5540 1953 5603 satellitio
2053 5551 2288 5606 incuria.

345 5615 520 5680 regio
570 5625 754 5665 sermo
803 5623 905 5665 est.
963 5613 1092 5666 Vide
1137 5629 1260 5681 quae
1308 5615 1376 5669 de
1426 5614 1748 5689 δορυφόροις
1795 5619 1954 5672 affert

341 5683 588 5741 Elisius
651 5681 702 5732 in
750 5679 1011 5735 Fortuitis
1064 5685 1234 5736 sacris
1289 5699 1342 5745 ιν.
1391 5685 1480 5741 50.
1522 5689 1671 5742 etde
1723 5688 1952 5745 δορυφο-

2126 5622 2238 5691 (91)
2283 5619 2360 5674 Ita
2396 5618 2578 5673 scribo
2610 5634 2709 5688 pro
2730 5618 2994 5681 ἐκείνους.

2128 5691 2239 5745 (92)
2281 5690 2374 5743 Sic
2410 5689 2566 5742 Colb.
2597 5704 2698 5745 mo
2725 5688 2961 5745 ἀρετῶν.

341 5693 588 5741 Eltsms
651 5696 702 5732 in
750 5693 1011 5735 Fortuitis
1064 5693 1234 5736 sacris
1289 5699 1342 5754 ρ.
1391 5693 1480 5741 50.
1522 5693 1671 5742 etde
1723 5693 1952 5756 δορυφο-

340 5752 550 5830 ροῦ-σι-
587 5750 784 5804 Ezech.
860 5752 1226 5822 Spauhcmius
1300 5753 1368 5809 ad
1435 5755 1671 5813 Cwsares
1738 5757 1948 5814 Iuliani

2128 5693 2239 5759 (92)
2281 5693 2374 5743 Sic
2410 5693 2566 5742 Colb.
2597 5704 2698 5757 pro
2725 5693 2961 5758 ἀρετῶν.

2131 5762 2241 5830 (95)
2278 5759 2424 5814 idem
2459 5774 2558 5828 pro
2599 5759 2786 5829 Ἐδρα.

337 5823 408 5900 ἰ)-
442 5823 626 5902 ,ἓξξίκ
693 5890 726 5902 η
771 5892 803 5902 ..
998 5893 1058 5902 ..η

2130 5823 2241 5902 (94)
2282 5830 2374 5887 Sic
2396 5823 2581 5892 scribo
2607 5823 2710 5899 prd
2739 5830 2920 5898 εἴπερ.

433 5893 551 5964 (88)
593 5890 668 5948 Ita
685 5890 834 5949 Cotb.
866 5908 965 5964 pro
998 5893 1158 5948 Ὅσα.

2127 5338 2242 5410 (89)
2269 5338 2441 5394 Coisi.
2484 5337 2626 5393 male
2656 5338 2931 5410 ἀνθυσίαι.
