4132 6442
581 389 722 463 1151

1715 382 1984 445 ΡΠΟΤΙΙ
2023 378 2533 443 PATRIARCH/E
2566 380 2675 439 CP.

3721 378 3867 441 1152

578 502 707 573 quis
735 498 980 570 denique
1004 497 1072 552 de
1106 495 1307 552 oblatis
1339 494 1449 551 illis
1480 500 1724 550 statuere
1752 492 1931 558 malit,
1969 506 2167 545 aurum

2283 486 2753 559 προσκομισθέντα
2810 484 2960 555 δῶρα
3010 483 3102 537 τὸν
3156 483 3256 554 μὲν
3307 482 3507 553 χρυσὸν
3540 482 3614 547 ὡς
3646 485 3869 539 Βασιλεῖ

577 593 801 663 quidem
853 588 1099 652 Christo,
1154 596 1217 641 ut
1262 586 1397 657 llegi
1446 585 1613 656 hujus
1658 584 1945 648 universi,
1997 583 2177 637 instar

586 684 803 749 tributi,
854 690 910 738 et
944 683 996 736 in
1039 681 1366 757 obedientiaa
1412 688 1825 748 argumentum,
1853 676 1982 731 thus
2019 689 2172 740 vero,

585 785 646 831 ut
674 775 807 841 Deo,
844 773 1125 845 myrrham
1175 773 1436 842 denique,
1469 781 1529 825 ut
1581 770 1695 831 tali,
1740 769 1832 839 qui
1868 783 1968 837 pro
2016 765 2175 821 nobis

580 865 888 919 moriturus
922 864 1010 928 sit,
1037 864 1219 915 oblata
1247 877 1403 927 esse;
1434 860 1485 913 id
1516 874 1736 929 quoque
1768 872 1878 912 non
1910 858 2174 912 inconve-

582 957 802 1011 nienter
831 956 994 1009 modo
1028 953 1369 1022 dietisjungi
1404 953 1598 1020 possit.

744 1045 1082 1113 QUASSTIO
1123 1045 1349 1101 cccvn
1392 1044 1584 1117 [09531.
1629 1043 1796 1097 Taur.
1836 1038 2027 1111 CXX].

580 1142 690 1195 Cur
724 1142 963 1211 pra'cipit
1011 1140 1245 1211 Herodes
1285 1138 1498 1211 Magis,
1569 1136 1660 1211 qui
1704 1132 2175 1211 Μιναίαν-Μηνίο-

652 1202 823 1265 stram
860 1202 1129 1265 Christum
1176 1202 1454 1281 adoraturi
1496 1202 1821 1281 veniebant}
1861 1220 1879 1252 ι
1911 1202 2175 1281 Ιιιίιιιὶνὶιε

652 1284 955 1349 diligenter,
985 1300 1003 1332 ι
1023 1281 1288 1348 inquiens.
1310 1297 1327 1329 ι
1354 1279 1407 1330 in
1426 1292 1645 1345 puerum
1664 1293 1682 1340 ;
1704 1274 1932 1349 ηὸἱυετο
1962 1274 2174 1349 invene-

650 1341 791 1414 ritis,
842 1341 1137 1404 renuntiate
1173 1350 1343 1414 mihi,
1380 1341 1441 1401 ut
1493 1356 1542 1400 et
1573 1362 1667 1416 ego
1703 1345 1911 1399 veniens
1949 1341 2170 1395 adorem

652 1438 773 1476 eum
800 1421 885 1473 ⁸ιῖ
918 1440 936 1473 ι

2274 578 2711 651 προσενεχθῆναι
2768 576 2877 629 τῶν
2922 576 3089 641 ὅλων,
3152 576 3318 628 οἱονεὶ
3379 576 3547 646 φόρον
3593 575 3718 629 τινὰ
3767 577 3866 631 καὶ

2275 672 2523 743 ὑπακοῆς
2577 672 2862 741 ξσημεῖον,
2918 669 2994 732 ὡς
3050 667 3171 738 Θεῷ
3219 669 3277 722 δὲ
3341 668 3432 721 τὸν
3488 668 3709 722 λίϐανον
3770 671 3868 721 καὶ⁵

2277 764 2548 835 σμύρναν,
2585 761 2660 825 ώς
2692 760 2759 814 δι’
2784 762 2933 829 ἡμᾶς
2966 760 3319 829 γενησομένῳ
3339 757 3555 829 νεκρῷ,
3589 757 3868 812 καὶτοῦτο

2272 856 2373 909 οὐκ
2403 854 2469 908 ἂν
2494 852 2854 923 ἀναρμόστως
2880 850 2959 921 τῷ
2995 851 3311 922 προτεθέντι
3361 849 3715 921 περιαφθείη.

2838 1033 3181 1087 ΕΡΩΤΗΣΙΣ
3215 1034 3334 1087 ΤΖ’.

2272 1126 2376 1181 Διὰ
2401 1198 2412 1206 _
2435 1126 2490 1179 τί
2536 1124 2951 1206 ἐπικελεύεται
2994 1129 3036 1206 d_
3068 1127 3327 1206 ⁹ρρώιξης
3381 1128 3516 1206 τρῖς
3542 1128 3647 1206 είς-
3683 1140 3872 1206 προοί-

2342 1198 2612 1262 κύνησιν
2641 1197 2907 1267 ἢκουσιος
2934 1196 3040 1267 τοῦ
3082 1196 3359 1267 Σωτῆρος
3392 1198 3565 1267 ἡμῶν
3596 1198 3867 1267 Χριστοῦ

2335 1267 2573 1337 μάγοις,
2607 1287 2625 1319 ι
2665 1265 2945 1337 Ἀκριϐᾠς
2976 1266 3325 1331 ἐξετάσατε,
3348 1265 3563 1336 λέγων,
3596 1265 3729 1336 περὶ
3760 1266 3871 1320 τοῦ

2340 1336 2605 1409 παιδίου,
2642 1337 2799 1409 ἐπὰν
2826 1336 2894 1389 δὲ
2922 1336 3155 1409 εὕρητε,
3176 1337 3579 1408 ἀπαγγείλατέ
3605 1357 3705 1409 μοι
3725 1378 3741 1403 ,
3769 1338 3874 1391 ἵνα

2341 1408 2503 1476 κάγὼ
2526 1406 2724 1463 ἐλθὼν
2745 1406 3155 1475 προσκυνήσω
3189 1406 3358 1473 αὐτῷ
3373 1426 3393 1474 ;
3433 1428 3452 1461 ι

1011 1532 1267 1582 Editarum
1290 1546 1324 1580 a
1341 1531 1517 1580 Wolﬁo
1540 1526 1919 1592 quadragesima
1952 1528 2010 1591 (1.
2033 1539 2078 1575 c.
2110 1537 2163 1586 p.
2184 1520 2414 1571 697-699.
2438 1519 2664 1571 Galland.
2690 1534 2739 1583 p.
2764 1518 2873 1578 711,
2907 1519 3019 1580 712,
3050 1532 3101 1569 n.
3131 1518 3207 1581 15,
3228 1533 3278 1581 q.
3305 1519 3434 1582 120).

663 1618 719 1672 ld
753 1617 978 1687 quidem
1017 1617 1324 1671 secundum
1362 1631 1588 1669 sensum
1623 1613 1913 1668 litteralem
1944 1611 2067 1665 ideo
2103 1608 2176 1664 l'a-
2206 1618 2250 1672 Β

585 1712 798 1775 ciebat,
846 1709 993 1779 quod
1028 1708 1144 1779 ipse
1188 1718 1308 1762 erat
1362 1707 1475 1762 Rex
1522 1706 1757 1771 Judaem,
1804 1713 2175 1775 perceptoque

587 1805 753 1873 [legis
789 1810 948 1872 partu
993 1800 1473 1866 consternabatur,
1521 1808 1685 1870 atque
1731 1798 1872 1853 adeo
1913 1812 2040 1853 eum
2086 1794 2176 1847 in-

588 1899 840 1951 ter-licere
894 1895 1171 1960 studebat,
1224 1894 1320 1964 qui
1373 1892 1665 1962 imperium
1723 1890 1829 1945 sibi
1882 1898 2177 1959 erepturus

589 1986 901 2040 videbatur.
942 1982 1221 2049 Quoniam
1266 1997 1397 2037 vero
1426 1997 1553 2037 eum
1591 1979 1883 2035 dillieulter
1928 1976 2177 2032 invenire

588 2087 831 2145 poterat,
870 2077 1030 2131 dolos
1059 2083 1113 2130 et
1149 2075 1398 2129 fraudem
1436 2073 1631 2129 nectit.
1680 2070 1982 2143 Propterea
2009 2070 2174 2124 etiam

590 2172 667 2225 ait
700 2187 714 2223 :
753 2188 771 2222 ι
804 2167 875 2224 Ut
907 2178 960 2223 et
994 2183 1095 2238 ego
1120 2168 1350 2222 veniens
1377 2166 1603 2221 adorem
1636 2164 1814 2218 illum.
1846 2182 1865 2215 ›
1909 2161 2037 2217 11ωο
2081 2176 2178 2215 ex-

588 2263 787 2331 positio
809 2277 878 2316 ex
903 2261 1090 2317 verbis
1117 2260 1252 2329 ipsis
1279 2258 1547 2314 nascitur.
1574 2256 1831 2312 Fortasse
1857 2270 1990 2311 vero
2009 2254 2177 2310 etiam

594 2355 802 2409 invitus
833 2355 951 2423 ipse
1002 2352 1362 2423 praenuntiat,
1400 2350 1519 2405 fore
1577 2357 1638 2404 ut
1671 2365 1781 2404 non
1814 2349 1994 2403 solum
2045 2362 2179 2417 gen-

592 2448 716 2503 tiles
750 2462 847 2516 per
885 2445 1105 2512 Persas,
1156 2446 1249 2514 qui
1286 2444 1528 2514 primum
1564 2449 1851 2503 venerant.
1893 2439 2175 2494 Christum

587 2537 906 2596 adorarent,
949 2534 1046 2589 sed
1076 2540 1133 2588 et
1161 2530 1346 2586 Iudaea
1378 2532 1657 2595 universa,
1694 2537 1817 2599 post
1866 2527 2075 2583 cultum
2109 2528 2178 2581 ab

599 2627 706 2681 illis
737 2627 1067 2697 priestitum,
1105 2640 1233 2679 eum
1266 2624 1523 2693 religiose
1556 2629 1934 2678 veneraretur.
1975 2617 2094 2683 Vel,
2129 2617 2176 2672 si

594 2722 780 2786 malis,
815 2719 1129 2789 procliviori
1159 2716 1324 2773 modo
1352 2718 1495 2773 ratio
1523 2718 1698 2788 typica
1729 2715 1945 2771 ostendi
1979 2712 2176 2784 possit.

592 2813 837 2869 Herodes
870 2814 1014 2868 enim
1042 2812 1160 2881 ipse
1189 2812 1329 2867 duas
1378 2811 1501 2865 illas
1544 2819 1733 2880 gentes
1779 2816 2181 2878 reprazsentare

592 2915 781 2974 queat,
833 2904 928 2975 qui
975 2919 1039 2959 ex
1091 2904 1345 2974 gentibus
1388 2914 1545 2958 ortus
1594 2901 1799 2956 Judaais
1851 2899 2176 2969 imperabat,

592 3007 759 3067 atque
809 2998 967 3061 adeo,
1017 2995 1273 3066 quamvis
1309 2995 1537 3058 invitus,
1575 3003 1650 3059 et,
1696 3007 1817 3063 qua:
1844 2993 2012 3056 dicat,
2061 2991 2180 3062 ipse

595 3092 845 3153 nescius,
881 3089 1202 3159 prophetam
1254 3089 1388 3158 agit,
1425 3102 1835 3159 personamque
1868 3086 2039 3141 totius
2086 3100 2180 3156 ge-

594 3183 741 3237 neris
769 3181 1019 3248 humani,
1055 3181 1339 3252 gentilium
1372 3196 1527 3251 teque
1569 3196 1633 3235 ac
1661 3179 2002 3242 Judieorum,
2054 3194 2182 3235 sus-

592 3271 775 3327 tinens
810 3311 825 3336 ,
892 3269 1002 3325 Deo
1050 3270 1116 3324 ad
1172 3270 1427 3326 homines
1479 3268 1798 3328 divertenti,
1858 3269 2179 3339 religiosum

591 3364 802 3420 cultum
861 3360 1234 3433 praestandum
1280 3378 1440 3428 esse,
1488 3362 1800 3433 proﬁtetur.
1854 3360 2003 3416 Nihil
2050 3375 2182 3416 vero

594 3458 795 3520 obstat,
843 3455 1139 3527 quominus
1185 3456 1514 3526 prophetam
1569 3455 1752 3526 egisse
1804 3455 2175 3510 existimetur.

594 3549 859 3604 Similiter
916 3550 1064 3604 enim
1100 3558 1155 3604 et
1194 3549 1433 3621 Caiphas
1474 3548 1762 3619 ignorabat
1809 3548 1943 3618 quid
1987 3547 2182 3617 loque-

594 3650 773 3696 retur.
803 3638 942 3694 Nam
996 3639 1127 3695 dum
1166 3655 1323 3696 mens
1369 3640 1490 3710 ejus
1526 3639 1829 3695 furibunda
1880 3640 1935 3694 in
1976 3640 2179 3695 cadem

593 3733 897 3798 ferebatur,
927 3733 1091 3787 labiis
1122 3741 1303 3787 tamen
1334 3732 1655 3787 vaticinium
1689 3733 1908 3795 edebat,
1934 3732 2126 3788 dicens
2164 3751 2178 3786 :

600 3845 619 3876 ι
661 3824 892 3880 Prwstat
919 3840 1089 3878 unum
1141 3825 1421 3879 hominem
1456 3826 1622 3889 mori,
1654 3840 1818 3894 quam
1848 3834 2017 3880 totam
2050 3840 2183 3896 gen-

598 3926 704 3970 tem
741 3915 922 3984 perire
951 3916 1017 3969 ³⁸.
1053 3934 1071 3965 ι
1101 3914 1218 3969 Nisi
1271 3917 1417 3971 enim
1485 3915 1740 3972 Christus
1800 3916 1945 3972 Deus
1995 3927 2183 3971 noster

598 4017 829 4064 mortem
851 4008 1102 4073 obiisset,
1133 4024 1307 4079 genus
1338 4010 1642 4065 humanum
1675 4026 1957 4081 nunquam
1990 4010 2184 4068 fuisset

598 4098 892 4153 salvatum.
928 4097 1194 4164 Quamvis
1224 4099 1372 4153 enim
1405 4109 1636 4170 uterque
1657 4116 1851 4156 eorum
1876 4101 2024 4157 dono
2053 4118 2183 4172 pro-

594 4192 816 4260 phetico
866 4201 1013 4246 esset
1060 4191 1343 4261 indignus,
1394 4192 1523 4248 hinc
1572 4201 1758 4249 tamen
1800 4196 2179 4260 sacerdotalis,

2354 1604 2521 1659 Ὅσον
2578 1604 2677 1676 μὲν
2741 1603 2850 1656 ἀπὸ
2901 1601 2997 1656 τοῦ
3053 1604 3401 1675 γράμματος,
3458 1604 3548 1659 διά
3583 1604 3876 1660 τοῦτο’ὃτι

2281 1697 2543 1768 βασιλεὺς
2594 1692 2663 1768 ἦν
2712 1697 2815 1765 τῆς
2858 1695 3155 1763 Ἰουδαίας,
3219 1697 3315 1749 καὶ
3376 1696 3642 1767 βασιλέως
3711 1700 3875 1752 τόκον

2279 1789 2556 1857 ἀκούσας,
2617 1787 2895 1859 ἐταράχθη
2962 1805 3021 1842 τε
3076 1790 3171 1842 καὶ
3238 1788 3423 1860 ἐζήτει
3493 1792 3708 1845 ἀνελεῖν
3778 1794 3877 1844 τὸν

2278 1881 2634 1952 ἐλπιζόμενον
2684 1882 2999 1952 παραλῦσαι
3058 1883 3158 1952 τῆς
3197 1882 3475 1953 βασιλείας
3515 1883 3701 1940 αὐτόν.
3760 1884 3877 1938 Καὶ

2278 1976 2508 2045 ἐπείπερ
2534 1974 2635 2028 οὒκ
2688 1970 2757 2045 ἦν
2790 1976 2921 2045 ῥᾷον
2977 1974 3144 2029 αὐτὸν
3199 1976 3472 2046 ἀνευρεῖν,
3524 1976 3680 2029 δόλον
3735 1994 3876 2046 προ-

2280 2067 2536 2122 ϐάλλεται
2576 2068 2672 2120 καὶ⁵
2706 2068 2945 2139 ἀπάτην.
2978 2069 3091 2122 Καὶ
3116 2067 3205 2122 διὰ
3235 2068 3399 2122 τοῦτό
3431 2086 3599 2141 φησιν
3628 2085 3645 2101 ο
3696 2088 3715 2121 ι
3756 2071 3876 2123 Ἵνα

2279 2158 2436 2229 κάγὼ
2468 2160 2643 2214 ἐλθὼν
2684 2167 3053 2235 προσκυνήσω
3081 2163 3253 2235 αὐτῷ.
3304 2184 3322 2216 ι
3368 2164 3509 2218 Ἀλλ’
3534 2164 3677 2237 αὕτη
3715 2166 3870 2239 μένή

2278 2254 2373 2307 ἐπὶ
2418 2254 2497 2325 τῷ
2527 2256 2819 2325 γράμματι
2870 2257 3224 2326 κατανόησις.
3261 2256 3416 2326 Τάχα
3464 2256 3524 2310 δὲ
3574 2256 3671 2310 καὶ
3722 2258 3874 2312 ἄκων

2279 2347 2617 2417 προφητεύει
2650 2348 2708 2401 τὸ
2738 2347 2956 2419 μέλλον,
2978 2349 3061 2401 ὅτι
3094 2348 3169 2419 μὴ
3205 2349 3365 2418 μόνον
3394 2347 3461 2401 τὰ
3492 2346 3620 2417 ἔθνη
3644 2348 3736 2401 διὰ
3762 2349 3873 2401 τῶν

2279 2438 2509 2507 Περσῶν
2564 2440 2941 2509 προσκυνήσει
2972 2438 3068 2491 τὸν
3111 2438 3367 2508 Χριστὸν,
3401 2437 3541 2491 ἀλλά
3590 2439 3734 2509 μετά
3774 2439 3874 2509 τήν

2281 2529 2505 2583 ἐκείνων
2536 2530 2920 2600 προσκύνησιν
2946 2531 3039 2583 καὶ
3064 2529 3294 2583 Ἰουδαία
3317 2530 3469 2583 πᾶσα
3500 2530 3874 2601 προσκυνήσει

2279 2622 2447 2693 αὐτῷ.
2482 2624 2544 2677 Et
2580 2623 2762 2694 βούλει
2816 2625 2906 2690 δὲ,
2965 2625 3061 2677 καὶ
3110 2624 3339 2677 αὐτόθεν
3378 2623 3493 2693 ἔχει
3521 2625 3550 2676 6
3582 2623 3756 2687 τύπος
3812 2623 3876 2677 τὸ

2281 2714 2709 2770 ἁπευθύνεσθαι.
2728 2717 2850 2768 Τῶν
2868 2716 2977 2787 γὰρ
3005 2716 3099 2769 δύο
3121 2715 3265 2769 λαῶν
3293 2697 3451 2787 φέροι
3476 2715 3543 2770 ἂν
3567 2718 3596 2769 ὀ
3625 2714 3878 2787 Ἡρώδης

2281 2809 2611 2881 ὲκτύπωμα.
2659 2810 2751 2874 Ἐξ
2776 2810 2947 2863 ἐθνῶν
2979 2812 3088 2881 γὰρ
3115 2809 3192 2862 ὢν
3235 2811 3507 2864 Ἰουδαίων
3532 2810 3873 2875 ἐϐασίλευεν,

2286 2902 2381 2955 καὶ
2426 2902 2513 2973 εἴη
2563 2902 2630 2956 ἂν
2684 2903 2836 2956 ἄκων
2883 2904 2976 2956 καὶ
3032 2902 3110 2973 μὴ
3154 2900 3347 2965 είδὼς,
3404 2902 3433 2955 ὃ
3488 2901 3671 2971 λέγει,
3724 2902 3881 2971 ὅμως

2285 2991 2681 3064 προφητεύων,
2746 2995 2846 3046 καὶ
2900 2993 2975 3058 ὡς
3030 2996 3096 3048 ἐκ
3148 2993 3446 3064 προσώπου
3498 2994 3704 3058 παντὸς
3780 2994 3878 3048 τοῦ

2281 3085 2626 3157 ἀνθρωπίνου
2658 3086 2852 3153 γένους
2884 3081 2996 3140 οἷον
3035 3088 3206 3141 ἐθνῶν
3243 3105 3304 3141 τε
3339 3088 3437 3142 καὶ
3485 3087 3759 3143 Ἰουδαίων
3775 3088 3878 3159 τήν

2283 3178 2657 3249 προσκύνησιν
2701 3179 3110 3250 ἀνομολογήσας
3151 3180 3231 3251 τῷ
3279 3180 3685 3251 ἐπιδημήσαντι
3740 3181 3880 3251 πρὸς

2281 3268 2607 3340 ἀνθρώπους
2669 3268 2810 3339 Θεῷ.
2882 3270 3049 3323 Οὐδὲν
3109 3270 3167 3323 δὲ
3231 3269 3432 3323 κωλύει
3498 3271 3877 3341 προφητεύειν

2281 3360 2465 3414 αὐτόν.
2500 3360 2610 3413 Καὶ
2639 3358 2749 3431 γὰρ
2771 3361 2915 3413 καὶὸ
2942 3361 3200 3430 Καῖάφας
3227 3361 3329 3414 ούκ
3351 3360 3467 3431 ᾔδει
3492 3360 3613 3429 μὲν,
3643 3361 3672 3413 ὂ
3702 3362 3880 3429 λέγει.

2295 3452 2456 3507 Ἀλλὰ
2476 3452 2649 3524 τὸτῆς
2673 3452 2899 3525 καρδίας
2925 3453 3091 3506 αὐτοῦ
3113 3453 3382 3523 μανιῶδες
3410 3455 3544 3525 πρὸς
3563 3458 3885 3526 μιαιφονίαν

2280 3545 2628 3617 ἀνηρέθιστο,
2657 3545 2727 3598 τὰ
2751 3546 2901 3617 χείλη
2945 3545 3003 3599 δὲ
3037 3547 3379 3615 προφητείαν
3408 3548 3665 3620 ἐξέφερον
3697 3552 3755 3603 ἐν
3804 3550 3887 3622 τῷ

2281 3636 2493 3705 λέγειν·
2528 3656 2546 3688 ι
2583 3637 2883 3708 Συμφέρει,
2919 3636 3006 3689 ἴνα
3036 3632 3116 3701 εἷς
3143 3638 3413 3711 ἀποθάνῃ,
3442 3641 3537 3692 καὶ
3564 3642 3638 3712 μὴ
3670 3642 3799 3695 ὅλον
3824 3646 3887 3696 τὸ

2282 3727 2436 3791 ἔθνος
2464 3728 2758 3798 ἀπόληται.
2801 3746 2819 3779 ι
2863 3729 2974 3781 Καὶ
3004 3730 3114 3796 γὰρ
3138 3730 3186 3781 εί
3222 3729 3296 3798 μή
3339 3731 3574 3801 Χριστὸς
3601 3732 3887 3785 ἀπέθανεν

2280 3822 2310 3874 ὁ
2344 3818 2479 3883 Θεὸς
2510 3821 2543 3889 ὴ
2555 3820 2693 3890 μῶν,
2722 3820 2824 3872 οὐκ
2852 3818 2919 3873 ἂν
2952 3819 3013 3871 τὸ
3046 3819 3391 3889 ἀνθρώπινον
3424 3821 3583 3889 γένος
3614 3820 3884 3885 ἐσώζετο.

2282 3911 2345 3965 Εἰ
2383 3910 2494 3981 γὰρ
2542 3912 2634 3964 καὶ
2695 3911 2915 3975 ἀνάξιος
2967 3912 3228 3981 ἑκάτερος
3294 3911 3477 3965 αὐτῶν
3530 3919 3889 3984 προφητικοῦ

2283 4008 2621 4079 χαρίσματος
2651 4007 2982 4079 ἐτύγχανεν,
3010 4008 3128 4063 ἀλλ’
3148 4004 3242 4063 οὖν
3274 4010 3401 4078 τόγε
3429 4009 3530 4081 τῆς
3576 4011 3890 4081 ἱερωσύνης

2284 4102 2526 4170 ἀξίωμα,
2561 4101 2659 4155 καὶ
2689 4100 2751 4155 τὸ
2791 4101 2890 4171 τῆς
2923 4100 3207 4171 βασιλείας
3238 4101 3319 4154 ἔτι
3361 4101 3507 4166 τινὸς
3537 4103 3892 4173 χαρίσματος

2283 4194 2706 4265 παραπήλαυεν,
2721 4194 2874 4249 οὖπω
2884 4196 2985 4264 τῆς
3003 4196 3142 4250 κατὰ
3160 4196 3254 4250 τοῦ
3270 4198 3541 4250 Δεσπὰτου
3564 4198 3894 4267 μιαιφονίας

597 4284 725 4339 hinc
759 4284 905 4353 regia
932 4283 1198 4355 dignitas,
1219 4284 1348 4339 doni
1380 4284 1615 4355 alicujus
1641 4285 1882 4343 fructum
1911 4290 2180 4359 capiebat,

2296 4287 2508 4350 τούτοις
2549 4286 2989 4357 τετολμημένης.
3049 4287 3213 4351 Ἴδοις
3281 4288 3327 4341 δ’
3379 4287 3446 4342 ἂν
3477 4289 3893 4359 παραπλησίως

598 4376 1053 4445 quandoquidem
1100 4377 1167 4430 ad
1202 4379 1408 4432 caadem
1456 4378 1673 4434 Domini
1720 4381 1896 4435 nostri
1940 4382 2185 4437 nondum

601 4475 761 4521 erant
809 4467 1110 4538 progressi.
1146 4467 1347 4525 Videas
1396 4485 1528 4525 vero
1574 4471 1831 4527 similiter
1868 4474 2032 4528 etiam
2080 4474 2185 4528 alia

599 4560 876 4629 qumdam,
937 4561 1083 4614 malo
1136 4560 1357 4629 quidem
1413 4563 1600 4617 animo
1656 4572 1713 4619 et
1766 4565 2189 4634 sanguinolento

598 4653 803 4721 impetu
838 4654 1074 4722 prolata,
1114 4653 1290 4707 instar
1322 4655 1732 4719 vaticiniorum,
1773 4664 2028 4711 eventum
2071 4673 2193 4713 sor-

602 4744 701 4797 tita
736 4744 928 4799 fuisse.
957 4743 1089 4800 Tale
1113 4754 1232 4799 erat
1258 4744 1445 4800 illudzr
1481 4745 1718 4816 Sanguis
1744 4747 1861 4816 ejus
1891 4761 2055 4816 super
2083 4763 2183 4803 nos

594 4844 650 4891 et
682 4852 846 4907 super
882 4837 1086 4892 liberos
1128 4840 1416 4893 nostros”
1452 4880 1463 4893 .
1506 4857 1523 4889 ι
1585 4838 1827 4895 Tandem
1868 4842 2015 4896 enim
2051 4858 2183 4896 san-

598 4925 780 4995 guinis
812 4924 1030 4992 elfusio,
1079 4935 1133 4980 et
1165 4927 1341 4980 caedes
1388 4927 1585 4997 gladiis
1635 4928 1811 4995 facta,
1848 4945 1944 4985 eos
1993 4930 2182 5000 oppri-

598 5017 804 5071 mebat.
834 5016 943 5071 Nec
968 5019 1150 5073 minus
1184 5020 1312 5074 illud
1347 5038 1359 5075 :
1394 5039 1413 5071 ι
1441 5021 1495 5073 Si
1522 5036 1647 5073 eum
1677 5021 1863 5076 vivere
1886 5022 2180 5091 patiamur,

598 5125 790 5163 omnes
819 5108 872 5162 in
906 5125 1031 5164 eum
1070 5111 1316 5178 credent;
1349 5119 1482 5166 tunc
1514 5114 1732 5167 venient
1756 5112 2012 5178 Romani,
2051 5130 2184 5182 gen-

601 5209 821 5269 temque
853 5210 1100 5254 nostrum
1126 5210 1179 5255 et
1210 5202 1397 5255 urbem
1427 5201 1687 5257 delebunt
1711 5203 1775 5255 ³⁷.
1806 5222 1823 5253 ι
1852 5201 1987 5256 Nam
2013 5205 2177 5257 etiam

599 5289 754 5343 inviti
785 5289 966 5344 vivere
1000 5306 1123 5345 eum
1164 5292 1531 5360 patiebantur,
1568 5308 1691 5346 cum
1725 5309 1832 5347 non
1871 5302 2095 5363 possent
2123 5295 2175 5346 in

596 5394 722 5432 eum
754 5378 1050 5443 dominari,
1084 5380 1177 5448 qui
1218 5380 1343 5434 vitae
1381 5388 1497 5435 erat
1531 5397 1696 5449 penu,
1723 5394 1776 5436 et
1810 5384 1993 5437 omnia
2032 5383 2175 5436 vivi-

599 5472 821 5525 licabat.
863 5473 1157 5540 Propterea
1208 5473 1416 5527 malum
1480 5475 1704 5543 quidem
1764 5485 1822 5530 et
1882 5479 2184 5545 sanguino-

599 5562 803 5617 lentum
853 5564 1098 5617 animum
1144 5566 1470 5633 prodebant,
1523 5582 1693 5636 scopo
1734 5584 1865 5623 vero
1917 5571 2183 5635 frustrati,

598 5665 650 5709 et
678 5656 777 5725 ipsi
807 5665 860 5709 et
886 5666 998 5712 tota
1030 5673 1188 5728 gens,
1222 5670 1276 5715 et
1305 5661 1593 5731 templum,
1626 5673 1679 5717 ct
1730 5663 1861 5719 urbs
1906 5666 2182 5733 peribant.

671 5831 717 5861 ³⁸
750 5831 941 5890 Matth.
977 5852 1033 5903 ιι,
1069 5836 1123 5891 8.
1167 5836 1209 5870 ³⁵
1238 5835 1398 5893 Joan.
1440 5854 1516 5906 ιι,
1552 5839 1640 5895 50.

1744 5841 1787 5872 ³⁵
1813 5840 2005 5895 Matth.
2036 5854 2206 5897 xxv”.
2249 5842 2338 5897 ‘25.

2287 4378 2501 4442 τούτοις
2560 4380 2654 4432 καὶ
2713 4379 2878 4451 ἕτερά
2908 4394 3030 4433 τινα
3092 4380 3388 4452 κακούργῳ
3424 4382 3521 4448 μὲν
3558 4382 3762 4455 γνώμῃ
3795 4384 3897 4437 καὶ

2286 4474 2433 4543 ὁρμῇ
2457 4472 2730 4544 μιαιφόνῳ
2761 4474 3233 4545 προενηνεγμένα,
3264 4476 3443 4545 πέρας
3467 4476 3522 4529 δὲ
3541 4479 3897 4547 προφητικὸν

2287 4564 2567 4634 εἰληφότα.
2617 4563 2725 4628 Ὡς,
2754 4583 2773 4616 ι
2808 4565 2880 4617 Τὸ
2906 4560 3044 4635 αἷμα
3084 4564 3250 4618 αύτοῦ
3282 4566 3366 4634 ἐφ’
3402 4568 3552 4637 ἡμᾶς
3575 4567 3672 4620 καὶ
3694 4570 3799 4621 ἐπὶ
3826 4570 3898 4624 τά
3942 4630 3945 4631 ν

2287 4657 2456 4711 τέκνα
2484 4656 2663 4728 ἡμῶν.
2696 4676 2713 4708 ι
2753 4658 2863 4709 Καὶ
2897 4659 3007 4728 γὰρ
3034 4658 3304 4711 ἐπέπεσεν
3332 4658 3519 4721 αὐτοῖς
3564 4657 3807 4729 ἔσχατον
3860 4663 3896 4731 ἡ

2289 4748 2398 4802 τῶν
2434 4749 2684 4819 αἱμάτων
2710 4748 2953 4819 ἔκχυσις,
2989 4749 3084 4803 καὶ
3111 4752 3139 4803 ὁ
3169 4750 3258 4803 διὰ
3294 4749 3482 4819 ξίφους
3516 4750 3696 4819 φόνος.
3752 4754 3896 4819 Καὶ,

2298 4859 2316 4891 ι
2340 4840 2466 4893 Ἑάν
2498 4841 2729 4910 ἀφῶμεν
2760 4841 2922 4893 αὑτὸν
2967 4842 3096 4911 ζῆν,
3129 4841 3332 4905 πάντες
3382 4842 3780 4895 πιστεύσουσιν
3813 4845 3901 4906 είς

2290 4932 2474 4995 αὑτὸν,
2504 4932 2598 4984 καὶ
2615 4930 2926 4984 ἐλεύσονται
2957 4935 3006 4985 oi
3046 4933 3327 5002 Ῥωμαῖοι,
3357 4935 3451 4987 καὶ
3476 4935 3701 5005 ἀροῦσιν
3728 4937 3764 5006 ἡ
3774 4937 3900 5007 μῶν

2292 5022 2352 5074 τὸ
2415 5022 2569 5086 ἔθνος
2622 5025 2715 5076 καὶ
2752 5024 2850 5091 τὴν
2910 5025 3088 5079 πόλιν.
3133 5042 3151 5074 ι
3210 5026 3322 5078 Kal
3369 5026 3474 5097 γὰρ
3524 5026 3755 5094 ἀφῆκαν
3801 5038 3902 5082 και

2287 5112 2511 5177 ἄκοντες
2538 5113 2659 5186 ζῇν.
2695 5117 2768 5167 Οὐ
2795 5115 2904 5187 γὰρ
2921 5116 3185 5185 ἠδύναντο
3209 5117 3391 5187 κύριοι
3424 5120 3771 5187 καταστῆναι
3796 5120 3898 5173 τοῦ

2283 5206 2382 5275 τῆς
2414 5205 2559 5277 ζωῆς
2590 5209 2843 5277 ταμείου,
2876 5209 2970 5261 καὶ
3003 5208 3401 5273 ζωοποιοῦντος
3437 5212 3505 5264 τὰ
3542 5212 3762 5266 πάντα.
3805 5212 3899 5265 Διὸ

2284 5296 2382 5366 τὴν
2417 5297 2515 5365 μὲν
2557 5298 2802 5368 πονηρὰν
2836 5299 2931 5351 καὶ
2976 5301 3265 5369 μιαιφόνον
3319 5301 3587 5371 ἐνέφηναν
3627 5303 3897 5373 γνώμην,

2289 5389 2383 5442 τοῦ
2404 5390 2460 5442 δὲ
2494 5390 2696 5443 σκοποῦ
2734 5391 2808 5461 μὴ
2852 5392 3109 5462 τυχόντες
3138 5393 3422 5447 ἀπώλοντο
3453 5395 3547 5448 καὶ
3580 5395 3767 5458 αὐτοὶ,
3802 5398 3903 5451 καὶ

2292 5483 2362 5535 τὰ
2385 5483 2539 5554 γένη,
2585 5484 2677 5536 καὶ
2727 5485 2755 5536 ὁ
2807 5485 2956 5550 ναὸς,
3009 5486 3105 5538 καὶ
3165 5486 3410 5557 ἡπόλις.
3439 5489 3536 5541 Ὃν
3581 5488 3640 5540 δὲ
3692 5488 3904 5553 ἔδοξαν

2297 5576 2527 5641 ἀνελεῖν,
2552 5576 2741 5628 τοῦτον
2768 5578 2913 5645 ζωῆς
2949 5580 3186 5650 χορηγὸν
3220 5582 3316 5634 καλ⁸
3354 5580 3729 5643 ζωοποιοῦντα
3766 5584 3904 5647 τοὺς

2296 5668 2523 5738 νεκροὺς
2550 5668 2615 5719 τὰ
2657 5668 2784 5739 ἔθνη
2808 5668 3113 5741 δεξάμενοι,
3144 5673 3237 5726 καὶ
3262 5673 3359 5743 τὴν
3383 5672 3446 5724 ἐκ
3477 5670 3691 5743 νεκρῶν
3721 5673 3905 5725 αὖτοῦ

2418 5845 2458 5875 ³⁷
2486 5843 2644 5899 Joan.
2680 5862 2755 5909 at,
2791 5846 2877 5899 48.
