4132 6458
308 435 447 505 1153

1104 443 1204 502 AD
1228 439 1827 501 AMPHILOCHIUM
1853 439 2202 511 QU/ESTIO
2227 442 2744 505 CCCVII-CCCIX.

3450 441 3588 509 1154

303 553 742 629 προσκυνοῦντες
780 554 1102 617 ἀνάστασιν,
1134 553 1268 605 Θεὸν
1313 551 1491 603 ἴσασιν
1516 547 1771 619 ἀληθινὸν
1802 549 1897 602 ἐπὶ
1926 603 1930 614 ε

2009 552 2176 618 Quem
2206 567 2340 607 vero
2371 553 2472 606 sibi
2509 568 2539 608 e
2568 555 2749 608 medio
2800 554 2992 611 tollere
3037 555 3389 621 videbantur,
3440 558 3589 614 hunc

299 648 547 720 σωτηρίᾳ
562 645 658 700 τοῦ
676 646 870 714 γένους
890 644 1212 715 ἐνανθρωπή
1221 660 1411 703 σαντα,
1434 642 1526 695 καὶ
1541 639 1899 711 λατρεύουσιν

298 739 611 810 εἰλικρινῶς
627 739 723 793 καὶ
758 737 1091 802 θειάζουσιν.
1125 734 1234 789 Καί
1264 751 1329 802 γε
1346 734 1412 804 δή
1441 735 1535 787 καὶ
1552 735 1601 787 οἱ
1629 734 1893 803 Ῥωμαῖοι

299 832 629 895 ἐπιστάντες
665 833 851 895 αὐτοῖς
891 830 1138 899 πολέμῳ,
1172 831 1272 898 τήν
1301 844 1363 880 τε
1407 827 1560 880 πόλιν
1597 826 1897 895 κατεπρέ·

297 922 494 993 ψαντο,
521 922 616 977 καὶ
654 924 747 977 τὸν
785 921 915 976 ναὸν
970 922 1385 991 κατηρήμωσαν
1410 917 1543 991 (95),
1578 919 1673 972 καὶ
1702 917 1780 988 τῷ
1807 917 1899 971 διά

301 1015 491 1085 ξίφους
518 1014 738 1085 θανάτῳ
772 1013 835 1067 τὸ
885 1013 1040 1078 ἔθνος
1076 1013 1389 1083 ὑπήγαγον.
1414 1010 1683 1081 Εὑρήσεις
1711 1010 1770 1063 δὲ
1800 1010 1901 1064 καὶ

299 1107 421 1162 ὄνον
441 1108 499 1161 ἐν
518 1110 633 1171 τοῖς
659 1107 959 1178 Γράμμασι
980 1106 1092 1168 τοῖς
1116 1104 1377 1166 Παλαιοῖς
1406 1099 1906 1171 προμανθάνουσάν

299 1217 359 1253 τε
406 1201 499 1253 καὶ
528 1199 1005 1271 προδιδάσκουσαν
1050 1196 1121 1251 τά
1192 1194 1430 1267 ἐσόμενα
1462 1193 1604 1265 (96).
1680 1192 1775 1260 Ἐξ
1824 1186 1904 1247 ὧν

303 1291 565 1345 ἁπάντων
599 1290 754 1344 ούδέν
777 1290 993 1345 κωλύον
1021 1287 1347 1358 θεωρήσεις,
1390 1285 1486 1339 καὶ
1514 1284 1608 1338 τὸν
1655 1282 1906 1355 Ἡρώδην

302 1385 480 1437 εἰπεῖν
509 1383 653 1438 κατά
682 1382 1030 1456 προφητικὸν
1058 1380 1231 1435 τύπον
1261 1379 1329 1433 τά
1361 1377 1500 1449 πρὸς
1523 1378 1648 1441 τοὺς
1695 1377 1906 1446 μάγους

304 1472 594 1544 εἰρημένα.

2005 652 2220 715 gentes,
2249 653 2513 714 tanquam
2560 646 2686 701 vitae
2713 658 2995 702 auctorem
3043 656 3099 703 et
3130 658 3379 704 mortuos
3411 650 3590 704 viviﬁ-

2004 745 2245 803 cantem,
2282 737 2637 807 recipientes,
2686 741 2917 809 ejusque
2967 754 3035 795 ex
3069 742 3304 797 mortuis
3344 759 3592 799 resurre-

1968 906 1971 909 η
2005 828 2247 883 ctionem
2294 829 2552 899 religiose
2594 840 2943 897 venerantes,
2990 833 3269 902 eumdem,
3306 844 3366 889 ut
3396 850 3588 890 verum

2004 921 2274 986 Deum,in
2305 924 2540 977 salutem
2565 923 2783 993 generis
2804 923 3029 979 humani
3053 925 3331 982 hominem
3362 928 3590 992 factum,

2004 1022 2315 1084 agnoscunt
2350 1014 2679 1085 sincereque
2715 1016 2903 1071 colunt
2929 1024 2983 1071 et
3013 1030 3352 1074 reverentur.
3390 1020 3474 1075 Ab
3509 1022 3592 1075 al-

2004 1113 2121 1158 tera
2165 1120 2297 1159 vero
2330 1114 2487 1175 parte
2535 1104 2797 1171 Romani,
2852 1106 2999 1161 bello
3047 1107 3101 1161 in
3152 1108 3277 1163 illos
3319 1120 3493 1176 moto,
3540 1121 3596 1165 et

2006 1197 2200 1253 urbem
2237 1198 2581 1264 evertebant,
2615 1208 2671 1254 et
2717 1200 2982 1270 templum
3032 1200 3413 1269 devastabant,
3457 1220 3594 1274 gen-

2007 1298 2228 1358 temque
2272 1303 2493 1345 omnem
2545 1289 2729 1360 gladio
2780 1291 3151 1359 perimebant.
3207 1292 3406 1348 Videas
3464 1309 3594 1349 vero

2005 1378 2173 1433 etiam
2217 1378 2431 1433 asinam
2476 1379 2718 1437 inlibris
2753 1378 2969 1438 Veteris
3009 1378 3353 1438 Testamenti
3396 1398 3598 1453 repue-

2006 1469 2214 1524 sentari
2260 1468 2444 1525 futura
2488 1478 2544 1525 et
2578 1472 2833 1528 edoctam
2880 1483 2937 1528 et
2979 1474 3467 1544 praenuntiantern.
3515 1474 3597 1528 Ex

306 1567 394 1624 bis
429 1567 686 1623 omnibus
713 1565 1005 1635 intelliges,
1046 1564 1184 1620 nihil
1224 1564 1469 1627 obstare,
1515 1560 1817 1631 quominus
1857 1562 2101 1618 Herodes
2130 1564 2455 1635 prophetico
2501 1580 2659 1622 more
2705 1567 2773 1623 ad
2813 1583 3004 1639 magus
3035 1570 3255 1626 locutus
3279 1580 3595 1628 censeatur.

839 1657 1179 1712 ΕΡΩΤΗΣΙΣ
1209 1653 1339 1710 TH'.

397 1753 500 1807 Διὰ
529 1752 588 1807 τι
609 1754 643 1807 ὁ
683 1751 1030 1822 Πρόδρομος
1063 1749 1302 1818 ἐλέγχει
1342 1750 1450 1803 τὸν
1491 1748 1799 1819 Ἡρώδην;

305 1868 562 1921 Editarum
592 1882 620 1918 a
652 1868 834 1918 Wolfio
857 1869 1230 1931 quadragesima
1251 1869 1407 1930 prima
1432 1868 1488 1930 (Ι.
1513 1881 1558 1917 c.
1581 1882 1631 1928 p.
1664 1866 1774 1928 700,
1806 1864 2186 1931 79_l.ea11and.,

2130 1656 2468 1724 QUIESTIO
2505 1659 2754 1716 CCCVIII
2789 1661 3009 1733 [Caisl.,
3050 1663 3219 1717 Taur.
3259 1664 3475 1737 CXXI].

2046 1747 2227 1813 Quare
2252 1765 2553 1819 pra'cursor
2585 1750 2869 1825 (Joannes)
2902 1751 3165 1807 Herodem
3190 1754 3563 1824 reprehendit?

2215 1868 2412 1934 p._7l2,
2454 1867 2689 1934 n._16,q.
2732 1869 2863 1931 121).
2888 1897 2948 1906 -
2980 1871 3055 1921 De
3085 1871 3285 1921 Herode
3318 1884 3345 1919 a
3377 1870 3598 1934 Baptista

1306 1928 1499 1980 Joanne
1526 1931 1802 1991 increpato.
1836 1928 2007 1979 Matth.
2035 1942 2137 1989 xn',
2172 1930 2229 1988 4;
2262 1930 2383 1979 Luc.
2418 1944 2490 1991 ιιι,
2517 1930 2592 1980 19.

396 2047 458 2101 Ὀ
483 2047 541 2100 δὲ
572 2046 890 2118 Πρόδρομος
906 2046 1003 2098 καὶ
1033 2043 1349 2112 Βαπτιστὴς
1390 2044 1648 2115 Ἰωάννης
1692 2044 1907 2116 ἐλέγχει

2081 2045 2397 2101 Praecursor
2427 2048 2498 2110 jet
2548 2045 2795 2117 Baptista
2838 2046 3082 2101 Joannes
3126 2046 3420 2109 llerodem,
3473 2054 3599 2100 tan-

309 2142 403 2195 τδν
446 2140 695 2212 Ἡρώδην
724 2139 953 2201 δικαίως
1005 2138 1083 2201 εἰς
1131 2138 1483 2209 παρανομίαν
1510 2137 1902 2194 ἀποκλίναντα.

308 2234 423 2287 Καὶ
446 2232 555 2305 γάρ
586 2233 637 2285 εἱ
664 2232 723 2299 ἐξ
743 2230 1061 2299 ἀλλοφύλων
1091 2232 1385 2301 κατήγετο,
1411 2232 1683 2301 ἀπόγονος
1710 2232 1786 2286 ὣν
1810 2232 1905 2285 τοῦ

307 2324 544 2379 παλαιοῦ
585 2323 852 2401 Ἡρώδου,
884 2323 1000 2377 ἀλλ’
1032 2322 1127 2376 οῦν
1172 2324 1444 2380 Ἰουδαίων
1478 2343 1536 2378 τε
1566 2324 1903 2391 ἐϐασίλευεν,

306 2420 404 2473 καὶ
450 2420 562 2481 τοῖς
602 2418 872 2471 Ἰουδαίων
924 2416 1272 2471 ἐπολιτεύετο
1307 2420 1495 2489 νόμοις
1539 2422 1635 2472 καὶ
1684 2418 1903 2485 ἔθεσιν,

306 2511 404 2564 καὶ
461 2510 561 2561 ούκ
609 2508 739 2578 ἐξῆν
784 2506 935 2578 αύτῷ
970 2511 1113 2563 κατά
1147 2512 1274 2573 τοὺς
1325 2511 1526 2581 νόμους
1565 2511 1625 2577 ἐξ
1672 2509 1906 2577 ἀδελφοῦ

308 2601 481 2654 παῖδα
510 2600 741 2671 ἔχουσαν
781 2600 882 2671 τὴν
926 2601 1231 2671 Ἡρωδιάδα
1261 2604 1341 2666 είς
1366 2602 1545 2671 γάμον
1593 2602 1905 2656 ἀναλαϐεῖν.

318 2691 380 2746 Ὀ
408 2694 517 2763 γάρ
548 2693 733 2761 νόμος,
790 2692 1020 2757 ἄπαιδος
1056 2693 1155 2763 μὲν
1209 2693 1306 2748 τοῦ
1359 2693 1591 2763 ἀδελφοῦ
1644 2695 1907 2764 τελευτή-

305 2799 537 2847 σαντος,
607 2782 897 2852 ἐπιτρέπει
949 2783 1051 2853 τὴν
1086 2784 1223 2854 πρὸς
1273 2785 1374 2855 τὴν
1426 2787 1663 2853 γυναῖκα
1709 2784 1906 2839 τούτου

304 2876 626 2945 συνάφειαν,
651 2893 670 2926 ι
698 2876 835 2941 Ἵνα,
859 2878 1044 2947 φησιν,
1066 2876 1261 2949 ἐγείρῃ
1278 2876 1502 2948 σπέρμα
1520 2878 1599 2948 τῷ
1622 2876 1856 2946 ἀδελφῷ.
1886 2896 1904 2928 ι

302 2965 830 3037 Καταλελειμμὲνου
884 2967 944 3019 δὲ
991 2966 1310 3038 σπέρματος
1360 2968 1459 3019 καὶ
1506 2966 1705 3037 γονῆς,
1775 2967 1911 3019 ἀπο-

301 3059 571 3130 τρόπαιον
605 3055 675 3131 ἦν
708 3061 742 3130 ἡ
786 3058 900 3129 (97)
934 3059 1071 3131 πρὸς
1122 3058 1221 3129 τὴν
1276 3056 1499 3129 νύμφην
1545 3056 1754 3127 ὁμιλία.
1801 3058 1912 3110 Kal.

301 3150 400 3203 τὸν
429 3149 649 3220 ἔλεγχον
676 3151 704 3203 ὁ
723 3150 1042 3221 Πρόδρομος
1084 3150 1340 3214 ποιεῖται,
1361 3149 1422 3201 ού
1453 3146 1711 3201 τοσοῦτον
1752 3147 1914 3218 κηδό·

308 3259 471 3312 μενος
500 3242 734 3308 ἐκείνου,
768 3243 891 3296 ὅσον
919 3242 981 3296 τὸ
1003 3241 1212 3313 πλῆθος
1244 3240 1592 3313 διορθοῦσθαι
1641 3241 1904 3312 πρόνοιαν

304 3332 499 3387 ποιῶν.
543 3332 656 3386 Καὶ
700 3333 808 3403 γὰρ
840 3332 949 3385 τῶν
1002 3334 1115 3395 τοῖς
1178 3332 1405 3402 ἄρχουσι
1478 3332 1573 3384 καὶ
1623 3329 1909 3401 βασιλεῦσι

2009 2152 2175 2206 quam
2210 2136 2265 2191 in
2303 2148 2589 2207 peceatum
2620 2147 2899 2200 ruentem,
2943 2146 3092 2192 recte
3136 2138 3594 2208 reprehendebat.

2009 2230 2273 2297 Quamvis
2294 2230 2440 2285 enim
2470 2231 2775 2301 alienigena
2798 2242 2964 2295 esset,
2996 2229 3230 2286 llerodis
3257 2231 3590 2300 antiquioris

2018 2339 2214 2396 nepos,
2250 2321 2457 2378 Judmis
2500 2332 2683 2379 tamen
2733 2322 3066 2393 imperabat,
3107 2333 3161 2377 et
3183 2323 3250 2377 ad
3275 2321 3595 2378 Judzeorum

2012 2415 2160 2487 leges
2198 2430 2264 2471 ac
2303 2416 2557 2471 instituta
2602 2416 2769 2470 vitam
2819 2416 3211 2484 componebat,
3246 2431 3422 2486 neque
3460 2417 3599 2471 adeo

2012 2522 2112 2576 per
2165 2507 2313 2578 leges
2387 2507 2506 2562 fieri
2561 2517 2776 2577 poterat
2827 2510 2887 2560 ut
2936 2504 3328 2571 Herodiadem,
3372 2522 3493 2574 qua:
3530 2522 3598 2560 ex

2013 2596 2183 2652 fratre
2214 2605 2526 2667 pepererat,
2572 2612 2795 2651 uxorein
2831 2596 3080 2651 duceret.
3109 2595 3218 2650 Lex
3250 2597 3419 2661 enim,
3447 2612 3601 2651 moro-

2014 2697 2111 2744 tuo
2143 2687 2263 2744 sine
2297 2688 2508 2743 relictis
2544 2687 2674 2744 filiis
2713 2686 2905 2754 fratre,
2954 2686 3115 2742 fratri
3164 2688 3324 2741 alteri
3364 2702 3603 2743 consue-

2014 2778 2260 2833 tudinem
2279 2794 2404 2833 cum
2438 2794 2618 2855 uxore.
2640 2778 2917 2834 demortui
2946 2779 3217 2849 integram
3242 2778 3393 2844 facit,
3439 2798 3458 2831 ι
3485 2778 3552 2835 Ut
3579 2799 3598 2831 ι

2013 2870 2226 2927 scilicet
2252 2889 2270 2923 ι
2299 2870 2452 2926 fratri
2490 2888 2679 2928 semen
2702 2873 2903 2927 excitet
2938 2872 3074 2927 ³⁸·“.
3108 2891 3126 2923 ι
3156 2872 3377 2927 Semine
3400 2888 3532 2927 vero
3551 2883 3608 2927 et

2016 2965 2264 3021 masculo
2314 2966 2529 3034 relicto,
2580 2966 2922 3036 prohibitum
2979 2975 3099 3022 erat
3148 2981 3275 3020 cum
3331 2965 3604 3035 ejusmodi

2015 3072 2187 3113 uxore
2215 3059 2511 3131 conjugale
2541 3059 2961 3115 commercium.
2991 3057 3313 3115 Prazcursor
3337 3058 3523 3128 itaque
3548 3059 3607 3113 in

2014 3147 2285 3206 llerodem
2348 3150 2759 3217 animadvertit,
2810 3165 2921 3205 non
2951 3159 3063 3204 tam
3095 3149 3271 3219 ipsius
3327 3149 3604 3204 rationem

2018 3242 2251 3309 habens,
2292 3258 2458 3314 quam
2492 3242 2562 3298 ad
2597 3243 2794 3314 vulgus
2839 3241 3247 3297 emendandum
3281 3240 3604 3310 respiciens.

2016 3333 2250 3401 Quando
2280 3335 2428 3389 enim
2462 3351 2549 3402 ea,
2580 3349 2705 3404 qua:
2742 3334 2811 3388 ab
2842 3332 3247 3403 imperantibus
3292 3341 3347 3387 et
3381 3332 3607 3403 regibus

303 3425 831 3496 πλημμελουμένων
868 3426 1285 3496 ἀνεπιτιμήτων
1321 3424 1619 3495 μενόντων,
1676 3423 1914 3494 ἑτοίμως

2019 3442 2186 3497 prave
2216 3436 2531 3499 patrantur,
2579 3427 2701 3482 sine
2748 3425 3237 3481 animadversione
3280 3424 3607 3495 prmtermit-

302 3519 368 3572 τὸ
400 3517 606 3588 πλῆθος
637 3519 775 3590 πρὸς
803 3519 906 3590 τὴν
929 3519 1164 3589 μίμησιν
1192 3518 1618 3588 παρακαλεῖται.
1650 3516 1911 3570 Ἐκείνων

298 3610 361 3665 δὲ
390 3612 490 3681 τῆς
520 3612 775 3682 πράξεως
829 3611 1355 3682 ἀναχαιτιζομένων,
1392 3611 1765 3680 ἀναγκάζεται
1806 3609 1903 3662 καὶ

296 3704 366 3756 τὸ
428 3704 668 3774 ὑπήκοον
736 3703 1132 3775 εὐλαϐέστερον
1192 3704 1332 3772 πρὸς
1404 3703 1503 3767 τὰς
1555 3702 1908 3775 παρανομίας

297 3794 637 3850 διακεῖσθαι.
696 3798 956 3868 Περίεστι
990 3799 1049 3851 δέ
1089 3815 1180 3868 μοι
1224 3798 1321 3851 καὶ
1370 3798 1449 3861 είς
1503 3797 1729 3868 μνήμην
1787 3796 1905 3849 νυνὶ

300 3887 557 3950 Balari;
599 3887 866 3959 Ἱστορίας
922 3890 1229 3955 ἀνάγνωσις
1292 3889 1368 3952 ὼς
1430 3889 1634 3959 καὶτῷ
1688 3888 1906 3960 ἀδελφῷ

298 3980 458 4033 ώσάν
509 3983 537 4033 ὁ
572 3981 710 4052 πρὸς
758 3981 857 4051 τήν
897 3981 1110 4035 ἐκείνου
1169 3984 1406 4050 γυναῖκα
1460 3982 1604 4052 ἐρως
1663 3981 1739 4052 μὴ
1792 3981 1907 4050 (98)

296 4073 693 4127 ἀνακόπτοιτο.
726 4073 836 4126 Καὶ
890 4072 959 4126 δι’
988 4073 1158 4143 άμφω
1186 4072 1363 4127 ταῦτα
1403 4072 1816 4144 σταθερώτερόν
1848 4088 1909 4125 τε

299 4160 406 4215 καὶ
489 4161 1115 4233 παρρησιαστικώτερον
1183 4161 1212 4214 ὁ
1268 4162 1589 4233 Πρόδρομος
1663 4163 1749 4235 εἴη
1829 4161 1910 4233 τῷ

312 4252 535 4324 Ἡρώδῃ
571 4254 1021 4323 προσφερόμενος
1054 4253 1148 4307 τὸν
1198 4253 1444 4323 ἔλεγχον.

748 4344 1085 4397 sparum):
1148 4344 1250 4397 ΤΘ⁹
1282 4345 1417 4416 (99).

290 4435 439 4502 Πῶς
482 4438 737 4505 νοητέον
772 4439 859 4490 τό·
888 4454 905 4487 ι
953 4438 1050 4490 Ἐν
1070 4437 1342 4506 γενητοῖς
1373 4437 1673 4506 γυναικῶν
1690 4440 1903 4507 μείζων

426 4507 702 4563 Ἰωάννου
727 4508 835 4562 τοῦ
862 4508 1209 4563 Βαπτιστοῦ
1244 4511 1357 4563 οὐκ
1386 4508 1697 4579 ἐγήγερται
1713 4528 1733 4577 ;
1772 4532 1790 4563 ›

2022 3528 2236 3588 tuntur,
2267 3519 2644 3589 subjectorum
2672 3519 2869 3589 vulgus
2891 3518 2959 3573 ad
2984 3519 3203 3573 illorum
3236 3518 3606 3573 imitationem

2018 3610 2179 3666 facile
2229 3610 2523 3680 abripitur.
2561 3608 2800 3677 Quando
2851 3625 2983 3665 vero
3040 3611 3118 3665 illi
3172 3625 3202 3664 a
3267 3609 3608 3665 facinoribus

2015 3703 2291 3773 ejusmodi
2340 3704 2728 3775 prohibentur,
2789 3704 3070 3774 subjectos
3115 3717 3337 3773 quoque
3378 3702 3449 3755 ab
3497 3700 3610 3756 illis

2014 3794 2331 3865 diligentius
2364 3794 2469 3850 sibi
2499 3809 2695 3851 cavere
2724 3810 2955 3851 necesse
2982 3804 3089 3852 est.
3131 3792 3299 3849 Venit
3339 3802 3607 3863 praeterea

2010 3886 2065 3940 in
2112 3896 2351 3943 mentem
2400 3889 2682 3944 recordari
2737 3904 2808 3944 ex
2856 3887 3075 3944 Veteris
3107 3886 3445 3944 Testamenti
3496 3887 3609 3941 lec-

2008 3982 2176 4044 tione,
2208 3979 2367 4034 fratri
2399 3996 2619 4051 quoque
2656 3996 2907 4035 amorem
2936 3982 2988 4035 in
3019 3980 3209 4035 fratris
3232 3995 3459 4034 uxorem
3484 3992 3608 4033 esse

2010 4071 2343 4138 prohibitum
2377 4074 2447 4127 ".
2505 4072 2816 4145 Utrumque
2868 4074 3066 4128 horum
3107 4074 3317 4137 effecit,
3368 4086 3425 4126 ιιι
3460 4070 3607 4124 Prae-

2011 4176 2208 4216 cursor
2238 4170 2393 4218 tanto
2444 4165 2801 4221 constantius
2843 4172 2899 4220 et
2944 4163 3177 4219 liberius
3233 4164 3289 4217 in
3328 4160 3601 4217 llerodern

2012 4254 2491 4311 animadverteret.

2135 4346 2465 4414 QU/ESTIO
2505 4349 2715 4406 CCCIX
2760 4350 2980 4423 [Coisl.,
3025 4348 3185 4403 Taur.
3227 4347 3466 4421 CXXII].

2012 4438 2286 4513 Quomodo
2311 4442 2693 4513 accipiendum
2726 4453 2807 4498 est
2848 4442 2983 4497 illud
3024 4459 3043 4496 :
3091 4461 3108 4492 ι
3159 4440 3311 4495 Inter
3347 4452 3501 4494 natos
3538 4457 3602 4494 ea:

2084 4510 2397 4585 mulieribus
2438 4510 2640 4585 iniajor
2706 4514 2916 4569 Joanne
2986 4512 3236 4585 Baptista
3306 4528 3409 4566 non
3476 4528 3599 4565 sur-

2085 4584 2222 4636 rexit
2244 4584 2328 4635 “'3
2358 4604 2376 4636 ι
2408 4584 2542 4655 (99).

610 4686 866 4737 Editarum
886 4702 913 4737 a
946 4688 1126 4738 Wolfio
1146 4689 1519 4752 quadragesima
1543 4692 1757 4741 secunda
1792 4693 1849 4757 (l.
1875 4707 1919 4744 c.
1942 4707 1993 4757 p.
2017 4693 2243 4745 701-701.
2267 4697 2491 4748 Galland.
2524 4711 2575 4759 p.
2598 4697 2831 4762 712,715,
2854 4713 2905 4749 n.
2941 4699 3052 4760 179,
3070 4712 3120 4761 q.
3156 4698 3287 4759 122).

372 4770 511 4843 Περὶ
571 4771 666 4826 τοῦ
730 4773 789 4827 ἐν
841 4774 1089 4842 γενητοῖς
1134 4771 1415 4840 γυναικῶν
1461 4774 1537 4844 μὴ
1596 4776 1899 4847 ἐγηγέρθαι

2089 4775 2164 4833 De
2197 4793 2285 4847 eo,
2312 4781 2595 4851 quomodo
2621 4783 2766 4838 inter
2798 4792 2957 4839 natos
2987 4801 3055 4839 ex
3077 4783 3405 4838 mulieribus
3434 4795 3598 4835 nemo

282 4864 528 4939 μείζονα
592 4865 841 4919 Ἰωάννου
911 4863 1007 4918 τοῦ
1086 4866 1421 4931 Βαπτιστοῦ,
1498 4869 1595 4921 καὶ
1661 4869 1812 4934 ὅπως
1874 4873 1905 4926 ό

2009 4869 2215 4928 Joanne
2246 4872 2491 4944 Baptista
2522 4875 2726 4945 major,
2761 4876 3062 4941 exstiterit,
3097 4885 3153 4931 et
3180 4874 3459 4946 quomodo
3490 4875 3596 4927 nii-

282 4957 629 5030 μικρότερος
685 4958 744 5010 ἐν
802 4959 870 5027 τῇ
929 4955 1180 5027 βασιλείᾳ
1224 4955 1334 5009 τῶν
1387 4956 1636 5028 οὐρανῶν
1697 4956 1903 5032 μείζων

2009 4965 2187 5022 nimus
2218 4966 2272 5021 in
2306 4982 2477 5040 regno
2502 4969 2789 5040 {cretei-um
2838 4969 2934 5025 illo
2967 4969 3149 5039 major
3191 4984 3315 5024 esse
3356 4968 3598 5032 dicatur,

277 5048 469 5105 αὐτοῦ
496 5051 665 5112 ἐστιν,
694 5048 913 5119 εἴρηται
947 5047 1049 5117 μέν
1083 5065 1174 5118 μοι
1207 5048 1303 5102 καὶ
1352 5049 1591 5121 ἀλλαχοῦ
1611 5051 1709 5122 (Ι).
1734 5052 1903 5107 Ούδέν

2009 5058 2129 5114 alibi
2160 5075 2192 5116 a
2227 5076 2315 5117 me
2335 5062 2681 5134 disputatum
2710 5061 2970 5119 est.Nihil
3011 5078 3141 5117 vero
3166 5062 3446 5135 prohibet,
3488 5077 3601 5132 quo

274 5142 353 5194 δὲ
386 5138 585 5193 κωλύει
603 5139 703 5210 τῆς
724 5138 878 5209 ὑμῶν
905 5139 1172 5209 αἰτήσεως
1204 5141 1364 5210 χάριν
1398 5141 1575 5195 ἐκεῖνο
1601 5141 1898 5213 διαλαϐεῖν,

2009 5152 2184 5208 minus
2208 5153 2292 5224 (ad
2337 5155 2570 5224 petitum
2598 5155 2860 5226 [vestrum
2905 5155 3089 5211 denuo
3131 5170 3477 5217 moneanius,
3511 5153 3599 5209 di-

271 5234 429 5304 ὠςή
459 5232 671 5286 διάνοια
700 5231 798 5286 τοῦ
830 5232 1022 5304 ῥητοῦ,
1055 5232 1130 5303 μὴ
1162 5231 1464 5303 ἐγηγέρθαι
1514 5234 1572 5299 ἐν
1624 5234 1703 5306 τῷ
1750 5240 1901 5310 νόμῳ

2009 5254 2146 5299 :turn
2172 5245 2302 5301 illud
2321 5247 2425 5303 hoc
2444 5247 2553 5304 sibi
2586 5248 2743 5316 velle,
2781 5246 2928 5319 quod
2953 5248 3006 5303 in
3046 5247 3214 5305 veteri
3244 5246 3599 5304 Testamento

405 5348 527 5381 "-“
550 5348 711 5405 Deut.
745 5366 872 5417 ην,
910 5351 965 5406 5.
1041 5350 1086 5383 "
1112 5348 1290 5405 Levit.
1329 5365 1487 5419 xvrn,
1511 5350 1600 5406 l6.
1680 5352 1727 5385 “
1760 5353 1953 5411 Matth.
1985 5374 2063 5424 ιιι,
2094 5361 2179 5416 li.

1830 5452 2040 5509 NOTA‘J
2050 5493 2067 5508 .

373 5540 488 5617 ea)
520 5542 601 5617 1m
634 5543 822 5617 scribo
851 5559 952 5614 pro
986 5545 1437 5617 κατηρήπιρςαν.

370 5613 486 5688 (θῇ)
520 5613 766 5688 llespicit
784 5613 996 5668 asinam
1026 5613 1265 5688 Barlaami
1288 5616 1452 5672 Num.
1505 5634 1619 5674 xm
1644 5662 1659 5688 ,
1689 5620 1782 5675 23.

368 5683 486 5752 (97)
538 5683 601 5736 'H
632 5682 786 5739 Colb.
820 5700 919 5753 pro
946 5686 1063 5739 καί.

368 5754 599 5878 (93)“?
622 5754 707 5824 μή
736 5755 915 5811 alieno
947 5756 1069 5811 loco
1116 5757 1353 5828 positum
1423 5768 1526 5826 est,
1592 5770 1647 5816 et
1697 5763 1903 5818 rectius

261 5840 597 5885 omllllllﬂ'.

369 5894 485 5967 (99)
516 5894 707 5952 Denuo
773 5906 1157 5968 argumentum
1217 5916 1273 5970 q.
1335 5899 1592 5957 CCXXII!
1670 5901 1901 5960 Photius

630 5996 905 6063 Ριτιιοι..
952 5996 1075 6059 Gn.
1111 5996 1223 6061 Cl.
3158 6008 3234 6071 37

2071 5564 2180 5607 rtra
2205 5576 2212 5587 '
2241 5577 2252 5608 ε
2302 5594 2315 5609 .

2000 5568 2152 5694 pem
2186 5566 2332 5700 iiiis
2357 5628 2573 5700 scilicet
2604 5642 2991 5700 argumentum
3019 5629 3247 5686 Photius

2002 5697 2239 5784 turased
2268 5698 2373 5752 alia
2403 5697 2914 5784 quadamfatione,
2942 5701 3257 5784 inepistola
3298 5697 3595 5784 {az‘iloiunc

2001 5780 2058 5834 q.
2091 5765 2218 5836 2'22)
2251 5782 2374 5837 qua:
2406 5765 2529 5841 ipsa
2588 5771 2813 5831 totidem
2862 5765 3077 5830 verbis'
3102 5774 3155 5829 in
3208 5765 3591 5841 Amphilochi“

2003 5846 2181 5893 exstat
2210 5854 2364 5896 num.
2397 5840 2520 5897 176.

3382 5629 3597 5699 rsequi-
