4132 6440
562 441 698 506 1155

1731 425 1992 492 ΡΠΟΤΙΙ
2031 422 2535 486 ΡΑΤΒῙΑΒΟΗᾹΞ
2567 424 2676 484 CP.

3683 420 3821 486 11336

543 574 652 612 non
705 555 1008 612 surrexerit
1056 554 1317 623 propheta
1373 549 1494 619 ipso
1559 547 1757 616 major.
1811 546 1905 600 Ille
1972 543 2117 598 enim

2239 542 2517 613 ταρίστησι
2557 539 2780 610 μείζονα
2815 540 3103 608 προφήτην
3147 537 3334 594 αὑτοῦ.
3367 539 3479 591 Καὶ
3514 535 3623 608 γάρ
3672 539 3819 608 πλη-

541 645 682 714 quod
729 643 795 698 ad
843 650 1060 712 tempus
1092 641 1314 695 Christo
1364 638 1652 709 proximus
1687 647 1824 700 erat,
1854 643 1908 687 et
1960 648 2124 687 voca-

541 739 703 791 batur
739 756 757 788 (
801 752 906 789 vox
942 734 1270 790 clamantis:
1320 733 1514 787 Paratc
1560 731 1702 784 viam
1737 728 1956 783 Domini
1993 727 2058 789 ³⁵⁷,
2101 744 2118 775 ι

542 827 934 898 pronuntians.
968 825 1254 894 Scriptura
1291 825 1479 894 itaque
1518 822 1616 884 ait,
1659 820 1807 890 quod
1840 833 2002 873 nemo
2033 817 2125 871 illo

544 919 718 988 major
741 915 1079 982 surrexerit;
1108 931 1213 969 non
1246 931 1376 969 vero
1407 914 1527 969 ideo
1560 912 1798 982 cogitare
1829 909 2123 980 nosjnbet,

540 1009 688 1079 quod
732 1009 877 1063 idem
913 1008 966 1062 in
1004 1008 1257 1078 gradum,
1295 1006 1512 1062 caeteris
1551 1004 1811 1060 omnibus
1845 1003 2122 1064 altiorem,

539 1102 705 1156 fuerit
752 1108 997 1155 evectus.
1047 1097 1162 1154 Hoc
1211 1115 1362 1161 vero,
1421 1097 1568 1167 quod
1619 1095 1939 1149 Prtecursor
1997 1092 2123 1147 aliis

541 1193 798 1248 omnibus
825 1192 1002 1261 major
1030 1191 1121 1256 sit,
1155 1205 1268 1244 non
1299 1188 1550 1259 prohibet
1608 1185 1909 1256 quominus
1963 1185 2118 1238 multi

543 1288 633 1342 alii
667 1287 907 1357 aequales
939 1285 1045 1356 ipsi
1075 1285 1405 1339 habeantur.

620 1381 870 1434 Alterum
902 1392 1034 1432 vero
1067 1375 1199 1430 illud
1231 1393 1244 1429 :
1285 1395 1303 1427 (
1336 1374 1596 1428 Minimus
1622 1386 1774 1436 vero,
1812 1369 1986 1437 major
2021 1367 2114 1422 illo

539 1481 660 1538 est;
697 1491 716 1523 ›
745 1471 835 1525 alii
867 1470 1087 1540 quidem
1116 1468 1186 1524 de
1217 1467 1438 1524 Christo
1458 1464 1757 1534 accipiunt,
1791 1463 2125 1532 qui,quam-

541 1565 624 1621 vis
649 1564 917 1618 Dominus
941 1569 1106 1626 esset,
1136 1568 1295 1615 atate
1315 1567 1498 1613 tamen
1527 1556 1883 1626 corporisque
1915 1561 2125 1607 statura

543 1667 598 1711 et
623 1657 767 1728 vulgi
801 1656 1012 1726 judicio
1051 1671 1117 1709 eo
1147 1661 1396 1722 tempore
1433 1651 1614 1705 minor
1655 1648 1972 1704 haberetur.
2011 1642 2125 1713 Ego

542 1763 693 1812 vero,
731 1754 792 1801 ut
827 1745 958 1800 alibi
983 1746 1049 1800 de
1081 1745 1186 1799 hoc
1216 1751 1501 1797 momento
1532 1740 1860 1797 sententiam
1885 1736 2020 1797 dixi,
2049 1735 2124 1787 ita

541 1838 672 1893 huic
701 1837 1033 1907 expositioni
1078 1836 1344 1907 phrasin:
1386 1854 1404 1888 ι
1441 1835 1584 1888 Inter
1615 1840 1772 1886 natos
1813 1846 1881 1886 ex
1923 1828 2124 1883 mulie-

540 1929 722 1994 ribus,
763 1947 782 1979 ι
821 1928 1102 1983 adversari
1134 1927 1414 1982 existimo.
1455 1925 1712 1980 Christus
1743 1923 1890 1977 enim
1923 1935 2032 1975 non
2059 1933 2124 1974 ex

2239 1922 2288 1972 τὸ
2322 1939 2339 1971 ι
2379 1922 2435 1972 ὲν
2468 1921 2716 1989 γενητοῖς
2747 1917 3019 1984 γυναικῶν
3057 1935 3074 1966 ι
3107 1914 3221 1983 ἔχει
3278 1929 3333 1965 τι
3387 1911 3714 1965 ἀντιπίπτον
3745 1913 3818 1980 τῇ

2230 2008 2608 2079 προειρημένῃ
2648 2006 2963 2070 άναπτύξει.
2999 2005 3072 2056 Οὐ
3106 2003 3214 2074 γὰρ
3241 2005 3305 2057 ὲκ
3340 2002 3595 2070 γυναικὸς
3629 2001 3820 2064 ἁπλῶς

2230 2099 2521 2168 γεγένηται
2549 2099 2577 2150 6
2617 2097 2876 2166 Χριστὸς,
2908 2095 3024 2148 ἀλλ’
3047 2097 3112 2147 ὲκ
3143 2093 3444 2165 Παρθένου.
3483 2092 3546 2144 Ἦ
3588 2092 3646 2145 δὲ
3668 2094 3822 2162 Παρ-

2232 2191 2384 2254 θένος
2413 2191 2514 2244 οὐκ
2544 2191 2610 2244 ἀν
2647 2189 2850 2259 κυρίως
2875 2186 3098 2259 κληθείη
3135 2187 3296 2258 γυνὴ,
3327 2188 3374 2240 εἰ
3407 2187 3481 2256 μή
3525 2203 3608 2249 τις
3643 2187 3822 2240 ἐθέλοι

2229 2281 2306 2351 τῷ
2343 2285 2546 2353 ῥήματι
2580 2281 3052 2354 καταχρήσασθαι,
3085 2280 3159 2344 ῶς
3193 2296 3295 2332 που
3327 2280 3422 2332 καὶ
3471 2281 3500 2332 6
3532 2278 3822 2342 θεσπέσιος

2231 2372 2442 2436 Παῦλός
2497 2390 2630 2443 φησι
2657 2389 2668 2402 °

2233 2466 2510 2536 Παρθένου
2543 2465 2636 2520 οῦν
2658 2468 2685 2519 6
2741 2465 2974 2536 Χριστὸς
3008 2463 3308 2534 προελθὼν,
3351 2463 3466 2516 ἀλλ’
3502 2464 3562 2516 οὐ
3617 2463 3822 2534 κυρίως

2232 2561 2296 2612 ἐκ
2325 2558 2606 2626 γυναικὸς,
2641 2558 2835 2612 ἑαυτὸν
2867 2557 2932 2610 ἂν
2965 2557 3041 2626 (5)
3076 2555 3179 2620 ἔξω
3198 2554 3380 2608 τάττοι
3413 2555 3513 2626 τῆς
3559 2555 3697 2625 πρὸς
3730 2555 3823 2606 τὸν

541 2016 773 2071 muliere
802 2015 1147 2085 simpliciter,
1174 2014 1267 2069 sed
1297 2029 1362 2068 ex
1391 2011 1612 2083 Virgine
1639 2019 1800 2065 natus
1823 2018 1903 2064 est
1930 2026 1941 2061 :
1973 2007 2127 2077 virgo

542 2123 675 2162 vero
704 2108 902 2161 mulier
934 2106 1155 2176 proprie
1194 2104 1459 2175 appellari
1499 2118 1609 2157 non
1647 2107 1852 2172 potest,
1886 2098 1989 2152 nisi
2031 2113 2128 2152 vo-

541 2214 656 2252 cem
692 2214 759 2253 eo
797 2197 1107 2268 signiﬁcatu
1151 2197 1380 2250 induere
1409 2194 1563 2258 velis,
1598 2207 1708 2261 quo
1734 2191 1895 2246 divus
1925 2188 2127 2243 Paulus

546 2307 678 2346 usus
722 2300 825 2357 est,
867 2291 1055 2346 dicens
1095 2309 1107 2343 :
1153 2309 1170 2341 ι
1207 2286 1380 2342 Natus
1424 2303 1490 2341 ex
1535 2285 1767 2340 muliere
1805 2284 1870 2338 ⁸⁸.
1919 2302 1935 2334 ι
1988 2281 2125 2335 Cum

541 2383 705 2453 igitur
731 2383 984 2437 Christus
1020 2397 1091 2436 ex
1128 2380 1370 2452 Virgine,
1417 2394 1523 2433 non
1575 2388 1759 2432 autem
1808 2375 2032 2446 preprie
2059 2389 2126 2428 ex

541 2474 792 2540 muliere,
830 2482 990 2529 natus
1021 2474 1115 2540 sit,
1144 2476 1340 2528 merito
1371 2471 1593 2541 quidem
1637 2484 1666 2522 a
1691 2467 2125 2535 comparatione,

540 2585 666 2623 cum
713 2567 924 2623 Joanne
967 2566 1328 2629 instituenda,
1368 2561 1688 2619 distinxisse
1734 2575 1794 2615 se
1843 2558 2128 2613 existima-

541 2660 656 2714 bitu
667 2675 709 2712 r.

2235 634 2507 694 σιαίτατός
2536 650 2594 685 τε
2636 631 2776 685 κατὰ
2805 632 2929 693 τοὺς
2948 630 3174 700 χρόνους
3202 631 3393 698 γέγονε
3421 628 3517 682 τοῦ
3555 631 3816 700 Χριστοῦ,

2235 725 2328 779 καὶ
2360 744 2377 775 ι
2410 725 2562 796 φωνὴ
2597 723 2825 793 βοῶντος
2850 723 3288 790 ἀναγέγραπται,
3323 722 3682 792 Ἑτοιμάσατε
3715 723 3819 790 τὴν

2233 817 2348 871 ὁδὸν
2373 817 2466 870 τοῦ
2505 816 2734 889 Κυρίου,
2793 834 2812 867 ι
2847 814 3293 878 διασαλπίζουσα.
3346 814 3486 884 Φησὶ
3514 813 3559 866 δ’
3589 812 3680 866 οὖν
3721 812 3820 866 καὶ

2233 909 2295 962 τὸ
2329 909 2586 980 γράμμα,
2619 908 2691 971 ὡς
2735 906 2898 960 αὑτοῦ
2949 907 3046 976 μὲν
3080 906 3282 977 μείζων
3336 905 3495 970 ἄλλος
3543 907 3643 958 οὐκ
3683 905 3817 974 ἐγή-

2233 1016 2462 1070 γερται,
2509 999 2566 1050 οὐ
2619 996 3023 1066 συναναγκάζει
3076 996 3133 1049 δὲ
3182 997 3342 1060 νοεῖν,
3388 995 3462 1058 ὡς
3513 987 3670 1058 οὗτος
3708 995 3818 1046 τῶν

2235 1089 2490 1142 ἁπάντων
2523 1087 2838 1157 είςβαθμὸν
2863 1086 3148 1157 ,ἀνέδραμε
3179 1085 3420 1154 μείζονα.
3447 1085 3521 1138 Τὸ
3556 1085 3610 1138 δὲ
3637 1085 3710 1156 μὴ
3737 1084 3818 1153 (2)

2235 1178 2457 1250 μείζονα
2485 1179 2575 1231 τὸν
2606 1179 2917 1249 Πρόδρομον
2953 1177 3063 1231 τῶν
3089 1176 3263 1231 ἄλλων
3290 1171 3449 1241 εἶναι,
3477 1175 3638 1228 τοῦτο
3663 1174 3820 1228 οὐδὲν

2233 1271 2430 1324 κωλϋει
2470 1269 2697 1332 πολλοὺς
2726 1269 3051 1341 συνδραμεῖν
3081 1268 3229 1338 αὐτῷ
3261 1269 3398 1339 πρὸς
3431 1267 3671 1338 ίσότητα.

2266 1399 2267 1402 η
2304 1370 2376 1421 Τὸ
2409 1370 2590 1440 μέντοι
2618 1386 2632 1400 ι
2671 1387 2688 1420 ι
2711 1368 2770 1420 '0
2789 1368 2845 1421 δὲ
2874 1367 3194 1436 μικρότερος
3223 1364 3388 1418 αὐτοῦ
3421 1362 3623 1433 μείζων
3649 1361 3818 1415 αὐτοῦ

2232 1464 2400 1526 ἐστιν,
2448 1482 2466 1512 ι
2505 1463 2554 1514 οἱ
2585 1461 2682 1531 μὲν
2705 1460 3046 1529 ὲξειλήφασιν
3076 1457 3314 1528 περὶτοῦ
3344 1455 3608 1527 Χριστοῦ,
3639 1454 3820 1525 χρόνῳ

2231 1572 2290 1607 τε
2348 1555 2444 1607 καὶ
2505 1555 2567 1622 τῇ
2639 1553 2732 1606 τοῦ
2791 1552 3040 1621 σώματος
3080 1550 3384 1619 ἀναδρομῇ,
3448 1548 3543 1600 καὶ
3586 1549 3652 1617 τῇ
3703 1545 3816 1598 τῶν

2233 1641 2442 1695 πολλῶν
2493 1642 2756 1711 ὑπολήψει
2798 1641 2915 1694 κατ’
2953 1642 3127 1692 έκεῖνο
3157 1638 3350 1709 καιροῦ
3379 1637 3438 1690 τὸ
3492 1637 3820 1706 μικρότερον

2233 1733 2601 1804 ἀποφέροντος
2625 1733 2719 1786 τοῦ
2744 1731 3035 1786 Δεσπότου.
3075 1729 3230 1800 Ἐμοὶ
3262 1729 3318 1781 δὲ
3341 1729 3500 1782 τοῦτο
3525 1729 3619 1782 καὶ
3651 1728 3821 1781 ἀλλα·-

2226 1824 2328 1895 -χοῦ
2351 1825 2449 1894 τῆς
2482 1824 2797 1894 πρεπούσης
2823 1822 3030 1892 διαίτης
3056 1821 3283 1890 ἠξίωται
3339 1819 3511 1890 (ὅςᾶν),
3553 1819 3686 1872 ἀλλά
3719 1819 3820 1872 καὶ

3783 1913 3811 1928 η

2747 2393 2762 2422 ι
2813 2372 3104 2441 Γενόμενος
3181 2372 3245 2423 ὲκ
3301 2370 3577 2439 γυναικός.
3625 2389 3645 2422 ι
3725 2371 3822 2424 Ἐκ

2245 2652 2494 2720 Ἰωάννην
2518 2650 2873 2721 συγκρίσεως.

2306 2744 2526 2814 Ἔτεροι
2575 2744 2632 2796 δέ
2684 2758 2816 2810 φασι
2878 2740 3203 2812 μικρότερον
3246 2742 3302 2793 ὲν
3332 2743 3398 2811 τῇ
3432 2738 3678 2810 βασιλείᾳ
3709 2737 3826 2791 τῶν

2232 2836 2472 2907 οὐρανῶν
2495 2834 2726 2888 ἐνταῦθα
2744 2835 2996 2907 εἰρῆσθαι
3015 2835 3106 2888 τὸν
3121 2833 3420 2898 ἀξιωθέντα
3446 2833 3546 2904 τῆς
3576 2833 3824 2905 χάριτος,

2235 2930 2320 2982 ἵνα
2347 2929 2431 3000 εἴη
2467 2928 2707 2983 τοιοῦτον
2739 2931 2767 2982 ὁ
2800 2928 2944 2992 νοῦς·
2979 2928 3101 2981 Τῶν
3128 2928 3229 2999 μὲν
3258 2927 3400 2983 κατὰ
3439 2929 3638 2998 νόμους
3661 2945 3829 2996 γεγο-

2233 3025 2400 3078 νότων
2427 3023 2730 3094 άνθρώπων
2752 3021 2926 3085 οὐδεὶς
2958 3021 3023 3075 ἂν
3052 3022 3138 3093 εἴη
3174 3021 3267 3074 τοῦ
3299 3022 3548 3075 Ἰωάννου
3584 3021 3818 3092 μείζων·

2234 3119 2342 3171 τῶν
2377 3117 2434 3171 δὲ
2487 3117 2625 3186 μετά
2680 3115 2779 3185 τὴν
2813 3114 2974 3185 χάριν
3008 3112 3390 3181 ἀναφανέντων
3437 3113 3560 3166 ὅσον
3608 3113 3702 3166 ἐπὶ
3747 3113 3833 3182 τῷ

2237 3209 2558 3280 ἀξιωθῆναι,
2614 3202 2689 3264 ὧν
2749 3209 2952 3271 ἐκεῖνος
3013 3207 3115 3259 οὐκ
3167 3205 3369 3274 ἔφθασε
3427 3207 3635 3276 τυχεῖν,
3683 3205 3835 3258 κατὰ

2235 3303 2392 3356 τοῦτο
2419 3303 2480 3356 τὸ
2501 3302 2620 3355 κατ’
2643 3298 2808 3354 αὐτοῦ
2847 3298 3028 3370 μεῖζον
3063 3299 3090 3350 ὀ
3111 3297 3439 3368 μικρότερος
3467 3296 3834 3364 άπενέγκοιτο

2237 3399 2322 3452 ἄν.
2359 3396 2470 3449 Καὶ
2502 3394 2613 3466 γὰρ
2641 3396 2822 3456 ὁποῖος
2839 3393 2904 3446 ἄν
2933 3411 3017 3455 τις
3049 3391 3125 3444 ὢν
3157 3393 3216 3444 ὲν
3241 3392 3351 3453 τοῖς
3375 3389 3567 3453 τύποις
3598 3390 3693 3441 καὶ
3719 3393 3834 3451 τοῖς

2238 3488 2697 3559 προχοιράγμασιν
2736 3483 2879 3538 κατά
2920 3482 3150 3554 μέγεθος
3181 3483 3275 3534 καὶ
3316 3479 3473 3544 δόξαν
3523 3478 3834 3551 προκριθῇ*

2237 3574 2392 3644 οὗτος
2419 3578 2528 3632 τῶν
2556 3580 2611 3632 ὲν
2634 3580 2699 3648 τῇ
2740 3575 2971 3647 ἀληθεία
3007 3577 3101 3628 καί⁹
3135 3575 3319 3635 αὐτοῖς
3371 3576 3485 3636 τοῖς
3537 3573 3844 3643 πράγμασι

2240 3671 2687 3740 συντεταγμένων
2744 3686 2802 3722 τε
2851 3669 2946 3722 καὶ
2993 3667 3378 3736 άναφανέντων
3420 3665 3543 3718 οὐδὲ
3590 3664 3687 3717 τοῦ
3733 3666 3839 3735 τὴν

2238 3763 2476 3833 ἐσχάτην
2520 3759 2803 3822 δοκοῦντος
2848 3756 3002 3821 τάξιν
3043 3755 3262 3826 ἐπέχειν
3299 3757 3378 3818 εἰς
3414 3755 3636 3824 ἰσότητα
3673 3755 3843 3822 λόγον

2239 3858 2482 3926 εὑρήσει.
2519 3852 2578 3906 Εἰ
2602 3851 2710 3922 γάρ
2737 3850 2830 3905 καὶ
2856 3852 2883 3903 6
2919 3848 3174 3918 Ἰωάννης
3204 3848 3482 3918 αὐτόπτης
3507 3847 3702 3916 γέγονε
3735 3846 3844 3900 τοῦ

2241 3943 2503 4018 Χριστοῦ,
2533 3943 2628 3996 καί⁹
2656 3940 2731 4011 τῷ
2758 3939 2853 3993 τοῦ
2881 3937 3259 4010 βαπτίσματος
3293 3935 3583 4006 μυστηρίῳ
3624 3935 3845 4005 ὑπηρε-

2241 4041 2462 4110 τήσατο,
2532 4034 2627 4089 καὶ
2683 4034 2896 4104 μάρτυς
2937 4029 3265 4101 διαπρύσιος
3317 4027 3414 4081 τοῦ
3469 4025 3708 4097 Ἀμνοῦ,
3740 4025 3847 4078 τοῦ

2244 4132 2492 4203 αἴροντος
2521 4127 2620 4198 τὴν
2658 4124 2936 4195 ἁμαρτίαν
2969 4121 3065 4175 τοῦ
3113 4121 3346 4192 κόσμου,
3383 4119 3622 4188 κατέστη
3647 4135 3662 4150 ο
3718 4117 3843 4172 ἀλλ’

2245 4225 2344 4278 οὐκ
2372 4223 2448 4295 (6)
2476 4221 2556 4275 ἔτι
2585 4218 2678 4273 τοῦ
2715 4217 2882 4288 νόμου
2904 4217 2999 4268 καὶ
3023 4215 3122 4285 τῆς
3147 4214 3307 4276 σκιᾶς
3338 4214 3395 4266 ὲν
3419 4213 3534 4275 τοῖς
3559 4210 3850 4280 λειψάνοις

2250 4313 2584 4382 σωζομένης,
2641 4309 2734 4362 καὶ
2797 4307 2964 4377 μήπω
3010 4301 3266 4374 καθαρῶς
3307 4303 3402 4356 καὶ
3459 4301 3683 4363 τελείως
3739 4302 3849 4370 τῆς

611 2749 719 2803 ΛΙίἱ
752 2763 879 2803 vero
903 2746 1242 2802 contendunt
1287 2746 1554 2800 minorem
1583 2744 1634 2797 in
1666 2757 1835 2815 regno
1862 2741 2126 2798 caelorum

543 2845 652 2897 hoc
692 2844 814 2897 loco
838 2857 962 2896 eum
996 2840 1126 2906 diri,
1157 2841 1252 2910 qui
1283 2839 1474 2908 gratiae
1521 2839 1649 2893 novi
1690 2836 1916 2893 foederis
1948 2835 2127 2890 factus

551 2933 623 2988 sit
656 2932 928 3002 particeps
958 2949 970 2984 :
1021 2931 1120 2986 hoc
1151 2930 1359 2985 scilicet
1395 2945 1585 3004 sensu,
1615 2929 1891 2984 nemiuem
1925 2942 1990 2982 ex
2036 2925 2125 2990 iis,

543 3025 635 3093 qui
661 3025 764 3078 sub
791 3025 904 3093 lege
926 3023 1095 3094 geniti
1122 3022 1255 3086 sint,
1286 3022 1606 3078 hominibus
1633 3021 1842 3077 Joanne
1864 3018 2129 3090 majorem

546 3131 702 3182 esse;
753 3131 816 3171 ex
861 3116 926 3170 iis
963 3130 1117 3182 vero,
1169 3115 1262 3186 qui
1311 3122 1439 3186 post
1487 3117 1720 3186 gratiam
1764 3113 2120 3184 praedicatam

541 3208 874 3274 exstiterint,
905 3207 1070 3264 etiam
1107 3208 1394 3263 minimum
1427 3209 1640 3278 priores
1679 3215 1867 3276 partes
1919 3205 1970 3259 in
2001 3215 2125 3259 tan-

546 3313 659 3358 tum
685 3311 894 3368 tenere,
933 3302 987 3355 in
1023 3310 1294 3370 quantum
1325 3301 1446 3355 istis
1490 3307 1766 3354 mactatus
1806 3307 1892 3353 est
1943 3297 2126 3363 bonis,

544 3410 783 3466 quorum
812 3395 901 3450 ille
924 3391 1212 3465 (Joannes)
1238 3407 1346 3447 non
1373 3400 1501 3448 ante
1526 3392 1704 3447 factus
1735 3391 1808 3447 sit
1831 3391 2125 3461 particeps.

547 3489 605 3543 Si
637 3487 763 3557 quis
795 3488 939 3542 enim
976 3485 1194 3540 ratione
1238 3492 1492 3554 typorum
1525 3491 1579 3538 et
1621 3481 2010 3551 praeludiorum
2045 3481 2130 3534 (li--

548 3582 759 3650 gnitate
806 3592 860 3636 et
903 3579 1287 3650 praerogativis
1321 3578 1595 3631 maximus
1642 3575 1931 3637 habeatur,
1985 3573 2128 3626 idem

549 3684 758 3738 tamen,
795 3672 986 3728 habito
1041 3671 1110 3725 ad
1163 3685 1251 3726 res
1308 3671 1474 3740 ipsas,
1523 3683 1646 3737 quae
1693 3680 1860 3736 opere
1903 3665 2024 3735 ipSu
2075 3677 2134 3717 se

549 3769 758 3822 sistunt
789 3776 846 3820 et
880 3763 1326 3834 conspiciuntur,
1372 3769 1650 3832 respectu,
1687 3772 1972 3828 nunquam
2004 3771 2136 3810 cau-

549 3869 668 3908 sam
708 3853 998 3917 invenerit,
1032 3867 1132 3906 cur
1165 3866 1223 3906 se
1252 3865 1379 3906 cum
1408 3863 1492 3915 eo,
1524 3848 1617 3918 qui
1647 3847 1938 3902 minimum
1969 3844 2134 3899 etiam

553 3945 736 3996 locum
777 3950 982 4007 tuetur,
1035 3948 1336 4011 comparet.
1377 3939 1646 4006 Quamvis
1698 3939 1847 3995 enim
1896 3937 2137 3993 Joannes

553 4035 834 4091 Christum
876 4035 1056 4105 ipsum
1101 4035 1323 4099 viderit,
1377 4034 1633 4104 sacrique
1681 4031 1886 4087 lavacri
1934 4039 2139 4102 myste-

553 4130 700 4181 rium
750 4125 1173 4191 administrarit,
1202 4126 1476 4197 Agnique,
1525 4132 1750 4195 peccata
1795 4122 1986 4178 mundi
2035 4123 2140 4176 tol-

558 4219 748 4287 lentis,
775 4219 934 4274 testis
957 4219 1233 4274 exstiterit
1254 4233 1368 4274 non
1395 4217 1759 4284 inﬁciandus;
1789 4215 1932 4271 idem
1955 4223 2140 4269 tamen

557 4327 623 4367 eo
661 4319 931 4380 tempore,
979 4325 1090 4380 quo
1137 4311 1226 4364 lex
1270 4318 1326 4364 et
1377 4310 1584 4365 umbrae
1626 4292 1808 4364 adhuc
1854 4314 2012 4362 erant
2055 4321 2142 4361 su-

2157 3267 2200 3325 C

558 4405 840 4473 perstites,
895 4418 997 4458 nee
1045 4403 1220 4473 gratia
1260 4402 1407 4458 clare
1452 4403 1724 4472 pleneque
1767 4400 2039 4467 eluxerat,
2073 4414 2142 4454 ex

558 4496 670 4551 vita
699 4498 956 4552 excessit.
987 4495 1124 4550 Cum
1176 4496 1324 4551 enim
1359 4497 1412 4550 in
1450 4510 1673 4553 carcere
1717 4503 2046 4561 versaretur,
2091 4503 2145 4549 et

2248 4407 2473 4475 χάριτος
2522 4398 2960 4469 ἀναλαμψάσης,
3017 4395 3179 4458 αὐτὸς
3245 4393 3480 4465 μετέστη
3540 4390 3636 4445 τοῦ
3697 4391 3848 4462 βίου.

2266 4496 2421 4550 Ἐπεὶ
2462 4494 2570 4564 γὰρ
2591 4491 2652 4545 τό
2691 4509 2751 4544 τε
2780 4489 2986 4558 οἴκημα
3017 4486 3224 4558 ᾤκησε,
3255 4485 3347 4538 καὶ
3382 4483 3479 4556 τὴν
3509 4484 3597 4537 ἐπ’
3629 4484 3852 4555 ἐλέγχῳ

560 4588 696 4641 εαξάί
745 4603 856 4642 non
889 4587 1224 4657 promeritae,
1265 4597 1486 4658 propter
1518 4586 2051 4641 animadversionem
2087 4586 2132 4638 in

2249 4587 2345 4658 τῆς
2371 4584 2479 4638 τῶν
2496 4580 2808 4638 Μωσαϊκῶν
2825 4580 3004 4650 νόμων
3036 4575 3404 4648 παραϐάσεως
3423 4574 3608 4630 άδικον
3626 4575 3853 4648 ὑπέστη

559 4678 796 4734 violatas
824 4679 971 4749 leges
1016 4677 1314 4745 Mosaicas,
1341 4679 1456 4749 jam
1489 4678 1772 4749 subjectus
1816 4685 1983 4742 esset,
2029 4686 2143 4733 tum

561 4772 786 4825 detnum
819 4768 1087 4824 Dominus
1135 4778 1347 4834 noster,
1397 4767 1556 4825 Jesus
1603 4768 2148 4840 Christus,rregnutn

561 4863 661 4919 Dei
694 4863 997 4934 praedicare
1039 4862 1356 4932 incipiebat.
1385 4860 1683 4932 Propterea
1730 4876 1896 4917 nemo
1931 4876 2164 4943 eorum,

563 4958 656 5027 qui
680 4973 745 5014 ex
779 4971 920 5027 aqua
941 4965 993 5012 et
1017 4955 1226 5026 Spiritu
1250 4955 1554 5026 regenerati
1577 4959 1759 5020 erant,
1786 4963 1840 5008 et
1879 4954 2150 5010 Paracleti

565 5065 796 5106 accessu
848 5050 1119 5121 donisque
1171 5048 1321 5119 digni
1371 5047 1738 5112 habebantur,
1799 5049 2071 5104 secundas
2118 5063 2150 5102 a

565 5140 778 5199 Joanne
831 5149 1015 5213 partes
1056 5150 1241 5197 tenere
1287 5138 1523 5210 judicari
1581 5137 1779 5210 possit.
1841 5137 1956 5193 lmo
2018 5153 2149 5194 vero

569 5234 736 5290 etiam
761 5233 830 5300 is,
847 5233 941 5305 qui
968 5233 1221 5288 inﬁmum
1243 5231 1425 5286 locum
1449 5239 1702 5301 occupet,
1729 5229 1876 5286 illius
1898 5240 2148 5301 respectu

637 5370 682 5402 ‘7
707 5370 893 5427 Matth.
933 5384 1014 5437 ur,
1049 5370 1102 5424 5.
1144 5368 1190 5401 ’⁸⁸
1224 5365 1401 5423 Galat.
1437 5381 1512 5434 iV,
1539 5367 1594 5422 4.

2253 4677 2489 4748 σφαγὴν,
2520 4674 2658 4746 μετὰ
2677 4671 2848 4726 ταῦτα
2889 4671 3093 4742 ἤρξατο
3125 4671 3153 4722 ὁ
3190 4669 3398 4741 Κύριος
3431 4667 3592 4738 ἡμῶν
3624 4667 3855 4738 Ἰησοῦς

2247 4770 2486 4841 Χριστὸς
2509 4765 2803 4838 κηρύττειν
2845 4764 2914 4818 τά
2943 4762 3196 4834 περὶτῆς
3223 4760 3502 4832 βασιλείας
3535 4759 3629 4813 τοῦ
3677 4760 3852 4816 Θεοῦ.

2248 4862 2359 4916 Καὶ
2396 4860 2486 4915 διὰ
2527 4860 2704 4923 τοῦτο,
2754 4859 2868 4910 ὅσοι
2917 4873 2977 4909 τε
3026 4854 3095 4909 δι’
3148 4852 3344 4918 ὕδατος
3387 4854 3481 4906 καὶ
3523 4851 3866 4923 Πνεύιματος

2247 4950 2732 5023 ἀνεγεννήθησαν,
2799 4948 2895 5002 καὶ
2951 4948 3050 5018 τῆς
3111 4946 3512 5016 ἐπιφοιτήσεως
3576 4946 3672 4998 καὶ
3730 4947 3858 4998 τῶν

2249 5029 2608 5118 χαρισμάτων
2634 5043 2728 5095 τοῦ
2760 5040 3118 5114 Παρακλήτου
3146 5038 3483 5110 ἠξιώθησαν,
3514 5038 3726 5092 τούτων
3743 5041 3858 5092 οὐκ

2247 5139 2312 5194 ἄν
2344 5155 2424 5202 τις
2452 5136 2519 5190 τὰ
2553 5136 2834 5206 δευτερεῖα
2867 5133 3021 5203 σχοίη
3060 5131 3154 5186 τοῦ
3200 5133 3474 5186 Ἰωάννου.
3519 5130 3684 5186 Ἀλλά
3735 5131 3859 5201 γὰρ

2250 5229 2398 5283 καὶὸ
2448 5229 2547 5299 τὴν
2594 5225 2920 5279 τελευταίαν
2974 5223 3126 5290 τάξιν
3178 5224 3358 5296 λαχὼν
3403 5226 3465 5278 τὸ
3523 5223 3642 5278 κατ’
3677 5222 3856 5276 αὐτοῦ

2076 5522 2305 5582 NOTAE.

644 5643 723 5715 (ἢ)
750 5644 825 5716 μή
845 5640 979 5698 illud
1008 5655 1321 5716 expungere
1355 5657 1450 5716 res
1484 5642 1602 5712 ipsa
1627 5638 2043 5716 jubet._‘_Natum
2083 5638 2148 5693 il-

570 5709 665 5771 lud
695 5709 907 5768 videtur
968 5725 1035 5766 ex
1063 5709 1252 5785 prima
1279 5709 1678 5785 syllaba—vocis
1726 5709 1969 5780 μείζονα,
2001 5723 2144 5785 quae,

570 5785 786 5910 ratione
817 5778 1295 5906 pr‘onunti'ationis'
1317 5778 1447 5842 tunc
1471 5778 1878 5853 reccplaeﬂum
1909 5778 2043 5838 voce
2070 5778 2145 5851 μὴ

573 5869 637 5908 ea
677 5869 762 5909 em
809 5868 868 5910 es
897 5888 912 5907 ο

2331 5637 2477 5759 (543
2504 5635 2626 5691 Viti.
2659 5634 2948 5716 epistolam
2989 5635 3152 5690 modo
3222 5634 3549 5706 appellatam
3610 5649 3665 5703 p.
3718 5631 3862 5699 181,

2331 5717 2390 5759 It.
2417 5707 2448 5759 Β
2473 5717 2862 5759 ontacuttanaa.

2257 5708 2390 5764 edit.
2417 5707 2862 5761 Montacutianaa.

2328 5776 2404 5847 (5)
2435 5777 2537 5847 Ἂν
2566 5788 2745 5847 estex
2772 5775 2922 5832 Colb.

2339 5844 2414 5920 (6)
2452 5845 2772 5918 Legendum
2831 5853 2966 5916 puto
3008 5844 3119 5900 οὖν,
