4132 6464
279 422 411 487 ΗΞΠ

1091 422 1189 480 ΑΙ)
1230 422 1832 482 AMPI'IILOCIIIUM
1871 426 2217 493 QUESTIO
2260 432 2463 493 CCCX.
2492 432 2730 493 CCCXI.

3426 424 3563 489 1153

277 540 460 608 μεῖζον
495 538 815 604 ἀπενὲγκοι.
851 536 958 590 Καὶ
1002 538 1049 588 εἰ
1095 538 1169 606 μή
1206 553 1287 598 τις
1327 537 1551 591 ἐκλάόοι
1616 540 1715 593 τῶε.
1763 542 1907 612 πρὸ,

1994 544 2213 597 ιιείιηυιη
2252 547 2515 601 tuebitur.
2544 546 2656 601 Nisi
2680 561 2843 617 porro
2868 545 2997 616 quis
3043 550 3247 599 statuat
3282 540 3565 594 Cbrisznm

272 630 372 697 τῆς
401 631 622 699 χάριτος
649 629 724 699 (7)
764 628 971 698 μηδένα
1005 624 1142 681 εἷναι
1181 629 1407 697 μείζονα
1455 630 1548 683 τοῦ
1618 630 1864 687 Ἰωάννου

1090 722 1133 741 L‘.
1148 720 1166 741 Ἣ
1180 722 1193 741 9

276 808 625 879 ἐξενηνέχθαι
655 809 752 879 τὴν
784 809 1058 876 ἀπόφασιν
1090 808 1186 881 τὴν
1230 810 1592 883 Δεσποτικὴν.
1635 813 1753 884 ὥρα
1788 815 1867 884 (9)

277 920 359 954 σοι
402 904 497 957 καὶ
530 904 629 971 τῆς
657 902 1016 973 ὑπερενδόξου
1061 905 1361 975 Δεσποίνης
1412 906 1570 975 ἡμῶν
1599 905 1865 961 Θεοτόκου

276 990 467 1044 τοῦτον
498 991 830 1057 ἐπίπροσθεν
866 990 1020 1059 ἄγειν
1069 993 1162 1045 καὶ
1202 994 1309 1046 τῶν
1366 996 1682 1065 κορυφαίων
1734 998 1871 1050 ἀποι-

1980 635 2034 689 id
2068 636 2172 691 sibi
2226 637 2384 699 velle,
2420 638 2566 707 quod
2610 654 2773 693 nemo
2818 654 3037 702 eorum,
3076 636 3173 705 qui
3206 643 3331 688 ante
3382 632 3566 687 ftetlus

1979 726 2168 793 gratia:
2201 727 2428 791 fuerint,
2467 726 2642 794 major
2683 728 2755 781 sit
2786 726 3022 792 Joanne,
3051 724 3320 793 malitquc
3358 722 3567 777 dictum

1983 816 2194 872 Domini
2226 819 2292 873 de
2322 819 2581 875 omnibus
2606 819 2924 873 hominibus
2948 817 3274 887 simpliciter
3296 814 3568 884 accipere,

1979 910 2331 965 commodum
2379 911 2479 965 tibi
2527 910 2692 965 fuerit
2740 910 2995 966 eumdem
3052 910 3223 966 etiam
3282 906 3568 976 Deiparm.

1976 999 2220 1054 Domina:
2297 1012 2499 1056 nostrae
2555 1002 3039 1065 celebratissima,
3102 1011 3156 1055 et
3210 998 3557 1071 principibus

279 1084 503 1148 στόλων,
534 1085 562 1137 ὃ
592 1084 691 1135 οὐκ
722 1083 786 1135 ἄν
816 1103 902 1149 τις
933 1085 1250 1156 ἐπιτρέψειε
1282 1087 1564 1159 λογισμός.
1597 1088 1743 1161 Πλὴν
1778 1091 1872 1144 καὶ

1989 1092 2241 1159 lpOSIOIiS
2293 1094 2575 1163 praeferre.
2630 1092 2694 1149 Id
2726 1109 2857 1148 vero
2906 1107 3039 1147 sana
3091 1093 3230 1146 ratio
3287 1104 3568 1160 nunquam

277 1179 307 1228 ὁ
338 1178 470 1247 περὶ
496 1176 688 1231 τούτου
712 1176 891 1246 λόγος,
923 1181 987 1249 τῇ
1017 1179 1368 1251 προσηκούσῃ
1396 1197 1485 1249 μοι
1504 1182 1672 1236 πάλαι
1694 1182 1872 1253 διαίτῃ

1989 1184 2313 1248 )θτηιίεθνὶι.
2338 1184 2445 1239 Sed
2478 1185 2583 1240 hoc
2610 1193 3026 1257 argumentum,
3062 1184 3197 1238 alias
3222 1182 3407 1236 debito
3437 1196 3570 1235 exa-

281 1268 629 1339 ὑποὸληθεὶς,
662 1269 761 1337 τὴν
792 1268 887 1324 νῦν
937 1272 1327 1342 ἀκριϐολογίαν
1377 1275 1741 1345 δυσχεραίνει.

842 1452 1179 1507 ΕΡΩΤΗΣΙΣ
1212 1455 1315 1508 TI'.

178 1538 184 1544 ’
281 1541 386 1597 Διὰ
417 1542 476 1596 τί
516 1542 667 1620 gata
682 1545 747 1620 ζὸ
792 1544 1093 1620 ᾳωτήρρον
1121 1544 1324 1620 πάθος
1351 1550 1404 1620 ό.
1438 1549 1653 1615 Κύριος
1703 1551 1871 1620 ἡμῶν

522 1612 752 1681 Ἰηὰοῦς
796 1615 1055 1681 Χριστὸς
1096 1617 1291 1685 λόγχῃ
1336 1612 1645 1684 mittere“,-

1978 1270 2110 1323 miui
2169 1285 2198 1323 a
2241 1287 2328 1326 me
2376 1272 2722 1343 subjectum,
2768 1290 2916 1329 nunc
2970 1273 3194 1344 quidem
3250 1272 3570 1343 diligentius

1985 1362 2207 1416 tractari
2250 1378 2357 1417 non
2392 1375 2591 1433 potest.

2124 1469 2453 1536 QU/ESTIO
2492 1474 2673 1531 CCCX
2715 1474 2931 1546 [Coisl.,
2979 1474 3142 1529 Taur.
3188 1472 3449 1543 CXXIII].

1983 1555 2161 1620 Quare
2204 1561 2258 1613 in
2293 1561 2523 1615 salutari
2550 1566 2880 1631 perpessione
2914 1563 3169 1616 Dominus
3213 1572 3390 1617 uoster
3412 1561 3571 1615 Jesus

2254 1631 2499 1686 Christus
2531 1637 2715 1709 lancea
2747 1634 3023 1702 confossus
3061 1644 3136 1687 est
3161 1634 3203 1664 ¹⁶⁹
3225 1635 3248 1685 ‘!
3277 1652 3295 1684 ι

793 1726 1043 1777 Editarum
1066 1742 1091 1776 a
1123 1728 1303 1780 Wolﬁo
1330 1732 1703 1795 quadragesima
1737 1738 1881 1787 tertia
1905 1740 1961 1801 (1.
1987 1753 2030 1788 c.
2067 1755 2113 1802 p.
2150 1743 2257 1804 70},
2281 1744 2389 1794 703.
2420 1745 2645 1795 Galland.
2674 1762 2721 1809 p.
2759 1747 2869 1807 715,
2902 1760 2951 1795 η.
2979 1747 3076 1807 18).

354 1810 543 1881 Λόγχῃ
571 1810 822 1864 νύττεται
874 1812 973 1882 τὴν
1021 1813 1264 1882 πλευρὰν
1316 1816 1458 1869 κατὰ
1492 1819 1553 1869 τὸ
1606 1822 1877 1891 σωτήριον

280 1902 456 1966 πάθος
504 1901 760 1974 Χριστὸς,
797 1903 826 1955 ὁ
856 1902 987 1966 Θεὸς
1029 1903 1183 1974 ἡμῶν
1209 1921 1221 1934 ·
1250 1904 1407 1959 τοῦτο
1442 1906 1542 1977 μὲν
1595 1909 1727 1979 ἡμῖν
1782 1909 1877 1963 δύο

283 1994 642 2065 βαπτίσματα
694 1993 1190 2065 καινουργούμενὸς
1237 2013 1295 2048 τε
1337 1998 1430 2049 καὶ
1472 2000 1787 2068 προτυπῶν,
1817 2001 1875 2053 ἓν

2059 1825 2333 1891 Christus,
2376 1830 2519 1884 Deus
2578 1841 2785 1895 noster,
2840 1831 2894 1885 in
2945 1830 3173 1886 salutari
3218 1827 3573 1899 perpessione

1985 1919 2132 1987 quod
2165 1920 2230 1975 ad
2262 1922 2405 1976 latus
2431 1922 2767 1977 confoditur.
2799 1923 2913 1979 Hoc
2936 1925 3055 1993 ipso
3087 1937 3218 1977 vero
3243 1922 3382 1976 duos
3411 1921 3573 1975 nobis

1984 2010 2292 2080 baptismos
2345 2014 2594 2069 condidit
2638 2024 2691 2069 et
2732 2016 3196 2086 pra'signiﬁcavit,
3244 2029 3398 2084 aqua
3446 2012 3576 2067 alte-

285 2085 387 2154 μέν
405 2084 467 2137 τὸ
488 2083 555 2137 δι’
578 2082 794 2149 ὓδατος,
821 2083 1009 2155 ἕτερον
1040 2084 1185 2138 δὲτὸ
1222 2085 1292 2139 δι’
1322 2087 1577 2158 αἵματος.
1620 2090 1732 2143 Καὶ
1766 2091 1875 2163 γὰρ

1989 2117 2130 2166 rum,
2162 2102 2394 2159 alterum
2434 2082 2751 2177 sanguinis:
2797 2082 2987 2177 Neque
3017 2106 3165 2161 enim
3220 2082 3321 2161 ista
3362 2112 3576 2159 natura:

280 2178 394 2231 οὐδ’
433 2177 610 2248 εἱρμῷ
658 2176 751 2229 καὶ
801 2174 1094 2247 ἀκολουθίᾳ
1141 2178 1241 2248 τῆς
1286 2179 1502 2247 φύσεως
1533 2183 1875 2253 ἀπερῤυήκει

1989 2198 2229 2267 quodam
2258 2200 2451 2255 ordine
2473 2209 2529 2255 et
2551 2216 2692 2255 nexu
2725 2216 2791 2255 ex
2811 2200 3004 2264 latere,
3033 2201 3264 2254 salutem
3297 2199 3571 2268 pariente,

281 2265 458 2319 ταῦτα
485 2267 585 2337 τῆς
615 2266 884 2338 σωτηρίου
913 2267 1177 2337 πλευρᾶς.
1204 2269 1360 2323 Μετά
1388 2271 1497 2342 γὰρ
1520 2272 1611 2325 τὸν
1645 2273 1877 2329 θάνατον

281 2358 511 2427 γέγονεν
532 2360 566 2429 ἡ
594 2360 799 2431 πληγὴ,
829 2361 924 2413 καὶ
951 2360 1092 2429 μετὰ
1114 2362 1328 2434 πληγὴν
1357 2364 1542 2435 βλύζει
1561 2366 1631 2420 τὰ
1658 2368 1878 2438 νάματα

280 2453 317 2519 ὴ
356 2451 585 2521 πλευρά.
635 2450 723 2503 Ἑν
752 2453 817 2522 τῇ
855 2452 1065 2525 πλευρᾷ
1089 2453 1148 2505 ὃέ
1183 2453 1297 2524 (10)
1329 2457 1423 2509 καὶ
1452 2458 1553 2511 οὐκ
1598 2459 1656 2511 ἐν
1706 2458 1878 2530 ἑτέρῳ

286 2542 447 2613 μέρει
467 2543 682 2613 δέχεται
710 2543 808 2613 τὴν
830 2543 1066 2615 πληγὴν,
1099 2546 1233 2600 διότι
1266 2550 1331 2600 ἐκ
1363 2548 1607 2619 πλευρᾶς
1648 2550 1746 2619 μὲν
1782 2550 1878 2605 τοῦ

297 2634 471 2704 Ἀδὰμ
535 2634 779 2706 ἐπλάσθη
852 2637 886 2706 ἠ
949 2637 1110 2707 γυνὴ,
1168 2638 1237 2691 δι’
1298 2640 1473 2710 αὐτῆς
1530 2641 1576 2692 δ’
1639 2641 1881 2713 ἁμαρτία

280 2728 538 2799 ἐπράχθη
560 2727 639 2798 τῷ
685 2728 878 2797 Ἀδάμ.
906 2728 1210 2799 Πλήττεται
1257 2729 1351 2783 οὖν
1398 2732 1655 2801 Χριστὸς,
1689 2734 1717 2785 ὁ
1748 2732 1880 2795 Θεὸς

280 2819 464 2892 ἡμῶν,
519 2822 548 2873 ὁ
600 2820 717 2885 νέος
769 2820 961 2891 Ἀδὰμ,
990 2822 1090 2893 τὴν
1128 2822 1391 2894 πλευρὰν,
1431 2820 1624 2894 ὥσπερ
1661 2824 1748 2879 διὰ
1781 2826 1880 2895 τῆς

279 2912 504 2983 πληγῆς
555 2912 796 2985 ἀναιρῶν
853 2912 953 2984 τὴν
1005 2914 1320 2985 ἁμαρτίαν,
1383 2916 1479 2969 καὶ
1550 2916 1643 2969 τὸν
1709 2917 1882 2989 Ἀδὰμ

279 3004 644 3060 ἀπαλλάττων
662 3006 752 3059 τοῦ
775 3006 988 3076 διὼτῆς
1020 3006 1262 3077 πλευρᾶς
1287 3006 1436 3076 αὑτῷ
1462 3010 1882 3078 περιγεγονότος

280 3097 674 3170 ὀλισθήματος,
707 3098 785 3162 ὡς
817 3100 883 3152 ἂν
920 3099 1203 3153 κάνταῦθα
1248 3099 1630 3171 πληρούμενον
1676 3103 1760 3172 εἴη
1800 3104 1880 3170 τὸ,

291 3210 311 3243 ι
343 3191 519 3244 Ὅπου
542 3191 868 3246 ἐπλεόνασεν
894 3193 1186 3263 ἡάμαρτία
1210 3212 1227 3243 ›
1260 3191 1556 3261 (τουτέστιν
1578 3194 1635 3246 ἐν
1660 3196 1726 3265 τῇ
1748 3192 1879 3264 Εὕα,

283 3282 410 3351 ἥτις
432 3284 658 3351 γέγονεν
683 3285 748 3337 ἐκ
768 3283 1009 3353 πλευρᾶς
1025 3283 1120 3336 τοῦ
1139 3284 1352 3353 Ἀδὰμ),
1387 3303 1405 3335 ι
1428 3286 1545 3337 ἐκεῖ
1563 3286 1883 3356 ἐπερίσσευ-

286 3376 426 3446 σενὴ
440 3376 621 3445 χάρις,
635 3371 771 3429 »οἷον
786 3378 843 3428 ἐν
858 3378 924 3447 τῇ
939 3375 1033 3429 τοῦ
1049 3375 1287 3447 Χριστοῦ
1305 3376 1536 3448 πλευρᾷ.
1557 3377 1883 3446 Περισσεύει

1984 2289 2285 2346 ﬂuxerunt.
2333 2291 2466 2349 Post
2498 2294 2708 2348 obitum
2744 2294 2890 2348 enim
2932 2294 3135 2349 vulnus
3169 2293 3271 2347 hoc
3303 2290 3572 2347 inﬂictum

1985 2392 2089 2450 est,
2120 2393 2175 2437 et
2196 2393 2319 2454 post
2343 2386 2543 2441 vulnus
2569 2402 2635 2441 ex
2668 2387 2841 2442 latere
2871 2386 3100 2440 ﬂumina
3127 2385 3219 2438 illa
3248 2393 3571 2439 manarunt.

1984 2468 2045 2525 In
2096 2472 2266 2527 latere
2312 2487 2461 2538 vero,
2512 2488 2689 2543 neque
2742 2475 2848 2528 alia
2896 2474 3144 2544 corporis
3190 2482 3345 2542 parte
3372 2472 3575 2525 vulnus

1987 2568 2221 2638 accepit,
2243 2569 2369 2638 quia
2394 2585 2458 2624 ex
2485 2570 2658 2624 latere
2682 2570 2902 2640 quidem
2928 2569 3119 2623 Adami
3148 2576 3273 2623 nata
3299 2575 3384 2623 est
3410 2582 3574 2631 uxor,

1987 2674 2084 2728 per
2129 2660 2278 2714 illam
2326 2677 2459 2715 vero
2514 2662 2692 2717 eidem
2750 2672 3032 2732 peccatum
3070 2669 3152 2717 est
3192 2661 3576 2717 conciliatum.

1994 2750 2251 2809 Christus
2278 2754 2487 2824 itaque,
2512 2754 2654 2809 Deus
2688 2764 2900 2820 noster,
2934 2771 3109 2810 novus
3135 2754 3401 2820 Adamus,
3425 2752 3479 2806 in
3502 2751 3577 2805 la-

1989 2853 2105 2901 tere
2133 2846 2479 2913 vulneratur,
2527 2856 2789 2918 tanquam
2834 2848 2927 2917 qui
2972 2864 3069 2917 per
3106 2848 3249 2902 latus
3288 2855 3577 2916 peccatum

1987 2937 2189 3005 expiet,
2238 2946 2291 2993 et
2323 2938 2496 2993 Adam
2513 2956 2604 2993 um
2642 2956 2670 2993 a
2709 2951 2957 3009 peccato,
2991 2956 3087 3010 per
3124 2940 3267 2994 latus
3298 2938 3362 2993 ad
3394 2939 3576 3007 ipsum

1987 3034 2221 3102 perlato,
2272 3035 2488 3100 liberet,
2523 3046 2583 3091 ut
2616 3038 2689 3093 ita
2730 3039 2832 3092 hac
2868 3038 3032 3092 etiam
3080 3046 3236 3108 parte
3280 3037 3580 3107 impleatur

1988 3126 2163 3181 illud:
2206 3144 2225 3175 ι
2258 3125 2358 3181 Ubi
2398 3128 2694 3183 abundavit
2744 3137 3053 3198 peccatum,
3114 3146 3132 3179 ›
3192 3143 3385 3198 nempe
3434 3126 3580 3196 apud

1989 3214 2178 3281 Evam,
2204 3234 2327 3287 qua:
2365 3218 2509 3273 facta
2545 3227 2631 3274 est
2661 3235 2729 3275 ex
2763 3221 2933 3275 latere
2978 3220 3198 3283 Adami,
3234 3238 3252 3270 ι
3288 3220 3363 3274 ibi
3402 3218 3570 3273 etiam

1988 3308 2286 3363 abundavit
2313 3310 2489 3379 gratia
2530 3310 2598 3375 ⁸ο,
2658 3331 2675 3361 ι
2716 3326 2914 3381 nempe
2950 3312 3003 3365 in
3052 3314 3221 3366 latere
3253 3310 3483 3366 Christi.
3515 3311 3573 3364 In

1989 3403 2160 3458 latere
2181 3403 2328 3457 enim
2353 3403 2444 3457 illo
2468 3413 2755 3473 peccatum
2783 3404 3048 3469 abundat,
3074 3404 3222 3473 quod
3248 3404 3373 3459 inde
3391 3412 3578 3458 ortum

284 3465 391 3536 μὲν
429 3466 539 3536 γὰρ
579 3468 636 3520 ἐν
660 3466 844 3538 ἐκείνῃ
874 3470 940 3537 τῇ
972 3468 1238 3539 πλευρᾷή
1272 3470 1540 3541 ἁμαρτία,
1573 3470 1884 3523 ὃτιέκεῖθεν

1989 3502 2075 3548 est
2100 3495 2301 3548 malum
2326 3511 2340 3547 :
2365 3494 2617 3549 vicissim
2651 3510 2781 3550 vero
2810 3496 2863 3549 in
2890 3495 3106 3551 Domini
3138 3496 3311 3550 latere
3334 3495 3581 3550 abundat

279 3558 389 3626 ἔφυ
411 3558 473 3611 τὸ
494 3558 683 3612 κακόν.
716 3559 1041 3629 Περισσεύει
1070 3558 1126 3611 δέ
1162 3560 1324 3614 πάλιν
1363 3561 1421 3613 ἐν
1454 3564 1521 3632 τῇ
1576 3562 1883 3631 Δεσποτικῇ

281 3651 504 3723 πλευρᾷ
565 3653 599 3721 ή
653 3653 834 3721 χάρις,
891 3653 1060 3707 ὅτιού
1094 3654 1255 3723 μόνον
1307 3655 1339 3724 ἡ
1387 3654 1489 3725 τῆς
1528 3656 1805 3727 ἁμαρτίας
1830 3657 1889 3707 ἐν

281 3742 467 3813 ταύτῃ
498 3742 726 3811 γέγονεν
759 3744 1045 3814 ἀναίρεσις
1099 3745 1194 3797 καὶ
1241 3744 1449 3815 πληγὴ,
1483 3745 1598 3799 ἀλλ’
1624 3747 1705 3800 ὅτι
1734 3747 1826 3800 καὶ
1854 3747 1888 3818 ἡ

284 3833 392 3903 τῆς
418 3835 693 3904 σωτηρίας
728 3835 880 3905 πηγὴ
895 3836 987 3908 καὶ
1003 3835 1271 3906 κάθαρσις
1303 3836 1363 3900 ἐξ
1393 3836 1565 3907 αὐτῆς
1592 3838 1889 3891 ἀνέϐλυσεν

284 3910 612 3997 καὶ-μένει,
653 3927 729 3998 μὴ
784 3927 1083 3998 κενουμένη
1140 3928 1228 3980 διὰ
1277 3928 1499 3990 παντός.
1566 3931 1736 3993 Ἴασις
1794 3930 1886 3983 οὖν

286 4015 506 4083 γίνεται
549 4015 733 4069 λοιπὸν
766 4017 799 4087 ἡ
836 4016 1049 4088 πλευρὰ
1102 4020 1201 4088 τῆς
1234 4019 1553 4089 πλευρᾶς,ή
1612 4020 1884 4091 πληγεῖσα

283 4107 466 4180 λόγχῃ
494 4109 591 4179 τῆς
623 4109 924 4180 πληγείσης
946 4110 1211 4180 ἁμαρτίᾳ.

822 4222 1158 4279 ΕΡΩΤΗΣΙΣ
1204 4222 1356 4275 TIA'.

293 4315 367 4371 TI
404 4316 537 4369 ἐστι
578 4316 725 4385 (11)*
767 4337 783 4369 t
824 4315 1163 4385 Κύριεημὴ
1221 4314 1481 4385 στήσῃς,
1508 4315 1714 4381 αὐτοῖς
1774 4314 1891 4385 τὴν·

367 4386 923 4526 ἓμαρτὶξῖνταύτην
976 4384 1110 4456 (ίὲγ
1158 4404 1175 4435 ι
1212 4386 1344 4449 καί,
1374 4388 1424 4437 εὶ
1453 4384 1671 4439 ἐλαϐεν
1708 4384 1892 4451 πέρας

460 4473 570 4524 ευχ
633 4472 651 4519 ;

284 4572 553 4624 Editarum
574 4584 603 4619 a
634 4571 811 4622 Wolﬁo
832 4572 1203 4635 quadragesima
1222 4579 1393 4632 quarta
1417 4573 1471 4635 (1.
1499 4586 1541 4620 c.
1566 4587 1613 4634 p.
1650 4573 1878 4622 705—708.
1910 4574 2134 4624 Galland.

1994 3584 2188 3655 gratia,
2222 3586 2371 3655 quod
2414 3586 2469 3639 in
2499 3586 2593 3641 illo
2618 3596 2910 3656 peccatum
2949 3604 3058 3643 non
3092 3596 3306 3642 tantum
3335 3587 3497 3642 ﬁnem
3528 3597 3584 3641 et

1994 3677 2198 3732 vulnus
2231 3677 2466 3746 accepit,
2515 3679 2609 3733 sed
2639 3695 2707 3734 ex
2741 3682 2933 3735 eodem
2975 3694 3198 3750 quoque
3230 3679 3355 3734 fons
3387 3678 3583 3735 salutis

1996 3777 2043 3823 et
2073 3769 2327 3839 purgatio
2348 3768 2531 3836 ﬂuxit,
2557 3777 2612 3825 et
2667 3782 2928 3837 tauquam
2972 3787 3254 3841 nunquam
3308 3770 3578 3825 abolenda

1995 3870 2331 3929 perseverat.
2360 3860 2531 3917 Latus
2556 3862 2746 3934 itaque
2770 3865 2931 3920 lateri
2959 3865 3301 3921 sanationem
3335 3870 3584 3934 prazstat,

1997 3954 2142 4008 latus
2171 3969 2390 4023 nempe,
2416 3956 2604 4010 lancea
2627 3954 2962 4023 perfossum,
2994 3956 3150 4010 lateri
3176 3971 3271 4024 per
3296 3964 3585 4025 peccatum

1995 4043 2304 4099 vulnerato.

2123 4223 2457 4290 QUIESTIO
2498 4223 2700 4279 CCCXI
2743 4223 2959 4293 [Coisl.,
2995 4220 3161 4275 Taur.
3201 4218 3460 4291 CXXIV].

1999 4318 2141 4382 Quid
2186 4318 2454 4387 signiﬁcat
2511 4317 2646 4370 iilud
2679 4334 2695 4368 :
2751 4337 2769 4368 ‹
2806 4315 3162 4387 Βοιηίηε,γηε
3209 4326 3418 4369 statuas
3469 4313 3583 4387 illis

2068 4388 2164 4441 hoc
2208 4386 2520 4457 peccatum;
2553 4407 2569 4438 ›
2608 4398 2656 4440 et
2699 4406 2767 4441 an
2803 4395 2989 4443 eventu
3031 4386 3101 4438 sit
3129 4387 3443 4457 conﬁrmata
3476 4386 3584 4439 ha’c

2068 4459 2339 4489 κυηρηιὸηί)

2065 4469 2326 4527 precatio:

2159 4587 2207 4635 p.
2243 4574 2352 4634 ΤΗ,
2374 4574 2484 4633 7135,
2507 4588 2555 4621 n.
2592 4574 2666 4622 19.
2692 4601 2750 4609 —
2772 4574 2847 4624 De
2882 4579 3107 4625 oratione
3131 4574 3283 4623 sancti
3323 4571 3582 4633 Stephani.

1765 4637 1876 4685 Act.
1914 4650 1996 4693 vn,
2026 4635 2106 4684 59.

370 4721 449 4775 Τὸ
470 4723 549 4787 δὲ,
582 4741 601 4774 ι
633 4723 828 4791 Κύριε,
858 4724 932 4793 μὴ
964 4724 1170 4794 στήσῃς
1196 4722 1378 4787 αὐτοῖς
1400 4724 1499 4792 τὴν
1530 4724 1826 4794 ἁμαρτίαν,
1864 4743 1879 4775 ι

2068 4725 2284 4778 Dictum
2363 4724 2494 4778 illud
2553 4744 2563 4777 :

281 4817 398 4871 καὶ
423 4816 572 4886 ἑξῆς,
595 4817 715 4886 οὐχ,
746 4817 821 4879 ὡς
876 4816 940 4870 ἄν
975 4833 1056 4879 τις
1107 4814 1296 4879 ἀπλῶς
1330 4815 1539 4886 οἰηθείη
1573 4816 1707 4886 (13),
1740 4816 1891 4869 ἐκϐέ-

367 4929 415 4960 ⁸⁹
436 4926 593 4985 Joan.
632 4945 745 4992 nx,
780 4928 869 4981 5t.
946 4927 990 4959 ⁸ο
1015 4926 1152 4981 Rom
1192 4942 1246 4992 v,
1276 4925 1367 4979 28.

2626 4743 2643 4775 ι
2693 4722 2772 4779 Ne
2841 4735 3051 4779 statuas
3119 4724 3226 4777 illis
3294 4728 3582 4790 peccatum

2001 4817 2123 4881 hoc,
2152 4836 2169 4867 ι
2219 4826 2325 4870 etc.
2368 4830 2475 4869 non
2517 4814 2765 4885 quidem,
2812 4815 2956 4884 quod
3016 4813 3336 4868 existimare
3386 4810 3586 4879 aliquis

1831 5108 2068 5166 NOTAE.

376 5208 453 5281 (7)
490 5207 600 5281 Et?”
646 5208 759 5281 πρὸ
788 5209 907 5279 τῆς.
929 5208 1083 5281 Colb-
1116 5211 1211 5277 τῆς
1244 5209 1487 5281 πρώτης.

378 5279 456 5348 (8)
496 5278 588 5333 Sic
637 5279 775 5332 idem
816 5278 922 5347 pro
960 5280 1026 5332 ἂν
1080 5281 1274 5333 εἰπεῖν.

380 5350 460 5420 (9)
496 5349 615 5420 ὥρα
664 5349 872 5420 scribo,
920 5364 1021 5419 pro
1048 5351 1169 5420 ὅρα.

378 5417 493 5489 (10)
518 5417 596 5481 δέ,
621 5433 689 5473 ex
724 5417 871 5474 Colb.

381 5491 495 5559 (Η)
532 5490 611 5543 De
636 5490 849 5561 eodem
892 5490 1016 5545 loco
1048 5492 1177 5548 vide
1225 5492 1476 5547 Photium
1509 5491 1746 5561 epistola
1790 5490 1889 5543 146

286 5564 484 5631 (nunc
522 5560 673 5614 tertii
726 5560 855 5615 libri
884 5562 999 5628 46),
1039 5563 1134 5616 ubi
1179 5570 1367 5619 tamen
1419 5563 1574 5615 illum
1622 5578 1730 5615 non
1778 5570 1887 5614 tam

281 5630 569 5700 explicat,
595 5645 760 5699 quam
784 5631 842 5685 in
869 5646 1031 5687 usum
1053 5634 1318 5689 adversus
1340 5632 1625 5689 inimicum
1652 5632 1893 5701 aliquem

282 5702 602 5759 convertit.

383 5770 496 5843 (12)
517 5770 697 5827 Verba
720 5783 850 5829 sunt
871 5773 1136 5843 Stephani
1159 5774 1275 5828 Act.
1300 5791 1396 5839 vn,
1418 5774 1507 5837 59,
1534 5773 1733 5828 similia
1760 5772 1889 5836 illis,

279 5858 434 5917 qua:
452 5841 740 5910 Dominus,
762 5859 831 5900 ex
850 5841 1014 5901 cruce
1041 5844 1305 5915 pendens,
1333 5844 1759 5916 pronuntiabat:
1778 5843 1892 5897 Πά-

1995 5226 2113 5280 τερ,
2152 5210 2287 5277 ἄφες
2312 5210 2519 5273 αὐτοῖς’
2545 5209 2603 5263 οὐ
2638 5209 2747 5279 γὰρ
2778 5208 2975 5280 οἴδασι,
3014 5202 3335 5280 τίμποιοῦσι.
3368 5205 3587 5280 Utrum-

1996 5275 2103 5348 qu'e
2127 5275 2310 5334 locum
2335 5281 2584 5340 Photius.
2621 5275 2737 5334 haec
2770 5279 3045 5341 scribens,
3073 5277 3129 5330 in
3152 5284 3335 5348 mente
3370 5275 3583 5348 habuit.

1998 5344 2304 5421 Utrumque
2357 5350 2521 5403 etiam
2564 5350 2618 5403 in
2657 5364 2765 5421 rep.
2815 5346 3253 5421 MG_conjungit
3312 5344 3583 5421 εμιίιὲριεε

1999 5421 2073 5489 μὴ
2132 5414 2341 5545 στῆσηὲ
2384 5422 2567 5482 αὐτοῖς
2612 5414 2723 5489 τὴν
2746 5417 3039 5488 ἁμαρτίαν·
3072 5414 3134 5469 οὐ
3167 5414 3277 5483 γὰρ
3303 5415 3502 5476 οἴδασι,
3534 5414 3586 5467 τί

1999 5491 2233 5543 ποιοῦσι.
2346 5506 2511 5544 ovum
2548 5491 2651 5543 hoc
2684 5499 2769 5544 est
2798 5487 3137 5545 exemplum,
3167 5486 3426 5539 Nostrum
3473 5499 3585 5537 non

1996 5486 2233 5543 ποιοῦσιζ
2278 5486 2511 5545 ’Νονιιιη
2548 5486 3426 5557 hoc'estexemplum,Nostrum
3473 5499 3585 5537 non

2005 5559 2301 5615 admodum
2350 5568 2670 5615 accuratum
2706 5558 2760 5612 in
2793 5554 3102 5612 excitandis
3132 5554 3435 5623 Scriptum
3461 5569 3587 5607 ora-

2006 5631 2150 5685 culis
2183 5630 2399 5696 fuisse;
2456 5630 2605 5699 quod
2652 5638 2709 5684 et
2743 5629 2878 5683 alias
2920 5627 3026 5698 ipsi
3078 5642 3181 5682 usu
3242 5625 3485 5687 venisse,
3516 5636 3585 5678 ex

2003 5700 2386 5770 superioribus
2418 5707 2655 5754 constat.

2074 5764 2186 5895 (Ιέῑ)
2218 5770 2405 5852 Codex
2446 5770 2688 5828 habebat
2716 5771 2919 5825 iterum
2956 5767 3076 5837 οὐκ,
3102 5776 3230 5823 ante
3260 5764 3583 5835 ἐκϐέϐηκεν,

2080 5857 2111 5895 0
2190 5856 2373 5895 onusn.

2002 5856 2150 5913 quoa
2190 5856 2373 5897 onusn
