4132 6434
568 425 714 493 1159

1718 429 1947 490 PHOTI
1954 430 1979 489 Ι
2020 429 2526 491 ΡΑΤΒῙΑΒΟΗίΕ
2555 430 2650 490 CP.

3717 433 3856 499 1160

575 550 809 610 poterat,
846 542 1057 597 exitum
1104 542 1317 608 habuit,
1359 556 1539 612 neque
1567 542 1812 612 precatio
1835 541 1927 595 illa
1958 548 2160 595 eventu

2272 541 2438 609 δηκεν
2469 542 2551 603 είς
2603 540 2799 611 πέρας,
2832 539 2954 593 οὐδὲ
2986 540 3047 593 τὸ
3071 539 3228 604 τέλος
3257 541 3573 613 ἀπείληφεν
3612 546 3643 615 ἡ
3698 544 3860 617 εὐχή.

575 638 899 691 conﬁrmata
945 646 1051 693 est.
1105 637 1370 693 Dominus
1417 637 1560 691 enim
1614 644 1827 701 noster,
1878 636 2161 690 hominum

576 727 1017 793 amantissimus,
1040 728 1367 799 generisque
1394 726 1565 783 nostri
1592 724 1865 793 Salvator,
1885 735 2163 796 precatur,

575 834 648 873 ne
670 828 945 875 statuatur
968 821 1075 876 hoc
1100 830 1385 891 peccatum
1410 821 1544 885 illis,
1569 821 1659 889 qui
1685 836 1744 876 se
1765 819 2163 884 crucifixerint,

576 910 816 980 primum
848 912 1071 981 quidem
1106 912 1250 979 ideo,
1284 921 1344 967 ut
1378 912 1747 967 humanitatis
1774 910 1936 966 nobis
1957 920 2011 965 et
2044 926 2165 963 mu-

578 1013 685 1059 tua:
716 1004 1114 1060 benevolentia:
1140 1004 1457 1075 exemplum
1492 1004 1676 1069 sistat,
1720 1012 1777 1057 ut
1827 1018 1898 1057 ne
1942 1002 1997 1056 in
2040 1002 2167 1058 illos

577 1115 816 1170 quoque,
853 1100 949 1170 qui
975 1106 1207 1154 mortem
1233 1098 1393 1153 nobis
1424 1096 1732 1151 machinari
1756 1094 2028 1161 videntur,
2061 1094 2164 1160 ira,

576 1193 1039 1249 excandescentia
1092 1202 1145 1247 et
1187 1191 1325 1247 diris
1375 1189 1725 1245 invehamur.
1777 1188 1986 1243 Deinde
2036 1202 2169 1242 vero

580 1297 837 1354 precatur
872 1286 1061 1350 etiam,
1108 1300 1177 1341 ne
1222 1284 1331 1340 illis
1376 1290 1655 1339 statuatur
1705 1282 1812 1336 hoc
1858 1288 2166 1351 peccatum,

578 1379 671 1448 qui
706 1380 974 1433 desistant
1000 1394 1030 1432 a
1064 1378 1231 1443 malo,
1286 1392 1386 1432 nec
1416 1392 1580 1446 porro
1622 1376 1679 1430 in
1711 1374 1854 1430 idem
1898 1376 2167 1444 protervi-

581 1471 710 1525 tatis
756 1480 809 1524 et
845 1470 1212 1540 improbitatis
1258 1470 1477 1525 culmen
1522 1467 1851 1523 cvehantur.
1893 1467 2037 1533 Jam,
2072 1466 2168 1537 qui

578 1564 913 1616 destiterunt
938 1579 969 1617 a
996 1561 1230 1629 malitia,
1260 1561 1371 1615 illis
1398 1575 1561 1631 paena
1586 1559 1871 1614 commissi
1916 1560 2167 1614 criminis

581 1662 689 1702 non
732 1647 932 1703 inflicta
966 1658 1070 1705 est.
1101 1648 1257 1705 Multi
1284 1650 1433 1705 enim
1474 1646 1793 1703 Judaaorum
1838 1664 1947 1703 non
1988 1649 2166 1704 solum

581 1739 799 1793 veniam
829 1741 973 1795 nacti
1018 1751 1167 1807 sunt,
1197 1740 1289 1797 sed
1323 1749 1377 1795 et
1412 1740 1701 1795 veritatem
1734 1752 1927 1810 postea
1963 1740 2167 1805 edocti,

2268 630 2498 701 Εὖχεται
2520 632 2617 700 μὲν
2650 630 2760 701 γὰρ
2791 632 2818 683 ό
2848 628 3233 700 φιλάνθρωπος
3259 631 3420 701 ήμῶν
3442 634 3741 705 Δεσπότης,
3770 635 3868 688 καὶ

2266 724 2359 777 τοῦ
2388 724 2579 792 γένους
2602 722 2814 792 Σωτὴρ,
2842 722 2917 793 μὴ
2947 723 3140 792 στῆναι
3188 725 3301 786 τοῖς
3343 740 3476 777 σταυ
3488 725 3728 793 ρώσασιν
3756 724 3859 796 τὴν
3908 708 3909 711 η

2267 816 2565 887 ἁμαρτίαν,
2605 814 2765 868 τοῦτο
2802 814 2900 884 μὲν
2931 814 3266 884 ὑπογράφων
3293 817 3424 886 ἡμῖν
3450 815 3868 888 φιλανθρωπίας

2266 909 2471 971 τύπους
2497 909 2592 962 καὶ
2615 910 2713 977 τῆς
2739 907 2877 978 πρὸς
2910 907 3175 978 ἀλλήλους
3200 907 3436 972 εὐνοίας,
3466 908 3553 961 ’ίνα
3582 908 3720 979 μηδέ
3744 911 3865 963 κατ’

2266 1001 2444 1055 αὐτῶν
2473 1000 2582 1055 τῶν
2612 1000 2912 1055 δοκούντων
2969 1000 3138 1071 φονᾷν
3168 999 3291 1053 καθ’
3325 1000 3516 1072 ἡμῶν,
3546 1003 3627 1063 είς
3662 1000 3869 1072 θυμοὺς

2267 1094 2577 1165 ἐφερόμεθα
2618 1094 2756 1164 (14),
2789 1093 2884 1146 καὶ
2912 1092 3104 1164 ὀργὰς,
3136 1094 3230 1147 καὶ
3248 1095 3411 1165 ἀράς.
3439 1096 3676 1149 Ἔπειτα
3704 1095 3761 1149 δὲ
3792 1095 3869 1166 μὴ

2269 1182 2460 1253 στῆναι
2490 1182 2589 1250 μὲν
2619 1182 2801 1245 αὐτοῖς
2831 1181 3123 1253 ἐπεύχεται
3153 1184 3253 1253 τὴν
3290 1185 3593 1256 ἁμαρτίαν,
3633 1186 3868 1256 ἱσταμέ-

2270 1290 2380 1337 νοις
2402 1273 2498 1326 τοῦ
2539 1272 2731 1339 κακοῦ,
2770 1274 2865 1327 καὶ
2908 1273 2982 1344 μὴ
3030 1275 3368 1346 πορρωτέρω
3396 1276 3723 1347 φερομένοις
3772 1279 3869 1331 ἐπὶ

2268 1365 2359 1418 τὸν
2389 1365 2552 1418 αὐτὸν
2565 1365 2663 1432 τῆς
2692 1365 2981 1433 ἀσελγείας
3009 1381 3069 1418 τε
3099 1366 3192 1418 καὶ
3215 1367 3565 1437 παρανομίας
3595 1370 3867 1439 κρημνόν.

2269 1459 2379 1512 Καὶ
2410 1459 2525 1511 ὅσοι
2559 1476 2622 1527 γε
2669 1458 2908 1529 ἔστησαν
2936 1456 3031 1511 τοῦ
3089 1458 3287 1523 κακοῦ,
3316 1460 3417 1514 οὐκ
3452 1461 3657 1531 ἐπέστη
3683 1463 3872 1525 αὐτοῖς

2268 1550 2377 1603 οὐδ’
2412 1552 2443 1621 ἡ
2474 1550 2583 1603 τῶν
2623 1549 3055 1621 ἁμαρτηθέντων
3087 1551 3235 1621 δίκη.
3273 1552 3470 1605 Πολλοὶ
3502 1553 3613 1623 γὰρ
3664 1554 3727 1607 ἐκ
3758 1554 3871 1607 τῶν

2284 1644 2554 1698 Ἰουδαίων
2572 1645 2631 1697 ού
2670 1644 2831 1714 μόνον
2857 1644 2955 1714 τῆς
2988 1644 3324 1717 συγγνώμης
3354 1647 3705 1716 ἀπήλαυσαν,
3731 1647 3872 1702 ἀλλά

2271 1737 2367 1789 καὶ
2392 1736 2491 1808 τὴν
2520 1736 2781 1807 ἀλήθειαν
2825 1736 3254 1807 μεταμαθόντες,
3300 1738 3865 1810 προσδεδραμηκότες

578 1838 631 1883 et
663 1831 882 1899 pietatis
908 1833 1093 1887 studio
1131 1834 1303 1898 ducti,
1335 1833 1430 1887 lilii
1474 1840 1528 1887 et
1576 1832 1819 1887 bznredes
1860 1832 2011 1902 regni
2052 1846 2165 1887 cte-

2272 1832 2337 1901 τῇ
2373 1830 2646 1901 εὐσεϐείᾳ,
2682 1829 2790 1883 υἱοὶ
2817 1831 2912 1883 καὶ
2945 1829 3277 1901 κληρονόμοι
3308 1832 3409 1902 τῆς
3464 1832 3575 1885 τῶν
3616 1832 3869 1903 οὐρανῶν

577 1920 731 1976 lestis
759 1933 1072 1980 evaserunt.
1100 1924 1202 1992 Qui
1231 1940 1357 1980 vero
1386 1924 1454 1979 ab
1494 1923 1799 1993 impietatis
1836 1901 2018 1979 studio
2042 1938 2165 1994 pro-

2278 1924 2557 1994 βασιλείας
2597 1924 3025 1995 ἀπεδείχθησαν.
3056 1924 3215 1977 Ὅσοι
3262 1925 3321 1978 δέ
3368 1927 3465 1997 τῆς
3512 1901 3700 1998 πρόσω
3759 1926 3869 1980 τῶν

578 2014 828 2071 vehendo
858 2017 961 2073 sibi
987 2032 1096 2073 non
1143 2026 1544 2088 temperarunt,
1574 2018 1668 2073 sed
1699 2017 1877 2073 caades
1920 2016 2165 2072 aedibus

2276 2016 2467 2069 κακῶν
2499 2015 2601 2068 ούκ
2630 2015 2867 2086 ἔστησαν
2898 2016 3091 2086 φορᾶς,
3116 2016 3253 2069 ἀλλά
3283 2017 3596 2085 μιαιφονίας
3628 2018 3721 2071 ἐπὶ
3754 2018 3867 2087 (15)

577 2108 944 2176 cumulantes,
1023 2111 1077 2165 in
1146 2112 1441 2166 maximam
1488 2111 1784 2166 amentiam
1854 2118 1983 2165 sunt
2038 2124 2166 2179 pro—

581 2199 743 2269 lapsi,
787 2201 867 2255 illl
912 2203 1134 2273 quidem
1168 2206 1366 2259 merito
1406 2218 1599 2275 poenas
1632 2203 1922 2259 dederunt.
1951 2201 2167 2257 Nihilo-

577 2290 762 2345 minus
794 2299 977 2347 tamen
1023 2292 1139 2349 haec
1191 2294 1500 2350 Salvatoris
1537 2294 1714 2350 nostri
1762 2294 2007 2364 precatio
2042 2302 2164 2349 rata

576 2381 701 2449 fuit,
746 2399 850 2439 nec
876 2400 1046 2456 scopo
1077 2402 1179 2442 suo
1202 2388 1423 2444 excidit.
1455 2385 1591 2442 Novi
1622 2386 1844 2457 quidem
1868 2386 2167 2441 nonnullos

575 2475 743 2530 alium
789 2493 1013 2533 sensum
1054 2478 1204 2534 dicto
1252 2480 1383 2533 huic
1415 2478 1712 2549 subjicere,
1770 2478 1917 2548 quod
1971 2493 2169 2547 nempe

578 2567 680 2633 illi,
712 2570 805 2639 qui
838 2568 1120 2626 Christum
1149 2571 1567 2640 cruciﬁgebant,
1597 2579 1654 2625 et
1683 2568 2024 2640 perpessioni
2047 2569 2167 2639 ejus

577 2660 828 2728 aderant,
857 2675 968 2716 non
991 2676 1060 2717 ex
1083 2661 1290 2719 Iudaeis
1309 2663 1536 2728 fuerint,
1565 2664 1659 2719 sed
1688 2664 1922 2719 Romani
1954 2664 2163 2733 potius,

577 2763 631 2807 et
647 2768 710 2808 ex
738 2754 862 2810 aliis
883 2754 1141 2825 gentibus
1164 2756 1295 2823 orti,
1323 2771 1447 2811 cum
1471 2755 1645 2811 Judaei
1678 2756 1915 2827 professi
1936 2755 2162 2823 fuerint,

574 2842 856 2899 Christum
886 2845 1194 2901 secundum
1235 2846 1412 2917 legem
1444 2862 1603 2903 suam
1630 2847 1772 2901 mori
1804 2848 2029 2916 debere,
2062 2848 2165 2905 sibi

575 2948 706 2991 vero
724 2951 833 2991 non
855 2936 1021 2993 licere
1038 2952 1373 3009 quemquam
1397 2937 1976 3010 occidere.Postquam
1998 2941 2164 2996 etiam

574 3028 859 3085 Christum
909 3028 1086 3085 Pilato
1136 3031 1517 3097 tradiderunt,
1568 3030 1772 3086 milites
1818 3030 2057 3087 Romani
2112 3041 2166 3088 et

577 3120 869 3192 gentilium
905 3121 1000 3177 alii
1034 3136 1251 3190 eorum,
1291 3138 1416 3193 quae
1446 3130 1639 3190 postea
1665 3122 1721 3177 in
1755 3122 2041 3178 Christum
2064 3139 2164 3193 pa-

573 3214 902 3281 trabantur,
943 3215 1254 3272 administri
1301 3224 1479 3272 erant.
1522 3216 1661 3271 Cum
1713 3217 1861 3270 enim
1906 3216 2161 3271 Christus

572 3304 892 3375 prodendus
913 3314 1081 3371 esset,
1106 3304 1305 3373 Judaei,
1335 3314 1601 3376 tanquam
1628 3302 1895 3362 Romanis
1908 3305 2163 3375 subjecti,

574 3409 677 3449 nec
704 3409 791 3461 ea,
832 3411 956 3465 quae
990 3396 1211 3461 vellent,
1255 3396 1521 3467 perficere
1548 3396 1819 3462 valentes,
1862 3411 1972 3452 non
1997 3398 2167 3452 aude-

574 3487 709 3542 bant
753 3489 855 3543 soli
900 3499 1189 3559 capturam
1221 3488 1340 3558 ejus
1391 3491 1697 3561 suscipere,
1743 3490 1839 3546 sed
1884 3491 2165 3558 cohortem

572 3580 758 3649 potius
780 3590 834 3635 et
854 3580 1134 3635 tribunum
1160 3582 1399 3652 aliquem
1427 3583 1531 3638 sibi
1563 3582 1885 3653 jungebant.
1922 3582 2172 3654 Propter-

574 3686 639 3727 ea
667 3672 936 3730 Dominus
968 3682 1178 3741 noster,
1214 3672 1377 3730 Jesus
1409 3675 1700 3741 Christus,
1749 3683 2016 3747 tanquam
2061 3676 2167 3731 hu-

578 3765 727 3819 mani
755 3767 974 3836 generis
1001 3766 1438 3830 amantissimus.
1471 3776 1525 3823 et
1556 3777 1827 3825 creaturae
1856 3784 1971 3824 suae
2004 3784 2167 3839 pros-

573 3857 807 3927 piciens,
836 3858 1233 3929 benignitatem
1260 3868 1311 3915 et
1334 3859 1733 3915 humanitatem
1757 3875 1911 3915 suam
1930 3860 2167 3931 quadam

576 3947 913 4018 precationis
936 3946 1175 4004 formula
1203 3963 1591 4019 expressurus,
1611 3947 1747 4003 dicit
1772 3965 1787 4002 :
1812 3966 1831 3998 ι
1858 3945 1935 4002 Ne
1957 3955 2169 4003 statuas

577 4038 687 4093 illis
717 4037 823 4094 hoc
843 4048 1160 4109 peccatum;
1192 4060 1209 4091 ι
1245 4051 1299 4096 et
1334 4049 1524 4110 postea
1553 4039 1735 4094 addit:
1767 4058 1785 4090 ι
1815 4037 2004 4109 Neque
2022 4039 2166 4093 enim

579 4130 786 4196 sciunt,
823 4146 945 4201 quae
990 4130 1220 4188 faciunt.
1258 4152 1275 4185 ι
1327 4130 1468 4188 Vere
1496 4132 1641 4187 enim
1692 4138 1749 4186 et
1792 4128 2168 4186 Romanorum

576 4232 762 4278 turma
791 4235 844 4279 et
866 4226 1099 4296 gentiles
1126 4225 1321 4296 caeteri]
1347 4225 1692 4289 nesciebant,
1729 4224 1861 4295 quid
1900 4224 2165 4279 facerent.

575 4313 769 4387 Neque
802 4318 949 4374 enim
977 4334 1039 4374 ea
1072 4327 1231 4375 erant
1269 4319 1469 4385 edocti,
1512 4333 1634 4389 quae
1664 4318 1749 4373 lex
1792 4326 1847 4373 et
1886 4318 2171 4388 propheta:

579 4409 649 4465 de
683 4424 749 4465 eo
790 4412 1319 4479 praznuntiaverant.
1352 4410 1618 4467 Precatur
1664 4411 1868 4481 itaque,
1907 4409 2169 4480 inquiunt

577 4499 680 4563 illi,
724 4516 824 4570 pro
853 4501 1143 4567 Romanis,
1180 4510 1234 4557 et
1278 4502 1579 4573 gentilibus
1600 4503 1841 4567 caeteris,
1887 4508 1940 4555 et
1978 4514 2167 4569 preca-

2280 2109 2617 2179 μιαιφονίαις
2646 2106 3070 2180 προστιθέντες,
3120 2111 3200 2168 είς
3261 2108 3493 2179 ἔσχατον
3562 2110 3864 2175 ἐξώκειλαν

2277 2199 2554 2265 ἀπονοίας,
2583 2195 2728 2255 οὗτοι
2759 2200 2855 2271 μὲν
2881 2199 3106 2264 δικαίως
3137 2201 3234 2271 τὴν
3256 2200 3413 2269 δίκην
3435 2202 3701 2256 ἀπέτισαν
3728 2204 3867 2275 (16}.

2276 2290 2445 2344 Οὐδὲν
2471 2290 2527 2344 δὲ
2554 2284 2716 2361 ἦττον
2742 2292 2775 2361 ή
2804 2289 2897 2343 τοῦ
2926 2290 3180 2361 Σωτῆρος
3208 2291 3346 2362 εὐχὴ
3380 2290 3597 2362 ἔμεινεν
3627 2292 3701 2363 μὴ
3752 2294 3868 2347 δια-

2276 2381 2521 2434 πεσοῦσα
2572 2380 2669 2433 τοῦ
2727 2380 2953 2434 σκοποῦ.
3003 2376 3135 2434 Οἶδα
3198 2380 3257 2433 δέ
3318 2398 3469 2444 τινας
3519 2384 3616 2435 καὶ
3672 2383 3867 2453 ἑτέραν

2275 2472 2532 2543 τοιαύτην
2566 2471 3037 2540 ύποΰαλλομένους
3066 2470 3306 2526 διάνοιαν
3339 2471 3417 2542 τῷ
3445 2473 3618 2543 ρητῴ,
3673 2472 3869 2544 ὅτιπερ

2273 2564 2706 2637 οίσταυροῦντες
2729 2564 2821 2618 τὸν
2852 2564 3087 2636 Χριστὸν
3122 2565 3217 2618 καὶ
3250 2565 3519 2635 παρόντες
3559 2563 3640 2635 τῷ
3674 2564 3863 2630 πάθει,

2275 2661 2395 2731 οὐχὶ
2410 2659 2518 2713 τῶν
2546 2657 2814 2712 Ἰουδαίων
2832 2653 2972 2728 ἦσάν
2994 2672 3162 2721 τινες,
3195 2655 3529 2727 Ῥωμαῖοιδέ
3550 2656 3752 2728 μᾶλλον
3772 2657 3867 2711 καί

2273 2770 2419 2815 τινες
2442 2750 2501 2815 ἐξ
2527 2751 2728 2819 ἐτέρων
2752 2749 2945 2814 ἐθνῶν,
2968 2747 3077 2801 τῶν
3112 2747 3377 2802 Ἰουδαίων
3395 2748 3867 2820 ἀποφηναμένων,

2275 2846 2350 2908 ὠς
2378 2864 2396 2896 ε
2425 2843 2580 2898 Κατὰ
2598 2843 2689 2897 τὸν
2706 2842 2870 2913 νόμον
2900 2840 3059 2913 ἡμῶν
3084 2842 3290 2911 ὀφείλει
3318 2843 3638 2911 ἀποθανεῖν,
3665 2846 3798 2915 ἡμῖν
3813 2845 3871 2899 δὲ

2276 2937 2374 2990 οὐκ
2404 2935 2615 3001 ἔξεστιν
2647 2935 2837 2989 οὐδένα
2854 2934 3198 2988 ἀποκτεῖναι.
3231 2953 3249 2985 ι
3281 2930 3417 2989 Εἶτα
3436 2935 3531 2988 καὶ
3548 2934 3628 3007 τῷ
3650 2935 3871 3005 Πιλάτῳ

2275 3029 2737 3102 παραδεδωκότων
2766 3027 2858 3081 τὸν
2882 3026 3120 3097 Χριστὸν
3151 3028 3199 3080 οί
3234 3028 3500 3098 Ῥωμαῖοι
3532 3028 3869 3099 στρατιῶται

2275 3122 2369 3176 καὶ
2422 3121 2532 3175 τῶν
2584 3120 2790 3175 λοιπῶν
2847 3118 3019 3173 ἐθνῶν
3069 3119 3445 3190 ύπηρετοῦντο
3502 3119 3691 3174 λοιπὸν
3754 3123 3867 3185 τοῖς

2275 3212 2672 3284 πραττομένοις
2695 3212 2837 3265 κατά
2860 3210 3123 3281 Χριστοῦ.
3154 3212 3265 3265 Καὶ
3289 3211 3396 3283 γὰρ
3427 3212 3486 3265 ἐν
3509 3215 3576 3284 τῇ
3607 3213 3873 3286 προδοσία

2271 3306 2365 3359 τού
2408 3306 2704 3372 Δεσπότου,
2747 3304 2844 3357 ἆτε
2900 3303 2966 3374 δὴ
3017 3302 3284 3375 ύπόφοροι
3338 3305 3491 3368 ὄντες
3525 3305 3577 3357 οἱ
3619 3305 3871 3359 Ἰουδαῖοι

2286 3396 2599 3467 Ῥωμαίοις,
2615 3396 2713 3449 καὶ
2736 3395 2836 3449 οὐκ
2858 3392 2980 3460 ἐξὸν
2995 3394 3179 3459 αὐτοῖς
3198 3395 3482 3466 πράττειν,
3496 3394 3532 3450 ἃ.
3550 3395 3869 3467 ὴὸούλοντο,

2274 3491 2426 3545 αὐτοὶ
2463 3490 2563 3561 μὲν
2588 3488 2731 3544 κατά
2764 3489 2930 3561 μόνας
2961 3489 3060 3543 οὐκ
3091 3487 3336 3559 ἐτόλμων
3363 3491 3621 3561 παρεῖναι
3643 3494 3710 3562 τῇ
3741 3491 3873 3543 συλ‹⁸

2270 3582 2454 3655 λήψει,
2504 3583 2603 3654 τὴν
2661 3582 2718 3636 δὲ
2760 3584 2992 3652 σπεῖραν
3038 3581 3134 3635 καὶ¹
3185 3568 3278 3635 τὸν
3346 3582 3628 3653 χιλίαρχον
3680 3585 3874 3649 αὐτοῖς

2273 3674 2723 3745 συνεπεφέροντο.
2759 3672 2817 3726 Ὁ
2834 3672 2927 3727 οὖν
2950 3672 3155 3744 Κύριος
3184 3672 3342 3744 ἡμῶν
3373 3672 3580 3745 Ἰησοῦς
3604 3673 3872 3745 Χριστὸς.

2270 3772 2299 3823 ό
2338 3770 2469 3839 περὶ
2510 3767 2571 3821 τὸ
2606 3765 2949 3838 ἀνθρώπινον
2986 3767 3144 3835 γένος
3200 3766 3604 3838 φιλάνθρωπος,
3644 3768 3741 3822 καὶ
3772 3767 3871 3822 τοῦ

2270 3860 2473 3914 οἰκείου
2497 3858 2818 3929 πλάσματος
2841 3857 3267 3930 προνοούμενος,
3290 3858 3390 3930 τὴν
3415 3857 3673 3929 βούλησιν
3700 3858 3872 3912 αὐτοῦ

2271 3952 2367 4006 καὶ
2400 3953 2499 4023 τὴν
2530 3950 2945 4021 φιλανθρωπίαν
2974 3952 3055 4014 είς
3086 3949 3256 4022 εὐχῆς
3287 3951 3643 4021 σχηματίζων
3669 3950 3872 4015 τύπον,

2272 4045 2457 4116 φησίν·
2497 4063 2515 4096 ι
2550 4044 2642 4115 Μὴ
2668 4045 2875 4115 στήσῃς
2906 4043 3092 4107 αὐτοῖς
3124 4045 3224 4116 τὴν
3269 4044 3547 4115 ἁμαρτίαν
3570 4044 3781 4115 ταύτην
3803 4062 3818 4076 ·
3846 4062 3867 4096 ι

2270 4131 2412 4201 εἶτα,
2449 4154 2469 4189 ι
2490 4134 2569 4191 Οὐ
2595 4134 2704 4206 γὰρ
2723 4136 2901 4190 οἴδασι
2925 4134 2977 4189 τί
3005 4136 3244 4192 ποιοῦσι.
3273 4156 3292 4188 ι
3332 4135 3421 4207 Τῷ
3447 4137 3561 4191 ὄντι
3584 4138 3693 4208 γὰρ
3716 4139 3778 4192 τό
3809 4157 3871 4193 τε

2283 4229 2571 4299 Ῥωμαίων
2622 4228 2841 4298 στίφος,
2892 4229 2986 4282 καὶ
3021 4229 3072 4281 οἱ
3122 4229 3180 4296 ἐξ
3212 4229 3385 4283 ἐθνῶν
3416 4231 3517 4284 οὐκ
3565 4230 3798 4297 οἴδασιν,
3836 4231 3874 4286 ἃ

2271 4317 2621 4392 πράττουσινζ
2648 4321 2785 4375 Οὑδέ
2806 4320 2915 4393 γὰρ
2952 4317 3093 4393 ἦσαν
3125 4322 3703 4393 μεμυσταγωγημένοι
3723 4363 3737 4388 ,
3774 4323 3813 4377 ἃ
3844 4324 3875 4376 ό

2272 4414 2435 4484 νόμος
2478 4414 2928 4485 προανεκήρυττε
2970 4414 3067 4468 καὶ
3101 4416 3151 4468 οί
3202 4414 3485 4486 προφῆται
3516 4416 3644 4485 περὶ
3676 4414 3872 4469 αὑτοῦ.

2272 4505 2643 4577 Προσεύχεται
2664 4501 2758 4560 οὖν
2788 4506 2930 4578 ὑπὲρ
2951 4505 3062 4559 τῶν
3115 4506 3428 4578 Ῥωμαίων,
3460 4509 3614 4577 φασὶ,
3648 4508 3875 4562 καὶτῶν

576 4590 743 4647 tionis
780 4592 946 4662 hujus
995 4591 1212 4648 fructus
1264 4607 1392 4647 mox
1424 4592 1697 4661 apparuit.
1743 4591 1821 4646 lta
1860 4592 2007 4646 enim
2042 4592 2162 4661 ipso

2272 4600 2460 4667 ἐθνῶν,
2492 4602 2585 4654 καὶ
2601 4600 2802 4656 αὐτίκα
2826 4602 2924 4672 τῆς
2941 4600 3109 4672 εὐχῆς
3131 4600 3379 4670 φαίνεται
3401 4603 3429 4654 ὁ
3446 4602 3681 4671 καρπός.
3705 4602 3873 4666 Ἴδοις

572 4686 945 4756 perpessionis
960 4694 1203 4757 tempore
1219 4686 1595 4743 centurionem
1612 4686 1821 4751 videas,
1840 4686 2165 4741 crucifixum

2272 4693 2373 4764 γὰρ
2399 4695 2458 4745 ἐν
2474 4691 2623 4764 αὐτῷ
2640 4692 2718 4764 τῷ
2747 4692 2842 4746 τοῦ
2870 4693 3079 4757 πάθους
3104 4691 3284 4764 καιρῷ
3314 4694 3408 4746 τὸν
3443 4694 3871 4765 ἑκατόνταρχον,

574 4776 727 4831 illum
776 4776 871 4832 Dei
920 4777 1122 4832 Filium
1173 4777 1449 4848 proﬁteri;
1494 4778 1658 4847 paulo
1701 4788 1821 4847 post
1848 4791 1977 4832 vero
2022 4776 2165 4832 Lon-

2272 4788 2391 4841 Υίὸν
2425 4784 2560 4840 Θεοῦ
2603 4785 2989 4857 ἀναϐοήσαντα
3012 4784 3104 4839 τόν
3131 4785 3583 4855 ἐσταυρωμένον,
3609 4786 3705 4840 καλ⁵
3740 4795 3872 4855 μετ’

573 4868 758 4938 ginum
810 4868 986 4934 illum,
1036 4868 1217 4923 virum
1278 4868 1698 4935 admirandum,
1760 4884 1869 4923 non
1921 4867 2164 4939 profiteri

2272 4878 2441 4947 ὃλίγον
2477 4878 2743 4946 Λογγίνον
2771 4878 2884 4949 (l7)
2920 4879 3150 4943 ἐκεῖνον,
3201 4877 3294 4931 τὸν
3316 4877 3623 4949 θαυμάσιον
3672 4878 3870 4950 ἄνδρα,

574 4960 754 5016 solum
781 4968 838 5016 et
874 4962 1107 5018 credere
1144 4963 1201 5017 in
1240 4961 1553 5029 Christum,
1587 4962 1683 5018 sed
1729 4973 1784 5019 et
1834 4966 2161 5036 martyrium

2272 4969 2364 5022 οὐκ
2422 4969 2908 5040 ἀνομολογήσαντα
2957 4969 3156 5039 μόνον,
3189 4970 3284 5024 καὶ
3328 4970 3739 5023 πεπιστευκότα
3787 4972 3872 5033 εἰς

572 5067 675 5123 pro
721 5068 787 5109 eo
832 5055 1132 5120 sustinere,
1176 5055 1413 5126 fideique
1452 5071 1567 5111 sua:
1597 5056 1975 5112 sinceritatem
2018 5073 2164 5113 nun-

2272 5061 2528 5132 Χριστὸν,
2562 5060 2703 5115 ἀλλὰ
2755 5061 2852 5115 καὶ
2904 5060 3205 5133 μαρτυρίου
3252 5060 3455 5133 δρόμον
3508 5062 3650 5133 ὑπὲρ
3698 5061 3872 5114 αὐτοῦ

573 5160 743 5209 quam
781 5149 1162 5203 temerandam
1206 5155 1469 5205 testatam
1513 5149 1718 5204 facere.
1776 5148 1973 5205 Multos
2019 5166 2162 5222 prae-

2272 5155 2620 5227 ἀνειληφότα,
2657 5155 2754 5209 καὶ
2803 5155 2999 5227 αἵματι
3046 5155 3108 5209 τὸ
3140 5158 3241 5227 τῆς
3281 5156 3523 5221 πίστεως
3572 5155 3869 5226 εἱλικρινὲς

574 5245 725 5296 terea
771 5238 910 5297 alios
941 5254 1009 5296 ex
1055 5242 1148 5306 iis,
1199 5241 1296 5312 qui
1354 5251 1486 5297 tunc
1524 5250 1823 5311 praesentes
1867 5252 2049 5310 erant,
2100 5244 2158 5299 in

2272 5247 2365 5302 καὶ
2446 5248 2847 5319 ἀπαράτρωτον
2914 5245 3357 5319 ἐπιδεδειγμένον
3387 5264 3401 5277 ⁸
3474 5249 3571 5301 καί
3634 5247 3870 5310 πολλοὺς

2034 5399 2265 5457 NOTAE.

803 5541 987 5597 Malim
1020 5541 1338 5613 φερώμεθα.

2273 5550 2353 5623 eis
2379 5550 2749 5623 scriptoribus
2792 5551 3233 5623 itaappellatur.
3279 5551 3438 5623 Vide,
3496 5567 3620 5622 qua:
3665 5553 3866 5623 scripsi

682 5611 765 5681 15)
802 5613 1117 5681 μιαιφονίας
1152 5611 1269 5678 ἐπί,
1326 5630 1395 5669 ex
1432 5614 1583 5670 Colb.

2275 5622 2332 5674 in
2378 5622 2467 5676 his
2516 5623 2682 5677 Curis
2736 5622 2805 5677 ad
2850 5622 3046 5677 Matth.
3090 5639 3259 5688 xxv",
3301 5622 3395 5689 54;
3448 5632 3505 5677 et
3537 5624 3699 5678 Joan.
3746 5622 3862 5689 xix,

652 5680 767 5818 216;
804 5681 952 5735 Idem
982 5697 1081 5752 pro
1114 5683 1453 5753 ἀπέστησαν.

679 5750 743 5803 17
788 5750 904 5806 Hoc
940 5752 1163 5807 nomine
1191 5751 1420 5809 Photius
1453 5756 1540 5811 vel
1570 5756 1753 5818 ipsum
1779 5756 1936 5811 illum
1968 5767 2165 5813 centu—

2272 5692 2359 5745 54.
2409 5691 2611 5746 Confer
2655 5692 2788 5746 Acta
2839 5703 3146 5747 sanctorum
3191 5680 3618 5764 Antuerpiensia
3671 5680 3867 5750 mense

2272 5761 2490 5818 Martio.
2526 5771 2662 5817 tom.
2688 5763 2756 5818 ll.
2790 5778 2914 5818 nae.
2949 5764 3049 5818 581
3097 5780 3241 5818 sem.
3274 5762 3371 5818 ubi
3405 5764 3475 5818 de
3506 5766 3862 5818 centurione.

615 5750 766 5834 .7(l7)
788 5750 904 5834 Hoc
940 5750 1163 5834 nomine
1191 5750 1420 5834 Photius
1453 5756 1540 5811 vel
1570 5756 1761 5834 ipsum
1779 5756 2165 5834 illum_cent_u—_
2270 5761 2662 5834 Martio,gtom.
2688 5763 2756 5827 ll,
2790 5778 2914 5834 pag.
2949 5764 3049 5818 581
3097 5780 3241 5834 seq.,
3274 5762 3371 5819 ubi
3405 5750 3475 5821 de
3506 5766 3862 5831 centurione,

580 5822 1248 5905 rionem‘intelligitnvel
1278 5825 1533 5905 militem,
1586 5822 1684 5905 qui
1745 5827 2165 5905 tatushbornini
2270 5841 2327 5889 et
2364 5848 2419 5904 p.
2456 5822 2560 5889 566
2614 5822 2915 5905 seqq'fuiii
2962 5834 3031 5890 de
3080 5822 3275 5892 milite.

584 5889 763 5944 nostri
794 5890 987 5948 lancea
1008 5885 1275 5950 confodit.
1305 5885 1550 5963 Uterque
1576 5885 1728 5955 enim
1763 5896 1833 5955 ab
1862 5885 1986 5955 aliis
2014 5898 2163 5956 Grae-
