4132 6444
332 421 467 492 1161

1148 427 1243 487 AD
1267 424 1863 486 AMPHILOCl-IIUM
1905 422 2252 496 QUXESTIO
2292 421 2564 489 CCCXII,
2621 420 2928 482 CCCXIII.

3488 413 3645 478 1162”

329 534 525 598 ἄλλους
580 533 841 605 εὑρήσεις
875 532 982 587 τῶν
1020 533 1144 587 τότε
1192 535 1478 602 παρόντοιν
1512 536 1612 605 τῆς
1648 532 1925 595 υἱοθεσίας

2047 534 2262 587 illorum
2302 532 2396 587 Dei
2426 546 2716 587 numerum
2749 540 3021 601 receptos,
3073 539 3246 601 atque
3283 529 3421 585 adeo
3452 545 3622 603 regno

330 626 673 695 ἠξιωμένους
702 625 838 680 Θεοῦ
875 626 973 679 καὶ
1000 625 1102 696 τῆς
1130 625 1355 679 αἰωνίου
1390 625 1465 698 μὴ
1500 623 1928 688 ἐκπεπτωκότας

334 716 632 787 βασιλείας.

867 806 1203 861 ΕΡΩΤΗΣΙΣ
1240 804 1386 859 TIB’.

334 900 521 954 Πόσοι
539 900 834 970 Ἀστέριοι
870 902 1155 971 γεγόνασι
1194 899 1294 954 καὶ
1322 901 1413 966 τίς
1442 901 1481 969 ἡ
1510 899 1658 966 δόξα
1686 901 1919 967 αὺτῶν;

2036 632 2241 680 aeterno
2267 638 2375 679 non
2403 625 2652 694 privatos
2680 623 2980 678 inveneris.

2143 798 2472 871 QUIESTIO
2503 797 2733 854 CCCXII
2799 798 3015 871 [Coisl.,
3061 798 3227 853 Taur.
3265 796 3511 868 CXXV].

2100 895 2246 961 Quot
2268 893 2468 948 Asterii
2499 893 2668 962 fuere,
2701 901 2751 945 et
2783 907 3030 961 quamam
3070 892 3302 959 ipsorum
3336 890 3555 958 opinio?

1302 1012 1445 1064 Edita
1477 1028 1504 1062 a
1536 1014 1592 1063 Β.
1626 1016 1690 1064 de
1723 1015 2036 1065 Montt‘aueon
2070 1008 2221 1074 (Bibl.
2257 1007 2409 1059 Coisl.
2442 1022 2493 1071 p.
2526 1007 2663 1071 546).

293 1111 298 1119 ’
406 1093 530 1146 Ὅτι
586 1096 945 1167 συνήκμασαν
986 1097 1086 1168 μὲν
1147 1096 1419 1167 Ἀστέριοι
1476 1096 1606 1162 δύο,
1650 1098 1678 1151 ὅ
1730 1115 1793 1150 τε
1825 1097 1928 1166 τῆς

347 1183 566 1255 Ἀρείας
615 1184 823 1258 λύσσης
876 1188 1257 1254 ὑπασπιστὴς,
1302 1188 1400 1243 καὶ
1457 1192 1485 1243 6
1530 1190 1640 1244 τῶν
1683 1189 1925 1243 εὐσεϐῶν

334 1276 625 1347 δογμάτων
660 1280 951 1352 τρόφιμος.
995 1284 1092 1346 Ὃς
1138 1283 1231 1335 καὶ
1276 1282 1356 1354 τῷ
1392 1281 1617 1352 μεγάλῳ
1649 1282 1749 1353 μὲν
1791 1282 1924 1335 Ἰου-

336 1369 503 1440 λιανῷ
532 1372 735 1440 φοιτῶν
757 1375 868 1438 τοῖς
896 1375 1206 1445 μοναδικοῖς
1237 1374 1559 1445 ὲγυμνάσθη
1606 1374 1927 1445 παλαίσμα-

2106 1092 2311 1147 Eodem
2344 1099 2588 1159 tempore
2620 1088 2858 1144 ﬂoruere
2892 1086 3097 1142 Asterii
3139 1087 3271 1150 duo,
3302 1087 3439 1143 alter
3468 1088 3629 1143 Aria-

2039 1185 2147 1240 nici
2179 1183 2385 1238 furoris
2427 1188 2823 1252 propugnator,
2882 1179 3022 1234 alter
3050 1179 3267 1248 piorum
3308 1180 3625 1250 dogmalum

2034 1278 2312 1338 alumnus,
2335 1274 2430 1344 qui
2447 1288 2574 1329 cum
2598 1287 2857 1344 magnum
2890 1271 3045 1326 illum
3065 1270 3347 1326 Julianum
3369 1271 3629 1341 frequens

2037 1373 2233 1437 adiret,
2267 1370 2700 1425 adolescentiam
2745 1382 3007 1422 emensus
3059 1367 3112 1420 in
3161 1367 3466 1423 monasliea
3510 1382 3630 1421 sese

340 1479 447 1527 σιν,
474 1463 556 1516 ἔτι
583 1466 644 1518 τὸ
679 1466 967 1537 μειράκιον
1004 1467 1219 1533 διεξιών
1239 1485 1254 1499 ο
1286 1467 1513 1539 ὕστερον
1553 1469 1612 1522 δὲ
1642 1468 1739 1521 καὶ
1766 1466 1936 1539 μονῆς

2045 1466 2282 1535 palaestra
2340 1460 2606 1527 exercuit,
2648 1461 2984 1529 demumque
3037 1459 3258 1513 ascetici
3310 1458 3629 1512 monasterii

337 1556 648 1627 ἀσκητικῆς
699 1559 1075 1630 καθηγήσατο,
1128 1552 1189 1613 οὗ
1221 1560 1318 1614 καὶ
1372 1561 1624 1632 μαθητὴς
1655 1560 1797 1631 μετὰ
1842 1561 1935 1613 καὶ

2045 1557 2324 1627 praefectus
2360 1552 2487 1620 fuit,
2523 1551 2684 1620 cujus
2731 1566 2857 1606 cum
2911 1550 3037 1606 aliis
3084 1550 3271 1603 llilIIlIS
3319 1548 3630 1603 illustribus

339 1648 518 1702 ἄλλων
548 1649 762 1705 πολλῶν
794 1653 1082 1723 ἐπισήμων
1126 1653 1339 1724 ἀνδρῶν
1373 1654 1745 1725 ἐχρημάτισεν
1781 1654 1809 1707 6
1840 1671 1936 1707 πο-

2045 1649 2164 1703 viris
2222 1645 2528 1715 discipulus
2591 1643 2699 1698 fuit
2766 1642 3169 1698 celeberrimus
3236 1641 3329 1696 ille
3393 1640 3630 1694 Aeacius

339 1740 706 1813 λυθρύλλητος
764 1744 1023 1809 Ἀκάκιος
1068 1747 1096 1799 6
1148 1747 1398 1818 Βεροίας.
1442 1746 1500 1800 Ὀ
1528 1746 1588 1800 δὲ
1647 1746 1937 1818 Ἀρειανῆς

2045 1741 2261 1796 Bermzc.
2296 1738 2393 1793 Ille
2423 1752 2549 1793 vero
2579 1736 2802 1790 Arianm
2833 1734 3027 1789 haeresi
3056 1733 3330 1799 addictus,
3361 1732 3629 1802 sophisti-

339 1832 608 1902 αἱρέσεως
631 1835 867 1925 ἐραστὴς
896 1838 1220 1907 σοφιστικὴν
1244 1838 1342 1909 μὲν
1370 1839 1436 1892 ὲκ
1464 1839 1603 1893 νέων
1628 1840 1936 1910 μετήρχετο

2045 1848 2156 1889 eam
2193 1846 2223 1886 ο
2259 1830 2462 1886 teneris
2496 1829 2657 1883 annis
2700 1836 2874 1882 artem
2923 1826 3118 1891 coluit,
3162 1835 3210 1880 et
3249 1826 3303 1879 in
3342 1824 3628 1894 gentilium

338 1924 555 1995 τέχνην,
607 1924 703 1978 καί¹
749 1928 814 1997 τῇ
841 1926 953 1982 τῶν
1000 1926 1267 1997 Ἑλλήνων
1297 1928 1672 2001 άνετέθραπτο
1716 1930 1928 2004 πλάνῃ·

338 2018 438 2088 ὀψὲ
467 2020 524 2071 δὲ
545 2019 637 2072 τὸν
665 2020 1102 2091 Χριστιανισμδν
1135 2023 1569 2094 ὑποκρινόμενος
1598 2024 1678 2088 είς
1704 2022 1804 2095 τὴν
1823 2023 1934 2077 τῶν

351 2108 649 2180 Ἀρειανῶν
682 2110 942 2165 ἀπέκλινε
969 2114 1185 2184 μοῖραν.
1222 2114 1333 2167 Καὶ
1361 2116 1389 2168 6
1422 2115 1521 2185 μὲν
1552 2114 1706 2187 δίκην
1734 2115 1933 2169 ἔδωκεν

337 2200 397 2251 ὲν
433 2199 731 2272 Ἀντιοχείᾳ
768 2203 868 2273 τῆς
902 2204 1204 2259 ἀκολάστου
1237 2205 1491 2276 γλώσσης
1513 2223 1529 2239 ·
1573 2207 1736 2278 ἔργον
1771 2225 1934 2277 γεγο-

340 2292 432 2355 νὸς
460 2292 559 2363 τῆς
597 2294 887 2349 Ἰουλιανοῦ
929 2296 1025 2349 τοῦ
1057 2296 1365 2369 θαυμασίου
1407 2300 1739 2372 προσευχῆς.
1782 2299 1840 2352 '0
1878 2300 1934 2353 δὲ

340 2384 433 2437 τὸν
463 2386 609 2439 ὅσιον
639 2388 719 2451 είς
749 2387 848 2459 τὴν
875 2388 998 2443 κατ’
1041 2390 1207 2443 αὐτοῦ
1236 2390 1454 2446 δικαίαν
1484 2392 1758 2464 τιμωρίαν
1787 2392 1933 2447 διαν-

342 2478 593 2549 έστησεν.
632 2479 857 2553 Ἕτερος
899 2482 993 2537 οὖν
1034 2482 1096 2535 τὸ
1136 2482 1359 2554 θρέμμα
1396 2484 1496 2554 τῆς
1536 2483 1809 2554 ὀρθοξίας,
1840 2484 1935 2539 καὶ

336 2570 524 2643 ἕτερος
550 2574 578 2626 6
601 2573 699 2645 τῆς
729 2574 941 2645 πλάνης
973 2576 1173 2648 κήρυξ.
1212 2575 1355 2630 Ἀλλ’
1395 2576 1506 2630 οὐδ’
1531 2579 1559 2631 6
1590 2577 1691 2648 τὴν
1722 2576 1936 2647 ἐκφρα-

339 2681 428 2717 σιν
450 2665 553 2736 τῆς
589 2666 869 2738 μάρτυρος
896 2669 1050 2739 Εύφη
1059 2668 1188 2739 μίας
1211 2669 1652 2741 ἀναταξάμενος,
1677 2668 1856 2723 κοινόν
1880 2686 1933 2721 τι

340 2757 500 2827 φέρει
531 2758 667 2828 πρὸς
696 2758 787 2811 τὸν
814 2759 914 2830 τῆς
956 2760 1279 2824 δυσσεϐείας
1322 2760 1648 2833 ὑπέρμαχον
1674 2776 1688 2790 °
1719 2760 1936 2832 πρῶτον

296 2907 301 2913 ,
344 2850 446 2919 μὲν
476 2850 533 2916 ὲξ
571 2842 645 2904 ὧν
691 2851 885 2905 θάττον
922 2853 950 2905 6
979 2853 1246 2924 δυσσεϐὴς
1287 2854 1516 2909 ἀπέτισε
1553 2854 1655 2927 τήν
1685 2854 1877 2925 δίκηνο
1909 2856 1938 2908 6

337 2940 450 3012 γὰρ
476 2943 576 3013 τῆς
603 2943 903 3015 εἰρημένης
927 2945 1136 3009 εἰκόνος
1157 2945 1588 3017 λογογραφήσας
1608 2946 1707 3018 τὴν
1727 2946 1938 3018 ἐκφρα-

342 3048 448 3097 σιν,
475 3033 551 3097 ὡς
584 3034 640 3087 ἓν
672 3052 816 3089 τισιν
865 3035 1033 3089 αὑτοῦ
1078 3038 1189 3091 τῶν
1221 3036 1397 3106 λόγων
1444 3038 1829 3109 διαλαμϐάνει,
1855 3039 1939 3103 είς

342 3123 481 3194 βαθὺ
501 3126 676 3195 γῆρας
695 3126 790 3180 τοῦ
815 3126 929 3197 βίου
963 3129 1325 3198 κατήντησεψ
1362 3128 1632 3199 δεύτερον,
1660 3130 1690 3182 ὁ
1716 3130 1817 3201 μὲν
1840 3131 1937 3201 τῆς

354 3216 644 3289 Ἀρειανῆς
672 3217 880 3288 λύσσης
910 3219 1271 3292 ἐπεπλήρωτο
1295 3238 1308 3252 ’
1342 3213 1500 3284 οὗτος
1526 3220 1583 3274 δὲ
1608 3223 1668 3275 έν
1702 3224 1816 3285 τοῖς
1854 3224 1935 3275 ot-
1966 3232 2013 3294 ο

344 3310 514 3373 κείοις
543 3310 725 3379 λόγοις
752 3310 825 3365 τὰ
852 3311 960 3365 τῶν
985 3311 1289 3384 ὁρθοδόξων
1330 3312 1675 3382 δογματίζει,
1711 3313 1814 3366 οὐκ
1843 3314 1935 3368 ὲκ-

345 3400 579 3470 μιόντων
610 3400 671 3473 [1.
718 3403 782 3456 ὲκ
832 3402 910 3474 μὴ
934 3403 1130 3475 ὄντων]
1159 3403 1253 3457 τὸν
1302 3404 1434 3457 Υίὸν
1485 3404 1583 3457 καὶ
1616 3404 1793 3471 Λόγον
1838 3406 1937 3458 τοῦ

343 3489 482 3543 Θεοῦ
511 3489 585 3554 ὠς
617 3492 646 3543 6
669 3491 929 3562 μεμηνὼς
955 3492 1130 3564 δυσφη
1141 3493 1258 3562 μῶν
1291 3491 1594 3564 Ἀστέριος,
1617 3493 1705 3547 ἀεὶ
1728 3493 1784 3545 δὲ
1808 3492 1936 3547 ὄντα

344 3578 614 3649 θεολογῶν
650 3581 748 3635 καὶ
778 3581 867 3635 ἀεὶ
900 3583 1131 3636 συνόντα
1164 3581 1244 3652 τῷ
1285 3581 1488 3654 Πατρί.
1515 3581 1732 3654 Τρίτον,
1782 3583 1810 3636 ὁ
1845 3584 1943 3654 μὲν

347 3671 624 3742 αἱρετικὸς
672 3672 950 3744 Ἀστέριος
994 3673 1056 3727 οὐ
1104 3672 1206 3744 τῆς
1252 3674 1573 3745 Ἀμασείας,
1611 3674 1729 3729 ἀλλ’
1773 3675 1944 3746 ἄλλης

345 3762 492 3826 τινὸς
518 3763 725 3827 πόλεως
774 3764 1185 3836 πλησιαζούσης
1210 3767 1276 3836 τῇ
1311 3766 1609 3835 Ἀντιόχου,
1633 3765 1824 3837 μισθὸν
1845 3766 1943 3838 τῆς

349 3854 610 3920 ἀσεϐείας
645 3856 796 3928 παρὰ
834 3856 950 3911 τῶν
1000 3858 1444 3929 συναιρεσιωτῶν
1481 3860 1581 3931 τὴν
1634 3861 1944 3931 ἐπισκοπὴν

350 3944 603 4016 είληφεν’
636 3945 765 4016 ἑξῆς
817 3951 911 4001 καὶ
942 3949 1288 4019 μετάκλητος
1337 3951 1396 4003 ὲν
1436 3950 1740 4021 Ἀντιοχείᾳ
1790 3952 1943 4024 παρὰ

350 4038 462 4090 τῶν
504 4040 826 4110 ὁμοφρόνων
860 4040 1102 4109 γεγονὼς
1149 4042 1243 4095 ἐπὶ
1273 4042 1566 4113 συμμαχίᾳ
1612 4041 1704 4095 τοῦ
1747 4042 1943 4095 δυσσε-

350 4129 619 4200 ϐήματος,
643 4133 760 4195 ταῖς
790 4131 883 4185 τοῦ
910 4133 1215 4203 θαυμασίου
1261 4134 1552 4188 Ἰουλιανοῢ
1588 4138 1941 4205 προσευχαῖς,

349 4222 429 4287 ὼς
477 4226 837 4295 προείρηται,
871 4226 963 4279 τὸν
1005 4226 1121 4295 βίον
1148 4226 1350 4290 ἀθλίως
1384 4229 1778 4299 κατέστρεψεν.
1823 4228 1946 4281 Ἐπὶ

350 4316 564 4381 τούτοις
591 4318 620 4371 6
664 4316 765 4387 μὲν
788 4318 1028 4371 διδάσκει
1050 4319 1109 4371 τὸ
1139 4320 1413 4389 ποίμνιον,
1455 4320 1551 4373 καὶ
1576 4320 1947 4390 φιλοπονεῖται

353 4408 613 4480 περὶτῶν
656 4410 889 4480 ἀρετῶν,
923 4412 1143 4481 ἁπάσης
1181 4412 1454 4467 δείκνυται
1506 4412 1799 4483 θεαρέστου
1849 4430 1949 4465 πο-

351 4498 560 4563 λιτείας
584 4501 930 4571 καταγώγιον
956 4517 972 4532 ·
1002 4503 1031 4556 6
1072 4502 1130 4555 δὲ
1176 4503 1331 4557 οὐδὲν
1360 4504 1605 4558 τοιοῦτον
1653 4505 1794 4576 ἔχων
1826 4507 1947 4557 ὲπι-

352 4589 709 4661 γινώσκεται.

892 4689 1234 4742 ΕΡΩΤΗΣΙΣ
1257 4690 1400 4743 TIl".

642 4781 785 4851 Περὶ
806 4782 912 4836 τοῦ
958 4782 1277 4836 Ἰακὼϐκαὶ
1316 4779 1423 4848 τῆς
1458 4781 1657 4846 Λείας.

1970 4576 2023 4634 D

2040 1936 2227 1977 errore
2254 1920 2523 1975 educatus
2553 1927 2639 1973 est
2666 1936 2679 1972 :
2718 1916 2931 1971 tardius
2964 1930 3093 1971 vero
3142 1913 3627 1971 Christianismum

2040 2014 2333 2077 simulans,
2386 2012 2440 2066 in
2496 2009 2831 2064 Arianorum
2879 2018 3092 2078 partem
3148 2006 3460 2062 declinavit.
3512 2004 3632 2075 Ipse

2042 2120 2174 2161 vero
2199 2104 2270 2159 ob
2300 2102 2636 2174 petulantem
2666 2100 2914 2169 linguam
2961 2112 3156 2168 poenas
3186 2095 3493 2151 Antiochia:
3531 2096 3629 2150 de-

2041 2197 2157 2263 dit,
2216 2196 2270 2251 id
2320 2202 2584 2265 operante
2630 2189 2942 2246 admirandi
2990 2188 3195 2244 Juliani
3250 2186 3499 2242 oratione
3530 2202 3547 2240 :
3577 2196 3633 2241 et

2042 2296 2295 2346 sanctum
2333 2286 2509 2340 virum
2546 2281 2809 2337 excitavit
2838 2278 2907 2334 ad
2936 2278 3148 2349 justum
3184 2278 3513 2348 supplicium
3562 2276 3632 2331 de

2042 2395 2101 2436 se
2133 2378 2489 2435 sumendum.
2524 2373 2681 2428 Alter
2717 2371 2885 2441 igitur
2919 2369 2976 2423 in
3016 2370 3323 2425 orthodoxa
3355 2367 3461 2424 ﬁde
3491 2367 3629 2423 edu-

2042 2480 2201 2528 catus
2242 2477 2359 2535 est;
2408 2468 2548 2521 alter
2579 2463 2790 2520 erroris
2834 2475 3017 2533 praeco
3058 2460 3183 2515 fuit.
3214 2459 3309 2515 Ille
3341 2474 3505 2529 porro
3535 2459 3631 2529 qui

2042 2565 2110 2619 de
2155 2568 2343 2617 sancta
2376 2566 2615 2628 martyre
2658 2552 2967 2624 Euphemia
3009 2552 3385 2607 narrationem
3437 2551 3629 2614 edidit,

2042 2653 2182 2709 nihil
2234 2664 2531 2707 commune
2583 2661 2709 2701 cum
2758 2642 3056 2713 impietatis
3106 2641 3396 2696 defensore
3444 2640 3629 2694 habet.

2043 2748 2229 2804 Primo
2257 2744 2479 2815 quidem
2522 2740 2787 2811 quoniam
2832 2739 3035 2808 impius
3071 2735 3163 2790 ille
3205 2735 3479 2789 maturius
3511 2750 3632 2803 poe-

2044 2856 2146 2896 nas
2180 2838 2331 2894 dedit
2373 2854 2387 2891 :
2421 2850 2548 2889 nam
2579 2832 2673 2904 qui
2708 2831 2776 2886 de
2809 2836 3115 2885 memorata
3159 2828 3403 2897 imagine
3438 2839 3633 2878 narra-

2046 2932 2253 2987 tionem
2295 2928 2558 2991 instituit,
2609 2933 2671 2978 ut
2716 2924 2771 2978 in
2803 2921 3044 2993 quadam
3093 2920 3184 2974 ille
3230 2918 3481 2974 oratione
3532 2932 3632 2971 sua

2046 3025 2259 3080 indicat
2288 3060 2304 3085 ,
2358 3020 2427 3075 ad
2483 3024 2802 3089 provectam
2851 3021 3192 3070 senectutem
3241 3009 3508 3066 devenit:
3548 3024 3636 3064 sea

2046 3116 2251 3179 eundo,
2283 3113 2375 3167 ille
2401 3112 2609 3165 Ariano
2638 3108 2827 3164 furore
2866 3107 3063 3177 plenus
3095 3110 3251 3169 erat;
3291 3102 3381 3157 hic
3406 3114 3537 3155 vero
3578 3099 3635 3152 in

2045 3207 2265 3277 scriptis
2311 3203 2428 3259 suis
2476 3202 2843 3257 orthodoxam
2886 3196 3215 3254 sententiam
3259 3208 3373 3265 prae
3412 3206 3473 3249 se
3508 3190 3633 3256 fert,

2043 3312 2239 3367 nempe
2280 3295 2479 3351 Filium
2530 3304 2588 3350 et
2634 3290 2873 3346 Verbum
2924 3289 3019 3342 Dei
3072 3302 3185 3343 non
3233 3300 3357 3342 esse
3403 3300 3471 3340 ex
3523 3298 3635 3338 non

2043 3388 2417 3453 exstantibus,
2453 3394 2513 3440 ut
2563 3382 2809 3438 furiosus
2856 3381 2949 3435 ille
2979 3378 3232 3436 Asterius
3281 3376 3449 3447 impie
3478 3374 3634 3429 dice-

2042 3482 2169 3547 bat;
2202 3481 2298 3536 sed
2342 3492 2557 3547 semper
2585 3490 2730 3539 esse,
2765 3483 2819 3527 et
2850 3476 3069 3541 semper
3110 3468 3262 3523 Patri
3291 3467 3636 3523 eoexsistere

2048 3573 2355 3643 theologiee
2384 3569 2622 3625 aiiirmat
2655 3586 2669 3621 :
2706 3566 2891 3630 tertio,
2921 3562 3215 3619 haereticus
3238 3560 3328 3614 ille
3360 3557 3635 3620 Asterius,

2047 3681 2158 3720 non
2187 3664 2458 3727 Amaseae,
2496 3660 2590 3716 sed
2635 3657 2861 3713 alterius
2890 3669 3062 3726 prope
3089 3652 3445 3707 Antiochiam
3478 3649 3635 3704 urbis

2045 3760 2425 3829 episcopatum
2460 3770 2492 3807 a
2529 3753 2697 3808 sociis
2743 3750 2861 3807 suis
2909 3746 3183 3804 haereticis
3226 3745 3281 3799 in
3327 3741 3640 3799 mercedem

2048 3850 2346 3922 impietatis
2404 3849 2636 3917 accepit.
2685 3843 2897 3900 Deinde
2944 3839 3249 3897 accersitus
3299 3837 3369 3891 ab
3412 3832 3640 3890 asseclis

2047 3942 2421 4001 Antiochiam,
2480 3947 2542 3992 ut
2609 3936 2950 4005 impietatem
3000 3945 3188 3988 secum
3240 3933 3636 3999 propugnaret,

2048 4033 2355 4091 admirandi
2386 4030 2591 4085 Juliani
2632 4028 2911 4098 precibus,
2960 4032 3023 4079 ut
3069 4036 3240 4087 supra
3279 4022 3487 4075 dictum
3531 4024 3636 4082 est,

2049 4128 2214 4181 vitam
2265 4125 2468 4179 misere
2518 4118 2739 4174 clausit.
2788 4116 2869 4169 Ad
2908 4116 3022 4168 haec
3076 4127 3227 4176 vero,
3287 4111 3375 4164 ille
3415 4123 3638 4178 gregem

2049 4221 2229 4281 docet,
2260 4216 2328 4270 de
2356 4212 2654 4268 virtutibus
2686 4206 3105 4263 lucubrationes
3127 4202 3316 4265 edidit,
3350 4198 3643 4267 omnisque

2050 4312 2175 4365 vitae
2204 4307 2375 4378 probe
2407 4300 2758 4358 instituenda:
2788 4296 3034 4353 methodi
3066 4291 3474 4363 receptaculum
3514 4296 3635 4343 est:

2051 4405 2155 4459 iste
2194 4416 2323 4456 vero
2362 4396 2497 4453 nihil
2536 4390 2852 4463 huiusmodi
2890 4388 3151 4443 habuisse
3186 4380 3636 4454 deprehenditur.

2158 4674 2484 4749 ρυΑῑςΤιΟ
2527 4671 2774 4731 CCCXIII
2815 4668 3005 4742 [CoisL
3040 4667 3203 4721 Tuur.
3247 4664 3505 4735 CXXVI].

2587 4766 2663 4819 De
2689 4764 2853 4819 Jacob
2883 4774 2931 4817 et
2958 4761 3108 4815 Leia.

958 4868 1103 4919 Edita
1123 4882 1150 4916 a
1184 4869 1308 4917 Maio
1334 4870 1482 4932 (Nov.
1510 4866 1635 4919 Coll.
1664 4873 1700 4917 t.
1736 4868 1816 4926 1X,
1851 4881 1897 4928 p.
1927 4867 2031 4930 15⁸1,
2056 4865 2234 4925 158,q.
2258 4862 2349 4911 515
2371 4867 2424 4909 et
2454 4857 2641 4908 ultima.
2676 4860 2731 4905 In
2766 4857 2888 4906 ch.
2929 4852 3086 4915 xxix).

340 5031 351 5040 ι
430 4948 548 5008 Ὅτι
586 4962 685 5022 μεν
720 4949 857 5021 μετὰ
888 4950 1182 5003 ἑπταετίαν
1220 4951 1249 5002 6
1284 4948 1481 5002 Ἰακὼϐ
1509 4951 1607 5020 τήν
1632 4948 1801 5005 Λείαν
1829 4950 1951 5005 ἀντὶ

350 5047 453 5117 τῆς
489 5044 693 5115 Ῥαχὴλ
734 5046 814 5107 είς
850 5045 1085 5111 γυναῖκα
1124 5042 1429 5113 παρέλαϐε,
1463 5041 1623 5111 δῆλον
1667 5045 1703 5114 ή
1756 5042 1949 5115 Γραφὴ

352 5139 518 5191 ποιεί·
558 5136 654 5188 καὶ
696 5135 777 5187 ὅτι
822 5134 945 5188 ἀντὶ
1005 5133 1252 5198 δουλείας
1280 5134 1470 5204 ἄλλης,
1512 5134 1655 5188 ἑπτὰ
1711 5134 1805 5189 καὶ
1846 5136 1945 5187 αὑ-

2118 4946 2279 5015 Quod
2356 4953 2481 5015 post
2567 4940 2967 4997 hebdomadem
3053 4952 3322 4991 annorum
3406 4933 3645 4990 Iacobus

2047 5040 2234 5095 Leiam
2277 5053 2377 5109 pro
2432 5034 2641 5091 Rachel
2694 5048 2920 5088 uxorem
2981 5028 3306 5100 sumpserit,
3363 5026 3647 5095 Scriptura

2047 5139 2312 5197 testatur;
2367 5128 2625 5200 quodque
2705 5132 2829 5196 post
2890 5122 3053 5177 alium
3124 5122 3257 5177 item
3308 5135 3405 5190 per
3436 5127 3646 5185 septem

352 5228 453 5297 τῆς
474 5226 568 5297 ἔτη
592 5226 1086 5297 παρατεινομένης,
1116 5225 1218 5296 τὴν
1247 5226 1454 5297 Ῥαχὴλ
1474 5227 1736 5297 ἠγάγετο,
1769 5225 1864 5279 καὶ
1879 5226 1940 5279 ὲκ

2045 5237 2221 5277 annos
2298 5220 2632 5275 famulitium
2703 5215 2999 5270 Rachelem
3058 5212 3278 5267 duxerit
3336 5225 3404 5264 ex
3450 5208 3645 5262 eadem

354 5317 548 5372 τούτου
579 5316 766 5385 σαφῶς
795 5316 1037 5372 διδάσκει
1076 5332 1090 5347 ο
1124 5318 1171 5369 εί
1200 5316 1255 5369 δὲ
1278 5316 1652 5387 ὑποσχόμενος
1683 5316 1782 5387 τὴν
1819 5316 1940 5370 δου-

357 5410 511 5464 λείαν
540 5409 703 5473 εύθὺς
736 5409 956 5476 ἔλαϐεν,
1007 5410 1039 5481 ἢ
1074 5410 1168 5463 καὶ
1206 5409 1344 5481 μετὰ
1379 5410 1439 5463 τὸ
1465 5409 1695 5464 διελθεῖν
1739 5409 1940 5479 ταύτην

2046 5408 2216 5463 citum
2275 5405 2608 5460 famulitium
2676 5415 2906 5457 uxorem

357 5503 510 5573 ὅλην,
534 5501 761 5570 ὕστερον
803 5502 1062 5573 ἠγάγετο,
1086 5502 1186 5556 οὐκ
1228 5501 1692 5571 ἁντιπαραδίδωσι
1738 5502 1945 5571 σαφῶς,

357 5594 477 5650 ἀλλ’
501 5593 799 5664 ἀμφίδοξον
841 5596 968 5648 ὅσον
1008 5594 1116 5648 ἀπὸ
1157 5592 1268 5647 τῶν
1315 5594 1577 5665 ῥημάτων
1611 5593 1897 5647 ὑπολείπει
1932 5613 1946 5626 ·

360 5686 595 5756 πότερον
622 5686 998 5756 ὑποσχόμενος
1030 5687 1129 5757 τὴν
1156 5686 1403 5739 δουλείαν
1441 5685 1605 5749 εὐθὺς
1631 5686 1727 5739 τὸν
1760 5686 1952 5757 μισθὸν

358 5780 460 5849 τῆς
507 5778 707 5850 Ῥαχὴλ
734 5777 1004 5849 ἐλαϐεν,ἢ
1035 5779 1175 5850 μετὰ
1195 5779 1294 5850 τὴν
1323 5779 1435 5833 τῶν
1468 5778 1648 5833 πόνων
1685 5779 1947 5847 ἐπίδειξιν

360 5872 566 5944 καὶτῆς
584 5872 927 5944 ὑποσχέσεως
943 5872 1039 5944 τὴν
1056 5872 1469 5944 συμπλήρωσιν,
1492 5873 1627 5944 μετὰ
1642 5872 1798 5929 τοῦτο
1815 5874 1950 5946 πρὸς

2043 5315 2395 5385 perspicuum
2457 5320 2561 5367 est.
2640 5308 2836 5365 Utrum
2874 5320 3005 5360 vero
3072 5302 3259 5359 statim
3311 5309 3432 5372 post
3487 5298 3648 5369 polli-

2983 5396 3317 5468 sumpserit,
3381 5410 3449 5449 an
3523 5403 3649 5462 post

2049 5501 2383 5557 famulitium
2460 5497 2856 5568 adimpletum,
2912 5510 3022 5549 non
3061 5492 3330 5562 liquidum
3386 5498 3491 5556 est,
3551 5488 3647 5544 sed

2051 5604 2321 5665 quantum
2376 5608 2441 5647 ex
2494 5590 2677 5646 verbis
2726 5588 3068 5659 ambiguum.
3126 5586 3325 5641 Utrum
3376 5590 3535 5653 pacta
3580 5580 3650 5635 de

2053 5684 2328 5741 famulitio
2357 5683 2485 5751 ﬁde,
2519 5681 2835 5737 mercedem
2869 5678 3164 5734 Raehelem
3212 5673 3504 5744 acceperit,
3550 5687 3643 5737 an,

2061 5787 2255 5835 exacto
2283 5777 2472 5832 labore
2502 5784 2555 5831 et
2578 5774 2848 5830 absolutis
2891 5771 3217 5843 promissis,
3293 5765 3647 5823 matrimonio

2069 5886 2190 5929 eam
2215 5869 2323 5928 sibi
2351 5867 2625 5941 iunxerit,
2664 5882 2733 5926 ex
2762 5866 2960 5941 verbis
2995 5864 3139 5921 inter
3200 5872 3491 5929 utramque
3518 5871 3646 5913 sen-
