4132 6434
597 413 731 478 1163

1798 410 2051 471 PHO'I-‘II
2088 402 2590 467 PATRIARCH/E
2624 402 2731 463 (ΣΡ.

3721 389 3849 455 1161

590 523 818 578 tentiam
854 536 1008 576 mens
1038 519 1204 575 dubia
1236 518 1481 573 fluctuat.
1537 516 1800 583 Quaedam
1859 522 2173 585 argumenta

2282 510 2456 581 γάμον
2469 510 2709 579 ἠγάγετο
2725 526 2737 537 ·
2760 505 2873 560 ἀλλ’
2892 505 3000 560 ἀπὸ
3019 505 3118 574 μὲν
3143 502 3237 558 τοῦ
3255 503 3422 575 ρητοῦ
3445 502 3579 570 πρὸς
3594 488 3849 570 ἑκάτερον

590 612 660 668 ad
703 612 757 667 id
812 612 1099 679 inclinant,
1154 611 1304 681 quod
1360 620 1515 679 pacta
1570 610 1674 664 fide
1724 609 1910 666 statim
1969 607 2179 661 sociam

592 703 832 759 Iacobus
885 704 1154 774 virginem
1206 702 1498 772 acceperit.
1564 699 1764 757 Verum
1830 700 1877 753 si
1922 697 2180 768 ;peractis

595 805 803 864 septem
835 795 996 850 annis
1041 810 1161 849 eam
1212 795 1480 859 duxisset,
1530 790 1699 847 Jacob
1747 791 2023 845 videretur
2072 804 2180 843 non

593 882 773 936 solum
821 881 981 937 annis
1021 881 1211 950 viginti
1266 881 1407 950 apud
1441 880 1647 945 Laban,
1686 887 1745 932 ut
1787 878 2048 946 scriptum
2077 884 2179 940 est,

593 982 989 1039 commoratus,
1026 971 1119 1025 sed
1150 971 1319 1024 multo
1349 970 1575 1023 diutius.
1604 966 1739 1021 Nam
1764 967 1809 1023 si
1830 976 1951 1036 post
1976 974 2181 1034 septem

592 1078 770 1117 arinos
797 1063 1093 1118 Rachelem
1125 1063 1227 1117 sibi
1254 1062 1459 1131 junxit,
1488 1061 1636 1115 aliud
1660 1059 1893 1129 spatium
1922 1056 2182 1125 temporis

590 1156 840 1225 elapsum
873 1162 956 1211 est
988 1156 1041 1210 in
1072 1170 1181 1225 quo
1211 1170 1309 1209 sua
1346 1154 1396 1209 ei
1427 1154 1689 1210 sterilitas
1723 1151 2049 1221 exprobrata
2075 1156 2177 1214 est,

594 1246 927 1315 ancillasque
947 1244 1153 1300 Iacobo
1171 1246 1236 1298 ad
1258 1244 1466 1300 sobolis
1479 1242 1909 1313 procreationem
1930 1238 2181 1310 praebuit,

594 1338 809 1407 illacque
894 1345 1182 1407 postquam
1238 1336 1291 1389 in
1343 1335 1468 1390 sinu
1517 1334 1927 1402 concepissent,
1983 1343 2184 1399 pueros

597 1438 928 1499 genuerunt.
982 1430 1102 1495 Quo
1128 1437 1372 1499 tempore
1394 1435 1615 1498 peracto
1663 1425 1808 1480 aliud
1869 1424 2077 1480 exstitit
2126 1424 2181 1477 in

597 1537 708 1591 quo
776 1521 1030 1585 Rachel,
1089 1519 1390 1575 sterilitatis
1447 1526 1672 1588 purgata
1724 1514 2181 1586 exprobratione,

596 1612 785 1682 genuit
813 1610 1135 1681 Josephum.
1182 1609 1427 1679 Denique
1456 1618 1581 1679 post
1607 1617 1823 1679 partum
1854 1606 2181 1676 Josephum,

598 1716 692 1757 sex
728 1716 906 1756 annos
938 1700 1182 1755 declarat
1219 1700 1497 1771 Scriptura
1527 1716 1622 1769 per
1652 1714 1791 1769 quos
1819 1696 2062 1752 Iacobus
2088 1712 2185 1765 pro

592 1800 753 1860 pacta
783 1792 970 1847 ovium
1018 1792 1268 1847 mercede
1313 1792 1533 1846 Labano
1558 1791 1855 1845 famulatus
1899 1798 2016 1855 est_;
2071 1789 2185 1843 lucc

2288 600 2569 669 μερίζεται
2598 599 2631 668 ὴ
2657 596 2884 650 διάνοια·
2908 595 3157 664 λογισμοὶ
3176 593 3233 646 δέ
3268 610 3413 654 τινες
3434 591 3635 661 μᾶλλον
3665 590 3848 659 ρἐειν

2282 689 2373 742 τὸν
2402 688 2525 741 νοῦν
2544 684 2999 749 ύποτίθενται,ὼς
3028 683 3166 754 μετὰ
3194 682 3291 752 τὴν
3313 682 3605 751 ὑπόσχεσιν
3622 682 3699 742 εἰς
3729 681 3852 749 ὁμι-
3880 680 3881 685 “

2282 777 2400 831 λίαν
2428 777 2591 839 εὐθὺς
2606 776 2667 829 τὸ
2686 775 2908 843 γύναιον
2930 771 3323 844 προσελάϐετο·
3354 772 3477 823 ἐπεὶ
3506 771 3556 822 εί
3580 768 3718 840 μετὰ
3754 770 3848 838 τὴν

2284 867 2678 937 συμπλήρωσιν
2693 866 2794 935 τῆς
2811 863 3101 925 ἑπταετίας
3113 862 3317 930 ταύτην
3332 862 3591 931 ὴγάγετο,
3613 860 3673 912 ού
3696 859 3851 929 μόνον

2282 956 2455 1008 εἴκοσι
2479 955 2571 1024 ἔτη
2605 956 2662 1006 ὲν
2687 956 2753 1024 τῇ
2778 951 2871 1006 τοῦ
2898 952 3086 1007 Λάϐαν
3102 951 3250 1022 οίκίᾳ
3276 953 3303 1004 ό
3348 950 3565 1017 Ἰακὼϐ,
3587 951 3663 1013 ὼς
3696 950 3852 1013 αὑτός

2284 1063 2439 1116 φησι,
2467 1044 2751 1115 διατρίψας
2776 1042 3044 1112 φαίνεται,
3071 1042 3209 1096 ἀλλὰ
3229 1042 3552 1095 καὶτούτων
3584 1042 3808 1093 πλείονα
3839 1057 3851 1069 ο

2283 1139 2330 1189 εἰ
2382 1136 2489 1207 γὰρ
2513 1134 2652 1205 μετὰ
2679 1133 3333 1205 τεσσαρεσκαιδεκαετίαν
3357 1136 3459 1202 τὴν
3494 1131 3697 1203 Ῥαχὴλ
3717 1132 3855 1201 ὴγά-

2283 1244 2434 1296 γετο,
2484 1227 2676 1298 χρόνος
2719 1225 2938 1288 πάντως
2978 1226 3168 1295 ἕτερος
3213 1222 3538 1294 διεληλύθει,
3596 1226 3653 1276 ὲν
3701 1215 3747 1290 ᾧ
3802 1238 3859 1273 τε

2284 1320 2317 1388 ὴ
2364 1318 2649 1389 στείρωσις
2709 1316 2881 1385 αὐτῆς
2931 1316 3269 1387 διηλέγχετό,
3308 1317 3404 1369 καὶ
3428 1316 3487 1367 ὲν
3615 1314 3715 1377 τὰς
3732 1330 3858 1364 παι-

2284 1410 2471 1472 δίσκας
2495 1410 2577 1471 είς
2612 1407 2956 1462 παιδοποιίαν
2974 1406 3050 1478 τῷ
3083 1405 3280 1460 Ἰακὼϐ
3305 1405 3621 1476 παρείχετο,
3642 1407 3700 1458 ὲν
3728 1398 3773 1471 ᾧ
3800 1421 3859 1456 τε

2286 1500 2495 1576 ἐκεῖναι
2520 1498 2663 1552 κατὰ
2690 1498 2928 1568 γαστρὸς
2974 1496 3236 1551 λαϐοῦσαι
3275 1497 3405 1560 τοὺς
3449 1497 3644 1559 παῖδας
3674 1498 3862 1549 ἀπέτι-

2286 1608 2433 1654 κτον,
2474 1591 2570 1643 καὶ
2616 1590 2755 1660 μετὰ
2787 1589 2975 1643 τοῦτον
2997 1589 3182 1660 ἕτερος
3234 1590 3293 1642 ὲν
3352 1582 3457 1660 ᾦὴ
3499 1587 3697 1658 Ῥαχὴλ
3754 1586 3861 1640 τῶν

2284 1680 2605 1750 ὀνειδισμῶν
2640 1680 2985 1751 ἀπολυομένη
3008 1680 3110 1749 τῆς
3140 1674 3503 1749 στέιρώσεως,
3533 1677 3622 1731 τὸν
3664 1678 3861 1747 Ἰωσὴφ

2285 1770 2624 1823 ἐτεκνώσατο
2656 1787 2671 1803 ο
2696 1767 2816 1823 εἶτα
2850 1771 2987 1839 μετὰ
3018 1769 3110 1822 τὸν
3147 1770 3306 1822 τόκον
3329 1768 3424 1820 τοῦ
3468 1768 3666 1838 Ἰωσὴφ
3696 1768 3862 1837 ἕτερα

594 1893 841 1954 tempora
888 1900 998 1940 non
1035 1884 1227 1955 viginti
1270 1899 1446 1939 annos
1488 1884 1668 1939 solum
1708 1883 2166 1952 complectuntur.

2279 1858 2334 1923 ἒξ
2355 1862 2778 1931 ἐπισημαίνεται
2811 1862 2844 1931 ὴ
2868 1861 2906 1913 Γ
2913 1862 3057 1931 ραφὴ
3082 1860 3176 1913 ἐπὶ
3208 1859 3384 1930 μισθῷ
3414 1858 3705 1930 προϐάτων
3739 1858 3865 1912 δου-

591 1973 840 2045 Namque
874 1976 996 2032 istis
1044 1977 1384 2046 temporibus
1416 1976 1460 2030 si
1492 1976 1758 2046 adjeceris
1802 1974 1931 2029 illud
1969 1974 2023 2027 in
2068 1987 2175 2042 quo

592 2066 796 2121 sterilis
824 2065 926 2121 fuit
975 2065 1217 2131 Rachel,
1275 2073 1329 2121 et
1383 2067 1439 2121 in
1485 2082 1595 2136 quo
1634 2074 1938 2137 genuerunt
1975 2077 2174 2133 pueros

590 2158 823 2223 ancillae,
854 2158 1090 2227 spatium
1123 2158 1293 2212 multo
1312 2157 1526 2227 longius
1562 2157 1853 2227 colligitur.
1888 2154 2019 2221 Quae
2046 2169 2174 2209 vero

590 2263 801 2304 merces
830 2247 1035 2304 Jacoho
1068 2249 1211 2304 inter
1252 2249 1668 2318 quatuordecim
1750 2256 1805 2302 et
1855 2262 1950 2303 sex
1998 2261 2173 2301 annos

586 2339 855 2395 famulato
909 2340 1253 2396 decernitur?
1298 2354 1422 2394 cum
1473 2340 1621 2395 nullo
1676 2339 1940 2407 temporis
1995 2338 2172 2407 spatio

585 2430 840 2486 videatur
893 2429 1061 2487 Iacob
1104 2431 1443 2487 famulitium
1486 2432 1607 2486 sine
1652 2432 1905 2486 mercede
1957 2431 2170 2485 tulisse.

585 2520 802 2581 Etenim
832 2520 890 2574 in
916 2522 1090 2590 prima
1130 2537 1399 2577 annorum
1428 2521 1783 2587 hebdomade,
1816 2537 1915 2592 pro
1947 2521 2169 2587 Rachel,

584 2626 799 2667 merces
828 2611 878 2667 ei
924 2611 1085 2678 Leia;
1138 2627 1239 2682 pro
1286 2614 1522 2668 secunda
1552 2615 1886 2670 hebdomade
1943 2614 2168 2677 Rachel,

581 2715 794 2770 proque
840 2718 935 2757 sex
980 2703 1102 2757 aliis
1143 2705 1303 2763 anuis
1365 2705 1470 2759 sibi
1509 2716 1791 2776 comparat
1838 2722 1987 2761 oves.
2029 2706 2170 2773 Quid

582 2790 752 2860 igitur
777 2807 876 2861 pro
897 2792 1084 2863 elapso
1113 2794 1255 2850 inter
1279 2798 1699 2865 quatuordecim
1751 2806 1804 2851 et
1828 2813 1919 2853 sex
1951 2798 2170 2854 ultimos

583 2895 762 2937 annos
795 2883 1013 2953 spatio?
1065 2884 1196 2951 Quae
1227 2886 1334 2941 alia
1370 2902 1582 2943 merces
1631 2887 1942 2957 detegitur?
1993 2888 2169 2958 Opor-

583 2981 721 3053 teret
744 2973 912 3039 enim,
948 2976 993 3030 si
1018 2975 1256 3032 Jacobus
1290 2979 1705 3048 quatuordecim
1739 2982 1898 3035 annis
1938 2982 2169 3050 peractis

582 3058 876 3119 Rachelem
910 3066 1013 3121 sibi
1040 3068 1413 3136 adjunxisset,
1444 3080 1498 3125 et
1526 3070 1749 3136 Rachel,
1778 3072 2013 3141 primum
2056 3080 2167 3128 ste-

582 3158 725 3225 rilis,
776 3159 971 3221 deinde
994 3162 1334 3230 peperisset,
1378 3164 1485 3218 alio
1526 3173 1769 3234 tempore
1820 3176 2167 3237 consumpto,

581 3249 748 3319 hujus
783 3266 1001 3321 quoque
1034 3252 1197 3323 spatii
1240 3254 1550 3309 mercedem
1602 3263 1785 3310 notam
1844 3257 2170 3324 praefinitam

582 3336 776 3396 fuisse.
843 3341 949 3397 Sed
1025 3359 1293 3416 nusquam
1371 3345 1667 3417 Scriptura:
1756 3346 1864 3403 alia
1940 3362 2171 3414 merces,

580 3446 857 3502 nusquam
888 3434 1035 3491 aliud
1064 3444 1290 3507 tempus-
1314 3447 1514 3508 praeter
1547 3441 1963 3507 quatuordecim
1995 3452 2049 3497 et
2078 3458 2173 3497 sex

581 3536 800 3591 annos,
856 3537 1151 3599 supputato
1202 3529 1315 3599 jam
1390 3532 1623 3605 tempori
1665 3532 1932 3605 gmedium
1980 3537 2165 3606 inter-

580 3612 824 3689 ponitur.

2285 1952 2472 2007 λεῦσαι
2500 1954 2590 2005 τὸν
2627 1952 2823 2007 Ἰακὼϐ
2856 1953 2933 2024 τῷ
2958 1954 3169 2021 Λάϐαν,
3205 1953 3327 2023 οὐχὶ
3359 1954 3497 2023 μόνα
3532 1952 3707 2005 εἴκοσι
3733 1968 3861 2017 συγ-

2284 2042 2674 2112 κεφαλαιοῦται
2709 2061 2723 2075 ⁸
2753 2044 2889 2098 ἀλλὰ
2919 2045 3013 2098 καὶ
3045 2047 3158 2107 τοῖς
3181 2046 3392 2114 χρόνοις
3412 2044 3621 2106 τούτοις
3657 2043 3859 2111 μεταξὺ

2282 2132 2711 2203 προστιθεμένου
2739 2134 2860 2187 καθ’
2886 2136 2945 2187 ὅν
2989 2150 3049 2187 τε
3096 2134 3437 2205 ὲστείρευσεν
3465 2136 3499 2205 ὴ
3535 2134 3738 2205 Ῥαχὴλ
3770 2136 3862 2186 καὶ

2281 2223 2404 2275 καθ’
2436 2224 2495 2275 ὃν
2523 2224 2578 2276 αἱ
2609 2224 2893 2277 παιδίσκαι
2926 2223 3155 2290 ἔτικτον,
3190 2224 3352 2278 πλέον
3371 2227 3397 2277 ὁ
3417 2225 3605 2295 χρόνος
3630 2225 3859 2293 συνάγε-

2279 2333 2368 2369 ται
2400 2333 2413 2346 °
2445 2316 2530 2378 τίς
2559 2316 2614 2368 δὲ
2643 2317 2736 2369 καὶ
2770 2316 2963 2386 μισθὸς
2996 2316 3187 2370 τούτου
3214 2317 3275 2369 τὸ
3313 2316 3516 2387 μεταξὺ
3553 2317 3664 2369 τῶν
3696 2316 3855 2370 δεκα-

2279 2405 2560 2476 τεσσάρων
2609 2407 2815 2476 χρόνων
2858 2406 3076 2460 καὶτῶν
3108 2406 3169 2472 ἓξ
3192 2406 3502 2477 τῷἸακὼϐ
3544 2406 3853 2460 ϐουλεύοντι

2278 2494 2357 2565 τῷ
2392 2496 2580 2550 Λάϐαν
2604 2498 2956 2567 ἀφορίζεται;
2986 2498 3113 2551 εἰδὲ
3141 2498 3398 2569 οὐδεμίαν
3427 2498 3538 2551 τῶν
3575 2498 3846 2568 περιόδων

2278 2587 2357 2657 τῷ
2401 2587 2597 2641 Ἰακὼϐ
2634 2589 2882 2657 φαίνεται
2909 2590 3103 2660 ἀμισθὶ
3143 2590 3241 2662 τὴν
3274 2589 3518 2643 δουλείαν
3552 2589 3858 2642 ἐταλαιπω-

2284 2682 2424 2749 ρείτο
2451 2697 2465 2712 ο
2500 2682 2557 2733 ὲν
2614 2681 2712 2752 μὲν
2765 2681 2873 2751 γὰρ
2913 2686 2978 2754 τῇ
3035 2681 3227 2754 πρώτῃ
3281 2682 3547 2753 ὲπταετίᾳ
3588 2682 3713 2734 ἀντὶ
3760 2680 3860 2751 τῆς

2292 2775 2495 2845 Ῥαχὴλ
2524 2777 2556 2845 ὴ
2608 2774 2742 2828 Λεία
2791 2776 2980 2845 μισθὸς
3025 2776 3196 2847 αύτῷ.
3236 2776 3358 2829 ἀντὶ
3392 2774 3449 2828 δὲ
3477 2775 3575 2844 τῆς
3604 2773 3860 2842 δευτέρας

2278 2869 2312 2935 ή
2355 2866 2556 2936 Ῥαχήλ
2590 2882 2602 2895 ·
2637 2867 2730 2919 καὶ
2766 2868 2886 2920 ἀντὶ
2943 2867 3054 2919 τῶν
3079 2866 3401 2920 τελευταίων
3430 2865 3567 2918 ὲτῶν
3601 2864 3682 2931 ἒξ,
3720 2865 3748 2916 ὁ
3773 2863 3862 2916 διὰ

2278 2957 2385 3011 τῶν
2408 2959 2697 3029 προϐάτων
2725 2958 2875 3030 αύτῷ
2898 2957 3308 3029 χορηγούμενος
3342 2972 3357 2987 '
3409 2958 3531 3010 ἀντὶ
3565 2956 3698 3025 γοῦν
3762 2954 3859 3007 τοῦ

2282 3048 2484 3119 μεταξὺ
2516 3051 2708 3120 χρόνου
2758 3052 2857 3120 τῆς
2907 3049 3567 3121 τεσσαρεσκαιδεκαετίας
3596 3048 3693 3100 καὶ
3750 3046 3861 3099 τῶν

2278 3141 2602 3194 τελευταίων
2622 3140 2701 3205 ἒξ,
2725 3141 2811 3204 τίς
2838 3139 3262 3208 ἐπιγινώσκεται
3288 3140 3478 3210 μισθὸς
3493 3141 3681 3210 ἕτερος
3702 3157 3717 3206 ;
3753 3138 3863 3192 ἔδει

2275 3232 2331 3285 δὲ
2386 3233 2433 3285 εί
2485 3232 2623 3302 μετὰ
2669 3232 2768 3303 τὴν
2808 3232 3203 3303 συμπλήρωσιν
3262 3233 3363 3303 τῆς
3406 3231 3865 3304 τεσσαρεσκαιδε·

2276 3324 2499 3387 καετίας
2548 3323 2649 3395 τὴν
2705 3322 2959 3393 Ῥαχὴλὸ
3028 3321 3219 3378 Ἰακὼϐ
3267 3323 3496 3394 ἔγημεν,
3547 3319 3645 3375 εἷθ’
3690 3322 3866 3384 οὕτως

2274 3415 2308 3484 ὴ
2344 3415 2606 3485 παιδίσκη
2651 3416 2747 3468 καὶ
2793 3418 2825 3485 ἡ
2873 3416 3074 3486 Ῥαχὴλ
3136 3415 3493 3485 στειρεύουσα
3534 3414 3630 3467 καὶ
3694 3414 3860 3466 πάλιν

2271 3506 2537 3558 τίκτουσα
2603 3505 2795 3575 χρόνον
2844 3505 3002 3559 ἄλλον
3060 3504 3475 3573 κατηνάλωσαν,
3532 3504 3626 3557 καὶ
3669 3503 3864 3556 τούτου

2275 3597 2366 3649 τὸν
2397 3596 2588 3666 μισθὸν
2620 3596 2955 3650 καθεστάναι
2985 3595 3264 3666 γνώριμον
3295 3610 3309 3624 ·
3346 3592 3463 3648 ἀλλ’
3493 3591 3733 3661 οὐδαμοῦ
3762 3593 3866 3661 τῆς

2266 3689 2490 3758 Γραφῆς
2543 3686 2667 3740 οὔτε
2716 3687 2908 3757 μισθὸς
2960 3688 3244 3756 φαίνεται,
3284 3686 3409 3740 οὔτε
3473 3684 3663 3756 χρόνος
3704 3682 3867 3747 ἄλλος

2270 3780 2423 3851 παρὰ
2441 3780 2508 3833 τὰ
2525 3781 2902 3852 δεκατέσσαρα
2926 3782 3018 3835 καὶ
3047 3780 3117 3834 τὰ
3143 3780 3201 3844 ἒξ
3233 3780 3326 3851 ἔτη
3374 3778 3729 3850 παρενθήκην
3756 3778 3861 3829 ὲπ-

2269 3873 2406 3943 έχων
2440 3872 2613 3941 λόγων
2658 3874 3173 3943 συγκατάταττεται.
3450 3879 3459 3889 “

2008 4087 2411 4149 MONITUM.

652 4201 788 4250 ante
818 4196 1179 4266 quaestionem
1204 4213 1234 4252 a
1261 4200 1421 4257 nobis
1458 4202 1618 4271 juxta
1652 4203 1893 4261 indicem
1928 4206 2051 4261 Vat.
2094 4224 2325 4265 numero
2384 4208 2637 4264 CCCXIII
2676 4210 2948 4282 signatam
2992 4208 3170 4263 Maius
3213 4216 3452 4279 quatuor
3504 4208 3641 4263 alias
3682 4205 3866 4276 publi-

575 4292 741 4357 cavit,
776 4309 899 4363 quae
923 4295 1099 4352 titulis
1132 4306 1188 4352 et
1222 4298 1675 4370 inscriptionibus
1705 4304 1943 4373 prepriis
1969 4316 2159 4360 carent
2188 4315 2243 4360 et
2274 4306 2464 4362 nescio
2494 4320 2604 4376 qua
2635 4307 3059 4363 amanuensium
3088 4306 3416 4377 negligentia
3448 4320 3557 4359 non
3591 4305 3647 4358 in
3676 4302 3866 4357 indice

572 4400 873 4445 numeratae
912 4391 1152 4448 fuerunt.
1185 4394 1297 4451 Nos
1329 4397 1452 4465 has,
1484 4414 1553 4453 ne
1596 4401 1768 4455 series
1793 4402 2159 4471 qumstionum
2198 4412 2252 4459 et
2296 4419 2562 4459 numerus
2599 4405 2868 4472 turbetur,
2900 4406 3139 4475 propriis
3184 4407 3425 4475 signatas
3469 4401 3720 4457 numeris
3756 4401 3863 4455 ad-

568 4483 878 4555 iungimus,
913 4502 1037 4541 cum
1083 4490 1294 4545 numeri
1372 4493 1477 4548 sub
1525 4494 1727 4564 quibus
1775 4496 1917 4565 apud
1976 4496 2176 4551 Maium
2210 4512 2513 4569 apparent,
2563 4499 2766 4553 turbati
2826 4501 2939 4555 sint
2989 4508 3044 4555 et
3090 4500 3208 4554 duae
3269 4499 3603 4568 quaestiones
3656 4493 3862 4550 eodem

570 4595 805 4635 numero
837 4584 1015 4639 notari
1057 4585 1345 4653 deberent,
1386 4589 1431 4645 si
1476 4604 1600 4644 eum
1628 4591 1729 4645 hac
1759 4592 1813 4645 in
1854 4608 1913 4647 re
1950 4609 2323 4664 sequeremur.
2358 4594 2487 4652 Post
2540 4598 2639 4652 bas
2683 4605 2920 4667 quatuor
2966 4598 3297 4667 quazstiones
3333 4610 3429 4651 eas
3465 4602 3675 4663 septem
3715 4592 3863 4659 alias

570 4674 987 4744 collocabimus,
1018 4680 1221 4749 quibus
1255 4681 1559 4739 Vaticanus
1593 4683 1767 4740 codex
1803 4698 1970 4741 caret.

1040 4771 1369 4837 QUIESTIO
1405 4776 1676 4831 CCCXIV.

2807 4783 3138 4837 ΕΡΩΤΗΣΙΣ
3179 4784 3319 4835 ΤΙΔ⁸.

1699 4892 1770 4946 De
1799 4896 1991 4963 populo
2011 4898 2171 4964 jussu
2210 4895 2421 4950 Davidis
2452 4909 2747 4950 numerato.

1186 4976 1327 5027 Edita
1349 4992 1376 5028 a
1397 4979 1521 5029 Maio
1555 4982 1609 5045 (I.
1653 4994 1695 5031 c.
1730 4998 1778 5045 p.
1813 4985 2053 5047 151,155,
2075 5002 2124 5049 q.
2149 4986 2281 5049 511).
2311 4987 2363 5035 In
2388 4988 2427 5037 ll
2456 4988 2579 5049 Reg.
2609 5001 2772 5046 xxxrv,
2802 4988 2820 5035 1
2846 4988 3006 5037 Paral.
3037 5002 3136 5046 xxi,
3169 4987 3207 5035 1.

647 5082 767 5139 Hoc
800 5082 1020 5141 verbum
1049 5084 1276 5143 secundi
1324 5084 1535 5156 Regum
1596 5089 1740 5156 libri,
1793 5110 1811 5145 ι
1845 5092 2153 5149 Commovit

2325 5093 2398 5144 Τὸ
2431 5092 2612 5163 μέντοι
2643 5093 2805 5164 ῥητὸν
2832 5094 2859 5146 ὃ
2919 5097 2976 5146 ὲν
3009 5097 3073 5164 τῇ
3117 5093 3352 5162 δευτέρα
3387 5092 3494 5146 τῶν
3531 5092 3858 5161 Βασιλειῶν,

566 5171 736 5226 David
761 5172 843 5223 διε
885 5190 903 5223 ι
947 5172 1100 5227 vides
1149 5187 1162 5222 :
1196 5180 1250 5227 et
1301 5174 1355 5228 in
1383 5175 1560 5244 primo
1591 5178 2045 5249 Paralipomenon
2073 5182 2154 5237 sic

2301 5184 2598 5250 ’Δνέσεισε,
2628 5187 2827 5252 κεῖται,
2853 5186 2944 5239 τὸν
2967 5185 3151 5246 Δαϐὶδ,
3180 5204 3197 5236 ι
3224 5184 3383 5237 τοῦτο
3401 5185 3465 5254 δὴ
3491 5187 3548 5237 ὲν
3570 5188 3635 5255 τῇ
3656 5184 3859 5257 πρώτῃ

564 5277 934 5334 expressum:
1000 5283 1019 5316 ι
1076 5264 1440 5322 Cousurrcxit
1492 5278 1673 5325 autem
1736 5271 1902 5326 Satan
1964 5282 2152 5330 contra

2279 5276 2358 5329 ’ὦν
2386 5276 2905 5347 Παραλειπομένων,
2940 5296 2957 5327 ι
2982 5278 3212 5346 Λνέστη,
3239 5277 3651 5347 παρατέθειται,
3672 5277 3856 5329 Σατὰν

564 5353 753 5419 Israel,
783 5364 837 5408 et
870 5357 1163 5411 concitavit
1198 5356 1365 5413 David
1398 5369 1457 5414 ut
1485 5374 1799 5417 numeraret
1824 5362 2003 5419 Israel.
2036 5366 2083 5396 δ’
2129 5385 2145 5416 ι

2279 5370 2331 5439 τῷ
2372 5369 2591 5441 Ἰσραήλ
2637 5376 2647 5386 “
2678 5372 2772 5423 κοιλ⁹
2814 5371 3076 5424 ἀπέσεισε
3100 5371 3190 5423 τὸν
3218 5370 3382 5424 Δαϐιδ
3409 5369 3716 5440 ἀριθμῆσαι
3756 5370 3855 5421 τὸν

563 5443 692 5503 Haec
718 5446 828 5501 duo
874 5448 975 5502 etsi
1010 5449 1287 5505 contraria
1322 5450 1646 5521 videantur,
1696 5454 1923 5511 minime
1972 5466 2153 5513 tamen

2279 5461 2379 5513 ,αόν
2415 5478 2429 5493 ⁶
2456 5481 2473 5513 ι
2505 5462 2597 5515 καὶ
2625 5464 2725 5516 οὐκ
2744 5462 2892 5516 ἔστιν
2923 5464 3178 5533 ἀλλήλοις
3206 5463 3425 5516 ἐναντία
3458 5461 3653 5527 ταῦτα,
3680 5463 3729 5512 εί
3754 5462 3857 5513 καὶ

564 5546 886 5607 repugnant.
920 5538 1094 5595 Furor
1120 5541 1341 5609 quidem
1374 5542 1591 5598 Domini
1620 5547 1915 5601 commovit
1952 5549 2145 5615 David,

564 5628 780 5697 impulit
808 5631 1017 5686 scilicet
1046 5642 1099 5689 et
1131 5634 1377 5690 incitavit
1428 5638 1494 5690 ad
1528 5638 1689 5693 Israel
1724 5642 2142 5705 numerandum,

2257 5553 2403 5605 δοκεῖ
2443 5569 2455 5583 ·
2504 5553 2670 5624 ἠμὲν
2719 5555 2813 5607 τοῦ
2848 5553 2983 5607 Θεοῦ
3017 5554 3155 5625 ὀργὴ
3207 5554 3457 5607 ἀνέσεισε
3515 5552 3603 5606 τὸν
3660 5553 3851 5619 Δαϐὶδ,

2258 5649 2379 5716 ἦτοι
2414 5649 2635 5721 ἐκίνησε
2672 5651 2765 5703 καὶ
2814 5650 3124 5703 διεσάλευες
3187 5651 3322 5719 πρὸς
3374 5649 3471 5719 τὴν
3522 5648 3851 5719 ἀρίθμησιν,

563 5728 785 5787 propter
818 5724 999 5792 populi
1038 5724 1420 5782 defectionem.
1464 5727 1628 5783 Satan
1665 5746 1810 5796 vero,
1846 5745 1901 5787 ut
1932 5750 2146 5805 semper

2285 5739 2452 5812 ιὰτὴν
2473 5742 2773 5797 ἀπόστασιν
2802 5743 2894 5798 τοῦ
2930 5744 3083 5798 λαοῦ.
3105 5745 3175 5797 Τὸ
3201 5744 3276 5808 δὲ,
3316 5744 3513 5810 Σατάν,
3542 5742 3615 5806 ὼς
3639 5742 3855 5799 ἐπίπαν

626 5831 671 5909 ﬁ”
705 5829 742 5892 ΙΙ
774 5831 902 5905 Reg.
935 5853 1077 5904 xxxv,
1116 5840 1159 5893 l.
1238 5841 1280 5871 ⁵³
1323 5842 1341 5893 I
1372 5840 1547 5902 Paral.
1576 5862 1684 5913 ut,
1729 5847 1771 5901 l.
