4132 6440
380 389 523 455 1165

1135 395 1234 454 AD
1259 395 1852 457 AMPIIILOCHIUM
1891 398 2234 470 QUIESTIO
2274 403 2558 477 CCCXIV,
2595 405 2849 466 CCCXV.

3520 395 3652 459 illiti

377 513 565 568 εἴωθεν
605 513 664 566 ἐν
703 514 768 583 τῇ
795 511 916 582 θείᾳ
935 511 1125 580 Γραφῇ
1154 510 1276 562 ἀντὶ
1307 508 1424 575 τοῦ,
1459 509 1812 580 κολαφισμός,
1841 510 1957 575 καὶ,
1990 543 2001 572 λ

2089 529 2118 566 n
2159 514 2441 584 Scriptura
2487 533 2642 572 sacra
2680 519 2847 582 solet,
2901 532 2999 588 pro
3052 531 3209 585 pmna
3267 524 3319 570 et
3357 516 3656 570 lentatione

378 605 706 676 πειρασμὸς,
747 602 1217 674 ἐκλαμϐάνεσθαι·
1239 601 1379 655 ὥστε
1409 603 1457 654 εἰ
1484 601 1579 653 καὶ
1608 602 1683 674 μὴ
1719 601 1962 674 ὠργίσθη

377 701 530 764 Θεὸς,
553 699 654 752 οὐκ
693 698 760 752 ἂν
787 695 1075 764 ἁνεσείσθη
1105 696 1134 747 6
1152 693 1340 758 Δαϐὶδ,
1361 695 1479 763 ἦτοι
1505 693 1640 764 πρὸς
1664 692 1964 765 ἐνθύμησιν

297 849 303 853 _
385 790 622 860 μετέστη
640 787 734 840 τοῦ
753 786 1059 857 ἀριθμῆσαι
1079 785 1170 838 τὸν
1199 784 1327 838 λαόν
1357 801 1371 813 ·
1398 785 1447 837 εί
1470 784 1526 838 δέ
1551 783 1625 855 μὴ
1649 785 1961 856 ἀνεσείσθη,

379 880 487 934 οὐδ’
520 881 549 932 6
587 878 891 949 πειρασμὸς
931 875 1094 929 ἔπεσε
1129 876 1207 946 τῷ
1237 875 1477 946 Ἰσραὴλ,
1499 876 1668 946 ἥγουν
1695 878 1722 929 6
1750 876 1927 929 Σατάν
1949 891 1962 904 ·

379 969 510 1024 αὐτὸ
531 970 638 1038 γὰρ
675 968 736 1021 τὸ
774 965 1149 1038 ἀριθμηθῆναι
1195 964 1354 1018 τοῦτο
1386 965 1555 1017 αίτιον
1605 964 1821 1033 λέγεται.
1871 963 1965 1016 τοῦ

381 1061 710 1132 πειρασμοῦ,
729 1059 907 1112 καίτοι
933 1060 1032 1128 τῆς
1068 1059 1421 1120 ἀποστάσεως
1453 1057 1652 1126 μᾶλλον
1672 1057 1768 1128 τὴν
1785 1058 1967 1113 αἰτίαν

381 1153 776 1222 ἁποτεκούσης.
793 1152 949 1204 Ἐπεὶ
975 1151 1073 1204 καὶ
1098 1150 1338 1218 Μωῦσῆς
1360 1149 1658 1220 ἠρίθμησε,
1681 1150 1776 1204 καλ.
1806 1151 1969 1204 Δαϐὶδ

382 1243 546 1295 πάλιν
578 1242 714 1312 μετὰ
732 1241 830 1311 τὴν
857 1243 1071 1311 πληγήν
1095 1257 1111 1274 ο
1135 1240 1229 1294 καὶ
1253 1239 1480 1308 οὐδεμιᾷ
1494 1239 1700 1293 τούτων
1721 1241 1827 1294 τῶν
1850 1245 1969 1309 ἀρι-

384 1333 641 1404 θμήσεων
674 1333 798 1385 οὔτε
833 1331 1027 1402 μῶμος
1057 1329 1181 1384 οῦτε
1209 1329 1393 1400 πληγὴ
1413 1330 1854 1401 ἐγκατέσκηψεν·
1889 1331 1969 1383 ὅτι

383 1424 440 1477 δὲ
490 1425 572 1488 τὸ,
609 1425 810 1488 Σατὰν,
850 1425 972 1477 ἀντὶ
1003 1423 1100 1476 τοῦ
1131 1421 1440 1493 πειρασμοῦ
1483 1424 1577 1475 καλ⁵
1628 1422 1968 1493 κολαφισμοῦ

379 1517 741 1589 λαμϐάνεται,
761 1519 857 1570 καὶ
874 1517 931 1583 ἐξ
948 1515 1151 1588 ἐτέρων
1168 1515 1345 1586 δῆλον
1366 1515 1461 1568 καὶ
1487 1534 1505 1566 ‹
1530 1515 1820 1586 ’Λνέστησε
1839 1517 1967 1585 γὰρ,

385 1610 540 1680 φησὶ,
569 1611 744 1664 Σατὰν
767 1611 861 1662 ἐπὶ
913 1608 1130 1680 Ἰσραὴλ
1159 1608 1323 1678 Ἀδερ
1353 1609 1444 1662 τὸν
1467 1607 1742 1660 Ἰουδαῖον·
1775 1627 1793 1660 ι
1822 1608 1915 1661 καὶ
1944 1611 1972 1661 6

383 1702 681 1766 ἀπόστολος
710 1701 937 1764 Παῦλοςο
971 1720 989 1752 ι
1031 1701 1218 1771 Ἐδόθη
1255 1719 1344 1772 μοι
1375 1701 1572 1770 σκόλοψ
1593 1703 1659 1770 τῇ
1690 1703 1851 1771 σαρκὶ
1870 1700 1970 1768 ἄγ-

385 1794 543 1862 γελος
564 1793 762 1860 Σατὰν,
794 1794 882 1847 ἵνα.
918 1811 983 1864 με
1008 1792 1293 1866 κολαφίζῃ’
1325 1811 1344 1844 ι
1372 1787 1482 1844 οἷον
1509 1793 1740 1861 ἅγγελος
1763 1795 1854 1846 καὶ
1873 1793 1973 1844 ὑπ-

2072 600 2363 668 excipitur.
2419 602 2495 658 Ita
2548 612 2606 658 ut
2641 605 2687 658 si
2735 622 2840 658 non
2877 605 3048 660 iratus
3096 604 3284 659 fuisset
3315 602 3494 668 Deus,
3545 617 3654 657 non

2073 703 2379 750 commotus
2408 695 2602 751 fuisset
2631 696 2835 762 David,
2884 713 2984 752 nec
3025 697 3283 751 nimirum
3326 695 3510 766 populi
3554 710 3656 748 nu-

2074 785 2322 838 merandi
2369 786 2658 840 consilium
2710 787 2765 841 in
2821 789 3006 844 animo
3049 789 3328 859 agitasset.
3378 786 3433 841 Si
3474 794 3657 841 autem

2074 890 2180 929 non
2213 887 2519 934 commotus
2555 878 2768 944 fuisset,
2822 889 2968 935 certe
3021 880 3076 935 in
3133 879 3298 936 Israel
3351 879 3659 950 periculum

2075 984 2182 1023 non
2209 969 2506 1036 incidisset,
2533 972 2584 1026 id
2614 986 2716 1040 est,
2744 973 2931 1028 Satan.
2960 971 3030 1028 Ut
3057 975 3202 1028 enim
3227 972 3509 1042 Scriptura
3534 986 3659 1042 per-

2075 1062 2255 1128 bibet,
2298 1065 2609 1120 numeratio
2643 1066 2824 1134 populi
2852 1081 3014 1121 causa
3041 1067 3207 1136 pestis
3229 1064 3351 1120 fuit.
3381 1063 3454 1120 Ut
3479 1073 3659 1120 autem

2077 1168 2134 1208 se
2161 1169 2249 1208 res
2286 1155 2467 1220 habet,
2505 1155 2741 1212 defectio
2772 1157 2954 1227 populi
3004 1159 3162 1211 talem
3188 1157 3394 1228 peperit
3426 1156 3657 1212 cladem.

2076 1242 2286 1296 Etenim
2322 1243 2534 1315 Moyses
2565 1261 2782 1315 quoque
2808 1247 3069 1316 populum
3104 1247 3434 1312 numeravit,
3463 1244 3661 1300 David-

2078 1350 2183 1405 que
2214 1352 2407 1391 rursus
2437 1345 2561 1406 post
2593 1349 2798 1407 pestem
2827 1355 2838 1390 :
2879 1345 3116 1393 attamen
3161 1337 3291 1391 nulli
3327 1342 3519 1391 harum
3551 1353 3659 1391 nu-

2080 1430 2439 1484 meratioaum
2461 1431 2745 1494 neclahes,
2778 1447 2876 1486 nec
2908 1445 3067 1503 pcena
3089 1428 3354 1484 incubuit.
3388 1428 3657 1482 Caeterum

2081 1534 2179 1590 pro
2198 1536 2354 1590 poena
2377 1532 2429 1576 et
2446 1523 2686 1591 periculo
2703 1522 2868 1578 Satan
2884 1521 3214 1592 deprehendi
3233 1530 3287 1574 et
3303 1534 3367 1572 ex
3387 1519 3507 1574 aliis
3526 1517 3663 1572 locis

2080 1612 2668 1669 constat.¢Suscitavit
2699 1615 2842 1669 enim
2873 1614 3062 1676 Satau,
3093 1613 3171 1666 ait
3202 1611 3507 1680 Scriptura,
3535 1624 3665 1664 con-

2083 1705 2162 1751 tra
2212 1698 2380 1754 Israel
2420 1700 2567 1755 Ader
2593 1701 2876 1769 Judaeum;
2921 1721 2940 1754 ι
2974 1700 3288 1769 Paulusque
3340 1697 3660 1768 apostolus:

2086 1808 2104 1840 ‹
2136 1787 2302 1845 Datus
2339 1800 2424 1846 est
2454 1792 2586 1846 mihi
2616 1792 2872 1848 stimulus
2911 1793 3094 1847 carnis
3122 1807 3256 1848 meae
3290 1789 3516 1860 angelus
3551 1787 3656 1842 Sa-

384 1885 588 1955 ηρέτης
633 1884 942 1955 πειρασμοῦ
975 1901 1067 1937 και
1098 1882 1458 1953 κολαφίσμοῦ“
1493 1882 1759 1948 τουτέστι,
1789 1883 1872 1934 At'
1900 1873 1960 1935 οῦ
1997 1883 2001 1931 l

2091 1896 2228 1948 ante,
2252 1882 2341 1950 qui
2367 1897 2453 1937 me
2479 1883 2778 1953 colaphizct
2797 1884 2935 1946 ⁸³·³⁰,
2960 1903 2978 1935 ι
3008 1885 3059 1938 ἱη
3080 1898 3189 1953 quo
3206 1880 3424 1952 ponitur
3441 1879 3666 1950 angelus

390 1994 480 2047 μοι
528 1977 577 2028 οί
622 1975 951 2046 κολαφισμοὶ
992 1976 1088 2030 καὶ
1137 1979 1185 2028 οἱ
1250 1975 1551 2045 πειρασμολ.
1606 1973 1966 2044 ἐπέρχονται’

2070 1987 2170 2042 pro
2225 1974 2532 2030 ministerio
2588 1991 2762 2045 poema
2809 1985 2862 2031 et
2899 1977 3240 2040 tentationis,
3302 1974 3355 2028 id
3404 1982 3508 2036 est,
3558 1970 3661 2024 Per

385 2067 676 2122 αἰνίττοιτο
702 2068 748 2120 δ’
770 2067 836 2121 ἂν
870 2068 932 2120 τὸ
964 2067 1126 2138 ῥητὸν
1173 2067 1294 2138 ἦτοι
1323 2066 1667 2136 Ἀλέξανδρον
1700 2065 1789 2118 τὸν
1822 2065 1968 2118 Χαλ-

2089 2081 2231 2134 luem
2296 2068 2425 2121 mihi
2493 2069 2708 2137 colaphi
2779 2078 2832 2125 et
2905 2070 3234 2125 tentationes
3314 2067 3652 2136 inﬂiguntur.

387 2159 491 2213 κέα
520 2159 612 2213 τὸν
642 2159 810 2213 πολλὰ
851 2162 996 2212 κακά
1020 2159 1389 2226 ἐπενεγκόντα
1413 2157 1488 2227 τῷ
1524 2157 1744 2227 Παύλῳ,
1775 2158 1807 2226 ἢ
1842 2158 1966 2220 τοὺς

2069 2145 2311 2212 Obscure
2341 2169 2521 2227 posset
2549 2161 2859 2229 signiﬁcare
2894 2162 2996 2215 hoc
3042 2161 3268 2215 verbum
3307 2159 3387 2213 vel
3419 2157 3660 2210 Alexan-

387 2253 509 2305 κατ’
534 2254 709 2304 ἐκετυο
737 2251 934 2323 καιροῦ
983 2252 1281 2323 τυράννους
1315 2252 1410 2303 καὶ
1455 2249 1968 2320 ἐτεροδιδασκάλους

2089 2247 2227 2301 lrum
2287 2251 2538 2304 aerarium
2600 2253 2866 2307 artificem
2927 2267 3089 2321 aquo
3134 2251 3304 2305 multa
3353 2263 3547 2320 passus
3583 2255 3667 2301 est

385 2339 851 2413 ἐπανισταμένους
879 2343 1050 2414 αὐτῷ,
1072 2343 1167 2396 καὶ
1184 2343 1396 2396 πολλῶν
1417 2341 1741 2413 πειρασμῶν
1761 2340 1970 2403 αἰτίους

387 2434 482 2487 καὶ
534 2433 814 2499 διακόνους
849 2435 999 2505 αὐτῷ
1029 2434 1456 2505 γεγενημένους.

917 2636 1252 2689 ΕΡΩΤΗΣΙΣ
1278 2635 1426 2690 TIE’.

2076 2335 2301 2403 Paulus,
2350 2339 2432 2392 vel
2466 2339 2629 2409 hujus
2660 2341 2923 2410 temporis
2962 2357 3120 2412 reges
3169 2349 3224 2395 et
3275 2340 3522 2394 homines
3570 2337 3664 2407 qui

2082 2430 2186 2482 alia
2210 2431 2467 2486 docentes
2491 2433 2654 2502 eique
2679 2434 2744 2488 ad
2760 2433 2960 2489 versati
2981 2435 3278 2488 multarum
3307 2429 3664 2486 tentationutn

2085 2532 2336 2577 auctores
2365 2534 2419 2577 et
2446 2525 2684 2580 ministri
2718 2524 2883 2580 Paulo
2917 2524 3150 2578 fuerant.

2580 2637 2909 2705 QUASSTIO
2933 2637 3178 2695 CCC-XV.

1247 2751 1356 2804 Cur
1390 2750 1561 2804 David
1587 2751 1664 2802 vir
1698 2750 1984 2804 secundum
2014 2767 2104 2804 cor
2131 2751 2228 2805 Dei
2259 2752 2558 2820 appellatus
2594 2753 2776 2822 fuerit.

1433 2842 1570 2892 Edita
1599 2857 1626 2890 a
1659 2842 1783 2891 Maio
1818 2843 1873 2904 (l.
1909 2856 1953 2892 c.
1989 2857 2037 2906 p.
2077 2843 2187 2904 1355,
2226 2845 2330 2905 166,
2357 2858 2404 2893 ιι.
2439 2844 2570 2907 312).

461 2947 627 3014 Τὸδέ,
665 2966 683 3000 ι
729 2940 902 3016 Εὗρον
931 2945 1022 3000 τὸν
1066 2945 1230 3000 Δαϐὶδ
1266 2945 1434 3016 ἄνδρα
1471 2945 1612 2998 κατὰ
1639 2945 1738 3016 τὴν
1764 2945 1992 3016 καρδίαν

391 3059 519 3112 μου,
542 3060 562 3094 ι
593 3039 772 3112 ῥητῶς
806 3039 902 3110 μὲν
927 3037 1101 3101 οὕτως
1127 3040 1184 3091 ἐν
1217 3040 1285 3109 τῇ
1321 3038 1532 3108 Παλαιᾷ
1569 3037 1759 3108 Γραφῇ
1794 3039 1894 3090 οὐκ
1924 3038 1990 3090 ἂν

386 3136 519 3206 εύρε
532 3132 670 3203 θείη·
691 3133 740 3185 εί
755 3131 863 3203 γὰρ
879 3131 974 3185 καὶ
1002 3132 1061 3185 ἐν
1082 3129 1333 3200 Ψαλμοῖς
1349 3129 1554 3200 ᾅδεται·
1581 3149 1600 3181 ι
1629 3122 1801 3200 Εὗρον
1826 3128 1990 3181 Δαῦὶδ

389 3226 676 3280 τὸνδοῦλόν
704 3241 828 3296 μου,
848 3226 904 3278 ἐν
923 3223 1062 3294 ἁγίῳ
1090 3223 1252 3294 ἐλαίῳ
1275 3222 1469 3293 ἕχρισα
1501 3223 1685 3277 αὐτόν·
1710 3242 1728 3274 ι
1755 3223 1874 3276 ἀλλ’
1895 3222 1987 3275 οὖν

390 3317 528 3370 πολὺ
551 3317 644 3371 τοῦ
675 3316 968 3387 εἰρημένου
995 3314 1159 3386 ῥητοῦ
1203 3319 1268 3386 τῇ
1302 3315 1446 3382 λέξει
1476 3315 1759 3385 διέστηκεν
1778 3331 1790 3343 ·
1822 3315 1988 3383 ἐγγύ-

2171 2945 2286 3002 IIoc
2313 2950 2535 3003 verbum
2566 2966 2579 3002 :
2614 2967 2632 2999 ι
2666 2947 2851 3004 Inveni
2879 2947 3047 3004 David
3077 2945 3352 3003 hominem
3378 2947 3676 3004 secundum

2093 3054 2189 3094 cor
2235 3056 2438 3107 meum,
2474 3059 2490 3090 ι
2544 3042 2882 3097 nominatum
2928 3044 2981 3096 in
3031 3043 3202 3097 vetcri
3263 3041 3546 3112 Scriptura
3601 3043 3680 3096 sic

2093 3143 2201 3183 non
2249 3130 2522 3194 invenies,
2593 3147 2906 3203 quanquam
2947 3141 2999 3187 et
3048 3133 3101 3185 in
3149 3132 3377 3187 Psalmis
3418 3132 3676 3186 canitur:

2097 3235 2114 3268 ι
2157 3218 2338 3272 Inveni
2400 3220 2571 3276 David
2626 3238 2841 3277 servum
2885 3238 3094 3288 meum;
3153 3223 3274 3278 oleo
3320 3229 3514 3276 sancto
3555 3237 3680 3276 meo

2090 3311 2223 3364 unxi
2252 3313 2458 3365 cum“.
2497 3332 2515 3364 ι
2553 3312 2657 3368 Sed
2690 3315 2871 3382 priora
2899 3314 3056 3384 longe
3084 3315 3254 3369 abhis
3285 3314 3522 3368 distant:
3557 3329 3683 3383 pro-

390 3427 548 3482 τερον
577 3409 621 3462 δ’
648 3410 712 3463 ἂν
734 3409 820 3479 εἴη
857 3409 1057 3479 μᾶλλον
1087 3407 1148 3460 τὸ
1172 3407 1464 3479 εἰρημένον
1483 3407 1561 3479 τῷ
1593 3408 1847 3479 προφήτῃ
1873 3408 1977 3460 Σα-

2089 3403 2316 3473 piusque
2371 3407 2654 3460 accederet
2703 3405 2849 3474 quod
2918 3405 3183 3474 propheta
3253 3404 3474 3460 Samuel
3529 3405 3682 3459 Sauli

390 3503 567 3575 μουὴλ
588 3503 724 3574 πρὸς
759 3503 848 3556 τὸν
875 3501 1047 3556 Σαούλ
1069 3518 1083 3532 ο
1107 3501 1382 3566 ὀνειδίζων
1411 3500 1521 3572 γὰρ
1561 3501 1720 3555 αὑτὸν
1748 3499 1845 3572 τὴν
1884 3517 1990 3552 πα-

392 3597 632 3667 ράϐασιν
666 3595 777 3649 τῶν
803 3595 1044 3664 νομικῶν
1069 3593 1302 3648 ἐντολῶν
1339 3593 1434 3648 καὶ
1462 3593 1557 3665 τὴν
1597 3593 1874 3646 ἔκπτωσιν
1898 3595 1995 3663 τῆς

391 3688 674 3758 βασιλείας
696 3687 845 3758 αὐτῷ
873 3688 1306 3757 προαναφωνῶν,
1353 3688 1488 3756 φησὶ
1517 3686 1654 3756 πρὸς
1695 3686 1880 3750 αὑτὸν,
1915 3685 1994 3737 ὅτι

396 3798 416 3831 ι
428 3779 652 3851 Ἐπειδὴ
674 3780 737 3833 σὺ
752 3780 890 3832 κατὰ
906 3779 1004 3842 τὰς
1015 3779 1166 3841 ὁδοὺς
1187 3778 1392 3849 Κυρίου
1407 3776 1579 3830 καὶτὰ
1597 3777 1996 3848 προστάγματα

391 3871 557 3924 αὐτοῦ
575 3871 902 3944 πορεύεσθαι
921 3873 981 3924 οὐ
1004 3869 1494 3940 βούλει,Ιέκλέξεται
1517 3867 1695 3938 ἐαυτῷ
1715 3871 1741 3921 ὁ
1756 3867 1887 3931 Θεὸς
1905 3867 1997 3920 ἄν·

392 3961 495 4032 δρα
517 3961 658 4015 κατὰ
676 3965 774 4030 τὴν
792 3961 1018 4029 καρδίαν
1044 3961 1233 4028 αὐτοῦ,
1255 3960 1312 4024 ὃς
1340 3961 1555 4030 ποιήσει
1578 3944 1753 4013 πάντα
1770 3959 1840 4012 τὰ
1868 3960 1994 4030 ἀρε-

394 4054 498 4107 στὰ
524 4052 752 4107 ἐνώπιον
775 4055 939 4107 αὐτοῦ
963 4071 978 4086 ·
1007 4073 1025 4106 ›
1047 4053 1161 4107 ἀλλ’
1178 4055 1226 4106 εί
1250 4053 1344 4106 καὶ
1362 4053 1696 4122 πλατύτερον
1722 4051 1881 4104 τοῦτο
1895 4051 1994 4122 τῆς

394 4145 608 4215 ρήσεως
635 4144 736 4215 τῆς
761 4144 1061 4216 ψαλμικῆς,
1091 4143 1229 4214 πλὴν
1255 4143 1315 4195 οὐ
1334 4141 1473 4195 κατὰ
1491 4142 1664 4196 πάντα
1682 4141 1997 4212 ἀπαράτρεη

395 4238 528 4291 πτόν
546 4240 663 4291 ἐστι
675 4240 786 4301 τοῖς
799 4239 886 4290 ὀνό
894 4255 1024 4303 μασι
1042 4236 1176 4307 πρὸς
1193 4235 1275 4301 τὸ,
1287 4255 1304 4286 ι
1318 4229 1488 4306 Εὗρον
1503 4234 1592 4288 τὸν
1609 4233 1772 4286 Δαόὶδ
1789 4232 1879 4284 τὸν
1900 4230 1993 4283 τοῦ

409 4323 604 4377 Ἰεσσαὶ
623 4323 790 4396 ἄνδρα
815 4323 1065 4394 κατὰτὴν
1088 4322 1316 4394 καρδίαν
1342 4338 1464 4392 μου·
1491 4342 1508 4374 ι
1536 4321 1652 4374 ἀλλ’
1673 4315 1765 4374 οῦν
1789 4319 1947 4372 τοῦτο
1967 4319 1995 4370 6

395 4416 682 4478 θεσπέσιος
720 4414 931 4478 Παῦλος
950 4413 1109 4477 εἰδὼς
1130 4416 1208 4476 είς
1235 4415 1438 4467 ἐκεῖνον
1459 4412 1786 4484 δημηγορῶν
1804 4413 1856 4464 ἐι,
1875 4414 1994 4474 ταῖς

394 4507 636 4576 Πρὰξεσι
666 4503 988 4575 σχηματίζει
1015 4519 1028 4533 ·
1060 4502 1200 4574 ἀνὴρ
1235 4503 1292 4556 δέ
1318 4502 1535 4572 λέγεται
1566 4503 1708 4555 κατὰ
1731 4501 1828 4572 τὴν
1858 4517 1996 4571 καρ-

394 4598 516 4651 δίαν
545 4595 640 4650 τοῦ
670 4596 806 4650 Θεοῦ
835 4595 1102 4666 εὑρῆσθαι
1134 4598 1162 4648 6
1210 4596 1392 4660 Aa6‘.6,
1429 4596 1616 4666 ἐπειδὴ
1664 4594 1876 4648 πολλῶν
1906 4596 1994 4647 ἐν-

395 4689 570 4741 τολῶν
592 4687 1061 4758 ὑπαρχουσῶν,δι’
1105 4681 1178 4741 ὧν
1201 4687 1229 4738 6
1262 4689 1359 4758 τῆς
1402 4686 1603 4756 ἀρετῆς
1650 4685 1994 4756 χαρακτηρί-

2094 3496 2258 3563 dixit,
2335 3511 2458 3552 cum
2513 3498 2820 3568 increparet
2901 3511 3026 3552 eum
3092 3497 3347 3567 quoniam
3426 3497 3682 3550 mandata

2097 3598 2472 3659 transgressus
2511 3598 2666 3656 erat,
2701 3591 2858 3660 eique
2899 3590 3219 3660 praediceret
3250 3589 3364 3644 fore
3407 3600 3469 3643 ut
3513 3604 3683 3660 regno

2097 3683 2386 3751 pelleretur
2423 3699 2435 3736 :
2486 3703 2502 3734 ι
2545 3683 2685 3749 Quia
2717 3683 2772 3738 in
2803 3684 2923 3739 vias
2974 3683 3193 3739 Domini
3245 3683 3529 3737 ambulare
3581 3699 3683 3738 no-

2097 3771 2272 3840 luisti,
2331 3780 2386 3828 et
2437 3774 2696 3828 mandata
2752 3774 2898 3828 illius
2947 3789 3057 3828 non
3111 3775 3442 3838 custodisti,
3477 3782 3687 3843 quaeret

2100 3861 2366 3916 Dominus
2412 3862 2517 3916 sibi
2565 3863 2742 3916 virum
2795 3862 2950 3933 juxta
3005 3878 3099 3918 cor
3155 3880 3348 3929 suum,
3393 3863 3487 3933 qui
3523 3862 3687 3918 faciet

2098 3967 2290 4007 omnes
2322 3953 2627 4009 voluntates
2648 3953 2771 4023 ejus
2792 3955 2862 4008 “.
2904 3974 2922 4006 ι
2962 3954 3065 4010 Sed
3095 3957 3348 4026 quamvis
3372 3956 3490 4010 haec
3519 3955 3685 4025 paulo

2098 4045 2442 4113 expressiora
2486 4045 2596 4100 sint
2625 4062 2789 4116 quam
2825 4063 2888 4102 ea
2935 4065 3059 4118 qua:
3097 4048 3203 4103 fert
3246 4049 3522 4118 psalmus,
3574 4064 3683 4103 non

2101 4145 2281 4189 tamen
2309 4135 2458 4189 omni
2516 4151 2580 4190 ex
2627 4148 2780 4205 parte
2814 4153 2936 4191 cum
2983 4141 3090 4193 illis
3121 4141 3300 4195 verbis
3328 4149 3638 4211 congruunt
3667 4161 3682 4198 :

2103 4240 2120 4272 ι
2157 4221 2339 4277 Inveni
2397 4222 2568 4277 David
2614 4224 2766 4280 Jesse
2811 4225 3012 4292 tilium,
3057 4227 3332 4282 hominem
3386 4228 3541 4297 juxta
3591 4245 3687 4284 cor

2100 4329 2303 4381 meum,
2331 4333 2348 4365 ι
2379 4330 2500 4383 quae
2517 4315 2675 4372 divus
2699 4316 2921 4385 Paulus,
2949 4319 3194 4388 quamvis
3213 4320 3454 4390 apprime
3475 4329 3680 4385 nosset,

2100 4417 2337 4462 attamen
2375 4423 2557 4462 coram
2589 4410 2788 4479 popqu
2817 4410 2884 4464 de
2914 4412 3094 4466 activa
3126 4413 3251 4467 vitae
3279 4414 3490 4468 ratione
3519 4413 3684 4468 verba

2099 4499 2306 4554 faciens
2331 4501 2419 4563 3",
2450 4515 2612 4555 voces
2645 4516 2809 4571 supra
2839 4503 3016 4560 dictas
3049 4520 3144 4574 per
3178 4505 3498 4562 abusionem
3528 4523 3686 4563 usur-

2101 4590 2269 4656 pavit.
2298 4587 2504 4664 Dicitur
2539 4586 2708 4644 David
2762 4590 2918 4660 juxta
2945 4607 3040 4646 cor
3080 4592 3174 4647 Dei
3219 4593 3470 4650 inventus
3495 4593 3683 4663 fuisse,

2099 4679 2264 4748 quod,
2315 4679 2502 4735 multis
2536 4681 2811 4737 mandatis
2859 4683 3189 4753 vigentibus,
3242 4687 3444 4755 quibus
3468 4688 3687 4744 virtutis

398 4779 553 4844 ζεται
576 4781 794 4852 τρόπος,
818 4781 1045 4850 οὐδεμία
1073 4780 1206 4850 ἄλλη
1254 4779 1436 4849 ἵστησι
1473 4778 1706 4847 πλησίον
1727 4777 1863 4830 Θεοῦ
1901 4778 1994 4829 καὶ

2098 4769 2379 4838 proprium
2429 4770 2794 4841 exprimitur,
2851 4774 3059 4828 nullum
3117 4775 3262 4830 aliud
3333 4778 3556 4848 propius
3617 4780 3687 4834 ad

396 4875 521 4927 ὅσον
554 4871 874 4944 ἀνθρωπίνῃ
910 4872 1068 4941 φύσει
1095 4871 1325 4925 δυνατὸν
1368 4872 1443 4934 εἰς
1489 4871 1590 4940 τὴν
1626 4871 1759 4938 πρὸς
1784 4870 1989 4921 ἐκεῖνον

396 4965 662 5036 ὁμοίωσιν
684 4963 1028 5028 ἀναϐιϐάζει,
1053 4963 1130 5026 ὡς
1150 4962 1212 5016 τὸ
1252 4963 1377 5025 τοὺς
1405 4960 1632 5031 ἐχθροὺς
1661 4959 1989 5031 ἀμείϐεσθαι

355 5091 366 5100 -
399 5057 646 5124 ἀγαθοῖς
672 5057 767 5109 καὶ
814 5056 922 5126 γὰρ
951 5058 979 5109 6
1025 5053 1301 5125 Κυριακδς
1340 5055 1398 5106 ἐν
1433 5051 1786 5121 Εὑαγγελίοις
1836 5049 1992 5114 λόγος

400 5148 556 5218 φησί’
592 5147 856 5201 «Γίνεσθε
898 5146 1245 5216 οἰκτίρμονες
1286 5146 1360 5206 ὡς
1397 5144 1491 5196 καὶ
1531 5145 1558 5196 6
1609 5141 1797 5212 Πατὴρ
1838 5139 1991 5210 ὑμῶν

397 5238 733 5310 οἰκτίρμωνο
767 5237 930 5301 αὐτὸς
955 5237 1067 5308 γὰρ
1088 5234 1370 5290 ἀνατέλλει
1398 5233 1486 5287 τὸν
1528 5232 1678 5303 ἥλιον
1705 5230 1870 5285 αὑτοῦ
1893 5231 1986 5282 ἐπὶ

397 5329 641 5397 ἀγαθοὺς
672 5331 766 5384 καὶ
782 5330 1085 5401 πονηρούςο
1121 5349 1138 5381 ι
1169 5329 1263 5381 καὶ
1309 5327 1489 5382 πάλιν·
1522 5345 1539 5377 ι
1566 5325 1759 5388 Καλῶς
1790 5325 1992 5377 ποιεῖτε

395 5425 510 5484 τοῖς
536 5421 787 5490 μισοῦσιν
810 5423 978 5492 ὑμᾶς,
1018 5422 1109 5475 ἵνα
1141 5418 1375 5490 γένησθε
1429 5418 1606 5486 ὅμοιοι
1639 5415 1732 5468 τοῦ
1780 5414 1990 5484 Πατρός

402 5527 506 5582 μου
531 5512 624 5564 τοῦ
641 5510 837 5575 ’ἐντοῖς
856 5512 1131 5582 οὐρανοῖς
1159 5529 1176 5562 ι
1209 5507 1382 5578 ὁγοῦν
1422 5506 1588 5560 Δαϐὶδ
1617 5505 1818 5573 ταύτην
1856 5519 1990 5556 κατ-

397 5603 648 5675 ορθώσας
678 5605 778 5673 τὴν
807 5602 1028 5673 ἀρετὴν,
1050 5604 1096 5654 εἰ
1125 5602 1218 5656 καὶ
1241 5603 1297 5654 ἐν
1338 5600 1538 5665 ἄλλοις,
1567 5596 1661 5651 ᾶτε
1688 5595 1753 5666 δὴ
1777 5595 1988 5665 ἅνθρω-

2100 4859 2265 4914 Deum
2289 4875 2391 4915 nos
2412 4861 2572 4933 erigit
2594 4873 2648 4917 et
2671 4873 2938 4933 quantum
2981 4866 3235 4922 humanae
3268 4879 3478 4923 natura:
3501 4870 3687 4926 datum

2099 4962 2203 5015 est,
2257 4953 2325 5007 ad
2367 4954 2780 5012 similitudinem
2823 4957 2970 5012 illius
3019 4959 3181 5025 tollit,
3235 4976 3400 5030 quam
3448 4962 3688 5019 inimicis

2101 5043 2305 5097 nostris
2369 5043 2509 5098 bona
2571 5061 2668 5115 pro
2723 5048 2885 5103 malis
2941 5049 3264 5106 retribuere.
3328 5049 3576 5122 Namque
3632 5055 3688 5109 in

2102 5132 2396 5203 Evangelia
2442 5136 2582 5192 dixit
2629 5137 2898 5197 Dominus
2942 5161 2954 5194 :
3008 5159 3026 5193 ι
3065 5141 3250 5198 Estote
3286 5159 3418 5216 ergo
3469 5146 3688 5201 miseri-

2103 5225 2296 5279 cordes
2321 5226 2463 5280 sicut
2484 5236 2536 5281 et
2557 5225 2721 5282 Pater
2741 5239 2924 5285 vester
2950 5231 3265 5290 misericors
3290 5243 3394 5289 est.
3423 5233 3514 5290 Ille
3541 5237 3688 5290 enim

2101 5318 2270 5371 solem
2322 5333 2479 5372 suum
2532 5319 2664 5373 oriri
2698 5317 3018 5392 facitsuper
3045 5324 3217 5381 bonos
3262 5334 3318 5382 et
3361 5327 3534 5383 malos
3554 5327 3618 5384 ³⁸.
3663 5348 3682 5380 ι

2101 5408 2422 5479 Rursusque
2474 5428 2487 5464 :
2548 5428 2566 5462 ι
2623 5411 2936 5471 Benefacite
2990 5419 3074 5473 his
3128 5419 3220 5489 qui
3287 5421 3523 5476 oderunt
3567 5435 3686 5487 vos,

2101 5509 2160 5553 ut
2188 5500 2310 5554 sitis
2339 5500 2436 5554 lilii
2468 5499 2645 5558 Patris
2669 5507 2839 5559 vestri
2871 5509 2964 5578 qui
2995 5510 3046 5563 in
3079 5511 3236 5567 ccelis
3264 5511 3431 5568 est“.
3462 5530 3482 5565 ι
3520 5511 3690 5569 David

2101 5592 2262 5663 igitur
2290 5592 2380 5648 illa
2415 5592 2615 5650 virtute
2666 5597 2948 5666 praeditus,
3002 5603 3254 5671 quamvis
3286 5605 3392 5659 alia
3423 5620 3487 5659 ex
3540 5613 3692 5673 parte

464 5811 588 5844 “3°
621 5809 664 5866 II
690 5810 818 5866 Cor.
863 5826 954 5875 xu,
985 5809 1035 5864 7.
1104 5809 1144 5841 ³¹
1171 5808 1314 5864 Psal.
1347 5823 1614 5873 Lxxxvtn,
1638 5806 1726 5861 Ἦ.
1785 5806 1827 5837 ³²
1864 5802 2001 5872 ΙΠυὲ

2089 5817 2190 5870 un,
2223 5801 2329 5874 1-1..
2362 5799 2425 5836 ³⁸·
2457 5801 2577 5860 Act.
2611 5819 2727 5871 xm,
2758 5804 2847 5859 ἓξ).
2907 5807 2949 5838 ³³
2979 5806 3109 5863 Luc.
3137 5808 3316 5875 ",56.
3372 5809 3414 5840 ³³
3443 5807 3574 5865 ibid.
3599 5809 3686 5868 27.
