4132 6452
454 432 458 434 γ
485 340 625 416 1167

1637 340 1836 403 ΡΗοΤ
1844 340 1903 400 ΙΙ
1942 338 2455 401 PATRIARCIL‘E
2484 338 2594 399 CP.

3632 340 3779 409 1168

480 464 648 528 prout
685 455 943 511 humana:
993 464 1078 510 est
1129 460 1341 508 naturae
1393 449 1712 506 inferiorem
1773 466 1893 506 sese
1950 466 2085 521 pra:-

2199 468 2302 515 πος
2331 450 2432 515 ὢν,
2456 448 2794 521 κατηνέχθη,
2831 449 3059 514 εἰκότως
3104 450 3247 506 κατὰ
3277 450 3379 523 τὴν
3428 452 3656 523 καρδίαν
3694 458 3797 512 τοῦ

483 549 688 616 buerit,
756 547 899 604 haud
936 546 1256 610 immerito,
1307 544 1393 600 vel
1440 544 1744 600 secundum
1798 558 1896 600 cor
1945 543 2084 608 Dei,

480 640 739 712 praestitit
769 649 822 696 et
856 641 1080 711 pietate,
1106 646 1161 694 et
1192 637 1413 693 caeteris
1454 637 1753 691 virtutibus
1774 674 1790 699 ,
1847 651 1954 691 non
1993 651 2084 690 so-

482 734 598 789 lum
633 732 807 797 Sauli,
834 733 929 788 sed
971 732 1137 788 etiam
1176 730 1437 786 omnibus
1479 728 1593 785 fere
1624 728 1713 799 qui
1745 729 1898 783 illum
1931 739 2090 783 attate

484 821 773 878 consecuti
808 832 958 877 sunt.
995 819 1170 876 Nemo
1208 820 1381 885 enim,
1414 818 1613 889 inquit,
1650 828 1707 873 ut
1739 819 1908 873 David
1942 829 2090 874 recte

481 911 624 968 vixit
662 927 847 968 coram
904 910 1167 967 Domino.
1221 908 1435 965 Idcirco
1481 909 1825 981 prospiciens
1872 908 2092 964 Davidis

483 1001 742 1058 virtutem
775 1003 1042 1074 propheta
1077 1002 1216 1057 dixit
1252 1019 1267 1058 :
1304 1021 1323 1053 ‹
1371 1000 1635 1067 Quaesivit
1683 998 1955 1055 Dominus
1985 1000 2088 1054 sibi

484 1094 667 1150 virum
695 1095 852 1166 juxta
886 1110 985 1151 cor
1015 1110 1178 1151 suum
1225 1094 1319 1158 qui
1360 1094 1524 1149 faciet
1559 1108 1753 1149 omnes
1779 1093 2091 1148 voluntates

483 1185 626 1255 ejus.
671 1206 691 1238 ›

564 1279 712 1337 Nihil
742 1282 1000 1354 prohibet
1040 1282 1124 1337 vel
1164 1282 1217 1337 in
1259 1280 1563 1353 Scripturis
1594 1284 1893 1352 quominus
1930 1281 2093 1351 hujus

482 1379 768 1438 sententiae
796 1377 1061 1432 interiora
1110 1376 1368 1441 scrutati,
1429 1391 1549 1431 eam
1601 1392 1710 1431 non
1741 1377 1796 1431 in
1827 1376 2089 1432 Davidem

482 1484 699 1531 tantum
736 1470 1071 1534 referamus,
1107 1470 1202 1525 sed
1234 1471 1419 1541 potius
1471 1470 1541 1525 ad
1594 1470 1751 1525 illum
1789 1479 1972 1527 ortum
2023 1486 2090 1527 ex

482 1567 694 1624 semine
729 1564 951 1619 Davidis
979 1572 1033 1618 ct
1066 1562 1244 1627 Jesse,
1268 1563 1576 1629 Christum,
1611 1563 1774 1634 cujus
1801 1563 1953 1635 regni
1980 1578 2089 1618 non

480 1660 588 1716 erit
622 1658 768 1713 ﬁnis.
809 1656 978 1711 Sacra
1016 1656 1163 1710 enim
1199 1654 1487 1726 Scriptura
1530 1654 1599 1709 de
1633 1654 1727 1710 illo
1759 1654 1889 1709 alibi
1921 1652 2089 1709 dicit:

486 1770 509 1806 ε
549 1752 670 1822 Ipse
698 1750 978 1806 invocabit
1002 1764 1090 1804 me
1123 1747 1327 1804 :Pater
1352 1763 1509 1804 meus
1541 1763 1601 1804 es
1632 1758 1687 1804 tu
1716 1767 1732 1816 ;
1762 1756 1817 1804 et
1843 1762 1944 1819 ego
1975 1748 2091 1819 pri—

480 1844 828 1916 mogenitum
872 1857 1077 1914 ponam
1131 1842 1286 1897 illum
1360 1841 1639 1898 excelsum
1696 1857 1811 1912 prae
1866 1841 2089 1912 regibus

479 1945 642 1992 terrae
657 1936 724 1989 ³⁸.
757 1956 775 1988 ›
806 1935 984 2002 Quem
1008 1934 1395 2006 praeuuntians
1419 1950 1517 2006 per
1551 1935 1883 2005 PrOphetam
1918 1933 2086 2000 Deus,

481 2029 763 2086 Christum
787 2039 969 2085 ortum
999 2045 1029 2084 e
1070 2029 1281 2085 semine
1313 2028 1561 2097 Davidis,
1592 2030 1741 2101 quod
1786 2028 1983 2084 attinet
2019 2028 2088 2083 ad

480 2122 783 2189 hominem,
823 2120 1063 2178 Verbum
1092 2131 1276 2178 autem
1330 2137 1396 2178 ex
1434 2121 1569 2189 Deo,
1614 2122 1782 2177 Deum
1836 2121 2089 2179 Salvato-

480 2229 597 2270 rem
650 2224 907 2271 nostrum
969 2215 1045 2270 ait
1100 2214 1379 2272 invenisse
1412 2215 1720 2271 secundum
1763 2228 1861 2271 cor
1899 2229 2085 2277 suum,

479 2315 673 2378 utpote
718 2308 814 2363 uni
845 2317 900 2363 et
928 2309 1106 2364 eidem
1166 2323 1231 2363 ac
1264 2308 1381 2379 ipse
1420 2309 1581 2365 Pater
1607 2307 1872 2365 voluntati
1931 2307 2088 2363 addi-

480 2406 671 2466 ctum;
701 2398 848 2469 quod
878 2399 1068 2456 videas
1094 2398 1261 2455 etiam
1294 2398 1350 2453 in
1373 2397 1614 2454 humana
1655 2397 1861 2454 Christi
1892 2405 2087 2451 natura

481 2492 571 2547 cui
605 2492 796 2548 eadem
832 2493 1092 2550 voluntas
1130 2502 1245 2561 est,
1277 2493 1470 2550 eadem
1532 2492 1834 2548 voluntatis
1858 2506 2085 2562 expres--

479 2585 568 2639 sio
594 2594 760 2655 atque
793 2584 901 2656 ipsi
932 2584 1044 2642 Deo
1070 2584 1243 2641 Patri.
1279 2588 1412 2654 Quae
1438 2586 1553 2640 vult
1576 2586 1749 2651 enim,
1778 2585 1877 2647 ait,
1904 2583 2086 2647 Pater,

478 2674 599 2731 haec
628 2678 745 2732 vult
777 2693 1000 2750 quoque
1030 2677 1206 2735 Filius
1227 2720 1244 2747 ,
1281 2688 1337 2735 et
1370 2688 1630 2735 sexcenta
1677 2678 1805 2733 alia.
1850 2677 2004 2743 Quod
2043 2677 2088 2732 si

2191 542 2330 598 Θεοῦ
2365 542 2462 598 τοῦ
2485 543 2654 598 Δαὸὶδ
2685 544 2746 596 οὐ
2774 542 2914 613 πρὸς
2945 542 3157 596 ἐκεῖνον
3185 544 3370 614 μόνον,
3414 544 3560 598 κατά
3597 563 3659 599 τε
3689 548 3797 620 τὴν

2191 636 2479 690 εὐσέϐειαν
2501 636 2598 689 καὶ
2625 634 2723 707 τὴν
2752 634 2920 703 ἄλλην
2947 634 3152 706 ἀρετὴν
3175 635 3274 706 τὴν
3295 636 3573 710 ὑπεροχὴν
3619 633 3794 711 εἶχεν,

2191 729 2331 784 ἀλλὰ
2356 730 2455 784 καὶ
2489 730 2626 799 πρὸς
2650 728 2777 792 τοὺς
2817 727 3018 798 ἑφεξῆς
3067 728 3269 799 μικροῦ
3324 729 3554 794 πάντας·
3602 734 3796 799 Οὐδεὶς

2191 822 2322 895 γὰρ,
2341 822 2529 893 φησὶν,
2550 821 2766 890 ἐγένετο
2784 820 2861 884 ὡς
2879 819 3047 873 Δαὸὶδ
3069 826 3302 891 ποιήσας
3319 821 3383 875 τὸ
3407 824 3536 877 εὐθὺ
3560 823 3794 879 ἐνώπιον

2193 915 2404 988 Κυρίου
2432 930 2446 945 ·
2487 915 2577 968 διὰ
2603 912 2765 967 τοῦτο
2787 910 3181 984 προορώμενος
3207 912 3307 985 τὴν
3340 910 3438 966 τοῦ
3470 914 3638 969 Δαόὶδ
3661 917 3794 989 ἀρε-

2192 1005 2291 1078 τὴν
2312 1009 2341 1060 6
2365 1008 2658 1079 προφήτης
2683 1006 2882 1076 φησιν,
2928 1005 3005 1068 ὡς
3031 1024 3047 1056 ι
3080 1004 3395 1072 Ἐκλέξεται
3424 1007 3575 1078 αὑτῷ
3600 1009 3628 1061 ὀ
3651 1008 3789 1073 Θεὸς

2193 1098 2364 1170 ἄνδρα
2392 1097 2538 1151 κατὰ
2581 1099 2684 1167 τὴν
2717 1096 2946 1168 καρδίαν
2978 1094 3166 1162 αὑτοῦ,
3215 1097 3312 1151 καὶ
3354 1100 3574 1170 ποιήσει
3613 1102 3797 1156 πάντα

2194 1190 2261 1241 τὰ
2300 1189 2507 1260 ἀρεστά
2535 1189 2768 1245 ἐνώπιον
2801 1189 2988 1245 αὑτοῦ.
3021 1210 3042 1244 ι

2268 1281 2437 1336 Οὐδὲν
2468 1281 2523 1334 δὲ
2550 1282 2750 1336 κωλύει
2774 1284 2870 1337 καὶ
2910 1284 3021 1339 ἀπὸ
3043 1284 3137 1340 τοῦ
3172 1287 3500 1358 γράμματος
3524 1284 3663 1356 πρὸς
3696 1284 3799 1357 τὴν

2194 1374 2435 1428 διάνοιαν
2469 1376 2859 1446 ἀναχωροῦντα
2888 1379 2965 1446 μὴ
2997 1378 3084 1431 ἐπ’
3121 1380 3334 1433 ἐκείνου
3370 1379 3529 1449 μόνον
3562 1378 3658 1432 τοῦ
3691 1380 3799 1430 Δα-

2196 1468 2284 1521 6ὶδ
2322 1468 2412 1520 τὸν
2434 1468 2685 1540 χρησμὸν
2709 1468 2960 1540 ἐκϐῆναι,
2995 1471 3136 1525 ἀλλὰ
3166 1472 3302 1526 πολὺ
3339 1471 3540 1542 μᾶλλον
3563 1471 3658 1525 ἐπὶ
3700 1471 3799 1526 τὸν

2194 1562 2306 1616 ἀπὸ
2329 1561 2425 1616 τοῦ
2462 1564 2781 1635 σπέρματος
2820 1564 2987 1618 Δαὸὶδ
3038 1566 3133 1619 καὶ
3180 1566 3379 1621 Ἰεσσαὶ
3415 1566 3798 1636 καταγόμενον

2193 1656 2456 1726 Χριστὸν,
2497 1649 2559 1709 οῦ
2600 1657 2702 1727 τῆς
2742 1656 3018 1724 βασιλείας
3052 1660 3154 1714 οὐκ
3197 1659 3350 1714 ἔσται
3378 1660 3559 1724 τέλος·
3594 1660 3658 1714 τὸ
3685 1660 3798 1729 γὰρ

2197 1748 2344 1819 ἱερὸν
2366 1748 2607 1819 Γράμμα
2629 1750 2795 1819 φησὶν
2816 1749 3051 1821 ἀλλαχοῦ
3071 1751 3201 1825 περὶ
3222 1750 3412 1804 αὑτοῦ·
3438 1772 3456 1804 ι
3477 1751 3652 1815 Αὐτὸς
3682 1753 3800 1803 ὲπι-

2193 1840 2485 1895 καλέσεταί
2510 1858 2579 1911 με
2609 1842 2854 1911 Πατέρα,
2887 1840 3045 1913 κάγὼ
3084 1843 3433 1914 πρωτότοκον
3454 1843 3606 1916 θήσω
3627 1843 3796 1897 αὑτὸν

2193 1932 2399 2005 ὑψηλὸν
2428 1934 2580 2006 παρὰ
2603 1935 2815 1999 πάντας
2842 1936 2972 1999 τοὺς
2999 1934 3246 2007 βασιλεῖς
3264 1949 3279 1968 °
3310 1954 3330 1986 ι
3361 1935 3565 1990 Τοῦτον
3612 1952 3796 2003 τοιγα·

2195 2025 2325 2097 ροῦν
2373 2026 2661 2099 προδηλῶν
2702 2029 2731 2081 6
2779 2028 2909 2091 Θεὸς
2960 2028 3049 2082 διὰ
3095 2029 3193 2082 τοῦ
3239 2029 3550 2101 Προφήτου,
3592 2029 3686 2082 τὸν
3732 2032 3797 2083 ἐκ

2195 2118 2515 2191 σπέρματος
2546 2120 2648 2191 μὲν
2680 2120 2848 2174 Δαὸὶδ
2877 2120 3019 2174 κατὰ
3049 2121 3110 2173 τὸ
3145 2121 3512 2193 ἀνθρώπινον,
3561 2124 3626 2176 ἐκ
3656 2121 3793 2175 Θεοῦ

2191 2212 2249 2267 δὲ
2280 2212 2415 2269 Θεὸν
2437 2213 2628 2283 Λόγον,
2657 2214 2894 2286 Χριστὸν
2920 2214 3012 2269 τὸν
3042 2215 3271 2288 Σωτῆρα
3291 2215 3473 2288 ήμῶν,
3494 2217 3662 2287 φησὶν
3693 2215 3795 2268 αὺ-

2194 2306 2288 2360 τὸν
2321 2306 2591 2378 εὕρασθαι
2643 2310 2785 2362 κατὰ
2827 2309 2933 2379 τὴν
2980 2310 3214 2383 καρδίαν
3273 2308 3463 2371 αὐτοῦ,
3510 2308 3680 2362 οἱονεὶ
3714 2309 3795 2361 ἐνὶ

2196 2399 2292 2453 καὶ
2315 2399 2392 2471 τῷ
2413 2400 2561 2471 αὐτῷ
2592 2401 2999 2473 συναπτόμενον
3050 2403 3341 2474 θελήματι,
3379 2403 3485 2456 κάν
3511 2404 3569 2455 ἐν
3594 2402 3674 2473 τῷ
3695 2403 3793 2472 τῆς

2194 2491 2546 2563 ἀνθρωπίνης
2591 2492 2807 2562 φύσεως
2860 2493 3193 2566 ὲγνωρίζετο
3274 2495 3645 2566 συγκρίματι,
3699 2495 3793 2548 καὶ

2192 2581 2368 2651 τούτῳ
2392 2584 2425 2655 ἡ
2450 2582 2613 2654 βουλὴ
2636 2584 2781 2655 καὶή
2810 2585 3061 2655 ἐνέργεια
3100 2584 3195 2638 τοῦ
3240 2584 3519 2655 [ἰατρικοῦ
3554 2584 3795 2655 θελήμα-

2193 2692 2285 2740 τος
2317 2676 2663 2740 ἀδιάστατος’
2692 2678 2761 2730 Ἀ
2782 2678 2893 2749 γάρ
2912 2678 3079 2744 θέλει,
3102 2681 3290 2749 φησὶν,
3321 2681 3349 2733 6
3380 2678 3589 2750 Πατὴρ,
3618 2678 3793 2731 ταῦτα

458 2754 551 2824 ad
594 2770 848 2826 strictum
906 2771 1065 2826 verbi
1122 2786 1348 2827 sensum
1393 2780 1627 2842 spectes,
1684 2786 1829 2825 unus
1873 2770 1964 2825 hic
2007 2766 2085 2824 esl

2197 2770 2341 2825 θέλει
2369 2770 2466 2824 καὶ
2514 2772 2543 2823 6
2589 2770 2749 2833 Υἱός·
2783 2772 2879 2824 καὶ
2932 2772 3104 2842 μυρία
3146 2771 3318 2826 ἄλλα·
3363 2772 3459 2825 κα)⁹
3509 2772 3654 2826 κατὰ
3702 2771 3793 2825 τὸν

458 2862 577 2939 ;qui
604 2863 913 2920 voluntates
943 2863 1126 2921 Patris
1164 2864 1251 2920 sui
1303 2862 1565 2930 iaciat",
1618 2878 1745 2919 cum
1778 2863 1895 2933 ipse
1917 2859 2085 2917 David

2196 2864 2403 2935 ἀκριῆἦ
2428 2864 2608 2933 λόγον,
2636 2859 2790 2930 οὗτός
2806 2868 2954 2919 ἐστιν
2973 2866 3001 2918 6
3018 2866 3195 2921 πάντα
3226 2866 3295 2921 τὰ
3336 2867 3545 2939 ἀρεστὰ
3577 2866 3792 2937 πεπλη-

457 2931 651 3041 ξνὶιειη
685 2956 956 3027 degendo,
1011 2971 1123 3013 non
1169 2959 1402 3013 omnino
1463 2957 1627 3028 culpa
1673 2958 1943 3024 caruerit;
1987 2955 2085 3010 hoc

2198 2931 2750 3030 pw'xcog'martazpe;-
2795 2959 2919 3013 ἐπεὶ
2948 2959 2978 3013 δ
3005 2976 3070 3029 γε
3103 2960 3271 3014 Δαϐὶδ
3302 2931 3417 3032 ἔχοι
3448 2961 3514 3015 ἄν
3544 2977 3654 3013 τισι
3700 2931 3795 3013 ut.

458 3040 703 3119 ;quidem
766 3049 1009 3106 maxime
1071 3050 1407 3122 perspicitur
1457 3065 1526 3107 ex
1600 3048 1738 3105 Uria
1790 3058 1846 3106 et
1903 3049 2085 3120 populi

2198 3049 2259 3115 ἐξ
2290 3042 2365 3103 ὧν
2389 3048 2595 3121 ἔπραξε
2626 3049 2795 3114 λαϐὰς
2826 3040 3137 3122 παρασχεῖν
3167 3069 3182 3083 ο
3210 3051 3304 3103 ἐπὶ
3337 3052 3437 3121 μὲν
3462 3050 3555 3103 τοῦ
3585 3050 3792 3121 Οὐρίου

458 3124 937 3217 ξειιυῐηενειίοιιε,
990 3143 1411 3214 praesertimque
1458 3158 1525 3201 ex
1573 3142 1656 3198 ira
1709 3141 1948 3197 furentis
1980 3158 2085 3214 qua

2199 3141 2537 3214 περιφανῶς,
2561 3142 2656 3198 καὶ
2685 3143 2778 3196 ἐπὶ
2801 3145 2869 3214 τῇ
2901 3142 3279 3215 ἀπαριθμήσει
3305 3144 3400 3197 τοῦ
3455 3142 3609 3210 λαοῦ,
3645 3144 3793 3215 τάχα

458 3232 537 3310 ίίη
563 3231 738 3289 Nabal
770 3236 953 3302 irruit,
986 3243 1041 3291 et
1069 3250 1135 3291 eo
1161 3236 1309 3307 quod
1339 3250 1449 3292 non
1489 3237 1706 3307 expleta
1736 3236 1898 3308 plane
1932 3235 2069 3306 lege,

2188 3240 2227 3294 ῑὲ
2256 3239 2353 3291 καὶ
2393 3237 2488 3289 ἐπὶ
2514 3240 2580 3309 τῇ
2608 3236 2705 3290 τοῦ
2742 3237 2933 3291 Νάϐαλ
2966 3237 3267 3308 καταφόρῳ
3291 3237 3443 3310 ῥύμῃ
3473 3238 3570 3291 καὶ
3608 3238 3785 3309 ὀργῇ,

478 3326 537 3382 in
558 3327 1003 3384 maledictionem
1033 3329 1308 3386 inciderit.
1342 3327 1593 3401 Namque
1620 3330 1837 3386 videtur
1862 3330 2071 3386 Pascha

2188 3332 2268 3388 tat
2284 3333 2365 3388 ὅτι
2392 3331 2467 3403 μὴ
2481 3331 2661 3385 πάντα
2679 3332 2749 3385 τά
2768 3331 2863 3384 τοῦ
2882 3331 3049 3404 νόμου
3070 3331 3357 3401 φυλάττων
3374 3330 3480 3383 ὑπὸ
3500 3331 3642 3403 ἀράν
3668 3347 3793 3385 τινα

456 3431 595 3492 ξηοη
624 3419 950 3488 comedisse,
980 3428 1036 3476 et
1057 3420 1266 3492 aliquot
1298 3421 1435 3489 legis
1460 3430 1731 3492 praecepta
1754 3419 2070 3484 violavisse,

457 3483 589 3572 fnon
615 3519 795 3567 tamen
814 3527 939 3583 quae
957 3522 1088 3568 sunt
1108 3514 1334 3568 maximi
1359 3513 1645 3568 momenti.
1664 3512 1797 3567 Item
1816 3512 1884 3567 de
1917 3527 2077 3566 man-

458 3602 626 3684 ;datis
639 3618 760 3671 quae
778 3603 1039 3674 praecepit
1058 3603 1167 3658 ﬁlio
1187 3602 1468 3659 Salomoni
1485 3602 1551 3657 de
1566 3602 1703 3658 Joab
1722 3613 1776 3657 et
1790 3600 1967 3656 Semei
1987 3618 2000 3667 ;
2024 3609 2078 3655 et

479 3708 549 3749 ex
571 3695 659 3750 his
680 3696 772 3753 Dei
797 3696 985 3754 verbis
1015 3716 1029 3753 :
1063 3716 1082 3750 ι
1109 3696 1228 3753 Non
1255 3698 1388 3752 mihi
1416 3698 1672 3754 institues
1698 3697 1922 3752 domum
1947 3709 2081 3764 quo—

458 3778 628 3841 'niam
668 3790 753 3843 vir
776 3789 1108 3860 sanguinum
1138 3806 1200 3846 es
1236 3790 1302 3845 ³⁷.
1341 3808 1359 3842 ι
1389 3790 1517 3847 Haec
1563 3792 1815 3861 quamvis
1846 3804 2080 3844 excusa-

459 3869 660 3934 'tiones
686 3880 926 3936 habeant
957 3896 1081 3951 quae
1126 3880 1349 3936 Davidis
1384 3882 1757 3936 innocentiam
1806 3887 2081 3945 tueantur,

460 3979 719 4026 ‘attamen
742 3971 921 4042 primo
941 3984 1164 4043 aspectu
1198 3973 1383 4029 multis
1408 3972 1696 4028 obstacula
1731 3971 1988 4027 videntur
2015 3985 2083 4024 ne

480 4066 650 4126 David
682 4066 874 4126 fecerit
896 4077 1093 4125 cuncta
1126 4069 1430 4123 secundum
1460 4082 1556 4122 cor
1586 4065 1706 4121 Dei.

970 4160 1305 4230 QUAESTIO
1333 4159 1613 4218 CCCXVI.

2172 3423 2422 3474 ἔπιπτενο
2443 3419 2568 3473 οὔτε
2602 3420 2711 3491 γάρ
2734 3421 2793 3475 τὸ
2814 3422 3011 3492 Πάσχα
3033 3421 3286 3491 φαίνεται
3322 3420 3537 3491 φαγὼν,
3561 3421 3661 3475 καὶ
3690 3422 3791 3475 οὐκ

2174 3514 2335 3584 ὀλίγα
2363 3514 2472 3567 τῶν
2499 3516 2557 3567 ἐν
2590 3513 2670 3584 τῷ
2698 3513 2871 3586 νόμῳ,
2900 3514 3005 3569 κᾶν
3028 3514 3105 3585 μὴ
3124 3513 3195 3567 τὰ
3224 3514 3440 3585 καίρια,
3466 3513 3791 3585 παραϐεϐα-

2183 3608 2381 3679 σμένος
2417 3624 2432 3639 ⁸
2468 3608 2565 3661 καὶ
2608 3609 2811 3678 ἡκατὰ
2836 3608 2928 3663 τοῦ
2964 3609 3120 3662 Ἰωάϐ
3168 3610 3225 3663 δὲ
3272 3610 3371 3664 καὶ
3399 3610 3597 3680 Σεμεεὶ
3637 3610 3790 3663 δεδο-

2186 3701 2323 3772 μένη
2356 3700 2543 3772 ἐντολὴ
2570 3702 2648 3772 τῷ
2678 3702 2851 3755 παιδί·
2878 3704 2975 3756 καὶ
3011 3702 3094 3771 τὸ,
3131 3722 3149 3753 ι
3181 3704 3256 3757 Οὐ
3294 3705 3358 3758 σὺ
3408 3703 3790 3773 οἰκοδομήσεις

2187 3808 2279 3862 μοι
2300 3786 2471 3859 οἷκον,
2500 3792 2585 3846 ὅτι
2615 3792 2754 3863 ἀνὴρ
2787 3793 3038 3864 αἱμάτων
3060 3790 3113 3846 εἶ
3144 3809 3158 3824 ο
3189 3812 3208 3845 ι
3249 3795 3297 3847 εί
3326 3794 3421 3847 καὶ
3455 3793 3557 3858 τάς
3595 3795 3789 3849 ἐπιλύ-

2186 3901 2299 3947 σεις
2343 3883 2560 3955 ἔχουσιν
2604 3885 2684 3948 εἰς
2739 3884 2991 3939 ὰθὼωσιν
3027 3886 3405 3956 περιιστὼσας
3451 3885 3544 3939 τὸν
3596 3886 3786 3951 Δαόὶδ,

2186 3976 2302 4029 ἀλλ’
2319 3972 2413 4030 οῦν
2430 3976 2573 4031 κατὰ
2588 3976 2650 4030 τὸ
2676 3977 2969 4048 πρόχειρον
2988 3977 3207 4041 πολλοῖς
3227 3976 3489 4047 ἐμποδὼν
3508 3978 3785 4044 ἵστανται,

2187 4067 2264 4139 μὴ
2292 4067 2433 4121 κατὰ
2460 4066 2560 4137 τὴν
2595 4067 2821 4139 καρδίαν
2852 4068 3031 4122 πάντα
3052 4067 3272 4121 τελέσαι
3304 4066 3471 4122 αὑτὸν
3502 4068 3598 4122 τοῦ
3623 4068 3784 4124 Θεοῦ.

2715 4160 3051 4215 EPaTnslz
3082 4160 3244 4228 Τίσι-ε

1601 4282 1707 4338 Cur
1731 4299 1927 4337 manna
1959 4283 2014 4335 in
2045 4296 2219 4334 eremo
2242 4282 2305 4335 de
2339 4281 2468 4335 caelo
2494 4282 2765 4335 ceciderit.

1622 4396 1765 4447 Edita
1792 4410 1820 4445 a
1852 4394 1977 4445 Maio
2011 4396 2069 4458 (l.
2102 4408 2148 4444 c.
2182 4408 2234 4458 p.
2273 4393 2383 4455 156,
2414 4408 2466 4443 n.
2500 4393 2637 4457 515).

549 4506 750 4563 Manna
800 4504 948 4576 quod
988 4504 1046 4559 in
1094 4503 1313 4559 deserto
1355 4516 1519 4558 mane
1573 4502 1837 4558 lsraelitis
1885 4500 2082 4556 funde-

2259 4503 2333 4555 Τὸ
2360 4503 2418 4556 δὲ
2454 4505 2513 4557 ὲν
2544 4505 2611 4574 τῇ
2643 4505 2842 4575 ἐρήμῳ
2871 4501 3016 4574 πρωῒ
3047 4502 3151 4573 μὲν
3171 4502 3233 4555 τὸ
3270 4503 3448 4573 μάννα
3493 4507 3787 4576 καταπέμ-

477 4602 664 4667 batur,
694 4608 750 4654 et
770 4605 1142 4671 ortygometra
1172 4610 1296 4667 quae
1324 4610 1551 4666 vespere
1573 4595 1811 4665 pluebat,
1836 4594 2083 4649 eamdem

464 4676 549 4748 'ad
580 4690 813 4763 ﬁguram
845 4690 1098 4744 attinent.
1153 4687 1356 4743 Manna
1404 4687 1630 4759 quidem
1686 4700 1848 4741 mane
1886 4685 2085 4742 funde-

464 4770 661 4853 litatur,
696 4781 825 4852 quia
857 4782 1030 4853 ﬁgura
1077 4787 1197 4835 erat
1235 4780 1478 4835 caelestis
1509 4777 1693 4848 panis,
1734 4777 1941 4833 Christi
1989 4776 2083 4832 Dei

464 4852 677 4938 Ιῐιοειι-ἰ,
703 4873 799 4941 qui
822 4852 1055 4942 juStitiae
1079 4870 1162 4927 sol
1187 4880 1244 4924 et
1262 4870 1395 4926 solis
1412 4877 1570 4924 ortus
1596 4868 1756 4924 nobis
1778 4868 1831 4922 in
1848 4868 2084 4923 tenebris

464 4941 789 5037 liacentibus
828 4941 1116 5033 apparuit.
1168 4960 1305 5017 Cum
1357 4960 1524 5033 igitur
1568 4959 1829 5016 sensibile
1880 4974 2083 5014 manna

447 5128 453 5133 ι
480 5059 660 5117 simile
686 5058 947 5129 quiddam
991 5057 1192 5112 habeat
1218 5057 1352 5113 huic
1382 5055 1483 5111 soli
1527 5063 1583 5110 et
1616 5070 1834 5109 aurorae
1855 5053 2087 5126 iustitia:

397 5156 415 5169 '
466 5135 873 5209 'convenienter
929 5167 1093 5207 mane
1152 5149 1409 5207 funditur.
1451 5158 1515 5205 ut
1565 5164 1723 5205 suam
1772 5164 1901 5203 cum
1941 5145 2087 5202 aﬁini

480 5262 584 5303 suo
628 5245 1049 5302 similitudinem
1122 5252 1325 5301 servet.
1369 5244 1750 5315 Ortygometra
1802 5255 1934 5297 vero
1983 5240 2086 5296 sub

478 5355 708 5411 vespere
764 5338 951 5410 pluit,
1002 5346 1067 5394 ut
1118 5337 1328 5394 hostias
1384 5336 1757 5392 lsraelitarum
1811 5333 2085 5389 sacriﬁcio

480 5431 741 5499 praebeat,
774 5444 901 5484 nam
953 5430 1072 5500 ipsa
1104 5427 1373 5498 ﬁgurabat
1427 5428 1634 5482 cultum
1666 5424 1759 5495 qui
1802 5424 1947 5493 apud
1978 5423 2079 5478 .lu-

2190 4596 2388 4650 πεσθαι
2425 4595 2507 4666 τῷ
2553 4596 2791 4666 Ἰσραὴλ,
2827 4595 3071 4666 ἑσπέρας
3099 4596 3157 4649 δὲ
3180 4595 3280 4667 τὴν
3335 4598 3781 4669 ὀρτυγομήτραν,

2185 4688 2443 4759 τοιαύτης
2472 4688 2740 4759 ἀναφθείη
2772 4687 2838 4741 ἂν
2864 4688 3099 4759 θεωρίας
3121 4704 3136 4719 ο
3162 4687 3235 4741 Τὸ
3268 4688 3370 4757 μὲν
3411 4690 3589 4759 μάννα
3638 4689 3784 4762 πρωῒ

2185 4782 2515 4852 κατήρχετο,
2544 4781 2626 4835 ὅτι
2641 4780 2812 4845 τύπος
2838 4776 2908 4853 ἦν
2930 4781 3024 4834 τοῦ
3039 4781 3292 4854 οὐρανίου
3319 4782 3511 4851 ἄρτου,
3538 4782 3782 4852 Χριστοῦ

2184 4870 2279 4925 τοῦ
2305 4870 2440 4925 Θεοῦ
2475 4870 2653 4943 ήμῶν,
2694 4871 2755 4935 ὃς
2783 4872 3133 4943 δικαιοσύνης
3160 4870 3355 4935 ’Ἥλιος
3394 4873 3491 4925 καὶ
3546 4871 3781 4942 ἀνατολὴ

2185 4966 2337 5037 ήλίου
2376 4966 2512 5036 ἡμῖν
2542 4964 2858 5035 ἐπεδήμησε
2888 4966 3000 5028 τοῖς
3031 4964 3089 5016 ὲν
3115 4962 3318 5033 ,σκότει
3351 4977 3366 4992 ο
3399 4963 3525 5014 ἐπεὶ
3563 4958 3658 5015 οὖν
3704 4962 3783 5032 τῷ

2184 5057 2287 5128 τῆς
2315 5055 2666 5127 δικαιοσύνης
2699 5055 2868 5126 Ἡλίῳ
2896 5055 2992 5109 καὶ
3017 5056 3083 5126 τῇ
3111 5054 3348 5125 ἀνατολῇ
3381 5051 3781 5124 παρεικάζεται

2183 5152 2245 5204 τὸ
2282 5150 2542 5221 αἰσθητὸν
2574 5150 2772 5220 μάννα,
2804 5149 3031 5212 εἰκότως
3054 5149 3273 5203 κάτεισι
3308 5146 3477 5219 πρωῒ,
3510 5146 3591 5217 τῷ
3647 5163 3780 5212 συγ-

2178 5238 2334 5314 γενεῖ
2354 5243 2454 5313 τὴν
2492 5242 2787 5312 ἀναλογίαν
2839 5241 3107 5311 φυλάττον
3142 5256 3157 5271 ο
3190 5244 3226 5312 ή
3271 5240 3330 5294 δὲ
3380 5238 3781 5310 ὀρτυγομήτρα

2185 5337 2428 5391 κάτεισιν
2458 5334 2698 5405 ἑσπέρας
2745 5333 3050 5397 ζωοθυσίαν
3071 5335 3187 5396 τοῖς
3238 5331 3605 5403 Ἰσραηλίταις
3645 5330 3781 5399 πλη-

2185 5428 2378 5500 ροῦσα,
2416 5425 2603 5496 ἐπειδὴ
2636 5425 2735 5497 τὴν
2768 5426 2828 5478 ὲν
2864 5423 2941 5495 τῷ
2972 5425 3123 5495 νόμῳ
3158 5422 3465 5494 παρεδήλου
3496 5420 3777 5490 λατρείαν,

484 5520 632 5577 daeos
666 5523 719 5577 in
764 5522 1006 5577 tenebris
1038 5529 1093 5576 et
1147 5521 1304 5591 quasi
1353 5520 1494 5574 inter
1551 5520 1789 5574 obscura
1837 5518 2080 5572 veritatis

2188 5521 2303 5591 ήτις
2333 5522 2390 5573 ὲν
2432 5521 2612 5582 σκιαῖς
2649 5534 2711 5570 τε
2735 5518 2832 5571 καὶ
2865 5516 3272 5589 ἀμυδροτέροις
3305 5516 3479 5587 ἴχνεσι
3502 5516 3602 5583 τῆς
3641 5513 3776 5584 άλη-

483 5614 715 5685 vestigia
775 5616 969 5681 ﬁebat,
1022 5615 1315 5686 pinguibus
1381 5625 1435 5670 et
1490 5613 1724 5669 fumosis
1796 5611 2081 5681 vaporibus

2183 5611 2333 5675 θείας
2351 5614 2587 5665 ἐτελεῖτο
2618 5624 2631 5639 ·
2666 5610 2747 5664 ἔτι
2781 5610 2837 5664 δὲ
2860 5609 2957 5664 καὶ
2984 5609 3202 5665 κνίσσαι
3253 5608 3347 5663 καὶ
3390 5608 3556 5679 ἀτμοὶ
3591 5604 3775 5675 ζοφώ-

564 5793 607 5827 ³³
664 5792 815 5852 Psal.
866 5812 1112 5855 Lxxxvm
1141 5836 1156 5861 ,
1199 5798 1294 5852 :28.
1376 5798 1419 5829 ³⁵
1461 5796 1661 5854 Matth.
1704 5813 1799 5865 vn,
1829 5797 1917 5852 2i.
1996 5792 2085 5848 ³⁷1

2188 5810 2265 5865 eg.
2312 5812 2425 5863 xu,
2467 5796 2520 5853 8.
