4132 6430
372 355 511 423 1169

1133 360 1235 421 AD
1262 357 1857 421 AMPHILOCHIUM
1889 360 2236 429 OUZESTIO
2278 362 2874 428 CCCXVII-CCCXX.

3521 369 3662 438 1170

365 472 481 534 δεις
513 468 604 523 διὰ
652 467 763 521 τῶν
815 466 1075 538 θυμάτων
1120 466 1461 537 ἐπελύγαζον
1491 468 1585 523 τὸν
1638 469 1782 540 ἀέρα
1810 485 1825 500 ·
1863 470 1957 524 καὶ

2064 471 2208 525 inter
2233 472 2507 527 sacriﬁcia
2542 488 2725 529 aerem
2747 474 3200 532 obscurantibus.
3228 474 3534 548 Meritoque
3587 483 3657 535 ad

366 561 598 623 εἰκότως
624 559 763 630 πρὸς
793 558 1037 631 ἑσπέραν
1080 557 1141 610 τὸ
1169 557 1547 628 προχαράττον
1575 557 1674 629 τήν
1728 558 1960 630 νομικὴν

365 654 560 708 θυσίαν
608 653 941 723 κατεφέρετο
979 653 1092 715 τοῖς
1144 649 1504 721 Ἰσραηλίταις
1544 667 1558 681 ·
1590 650 1854 716 ὡσαύτως
1900 651 1959 704 δέ

364 748 535 812 εἴτις
573 747 731 811 ἄλλος
770 746 1020 819 ἐθελήσοι
1059 745 1245 800 λαϐεῖν
1290 744 1451 799 τοῦτο
1483 746 1559 810 ὡς
1584 745 1958 818 προχάραγμα

366 839 465 909 τῆς
491 842 571 904 εἰς
597 839 834 910 Χριστὸν
883 838 1139 902 πίστεως,
1181 838 1283 892 οὐκ
1314 837 1382 891 ἂν
1408 836 1503 890 τοῦ
1538 837 1748 901 εἰκότος
1776 854 1956 909 παρα-

367 932 622 1003 σφαλείη·
649 932 745 986 καί⁵
781 930 874 985 τοῦ
900 931 1150 1002 σώματος
1179 931 1236 985 δέ
1259 930 1501 1003 Χριστοῦ
1521 931 1549 983 ὁ
1575 930 1755 984 λαϐὼν
1778 931 1953 984 ἐδίδου

363 1026 478 1088 τοῖς
500 1026 816 1096 μαθηταίςὸ
838 1025 1028 1096 Σωτὴρ
1041 1025 1241 1092 λέγων·
1270 1024 1505 1092 «Φάγετε
1524 1024 1748 1090 πάντες,
1779 1042 1797 1075 ›
1820 1023 1957 1085 εἴτις

364 1117 725 1187 προτύπωσιν
754 1117 890 1186 φαίη
922 1115 984 1170 τὸ
1010 1118 1209 1186 μάννα,
1234 1116 1473 1185 εὐλόγως
1499 1115 1567 1170 ἂν
1605 1115 1758 1187 εὖροι
1785 1116 1846 1169 τὸ
1895 1116 1955 1169 ἐν

365 1222 431 1291 τῇ
463 1219 648 1291 πρωῖᾳ
682 1216 842 1272 τοῦτο
869 1214 1134 1286 φέρεσθαι
1167 1216 1279 1277 τοῖς
1312 1213 1815 1285 Ἰσραηλίταις’καὶ
1845 1214 1955 1287 γὰρ

365 1314 400 1383 ἡ
431 1310 699 1381 καθολικὴ
730 1309 825 1363 τοῦ
858 1307 996 1368 Θεοῦ
1020 1341 1030 1353 -
1055 1306 1374 1376 Ἐκκλησία,
1405 1305 1567 1359 τοῦτο
1595 1308 1714 1361 νυνὶ
1758 1306 1955 1376 διαφυ-

363 1405 570 1470 λάττει,
597 1406 655 1457 ἐν
685 1403 765 1472 τῷ
796 1403 900 1472 τῆς
930 1401 1145 1473 πρωῖας
1183 1399 1361 1470 καιρῷ
1389 1399 1488 1471 τὴν
1520 1400 1674 1472 ἱερὰν
1725 1401 1820 1454 καὶ
1853 1417 1954 1453 κα-

364 1496 538 1567 θαρὰν
567 1496 665 1549 καὶ
688 1494 1027 1565 ἀναίμακτον
1046 1491 1237 1545 θυσίαν
1262 1489 1703 1561 μυσταγωγοῦσα
1725 1490 1822 1545 καὶ
1851 1489 1950 1562 τὴν

362 1588 458 1644 τοῦ
489 1586 757 1658 παναγίου
777 1585 919 1641 Πνεύ
927 1601 1097 1656 ματος
1118 1583 1281 1654 χάριν
1306 1583 1664 1653 ἐκδεχομένη.

883 1673 1223 1729 ΕΡΩΤΗΣΙΣ
1274 1671 1419 1726 Τ1Ζ’.

2061 577 2346 632 vesperam
2428 564 2573 633 quod
2656 565 2909 636 legitimae
2969 576 3090 623 erat
3165 568 3404 623 victima
3487 568 3659 641 ﬁgura

2062 652 2329 709 lsraelitis
2369 664 2740 727 ortygometra
2787 658 3164 715 tliﬂ‘erebatur.
3229 658 3434 715 Eodem
3489 663 3656 717 modo

2062 763 2171 801 non
2213 762 2245 802 a
2292 746 2656 817 conjiciendis
2707 748 3033 805 abhorreret
3092 751 3188 821 qui
3244 750 3353 807 hoc
3408 762 3661 808 censeret

2058 840 2515 911 praenuntiavisse
2556 839 2717 894 ﬁdem
2751 837 2806 894 in
2856 840 3162 897 Christum.
3206 840 3423 914 Corpus
3472 854 3655 897 autem

2060 930 2270 987 Christi
2294 931 2442 1001 quod
2484 940 2772 1003 postquam
2822 933 3057 1003 cepisset
3107 933 3362 991 Christus
3403 933 3659 989 Salvator

2060 1035 2251 1082 noster
2272 1024 2561 1095 discipulis
2575 1024 2724 1079 dedit
2747 1024 2938 1081 dicens
2961 1043 2974 1080 :
3000 1024 3315 1084 «Comedite
3337 1042 3530 1083 omnes
3550 1026 3617 1083 ³⁸.
3634 1047 3652 1080 ι

2061 1122 2119 1177 Si
2159 1121 2284 1191 quis
2313 1119 2719 1191 praeliguratum
2748 1134 2868 1174 esse
2896 1134 3095 1174 manna
3129 1121 3357 1189 diceret,
3409 1130 3662 1177 censeret

2062 1230 2264 1269 manna
2289 1214 2490 1269 merito
2515 1212 2776 1268 lsraelitis
2801 1228 2963 1267 mane
2989 1213 3213 1268 allatum
3235 1229 3391 1282 esse;
3419 1230 3659 1285 namque

2062 1307 2333 1362 catholica
2387 1306 2485 1360 Dei
2535 1306 2782 1361 Ecclesia
2835 1320 3046 1360 morem
3080 1307 3228 1363 hunc
3276 1308 3437 1363 hodie
3487 1309 3653 1363 etiam

2062 1398 2319 1454 observat
2348 1414 2475 1452 cum
2510 1413 2673 1453 mane
2698 1408 2949 1453 sanctum
2984 1415 3288 1470 purumque
3318 1409 3375 1457 et
3404 1401 3660 1456 incruen-

2060 1498 2175 1544 tum
2241 1488 2576 1545 sacriﬁcium
2649 1488 2931 1556 celebret,
3009 1499 3233 1562 accepta
3317 1494 3657 1551 sanctissimi

2058 1583 2295 1655 Spiritus
2322 1584 2521 1656 gratia.

2536 1678 2862 1747 QUASSTIO
2892 1677 3192 1735 CCCXVII.

1074 1794 1221 1845 Edita
1252 1807 1280 1843 a
1312 1794 1438 1844 Maio
1472 1794 1529 1859 (l.
1562 1807 1608 1845 c.
1640 1806 1692 1858 p.
1726 1794 1834 1857 156,
1870 1794 1980 1858 157,
2009 1810 2061 1847 n.
2094 1797 2229 1863 5H).
2267 1826 2329 1836 —
2367 1800 2423 1850 Iu
2454 1798 2579 1850 Gen.
2611 1813 2730 1862 xvu,
2762 1801 2793 1849 2
2822 1815 2963 1863 seqq.

450 1888 542 1942 Ἐν
570 1884 756 1953 μέντοι
786 1883 884 1954 τῷ·
915 1902 933 1935 ι
961 1882 1124 1953 Θήσω
1140 1882 1238 1952 τὴν
1252 1881 1523 1952 διαθήκην
1545 1898 1646 1953 μου
1668 1880 1772 1935 ἀνά
1792 1880 1956 1952 μέσον

2130 1883 2189 1939 in
2219 1886 2325 1941 hoc
2352 1887 2541 1953 verbo,
2586 1905 2605 1939 ι
2638 1885 2887 1942 Statuam
2920 1897 3142 1958 pactum
3174 1904 3356 1945 meum
3388 1888 3533 1945 inter
3565 1905 3655 1945 me

362 1978 498 2052 ἐμοῦ
533 1979 628 2031 καὶ
649 1975 744 2028 σοῦ
774 1993 793 2026 ι
818 1972 955 2045 πρὸς
971 1972 1064 2025 τὸν
1090 1972 1343 2044 Ἀϐραάμ
1368 1973 1664 2043 εἰρημένῳ,
1687 1973 1954 2043 διαθήκην

365 2074 465 2146 μέν
489 2071 556 2125 τά
589 2070 685 2124 νῦν
710 2067 809 2139 τὴν
841 2067 1145 2139 περιτομὴν
1169 2065 1342 2137 δηλοῖ·
1377 2065 1440 2118 τὸ
1471 2066 1552 2131 δέ,
1583 2084 1602 2117 ι
1628 2065 1753 2120 Ἀνὰ
1784 2066 1954 2136 μέσον

364 2163 499 2236 ἐμοῦ
526 2162 622 2217 καὶ
654 2160 770 2227 σοῦ,
802 2161 883 2214 ὅτι
912 2158 1061 2229 Αὕτη
1082 2159 1190 2229 ἐμὴ
1219 2157 1457 2229 διαθήκη
1500 2158 1813 2228 μεσιτεύσει
1844 2160 1955 2228 ἁμ-

361 2262 481 2327 φοϊν
542 2254 884 2325 ἀναμεταξὺ,
931 2253 1015 2306 ὅτι
1066 2251 1320 2323 ἀψευδεῖς
1385 2268 1469 2305 σοι
1520 2253 1574 2304 αἱ
1632 2251 1762 2322 παρ’
1810 2250 1946 2322 ἐμοῦ

360 2352 576 2405 ἔσονται
604 2349 953 2418 ἐπαγγελίαι·
970 2368 989 2401 ι
1010 2347 1237 2402 δύναται
1256 2347 1315 2400 δέ
1328 2348 1407 2414 τὸ,
1433 2368 1452 2400 ί
1475 2348 1605 2401 Ἀνὰ
1621 2348 1787 2418 μέσον
1815 2346 1954 2419 ἐμοῦ

361 2446 457 2497 καὶ
490 2442 585 2497 σοῦ
618 2463 636 2495 ι
662 2443 757 2497 καὶ
782 2442 1045 2513 χρονικήν
1068 2459 1192 2495 τινα
1214 2442 1526 2512 παράτασιν
1558 2441 1953 2511 ὑπεμφαίνειν,

361 2535 457 2588 καὶ
508 2532 716 2603 ταύτην
761 2532 816 2585 εῐ
857 2548 942 2596 τις
1002 2532 1195 2603 ἔμελλε
1251 2534 1318 2604 τῇ
1379 2534 1655 2603 περιτομῇ
1694 2548 1951 2604 παραμε-

359 2626 632 2698 τρεῖσθαι,
664 2625 893 2680 ὡσανείο
924 2626 984 2679 Ὀ
1008 2625 1107 2697 τὴν
1130 2625 1265 2696 πρὸς
1297 2623 1356 2679 σὲ
1378 2626 1498 2678 νυνὶ
1524 2625 1793 2698 διαθήκην
1825 2642 1955 2679 συν-

364 2719 516 2783 ιστὰς
584 2718 718 2787 ἐγὼ,
755 2717 911 2771 ἐσται
937 2718 1027 2771 ὅτε
1059 2718 1366 2789 γενήσομαι
1410 2717 1703 2790 ἄνθρωπος
1733 2732 1747 2747 ο
1777 2717 1875 2771 καὶ
1918 2719 1954 2789 ή

359 2810 592 2883 διαθήκη
628 2828 729 2881 μου
764 2809 905 2882 αὕτη
936 2811 1056 2879 ἦτοι
1084 2812 1118 2881 ή
1153 2810 1427 2881 περιτομή
1460 2809 1569 2863 ἀπὸ
1595 2808 1691 2863 σοῦ
1720 2810 1821 2881 τὴν
1852 2811 1957 2881 ἀρ-

359 2902 462 2975 χὴν
486 2901 749 2967 λαϐοῦσα,
788 2901 984 2974 μέχρις
1023 2900 1159 2972 ἐμοῦ
1193 2901 1615 2973 διακρατήσασα
1641 2899 1795 2971 λήξει
1819 2917 1833 2932 ·
1859 2899 1957 2955 καὶ

358 2993 488 3063 γάρῘ
534 2994 675 3063 μετά
709 2990 809 3062 τὴν
862 2989 1168 3063 περιτομὴν
1212 2990 1306 3044 τοῦ
1356 2991 1629 3043 Δεσπότου
1690 2987 1952 3060 Χριστοῦ,

359 3084 546 3138 οὐκέτι
577 3082 761 3156 χώραν
804 3083 963 3153 ἔσχεν
995 3085 1052 3153 αὴ
1102 3081 1244 3136 κατὰ
1308 3083 1474 3153 νόμον
1531 3081 1803 3152 γενομένη
1856 3082 1956 3151 τῆς

358 3174 726 3247 ἀκροϐυστίας
755 3174 1026 3246 περιτομή
1048 3171 1198 3226 ’ἀλλ’
1230 3172 1346 3225 ὅσοι
1381 3169 1833 3243 περιετμήθησαν
1859 3173 1957 3223 καὶ

2055 1983 2110 2030 et
2138 1983 2210 2042 te,
2251 1994 2269 2027 ›
2294 1975 2570 2032 Abraham
2602 1977 2771 2044 dicto,
2800 1979 2941 2034 Deus
2976 1978 3223 2035 ostendit
3258 1979 3404 2049 pacti
3430 1980 3653 2049 quidem

2055 2066 2139 2120 sui
2170 2067 2387 2136 signum
2420 2083 2546 2124 esse
2575 2069 3082 2124 circumcisionem.
3125 2069 3241 2125 Hoc
3270 2085 3426 2136 vero,
3457 2089 3476 2121 ι
3508 2071 3658 2125 Inter

2057 2173 2145 2213 tne
2172 2168 2227 2213 et
2250 2168 2322 2225 te,
2350 2179 2369 2212 ι
2400 2160 2544 2216 hanc
2572 2160 2683 2215 vim
2717 2161 2880 2216 habet
2907 2178 2922 2215 :
2960 2179 2978 2212 ι
3011 2159 3195 2231 Ipsum
3223 2176 3406 2216 meum
3435 2170 3655 2231 pactum

2056 2255 2111 2309 in
2138 2255 2320 2311 medio
2358 2257 2465 2312 erit
2513 2256 2655 2312 inter
2688 2273 2789 2313 nos
2839 2258 3102 2328 quoniam
3150 2273 3284 2312 mea:
3336 2274 3445 2312 non
3493 2267 3658 2312 erunt

2055 2346 2209 2404 falsae
2238 2349 2660 2419 promissiones.
2690 2369 2709 2403 ι
2758 2349 2949 2406 Potest
2974 2366 3196 2421 quoque
3219 2351 3325 2405 hoc
3352 2368 3369 2401 ι
3396 2347 3540 2403 Inter
3565 2363 3655 2402 me

2056 2446 2112 2496 et
2144 2448 2196 2495 te
2233 2460 2252 2492 ι
2289 2442 2525 2511 spatium
2579 2443 2848 2512 temporis
2888 2441 3197 2511 designare,
3231 2440 3399 2508 quod,
3449 2439 3493 2492 si
3527 2437 3655 2507 quis

2056 2534 2187 2589 velit
2221 2534 2646 2590 circumcisione
2674 2534 2879 2599 metiri,
2910 2533 3198 2588 habebitur
3224 2533 3370 2587 Deus
3398 2534 3511 2586 haec
3536 2529 3654 2585 fere

2056 2623 2249 2680 dicens
2282 2622 2551 2679 :Paetum
2586 2624 2732 2695 quod
2763 2639 2865 2694 ego
2897 2622 3075 2693 pepigi
3122 2630 3301 2677 tecum
3344 2620 3451 2675 erit
3476 2633 3655 2688 usque

2057 2712 2125 2768 ad
2145 2722 2362 2784 tempus
2388 2730 2499 2785 quo
2529 2716 2695 2770 homo
2726 2717 2875 2769 ﬁam.
2910 2714 2976 2768 Et
3008 2729 3191 2768 meum
3218 2720 3462 2783 pactum,
3494 2711 3653 2767 scili-

2057 2818 2143 2864 cet
2177 2809 2528 2865 circumcisio
2578 2826 2703 2880 quae
2755 2826 2786 2864 a
2835 2818 2889 2864 te
2942 2810 3168 2880 incipiet
3221 2824 3397 2879 usque
3451 2809 3517 2862 ad
3564 2822 3654 2862 me

2056 2902 2282 2973 vigebit.
2352 2902 2566 2958 Etenim
2628 2911 2754 2973 post
2818 2902 3033 2957 Domini
3095 2902 3301 2957 Christi
3357 2901 3653 2956 circumci-

2058 2992 2295 3058 sionem,
2324 2994 2531 3048 nullam
2559 2993 2676 3064 jam
2716 2993 2908 3047 habuit
2938 2993 3116 3048 locum
3162 2992 3413 3061 praeputii
3453 3005 3651 3045 secun~

2058 3085 2187 3139 dum
2220 3086 2394 3155 legem
2419 3086 2795 3141 circumcisio.
2824 3086 2928 3139 Sed
2959 3100 3124 3154 quam
3154 3084 3313 3138 multi
3343 3082 3655 3138 circumcisi

2058 3185 2189 3233 sunt
2213 3185 2323 3231 tam
2355 3178 2510 3231 multi
2537 3185 2730 3231 contra
2771 3177 2980 3247 legem;
3020 3177 3136 3230 hmc
3177 3184 3362 3229 autem
3414 3174 3655 3227 circum-

360 3270 811 3342 παρανομοῦντες
840 3268 1323 3342 περιετμήθησαν·
1344 3269 1378 3339 ή
1407 3267 1465 3320 δέ
1497 3268 1650 3339 παρὰ
1671 3265 1792 3336 Θεῷ
1822 3265 1954 3338 ὠρι-

2059 3269 2199 3325 cisio
2231 3284 2264 3324 a
2293 3268 2405 3324 Deo
2436 3269 2703 3339 prmﬁnita
2727 3269 2779 3323 in
2812 3246 2932 3339 ipso
2967 3267 3187 3323 Christo
3220 3269 3384 3321 ﬁnem
3418 3267 3602 3321 habet.

364 3364 540 3436 σμένη
577 3363 850 3435 περιτομὴ
874 3362 933 3415 ἐν
977 3361 1127 3432 αὐτῷ
1147 3362 1427 3416 πέπαυται
1454 3359 1534 3433 τῷ
1566 3358 1809 3432 Χριστῷ.

885 3475 1225 3530 ΕΡΩΤΗΣΙΣ
1257 3477 1416 3530 TIH'.

360 3571 469 3626 Διὰ
499 3570 556 3625 τί
584 3569 955 3637 ἐπετίμησεν
979 3572 1011 3623 ὁ
1055 3567 1299 3637 Ἰησοῦς
1328 3565 1409 3633 τῷ
1438 3568 1657 3635 Πέτρῳ,
1715 3567 1825 3621 τὸν
1854 3566 1957 3622 θά-

682 3658 871 3695 νατον
905 3639 1475 3709 δυσανασχετοῦντι
1505 3640 1581 3710 (1)
1607 3655 1622 3704 ;

732 3758 992 3811 Editarum
1017 3774 1045 3809 a
1066 3758 1242 3809 Wolﬁo
1262 3758 1643 3821 quadragesima
1661 3758 1835 3820 quinta
1866 3755 2009 3820 (Cur.
2036 3748 2244 3813 Philol.,
2268 3755 2309 3801 t.
2330 3751 2391 3813 V,
2424 3767 2475 3816 p.
2501 3753 2613 3804 684.
2644 3753 2851 3805 Galland
2893 3768 2945 3817 p.
2976 3754 3087 3816 706,
3113 3768 3162 3804 n.
3181 3754 3256 3818 9).

443 3849 684 3920 Ὀτιπερ
715 3849 766 3901 εί
822 3848 917 3900 καὶ
951 3846 1161 3919 φίλτρῳ
1197 3845 1395 3910 ζέοντι,
1450 3847 1546 3899 καὶ
1598 3846 1801 3915 στοργῇ
1857 3844 1957 3914 ἐμ-

2130 3837 2319 3895 Causa
2364 3840 2442 3895 rei
2473 3840 2591 3896 haec
2622 3849 2728 3906 est,
2763 3842 2934 3911 quod,
2968 3842 3224 3913 quamvis
3252 3856 3320 3897 ex
3355 3841 3532 3898 calido
3566 3841 3654 3897 af-

364 3943 529 4014 πύρῳ
554 3942 730 3994 ἐδόκει
759 3941 1103 4011 προαγαγεῖν
1147 3938 1209 3992 τὸ
1260 3938 1437 4009 ῥῆμα,
1469 3937 1586 3991 ἀλλ’
1614 3935 1709 3990 οὖν
1758 3934 1955 4007 ἡδονὴν

2063 3927 2216 3984 fectu
2247 3939 2303 3986 et
2332 3945 2526 3987 amore
2557 3930 2807 3987 fervente
2852 3932 2924 3986 ita
2952 3933 3101 4004 loqui
3130 3933 3427 4000 videretur,
3461 3935 3654 3991 eadem

363 4037 563 4106 ἔφερεν
608 4036 688 4105 τῷ
736 4032 995 4103 διαϐόλῳ.
1031 4032 1140 4085 Τοῦ
1172 4030 1281 4103 γὰρ
1320 4030 1397 4103 μὴ
1437 4030 1632 4084 παθεῖν
1678 4029 1771 4083 τὸν
1818 4030 1956 4101 Χρι-

2060 4024 2245 4071 tamen
2314 4033 2482 4089 Opera
2539 4019 2761 4075 diabolo
2802 4030 3017 4091 gratum
3071 4022 3328 4079 faciebat.
3372 4024 3654 4081 Christum

369 4129 521 4193 στὸν,
566 4127 761 4197 κέρδος
807 4121 876 4197 ἦν
928 4126 1188 4196 μέγιστον
1216 4123 1295 4195 τῷ
1325 4125 1573 4195 Σατανᾷ,
1624 4122 1721 4177 ἆτε
1765 4122 1828 4192 δὴ
1858 4121 1957 4191 τῆς

2058 4108 2209 4159 enim
2254 4123 2364 4162 non
2410 4110 2644 4179 perpeti,
2706 4110 3008 4165 maximum
3058 4113 3274 4167 lucrum
3321 4115 3657 4171 conciliabat

364 4221 477 4275 τῶν
547 4195 855 4290 ἀνθρώπων
906 4216 1225 4289 τυραννίδος
1279 4216 1379 4270 οὐκ
1434 4216 1796 4287 ἐξισταμένῳ.
1857 4213 1955 4268 Διά

2058 4195 2300 4264 Satanae,
2354 4199 2422 4255 de
2474 4208 2749 4270 potestate
2802 4218 2904 4257 sua
2951 4203 3008 4257 in
3065 4204 3319 4261 homines
3364 4223 3652 4278 nunquam

357 4309 522 4365 τοῦτο
551 4287 768 4363 οῦννκαὶ
799 4310 833 4379 ή
884 4287 1207 4379 ἐπιτίμησις
1250 4306 1435 4376 λέγει·
1472 4326 1490 4359 ι
1525 4307 1745 4376 ’Υπαγε
1779 4305 1954 4359 ὀπίσω

2058 4287 2301 4359 alioquin
2360 4290 2730 4347 deturbando.
2782 4293 3080 4364 Propterea
3130 4297 3293 4351 etiam
3348 4299 3653 4369 increpatio

366 4419 498 4476 μου,
525 4401 764 4468 Σατανᾶ,
800 4399 939 4455 διότι
968 4399 1031 4454 οὐ
1063 4402 1283 4471 φρονεῖς
1305 4400 1374 4453 τὰ
1398 4396 1493 4453 τοῦ
1526 4397 1683 4455 Θεοῦ.
1726 4416 1748 4450 ›

2060 4379 2136 4435 ita
2196 4381 2475 4437 habebat:
2513 4402 2532 4435 ι
2574 4382 2911 4451 Retrocede,
2981 4384 3220 4457 Satana,
3272 4404 3449 4461 neque
3500 4391 3649 4447 enim

2062 4472 2209 4542 sapis
2240 4489 2326 4541 ea,
2356 4489 2482 4545 quae
2510 4474 2608 4531 Dei
2640 4486 2771 4533 sunt
2792 4476 2861 4531 ’9.
2893 4477 2935 4548 »ι

1352 4574 1683 4642 ΟΟΑΞΞΤΙΟ
1733 4577 1989 4635 CCCXIX
2049 4584 2235 4658 [CoisL
2281 4589 2440 4645 Taur.
2480 4588 2690 4665 XCIV].

1477 4667 1556 4723 De
1582 4668 1863 4724 Absalomi
1893 4674 2170 4733 seditione.
2202 4710 2267 4722 —
2300 4681 2532 4739 lnedita.

361 4772 427 4827 Τι
466 4767 751 4839 σημαίνει
795 4764 837 4833 ἡ
886 4762 994 4819 τοῦ
1037 4763 1356 4834 Ἀὄσαλὼμ
1386 4762 1469 4830 τῷ
1500 4765 1678 4834 πατρὶ
1722 4766 1943 4825 ἐπανά-

1018 4850 1238 4901 στασις
1250 4852 1270 4901 ;

433 4931 546 5000 Τὴν
590 4903 701 4982 τῶν
750 4925 1024 4981 Ἰουδαίων
1073 4925 1332 4993 είκονίζει
1377 4929 1519 4984 κατά
1546 4930 1640 4985 τοῦ
1692 4932 1949 5007 Σωτῆρος

352 5025 380 5076 ἐ
391 5022 751 5076 πανάστασιν.
762 5056 824 5076 η.

916 5110 1258 5164 ΕΡΩΤΗΣΙΣ
1286 5111 1416 5166 TK'.

359 5201 499 5287 Πῷς
540 5200 616 5287 (2)
648 5202 1087 5287 ἐντελλόμενος
1111 5206 1144 5256 ό
1169 5203 1658 5287 ,Σωτὴρηπάρτας
1684 5207 1946 5287 ἀγᾳπᾷη,

432 5273 729 5326 ἐπιτάττει
768 5274 1040 5346 ᾼπέμπῄων
1087 5273 1232 5346 τοὺς
1291 5276 1563 5346 μαθητὰς
1602 5279 1689 5344 είς
1723 5273 1791 5332 τὸ
1844 5273 1951 5346 an};

426 5359 648 5414 ρυγμα,
669 5342 905 5413 μηδένα
929 5342 1306 5404 ἀσπάζεσθαι
1343 5345 1495 5399 κατὰ
1535 5342 1866 5415 τῆν’όδόντ

2176 3469 2508 3539 QUESTIO
2545 3471 2849 3527 cccxvrn
2894 3472 3082 3544 [ςοεδι.
3128 3472 3290 3526 Taur.
3332 3469 3546 3542 XCIII].

2060 3559 2239 3627 Quare
2269 3560 2431 3616 Iesus
2479 3559 2727 3644 Petrunt.
2770 3572 3024 3675 mortem9
3041 3563 3158 3633 ejus
3200 3579 3337 3632 wgre
3380 3562 3653 3631 ferentem,

2692 3644 2983 3675 nmrnnnml

2692 3644 3011 3704 Increpath

2130 4774 2273 4841 Quid
2301 4779 2575 4849 signiﬁcat
2618 4782 2896 4835 Absalomi
2937 4792 3124 4836 contra
3168 4795 3373 4852 patrem
3414 4788 3649 4843 seditio?

2129 4929 2357 4999 Figurat
2405 4932 2723 4992 Judazorum
2799 4938 3123 4995 seditionem
3188 4952 3383 4998 contra
3452 4944 3649 4999 Salva-

2056 5030 2232 5078 torem
2273 5067 2285 5079 .
2324 5065 2337 5079 .
2376 5065 2390 5078 .

2198 5116 2529 5183 QUASSTIO
2567 5120 2798 5177 CCCXX
2841 5120 3035 5193 [CoisL
3093 5123 3258 5179 Taur.
3302 5126 3487 5200 XCV].

2059 5208 2643 5290 Quomodo‘Salvator
2702 5226 2879 5269 noster
2903 5259 2926 5290 ,_
2975 5233 3155 5271 onmes
3196 5236 3377 5273 (tutare
3416 5223 3646 5290 jubms,

2133 5280 2427 5364 discipulos
2469 5293 2645 5338 tamen
2689 5287 2926 5364 σταθερά
2966 5290 3375 5364 prwdicqudum
3410 5280 3647 5361 mittens,

2133 5357 2398 5424 prwcipt't,
2436 5372 2499 5408 ne
2526 5372 2678 5425 quem
2712 5358 2769 5410 in
2798 5357 2880 5410 ria
2910 5360 3142 5411 salutent
3162 5359 3244 5412 “’2’

580 5457 833 5507 Editarum
868 5474 895 5509 a
922 5458 1104 5510 Wolﬁo
1137 5459 1511 5523 quadragesima
1546 5469 1691 5513 sexta
1725 5464 1866 5526 (Cur.
1888 5464 2098 5526 PhiloL,
2133 5471 2172 5515 t.
2212 5467 2272 5526 V,
2311 5481 2358 5529 p.
2393 5469 2505 5519 68L
2542 5470 2767 5520 Galland.
2802 5484 2853 5533 p.
2889 5472 3002 5531 706,
3037 5486 3087 5521 η.
3129 5474 3203 5532 10,
3238 5488 3289 5536 q.
3324 5475 3429 5537 Οἱ).

440 5542 614 5606 Ἔδει,
672 5544 755 5597 ὅτι
823 5544 925 5596 οὐκ
979 5542 1127 5597 ἔστιν
1179 5544 1398 5599 ἐναντία
1457 5545 1630 5601 ταῦτα
1679 5547 1945 5618 ἀλλήλων.

2133 5549 2392 5617 Noverat,
2422 5568 2485 5607 ea
2517 5554 2621 5609 sibi
2645 5555 2877 5611 invicem
2901 5571 3009 5611 non
3038 5556 3339 5613 adversari.
3370 5562 3652 5634 Amplexiv

440 5684 483 5715 ³⁸
512 5682 706 5737 Matth.
745 5699 896 5747 xxvi,
934 5682 1022 5737 9.6.
1102 5685 1144 5715 ³9
1183 5683 1377 5742 Matth.
1422 5688 1641 5749 “1,95.
1724 5690 1763 5717 ⁵ο
1798 5687 1926 5741 Luc.
1959 5706 2011 5751 κ,
2057 5690 2109 5743 4.

1853 5806 2089 5863 NOTAE.

440 5892 518 5969 (ι)
555 5892 717 5952 Deest
745 5895 802 5953 in
830 5896 952 5953 cod.
983 5896 1139 5953 Colb.
2144 5903 2215 5973 (ἑ)
2254 5902 2599 5965 Dcsidcratur
2628 5916 2679 5967 et
2715 5910 2818 5969 hoc
2847 5926 3171 5987 responsum
3198 5913 3253 5972 in
3277 5914 3432 5974 Colb.
