4132 6428
508 370 641 436 1191

1686 370 1946 431 PIIOTII
1980 370 2487 430 PATRIARCIIZE
2526 370 2635 432 (ΖΡ.

3644 366 3780 433 1192

504 502 650 550 nent,
685 487 828 555 quod
859 498 920 539 ea
958 485 1167 538 nullum
1201 482 1364 537 officii
1413 498 1583 553 genus
1611 522 1626 549 ,
1659 498 1769 552 quo
1804 483 2090 537 honestam

2201 483 2511 555 Παρθένον,
2561 483 2637 545 ὡς
2690 479 3009 549 φυλάξασαν
3067 481 3245 535 πάντα
3292 480 3362 535 τὰ
3412 483 3481 553 τῇ
3544 482 3779 555 σώφρονι

505 590 811 633 matronam
839 578 1105 632 adversus
1138 578 1314 631 virum
1355 592 1517 630 suum
1554 575 1707 645 fungi
1738 576 1914 639 decet,
1961 588 2090 645 erga

502 687 625 725 eum
661 670 1068 739 praetermiserit
1097 669 1199 739 (9).

541 783 689 850 Quod
723 784 860 837 enim
891 783 944 837 in
968 799 1030 836 ea
1062 792 1238 835 natum
1268 792 1343 835 est
1364 823 1377 847 ,
1410 780 1473 834 de
1504 779 1709 833 Spiritu
1735 785 1921 833 sancto
1959 785 2057 828 est.

576 984 779 1038 Pliolii.
813 982 892 1037 Ad
935 998 1032 1037 eos
1065 980 1159 1051 qui
1199 979 1336 1034 forte
1360 990 1611 1050 quierant
1638 977 1993 1050 quamobrem
2026 992 2090 1031 ex

506 1076 711 1146 Spiritu
767 1084 957 1129 sancto
1004 1082 1304 1141 conceptus
1362 1073 1575 1126 diCatur
1634 1069 1887 1126 Christus
1937 1083 2091 1121 :non

502 1168 647 1221 enim
668 1166 841 1220 Filius
867 1164 1123 1234 Spiritus,
1149 1162 1241 1216 sed
1266 1160 1444 1215 Patris
1461 1160 1717 1216 Christus
1746 1177 1761 1214 τ
1789 1160 1870 1214 sic
1893 1174 2090 1213 occur-

519 1261 683 1322 ritur,
725 1258 989 1327 Spiritum
1036 1254 1140 1307 dici
1179 1255 1432 1307 deitatem
1466 1267 1713 1315 onmem,
1738 1250 1891 1321 juxta
1945 1247 2092 1319 quod

508 1354 756 1406 Salvator
781 1351 856 1403 ait
892 1368 904 1403 :
945 1346 1179 1416 Spiritus
1229 1354 1307 1399 est
1350 1345 1513 1412 Deus,
1535 1355 1583 1398 et
1625 1361 1711 1399 eos
1738 1345 1831 1413 qui
1866 1342 2092 1396 adornat

504 1447 701 1514 ipsum,
722 1445 775 1496 in
803 1441 1007 1510 Spiritu
1027 1448 1075 1493 et
1110 1439 1326 1492 veritate
1360 1446 1561 1507 oportet
1591 1436 1837 1490 adorare.
1870 1433 2095 1504 Proprie

506 1545 688 1588 tanien
737 1541 791 1587 et
822 1529 1173 1585 notionaliter
1208 1528 1410 1582 dicitur
1451 1526 1690 1597 Spiritus
1726 1534 1951 1581 sanctus
1985 1538 2090 1576 una

506 1642 738 1697 persona
771 1622 1078 1677 Trinitatis.
1132 1620 1403 1674 Cmterum
1465 1619 1569 1673 hoc
1628 1619 1750 1672 loco
1805 1616 2091 1670 mentione

508 1718 744 1782 Spiritus
777 1714 952 1770 sancti
981 1712 1107 1766 licet
1136 1710 1437 1779 intelligere
1466 1709 1724 1762 virtutem
1751 1707 1897 1761 Filii.
1952 1704 2089 1759 Nam

506 1821 558 1864 et
583 1810 753 1864 Filius
775 1807 1009 1877 Spiritus
1027 1813 1277 1867 vocatur,
1298 1811 1484 1873 utpote
1509 1801 1672 1856 Deus.
1699 1799 1880 1854 Mirari
1905 1810 2087 1854 autem

2194 576 2415 642 γυναικὶ
2449 575 2729 645 πρέποντα
2759 572 2899 645 πρὸς
2932 572 3023 627 τὸν
3049 574 3250 645 ἑαυτῆς
3279 572 3533 642 σύζυγον.

2200 779 2269 833 Τὸ
2312 777 2423 848 γὰρ
2474 776 2546 831 ἐν
2587 776 2744 846 αὐτῇ
2769 778 3088 900 γεηῃῆὲν,
3129 777 3198 831 ἐκ
3235 776 3584 847 Πνεύματός
3609 776 3782 831 ἐστιν

2896 865 2974 900 αν
2998 867 3090 900 Ου.

2896 865 3090 918 αγιου.

2266 967 2514 1021 Φωτίου.
2565 964 2712 1036 Πρὸς
2746 964 2874 1027 τοὺς
2913 963 3173 1031 λέγοντας
3214 961 3333 1025 πῶς
3369 962 3435 1015 ὲκ
3464 959 3781 1031 Πνεύματος

2195 1059 2354 1128 ἁγίου
2389 1060 2423 1130 ἡ
2452 1058 2649 1129 κύησις
2687 1075 2701 1087 ο
2756 1057 2818 1110 οὐ
2854 1056 2961 1126 γάρ
3000 1058 3149 1109 ἐστιν
3177 1055 3206 1107 6
3236 1052 3471 1125 Χριστὸς
3515 1052 3644 1113 Υἱὸς
3682 1051 3779 1104 τοῦ

2196 1152 2534 1223 Πνεύματος,
2567 1150 2704 1204 ἀλλὰ
2733 1149 2827 1203 τοῦ
2861 1149 3069 1220 Πατρός
3093 1165 3108 1180 ο
3160 1146 3307 1200 ἐστιν
3337 1146 3510 1199 είπείν
3534 1160 3548 1176 ο
3581 1144 3664 1197 ὅτι
3692 1144 3782 1196 λέ-

2195 1262 2352 1314 γεται
2400 1243 2626 1313 Πνεῦμα
2669 1243 2820 1295 πᾶσα
2866 1241 3147 1313 ήθεότης,
3185 1237 3262 1301 ὥς
3291 1255 3425 1308 φησι
3465 1240 3493 1291 ό
3544 1237 3736 1306 Σωτήρ
3761 1251 3778 1264 ·

2197 1336 2440 1405 Πνεῦμα
2473 1338 2505 1389 ὀ
2539 1332 2828 1400 Osee-fita!
2867 1332 3013 1398 τοὺς
3049 1329 3553 1399 προσκυνοῦντας
3596 1326 3785 1380 αὐτόν

2194 1426 2265 1479 ἐν
2292 1426 2587 1494 Πνεύματι
2614 1423 2711 1476 καὶ
2738 1422 2987 1489 ἀληθείᾳ
3017 1420 3108 1475 δεῖ
3130 1422 3519 1489 προσκυνεῖν.
3551 1416 3783 1484 Λέγεται

2195 1520 2252 1573 δὲ
2287 1518 2430 1581 ίδίως
2464 1517 2557 1570 καὶ
2585 1516 2648 1568 τὸ
2700 1513 2928 1584 Πνεῦμα
2959 1512 3018 1566 τὸ
3050 1512 3203 1579 ἅγιον
3224 1552 3239 1575 ,
3282 1509 3560 1563 τουτέστιν
3602 1510 3637 1578 ἠ
3685 1508 3785 1577 μία

2195 1611 2495 1672 ὑπόστασις
2524 1624 2539 1637 '
2588 1605 2783 1661 οὐκοῦν
2826 1607 2919 1659 καὶ
2964 1605 3191 1675 Πνεῦμα
3226 1603 3381 1671 ἅγιον
3442 1600 3561 1654 ἔστι
3594 1599 3784 1669 νοῆσαι

2196 1706 2291 1759 καὶ
2342 1706 2441 1777 τὴν
2483 1702 2578 1757 τοῦ
2634 1700 2764 1755 Υίοῦ
2819 1700 3086 1769 δύναμιν*
3143 1697 3237 1750 καὶ
3281 1696 3391 1764 γὰρ
3439 1693 3534 1746 καὶ
3579 1692 3609 1745 6
3658 1689 3787 1749 Υἱὸς

2197 1800 2425 1871 Πνεῦμα
2457 1798 2727 1862 καλεῖται,
2764 1795 2901 1848 καθὸ
2928 1794 3061 1857 Θεός
3095 1805 3110 1821 ’
3166 1792 3226 1845 οὐ
3264 1792 3344 1844 δεῖ
3376 1790 3432 1843 δὲ
3460 1786 3742 1856 θαυμάσαι
3766 1799 3782 1813 ⁸

509 1919 616 1956 non
648 1909 882 1970 oportet.
908 1898 1007 1965 Qui
1033 1896 1178 1951 enim
1197 1909 1262 1948 ex
1284 1910 1392 1948 uno
1422 1894 1540 1948 viro
1567 1893 1754 1946 eduxit
1780 1891 2087 1953 mulierem,

2201 1894 2274 1965 τῷ
2303 1894 2413 1964 γὰρ
2464 1895 2530 1946 ὲκ
2576 1891 2739 1963 μόνου
2770 1886 2867 1942 τοῦ
2914 1886 3106 1959 ἀνδρὸς
3154 1884 3476 1952 ὲξαγαγόντι
3521 1882 3785 1949 γυναῖκα,

507 1993 696 2064 quidni
728 1992 899 2061 possit
927 1991 1068 2046 idem
1098 2006 1163 2045 ex
1193 2002 1300 2044 una
1338 1999 1559 2057 quoque
1585 1983 1813 2039 muliere
1844 1996 2079 2054 puerum

507 2086 738 2139 educere
769 2085 844 2155 (5)
864 2083 887 2136 ?

512 2197 668 2252 Vsus.
696 2197 786 2250 9.2.
821 2194 933 2248 lloc
956 2205 1130 2248 autem
1170 2202 1337 2246 totum
1370 2192 1568 2262 factum
1593 2199 1691 2251 est,
1725 2197 1782 2242 ut
1826 2187 2096 2262 adimple-

572 2278 715 2322 retur
741 2267 878 2336 quod
905 2266 1107 2318 dictant
1132 2275 1207 2318 est
1248 2281 1281 2318 a
1314 2260 1543 2316 Demino
1570 2278 1661 2331 per
1684 2260 2021 2330 prop/telam.

579 2379 785 2433 Plzotii.
819 2377 1047 2432 Comma
1078 2376 1218 2431 istud
1266 2376 1345 2430 sie
1378 2390 1437 2430 se
1475 2373 1683 2428 habens
1716 2391 1730 2426 :
1769 2371 1882 2425 Hoc
1919 2380 2097 2423 autem

510 2478 676 2521 totum
706 2467 906 2535 factum
930 2475 1028 2528 est,
1059 2472 1162 2519 etc.
1196 2464 1413 2518 cuinam
1448 2461 1797 2515 tribuendum
1850 2472 2099 2527 persome

508 2563 632 2618 est?
659 2562 955 2631 Angelone,
986 2575 1053 2613 an
1100 2555 1499 2626 evangelista?
1524 2554 1582 2609 ln
1613 2553 1852 2624 speciem
1878 2552 2096 2620 quidem

509 2652 687 2721 angeli
722 2663 845 2717 est,
876 2660 935 2704 ut
989 2649 1156 2704 etiam
1205 2648 1569 2716 interpretum
1606 2644 1832 2713 quidam
1879 2642 2099 2707 docent,

509 2762 568 2800 re
595 2757 775 2799 tamen
805 2758 951 2806 vera,
984 2740 1268 2811 Scriptoris
1302 2741 1403 2810 (4).

510 2858 638 2912 CAP.
693 2855 755 2909 ll.
813 2853 978 2907 Vens.
1023 2852 1111 2906 15.
1147 2852 1397 2917 Quicum
1446 2851 1815 2913 recessissent,
1851 2862 1966 2899 ecce
2005 2862 2103 2898 an-

583 2927 727 2995 gelus
754 2924 963 2977 Domini
995 2924 1243 2992 apparuit
1274 2924 1331 2976 in
1376 2924 1575 2975 somnis
1608 2919 1829 2995 Joseplt,
1863 2917 2044 2995 dicens
2076 2932 2095 2969 :

584 2985 752 3065 Surge
780 3007 828 3048 et
854 2985 1036 3064 accipe
1061 2985 1304 3064 'paerum
1344 3002 1394 3046 et
1429 3001 1657 3045 matrem
1702 2985 1838 3059 ejus,
1870 2996 1941 3043 .et
1982 2985 2104 3057 fuge

581 3071 635 3121 in
667 3067 981 3136 JEgyptum.

585 3180 790 3233 Photii.
826 3177 882 3231 ln
919 3175 1211 3246 Egyptum
1274 3160 1734 3244 fugit-Christus,
1785 3180 1847 3227 ut
1876 3179 1930 3227 et
1962 3170 2105 3226 hanc

2195 1987 2423 2041 δυνατόν
2469 1988 2583 2038 ἐστι
2639 1982 2734 2037 καὶ
2778 1982 2843 2035 ἐκ
2887 1981 3055 2052 μόνης
3088 1977 3347 2048 γυναικὸς
3386 1976 3553 2030 παῖδα
3584 1974 3787 2041 ἐξαγα-

2195 2082 2336 2148 γεῖν.

2202 2192 2384 2248 Τοῦτο
2426 2190 2495 2244 δὲ
2525 2191 2675 2245 ὅλον
2715 2190 2983 2259 γέγονεν.
3032 2187 3136 2259 ἵνα
3169 2179 3458 2259 ετληρωθῇ
3498 2177 3564 2232 τό
3594 2176 3789 2246 ῥηθὲν

2411 2263 2529 2317 ὑπὸ
2556 2261 2663 2315 τοῦ
2699 2252 2920 2329 Κυρίου
2955 2257 3055 2312 διὰ
3091 2254 3198 2310 τοῦ
3238 2252 3571 2322 προφήτου.

2270 2378 2520 2431 Φωτίου.
2562 2376 2638 2429 Τὸ
2669 2374 2855 2447 ῥητὸν,
2890 2373 2950 2427 τὸ
2976 2371 3134 2439 λέγον
3155 2386 3169 2401 ·
3206 2369 3387 2423 Τοῦτο
3420 2365 3489 2419 δὲ
3521 2363 3671 2417 ὅλον
3695 2360 3788 2429 τέ-

2199 2488 2359 2542 τονε,
2382 2468 2526 2533 τίνος
2555 2469 2622 2522 ἂν
2643 2470 2750 2539 είη,
2776 2465 2867 2521 τοῦ
2895 2465 3128 2535 ἀγγέλου
3158 2463 3191 2532 ἢ
3215 2459 3309 2514 τοῦ
3355 2452 3745 2525 εὐαγγελιστοῦ
3769 2469 3785 2515 ;

2200 2565 2290 2633 Τῷ
2335 2566 2433 2634 μὲν
2488 2563 2666 2617 δοκεῖν
2717 2559 2811 2614 τοῦ
2860 2557 3094 2626 ἀγγέλου
3117 2597 3132 2620 ,
3180 2553 3256 2616 ὥς
3305 2549 3436 2621 φασί
3482 2564 3630 2609 τινες
3678 2544 3788 2597 τῶν

2201 2656 2577 2729 ὲρμηνευτῶν,
2608 2657 2680 2727 τῇ
2708 2654 2765 2708 δὲ
2794 2651 3031 2724 ἀληθείᾳ
3059 2648 3154 2703 τοῦ
3185 2644 3569 2715 συγγραφέως.

2216 2838 2764 2924 Ἀναχωρησάντωις
2789 2848 2858 2902 δὲ
2880 2845 3099 2924 αῠῖῶνς,
3129 2842 3259 2924 ἰδοὺ
3287 2841 3541 2924 ἄγγελος
3566 2838 3788 2924 Ιςιέρίου

2276 2909 2549 2994 φαῗὶλέτάι
2580 2922 2710 2994 κειτῖ
2732 2920 2877 2994 ὄνιιρ
2908 2916 2988 2981 τῷ
3001 2909 3277 2994 ⁸’.Ιῶσὴςφ
3306 2912 3502 2994 λέγων
3520 2927 3533 2940 ’
3566 2909 3791 2994 ρἸῑγιιξρ-

2432 2992 2743 3061 ,παράλαϐε
2782 2976 2855 3042 τό
2884 2976 3125 3061 sta-imos“
3156 2976 3254 3037 καί
3297 2976 3409 3050 τὴν·
3429 2976 3662 3051 μητέρα
3687 2979 3793 3033 αὺ-

2276 3058 2405 3131 τοῦ,
2440 3058 2537 3117 καί
2573 3062 2756 3132 φεῦγε
2788 3062 2876 3125 είς
2909 3058 3238 3126 Αἴγυπτον.

2280 3180 2529 3234 Φωτιυυ.
2571 3176 2665 3240 Et;
2699 3173 2973 3242 Αἴγυπτον
3001 3168 3193 3240 φεύγει
3222 3168 3250 3220 6
3284 3164 3541 3237 Χριστὸς,
3583 3163 3677 3216 ἵνα
3704 3161 3795 3215 καὶ

514 3274 902 3334 sanetilicaret,
968 3240 1434 3339 quemadmodum
1486 3263 1816 3334 Babylonem
1850 3278 1947 3333 per
1984 3263 2096 3316 Ma-

2207 3272 2407 3342 ταύτην
2431 3268 2664 3342 ἁγιάσῃ·
2694 3240 2885 3336 ὥσπερ
2906 3263 3005 3334 τὴν
3033 3258 3327 3316 Βαϐυλῶνα
3354 3257 3442 3312 διὰ
3466 3256 3576 3310 τῶν
3604 3257 3796 3328 μάγων

516 3380 612 3435 gos
640 3364 732 3433 qui
775 3362 841 3417 ad
899 3376 1024 3416 eum
1084 3357 1427 3414 adorandum
1462 3366 1750 3421 venerant,
1787 3354 2104 3411 sanetitiea-

514 3465 687 3512 verat.

520 3575 655 3628 Car.
695 3572 783 3626 111.
819 3570 990 3626 Vnus.
1027 3569 1080 3623 9.
1123 3568 1191 3622 Et
1257 3584 1319 3619 ne
1378 3565 1548 3620 velitis
1607 3564 1779 3618 dicere
1825 3564 1970 3617 intra
1993 3577 2102 3627 vos,

585 3643 804 3698 Putrem
831 3644 1081 3695 habemus
1120 3641 1387 3693 Abraham
1412 3652 1429 3689 :
1452 3637 1571 3688 dico
1610 3637 1749 3688 enim
1778 3634 1942 3691 vobis,
1976 3649 2105 3701 quo-

592 3717 734 3766 niam
768 3722 949 3780 potens
1000 3720 1077 3764 est
1108 3710 1249 3762 Deus
1286 3706 1351 3759 de
1384 3704 1652 3774 lapidibus
1688 3705 1807 3758 istis
1838 3705 2101 3759 suscitare

596 3784 733 3853 ﬁlios
764 3783 1008 3835 Abrahw.

593 3900 793 3955 Pltotii.
845 3898 999 3963 Quod
1055 3894 1262 3966 lapides
1327 3893 1430 3949 hos
1490 3891 1644 3956 dicit,
1682 3906 1791 3944 non
1830 3899 2011 3943 tamen
2050 3889 2103 3943 in

516 3991 791 4062 lapidibus
849 3990 1016 4043 lueret
1073 3987 1157 4041 vis
1216 3983 1521 4051 sententiae,
1583 3982 1675 4037 sed
1730 3982 1983 4035 homines
2014 3980 2106 4035 de-

520 4084 703 4153 signat
730 4096 889 4151 quos,
915 4078 1264 4149 imperfectos
1298 4076 1424 4130 licet
1452 4083 1509 4130 et
1548 4074 1793 4128 inﬁdeles
1824 4084 1877 4127 et
1905 4087 2105 4142 paupe-

519 4188 632 4235 res,
670 4180 851 4240 potest
902 4180 1132 4237 magnos
1183 4174 1238 4220 et
1296 4165 1540 4218 illustres
1568 4160 1804 4226 ellieere,
1836 4161 1882 4216 si
1922 4170 2102 4214 tamen

518 4264 625 4335 ipsi
673 4265 855 4319 sinant
902 4268 956 4315 et
1011 4258 1221 4324 velint;
1283 4254 1749 4325 quemadmodum
1804 4251 2102 4315 Abraham,

518 4358 669 4428 quod
722 4356 833 4411 Deo
884 4351 1137 4418 credidit,
1173 4365 1243 4407 ex
1272 4349 1474 4421 ignotis
1497 4345 1773 4402 natalibus
1807 4345 2100 4410 obscurus,

516 4451 749 4507 illustris
780 4449 956 4503 evasit
984 4446 1086 4518 (5).

657 4563 823 4618 Vens.
855 4560 942 4615 12.
971 4559 1140 4627 Cujus
1172 4555 1521 4612 ventilabrum
1548 4555 1606 4608 in
1632 4570 1791 4607 manu
1817 4553 1956 4623 ejus.

2206 3362 2435 3434 ἡγίασεν
2467 3359 2728 3415 ἐλθόντων
2762 3358 2845 3420 είς
2878 3353 3252 3427 προσκύνησιν
3287 3349 3475 3405 αὐτοῦ.

2208 3568 2319 3625 Καὶ
2345 3566 2431 3637 μὴ
2464 3566 2681 3637 δόξητε
2709 3562 2912 3637 λέγειν
2936 3559 3005 3613 ἐν
3026 3556 3286 3637 ἐςαυιςοζς,
3316 3554 3551 3637 nausea
3576 3554 3795 3637 57.0!(5’:

2278 3625 2387 3693 τὸῖν·
2416 3625 2689 3703 ”Αϐῥάάμ
2721 3650 2735 3664 ·
2790 3625 2952 3699 iure)
2988 3630 3100 3703 γὰρ
3137 3628 3301 3703 ὑμῖν,
3339 3626 3430 3703 ῥ’τι
3477 3625 3729 3703 (iuratae
3765 3627 3796 3701 ῥ

2284 3692 2428 3773 Θεὸς
2465 3692 2544 3760 ἑνί
2579 3692 2701 3759 τῶν
2733 3692 2921 3759 λίθων·
2966 3692 3193 3755 τούτωῦ
3236 3696 3452 3768 ἐγεῖραι
3502 3695 3687 3749 τέκνα
3719 3692 3795 3758 τῷ

2292 3780 2351 3835 Ἀ
2360 3776 2569 3847 ϐοαάμ.

2277 3894 2524 3946 Φωτίου.
2559 3889 2633 3943 Τὸ
2659 3891 2724 3942 ὲκ
2754 3889 2863 3942 τῶν
2893 3884 3060 3940 λίθων
3096 3864 3323 3949 τούτων,
3355 3881 3416 3935 οὐ
3451 3879 3579 3943 τοὺς
3612 3877 3794 3940 λίθους

2208 3987 2407 4050 αὐτοὺς
2458 3984 2648 4052 λέγει’
2704 3982 2820 4036 ἀλλ’
2862 3982 2946 4034 ὅτι
2995 3979 3055 4044 ἐξ
3098 3976 3401 4049 ἀνθρώπων
3448 3971 3661 4029 ἀτελῶν
3702 3970 3794 4024 καὶ

2207 4079 2454 4133 ἀπίστων
2485 4076 2579 4131 καὶ
2608 4076 2860 4146 πενήτων
2892 4072 3115 4126 δύναται
3162 4069 3430 4141 μεγάλους
3455 4082 3515 4120 τε
3548 4064 3645 4118 καὶ
3672 4066 3792 4115 ἐπι-

2209 4174 2417 4243 σήμους
2439 4170 2682 4240 ποιῆσαι,
2707 4168 2912 4238 ἐάνπερ
2932 4165 3159 4219 ἐθέλωσι
3177 4181 3191 4196 ·
3223 4161 3475 4230 καθάπερ
3499 4156 3794 4229 ὁἈὸραὰμ

2206 4261 2506 4324 πιστεύσας
2533 4258 2651 4330 Θεῷ
2676 4258 2735 4325 ἐξ
2764 4258 2993 4328 ἀσήμων
3019 4256 3243 4325 γέγονεν
3276 4251 3568 4321 ἐπίσημος.

2484 4552 2566 4617 Οὗ
2602 4558 2666 4613 τὸ
2697 4556 2892 4611 πτύον
2925 4553 2994 4608 ὲν
3023 4550 3097 4622 τῇ
3125 4549 3278 4622 χειρί
3308 4547 3525 4604 αὐτοῦ.

589 4680 787 4734 ΡΙιοτὶἰ.
828 4673 1153 4732 Sieutenim
1193 4672 1249 4727 in
1276 4669 1601 4741 supellectili
1634 4662 1865 4723 aliarum
1899 4667 2096 4723 artium

2278 4674 2526 4728 Φωτίου.
2568 4672 2778 4742 Ὠσπερ
2812 4669 2922 4740 γὰρ
2968 4667 3061 4720 ἐπὶ
3108 4665 3217 4718 τῶν
3260 4663 3437 4718 ἄλλων
3473 4660 3792 4731 ἐπιστημῶν

515 4785 645 4831 sunt
680 4774 1046 4828 instrumenta
1104 4775 1258 4822 certa
1318 4764 1387 4819 ad
1427 4762 1851 4818 discernendum
1891 4776 1954 4816 ea
1979 4776 2101 4830 quas

511 4869 669 4937 juxta
740 4866 901 4919 linem
955 4872 1009 4917 et
1055 4859 1368 4915 institutum
1410 4856 1683 4926 cujusque
1723 4854 1809 4909 vel
1841 4855 1981 4908 bona
2017 4853 2098 4907 vel

516 4972 681 5014 secus
704 4966 854 5019 sunt,
887 4956 968 5009 sic
998 4954 1122 5008 etin
1157 4949 1494 5023 agricultura
1522 4946 1881 5016 frugibusque
1911 4946 2097 5000 labore

516 5050 726 5105 rustico
790 5048 1023 5110 eductis,
1062 5060 1187 5099 area
1232 5053 1287 5100 et
1322 5039 1689 5097 ventilabrum
1720 5047 1826 5093 est.
1881 5038 1938 5091 ln
1967 5052 2091 5091 area

515 5143 719 5211 quippe
764 5140 1101 5194 frumentum
1139 5152 1167 5191 a
1213 5136 1367 5207 palea
1403 5133 1758 5189 discernitur.
1790 5130 1909 5196 Qua
1944 5129 2099 5183 simi-

516 5234 748 5288 litudine
793 5233 1085 5286 adumbrat
1147 5228 1468 5289 Eeelesiam,
1522 5236 1579 5279 et
1629 5225 1719 5278 Dei
1753 5224 1861 5277 vim
1892 5223 2100 5279 discer-

514 5326 737 5379 “entem
777 5337 807 5376 a
844 5322 1000 5377 bonis
1033 5336 1128 5375 cos
1154 5320 1248 5390 qui
1278 5319 1415 5373 tales
1442 5332 1550 5371 non
1586 5323 1716 5370 sunt
1748 5314 1846 5385 (6).

2209 4766 2326 4818 ἐστι
2354 4764 2478 4817 τινὰ
2505 4763 2714 4834 ὄργανα
2760 4758 3075 4832 διακριτικὰ
3125 4756 3235 4810 τῶν
3285 4753 3429 4807 κατὰ
3457 4753 3556 4825 τὴν
3597 4752 3792 4822 τέχνην

2207 4855 2389 4909 καλῶν
2417 4871 2477 4907 τε
2504 4856 2598 4908 καὶ
2641 4852 2899 4907 ἐναντίων
2918 4868 2933 4881 ο
2991 4849 3134 4903 οὓτω
3168 4849 3259 4902 καὶ
3286 4849 3344 4899 ὲν
3367 4848 3481 4910 τοῖς
3512 4861 3793 4913 γεωργου-

2209 4948 2392 5018 μένοις
2422 4947 2457 5017 ἡ
2487 4944 2631 5007 ἄλως
2675 4945 2792 4997 ἐστὶ
2823 4944 2918 4996 καὶ
2945 4942 3005 4995 τὸ
3043 4941 3233 4995 πτύον.
3264 4938 3356 4992 Ἐν
3384 4937 3493 5007 γὰρ
3521 4938 3587 5007 τῇ
3625 4936 3789 4990 ἁλωνι

2203 5041 2233 5093 6
2262 5040 2406 5100 σῖτος
2467 5038 2576 5090 ἀπὸ
2609 5036 2703 5089 τοῦ
2750 5034 2954 5106 ἀχύρου
2984 5033 3321 5102 διακρίνεται
3352 5047 3369 5062 ·
3421 5022 3620 5083 οἷστισι
3652 5044 3790 5099 παρ-

2206 5131 2415 5195 εικάζει
2442 5131 2540 5199 τήν
2568 5145 2631 5182 τε
2669 5126 2999 5196 Ἐκκλησίαν
3028 5124 3123 5180 καὶ
3156 5122 3254 5194 τὴν
3288 5120 3670 5194 διακρίνουσαν
3695 5119 3787 5171 το)

2204 5224 2342 5277 Θεοῦ
2401 5222 2629 5294 δύναμιν
2690 5219 2799 5274 ἀπὸ
2860 5219 2970 5273 τῶν
3030 5215 3251 5287 ἀγαθῶν
3297 5214 3424 5281 τοὺς
3478 5212 3556 5285 μὴ
3612 5209 3788 5266 τοιού-

2205 5332 2346 5380 τους.

2035 5513 2265 5571 NOTAE.

589 5685 668 5753 (2i
697 5684 784 5742 Cf.
815 5683 1181 5751 Qumstionmu
1221 5682 1381 5745 XXII,
1413 5682 1472 5737 C.

590 5755 669 5824 (δ)
697 5756 781 5809 cr.
809 5756 874 5821 Q.
916 5753 1079 5824 χχιι.

589 5822 667 5893 (4)
701 5824 786 5880 Cf.
816 5828 880 5891 ρ.
914 5822 1078 5879 XXV.

2162 5706 2169 5719 ι
2271 5677 2349 5741 (5)
2377 5677 2459 5733 er.
2488 5693 2539 5748 q.
2573 5673 2760 5748 xxx],

2276 5748 2352 5818 (ο)
2388 5748 2474 5803 cr.
2508 5744 2565 5819 'q.
2606 5744 2819 5801 χχχιι.
