4132 6470
533 357 679 425 1199
1664 356 1929 417 PHOTII
1972 357 2165 417 PATR

2174 356 2476 417 IARClL‘E
2514 355 2622 415 (ΣΡ.
3666 343 3802 408 1200

572 470 735 527 Vsus.
777 469 866 525 l7.
913 466 1095 539 Neque
1140 467 1357 530 mittunt
1394 466 1573 522 vinum
1615 482 1806 521 novum
1840 466 1896 520 in
1928 476 2071 520 utres
2141 470 2186 525 Δ

2176 463 2368 524 κούδὲ
2411 462 2764 528 ,ϐάλλουσιν
2822 454 2993 539 οἶνον
3047 460 3192 539 τρέον
3262 458 3350 523 εὶς
3399 452 3635 520 ἀσκοὺς
3700 470 3808 506 :za-

1213 548 1424 592 veteres.

2922 530 3153 595 λαιούς.

603 652 816 708 Phatii.
855 650 1017 708 Utres
1048 661 1280 716 veteres,
1318 650 1570 705 homines
1600 652 1653 706 in
1685 662 1827 707 statu
1864 653 1999 721 legis
2023 667 2116 707 ve-

2287 646 2532 701 Φωτίου.
2610 644 2842 708 Ἀσκούς
2872 643 3135 706 παλαιοὺς
3182 642 3309 704 τοὺς
3360 640 3421 693 ἐν
3470 639 3551 710 τῷ
3593 636 3809 708 παλαιῷ

537 744 669 799 teris
703 742 1033 797 constitutos
1085 740 1238 796 dicit.
1271 738 1471 794 Vinum
1496 755 1626 795 vero
1657 756 1883 805 novum,
1911 739 2115 795 Christi

2219 740 2370 811 νόμῳ
2406 737 2699 809 κειμένους
2746 737 2920 805 λέγει’
2955 733 3101 789 οἶνον
3133 734 3189 789 δὲ
3225 735 3367 798 νέον,
3407 732 3510 803 τὴν
3540 730 3637 785 τοῦ
3675 728 3810 797 Χρι-

537 834 771 905 gratiam
814 832 974 889 nobis
1001 831 1278 902 posrerius
1315 830 1519 897 datam,
1559 841 1653 887 aut
1686 830 1894 886 Novum
1923 828 2117 885 Testa-

2223 832 2349 886 στοῦ
2377 831 2541 901 χάριν
2588 828 2689 900 τὴν
2718 828 2967 883 δοθεῖσαν
2997 830 3134 898 ἡμῖν
3166 825 3419 897 ὕστερον,
3451 824 3486 895 ἢ
3527 823 3627 893 τὴν
3665 821 3811 875 Νέαν

539 936 838 982 mentum.‘

2223 926 2522 998 Διαθήκην.

545 1042 676 1099 Car.
713 1042 785 1098 Χ.
839 1039 1002 1096 \‘Ens.
1028 1040 1119 1097 58.
1149 1038 1215 1093 Et
1241 1038 1332 1110 qui
1364 1054 1464 1093 non
1490 1038 1683 1110 accipit
1713 1053 1923 1093 crucem
1941 1053 2119 1101 suam,

2221 1043 2333 1099 Kal
2378 1042 2447 1108 ὃς
2492 1044 2565 1095 οὐ
2613 1037 2904 1106 λαμϐάνει
2949 1036 3057 1090 τὸν
3119 1034 3389 1110 σταυρὸν
3442 1029 3668 1110 adfui},
3718 1027 3813 1082 καὶ

814 1121 866 1166 et
896 1111 1133 1183 sequitur
1162 1101 1264 1173 me,
1290 1126 1396 1163 non
1427 1119 1503 1163 est
1532 1101 1615 1163 me
1635 1108 1848 1178 dignus.
2329 1101 2446 1168 ἀκὸ.

2329 1101 2652 1168 ἀκολουθεῖ
2675 1101 2872 1163 ὀπίσω
2897 1125 3039 1177 μου,
3074 1108 3186 1159 οὐκ
3208 1101 3344 1158 ἐστι
3365 1121 3487 1173 μου
3517 1101 3710 1165 ἄξιος.

614 1204 817 1259 Pltotii.
842 1204 947 1273 Qui
978 1221 1082 1257 non
1109 1202 1312 1273 bajulat
1335 1218 1539 1257 crucem
1571 1217 1761 1266 meam,
1794 1200 1993 1270 inquit,
2017 1216 2123 1254 non

2296 1204 2544 1258 Φωτίου.
2576 1204 2788 1266 Ὅστις
2824 1201 2895 1253 οὑ
2918 1196 3211 1264 βαστάζει
3235 1195 3344 1249 τὸν
3371 1191 3641 1258 σταυρόν
3662 1207 3813 1259 μου,

541 1306 621 1352 est
672 1315 754 1353 me
801 1298 992 1367 dignus
1026 1296 1067 1351 ⁸.
1117 1294 1232 1350 llot:
1275 1304 1382 1360 est,
1429 1293 1681 1365 quisquis
1724 1302 1957 1346 mortem
2005 1307 2126 1345 mea

2228 1295 2421 1367 φησιν,
2459 1295 2573 1347 οὐκ
2614 1293 2748 1346 ἐστι
2779 1306 2901 1360 μου
2928 1288 3121 1354 ἄξιος.
3154 1285 3471 1349 Τουτέστιν,
3524 1282 3679 1343 ὅστις
3728 1277 3816 1330 τὸν

542 1407 711 1447 causa
732 1388 1068 1445 subeundam
1104 1401 1213 1441 non
1236 1400 1451 1454 semper
1470 1386 1657 1438 animo
1678 1382 1863 1449 volvit,
1878 1382 2129 1438 assidue-

2228 1389 2369 1458 ὑπὲρ
2421 1385 2558 1458 ἐμοῦ
2591 1385 2823 1439 Θάνατον
2874 1383 2975 1435 οὐκ
3000 1381 3088 1435 ἀεὶ
3119 1380 3232 1450 ἔχει
3270 1379 3329 1431 ἐν
3353 1380 3420 1449 τῇ
3448 1375 3597 1447 ψυχῇ
3625 1369 3725 1426 καὶ
3746 1369 3817 1422 δι-

544 1499 652 1554 (lue
677 1480 989 1546 ηιθάίίθῑυτ»
1016 1494 1125 1533 που
1157 1485 1243 1533 εει
1270 1492 1357 1532 me
1375 1476 1595 1547 dignus.
2228 1483 2438 1555 ηνεκῶς
2461 1482 2649 1535 τοῦτον
2685 1479 2906 1551 μελετᾷ,
2935 1477 3035 1531 οὐκ
3063 1476 3179 1530 ἐστι
3208 1492 3309 1546 μου
3331 1473 3501 1541 ἄξιος.

613 1592 744 1648 αλιι.
785 1591 880 1648 XI.
922 1590 1091 1647 Vens.
1124 1588 1279 1668 6._I§_t
1312 1589 1496 1668 beatus
1530 1596 1607 1642 est
1633 1586 1726 1656 qui
1756 1602 1860 1640 non
1888 1586 2053 1656 fuerit
2231 1603 2245 1654 Α

2231 1598 2341 1654 Καὶ
2384 1596 2673 1668 μακάριός
2710 1595 2884 1648 ἐστιν
2922 1592 2992 1668 ὃς
3020 1591 3131 1668 ser
3160 1589 3245 1661 μὴ
3284 1581 3715 1652 σκανδαλισθῇ
3751 1580 3819 1635 ἐν

1032 1659 1428 1715 scandalizatus
1450 1659 1506 1712 in
1526 1674 1627 1711 me.
2385 1659 2398 1668 '
2541 1659 2558 1666 '
2650 1659 2658 1661 ⁷

1473 1676 1506 1711 n
1526 1674 1627 1711 nte.
2385 1659 2398 1668 '
2541 1659 2558 1666 '
2650 1659 2658 1661 ⁷
2952 1662 3102 1732 ἐμοι,

619 1752 820 1814 ΡΙιοιὶἱ.
845 1754 1046 1809 Multos
1068 1750 1297 1807 oﬂ'endit
1320 1766 1385 1805 ea
1414 1764 1521 1820 qua
1543 1748 1653 1804 duo
1676 1748 1928 1819 discipuli
1960 1747 2129 1803 Joan-

2303 1761 2551 1814 Φωτίου.
2581 1758 2776 1814 Πολλοὶ⁵
2799 1754 3243 1818 ἐσκανδαλίζοντο
3272 1750 3361 1804 διὰ
3388 1748 3488 1820 τὴν
3509 1746 3620 1799 τῶν
3649 1742 3820 1815 μαθη-

547 1846 655 1911 nis,
703 1845 947 1916 magistri
990 1844 1075 1901 sui
1127 1843 1286 1914 jussu
1335 1855 1403 1896 ac
1442 1841 1686 1904 nomine,
1739 1840 1804 1894 ad
1854 1828 2179 1895 Cbristuml

2189 1830 2344 1906 ι’τῶν
2396 1852 2491 1904 τοῦ
2556 1852 2807 1905 Ἰωάννου
2851 1850 3145 1920 ἐρώτησιν,
3199 1844 3266 1914 ἥν
3308 1840 3697 1912 προσήνεγκαν
3744 1833 3821 1903 τῷ

549 1934 721 1991 functi
747 1945 894 2001 sunt,
931 1934 1146 2006 legatio,
1182 1931 1474 2005 quamdam
1506 1931 1561 1986 in
1590 1929 1800 1986 Joanne
1824 1930 1892 1986 de
1913 1930 2134 1987 Christo

2237 1947 2458 2019 Χριστῷ
2477 1964 2491 1977 ·
2539 1948 2641 2001 οὐκ
2660 1946 2883 2002 ἄλλοθεν
2906 1943 2999 1999 οὐν
3032 1940 3150 1994 λύει
3179 1938 3279 2007 τὴν
3309 1932 3640 2006 ἀμφιϐολίαν
3673 1930 3721 1981 εί

547 2025 947 2081 dubitationem
972 2023 1215 2079 indicare
1248 2023 1389 2077 visa.
1421 2021 1848 2091 Ambiguitatem
1893 2038 2024 2093 ergo
2057 2025 2132 2080 rei

2239 2038 2300 2105 ἐξ
2330 2037 2511 2092 αὐτῶν
2563 2037 2672 2091 τῶν
2703 2035 3119 2106 ἐρωτησάντων,
3159 2029 3424 2100 μάρτυσιν
3461 2023 3646 2083 αὐτοῖς
3679 2018 3821 2090 χρώ-

551 2118 751 2183 totius,
781 2117 1213 2188 scandalumque
1244 2116 1478 2171 astantis
1512 2115 1719 2186 papuli,
1760 2132 1869 2171 non
1913 2116 2135 2173 aliunde

2243 2147 2427 2201 μενος.
2455 2128 2627 2184 Τοῦτο
2654 2128 2697 2181 δ’
2724 2124 2792 2198 ἦν
2824 2128 2889 2179 ἐκ
2916 2123 3011 2178 τοῦ
3042 2119 3342 2175 Θεάσασθαι
3368 2114 3568 2178 αὐτοὺς
3594 2112 3665 2165 τὰ
3694 2107 3821 2163 Θαύ-

548 2208 747 2263 melius
788 2206 1024 2261 tollenda
1058 2205 1311 2262 Christus
1345 2206 1577 2277 putavit,
1617 2222 1780 2276 quam
1818 2210 2136 2264 testimonio

2239 2237 2409 2290 ματα,
2460 2220 2555 2273 καὶ
2601 2221 2970 2289 ὑποστρέφειν
3014 2213 3152 2286 πρὸς
3198 2210 3475 2279 Ἰωάννην,
3517 2204 3614 2259 καὶ
3646 2204 3823 2269 ἀπαγ-

548 2299 798 2370 ipsorum
838 2299 931 2371 qui
979 2315 1039 2355 se
1085 2299 1576 2368 interrOgaverant.
1616 2297 1797 2354 Utitur
1842 2316 1976 2371 ergo
2028 2303 2138 2357 illis

1389 2307 1576 2355 'erant.
1616 2297 1797 2354 Utitur
1842 2316 1976 2371 ergo
2028 2303 2138 2357 illis
2240 2314 2419 2380 γεῖλαι
2451 2312 2600 2383 αὐτῷ
2632 2312 2667 2367 ἃ,
2704 2312 3021 2364 ἐθεάσαντο.

552 2393 688 2459 ipsis
714 2392 961 2448 veritatis
987 2406 1100 2446 sua:
1124 2392 1377 2447 testibus.
1409 2390 1688 2447 Miraculis
1719 2392 1868 2447 enim
1935 2393 1990 2448 in
2056 2396 2301 2467 ipsorum
2368 2416 2667 2477 conspectu
2702 2400 3055 2475 perpetratis,
3125 2396 3301 2454 redire
3333 2393 3399 2448 ad
3430 2390 3705 2446 -Ῑοειιιηεω
3735 2401 3823 2444 00$

545 2486 724 2555 jubet,
750 2498 814 2538 ac
840 2484 1156 2539 renuntiare
1180 2483 1284 2553 ipsi
1312 2498 1435 2553 qua:
1460 2483 1745 2539 vidissent.

555 2576 718 2640 Vens,
741 2576 835 2656 μθ.
871 2574 976 2628 llic
996 2584 1073 2656 est
1103 2576 1243 2628 enim
1269 2579 1332 2629 de
1354 2592 1456 2646 quo
1477 2577 1732 2656 scriptum
1755 2589 1853 2645 est,
1882 2579 2016 2637 Ecre
2039 2600 2134 2656 ego

2244 2579 2434 2650 αὗτος
2476 2581 2585 2656 γάρ
2609 2580 2750 2656 ⁸ἐστι
2802 2576 2935 2656 περί
2975 2569 3048 2631 οὗ
3092 2572 3436 2656 γέγραπται,
3467 2565 3677 2656 Μ’[ςοιᾉ

681 2636 831 2702 mitto
859 2646 1105 2716 angelum
1139 2663 1309 2703 meum
1335 2636 1454 2700 ante
1477 2636 1671 2716 faciem
1696 2636 1865 2717 tuam,
1898 2636 2006 2708 etc.
2044 2636 2124 2656 *Γ
2252 2636 2313 2704 ﬁt

2252 2636 2275 2638 "
2295 2636 2672 2775 ’ἀεξόσξέειλω
2711 2636 2971 2718 ἄγγελόν
3006 2636 3127 2715 μοὺ
3170 2636 3289 2712 Imb
3329 2636 3660 2708 προσώπου
3691 2651 3824 2699 σουν

2314 2744 2369 2775 κ.
2400 2742 2452 2775 τ.
2520 2764 2532 2775 .

626 2801 828 2857 Photii.
862 2801 1161 2872 Propterea
1207 2800 1274 2857 ad
1318 2800 1622 2872 discipulos
1652 2801 1883 2861 Joannis
1911 2806 1991 2861 ait
2023 2806 2143 2862 Sal-

2314 2744 2369 2780 κ.
2400 2742 2452 2777 τ.
2484 2742 2532 2776 Α.

2312 2818 2557 2871 Φωτιόυ.
2594 2812 2693 2867 Διὰ
2722 2810 2880 2865 τοῦτο
2923 2809 3061 2879 πρὸς
3100 2805 3228 2868 τούς
3270 2800 3519 2873 μαθητὰς
3581 2796 3825 2852 Ἰωάννου

552 2906 710 2949 vator
747 2911 762 2947 :
798 2891 988 2948 Videte
1012 2892 1274 2947 miracula
1307 2904 1361 2947 et
1383 2894 1658 2956 nuntiate,
1694 2904 1753 2950 ut
1782 2897 2143 2967 solvatfscan-

2245 2910 2411 2981 φησὶν
2436 2908 2464 2961 ὁ
2496 2905 2689 2976 Σωτήρ
2707 2920 2721 2935 ·
2778 2901 3016 2954 Βλέπετε
3054 2898 3124 2951 τὰ
3152 2895 3409 2965 Θαύματα
3436 2890 3531 2945 καὶ
3560 2888 3825 2981 ἁπαγγείέ

554 2987 739 3044 dalum
758 3002 867 3056 quo
887 2986 1237 3041 scandalizati
1260 2994 1388 3040 sunt
1402 2984 1826 3058 Judaei,pr0pter
1844 2990 2145 3062 interroga-

2245 2980 2399 3063 λατε,
2450 3001 2541 3055 ἵνα
2572 2997 2711 3069 λύσῃ
2752 2995 2813 3049 τὸ
2859 2990 3157 3049 σκάνδαλον
3199 2988 3228 3040 ὃ
3256 2982 3754 3051 ἐσκανδαλίσθησαν
3780 2980 3826 3031 οἱ

558 3081 764 3135 tionem
790 3078 1044 3147 Joannis,
1076 3080 1211 3149 ipsis
1243 3080 1349 3135 illis
1379 3078 1606 3134 Joannis
1662 3081 1947 3152 discipulis
1982 3093 2145 3139 utens

2261 3094 2543 3159 Ἰουδαῖοι,
2592 3090 2680 3145 διὰ
2722 3086 2824 3159 τὴν
2867 3086 2963 3140 τοῦ
3007 3083 3260 3137 Ἰωάννου
3310 3077 3603 3149 ἐρώτησιν,
3653 3074 3827 3136 αὐτοῖς

556 3173 825 3239 testibus,
855 3180 910 3226 et
953 3172 1112 3241 quasi
1149 3172 1231 3226 eis
1276 3174 1509 3229 dicens:
1544 3172 1651 3229 Vos
1693 3174 1952 3245 praeclare
1994 3177 2147 3232 scitis

2249 3185 2480 3245 ἐκείνοις
2543 3185 2657 3245 τοῖς
2731 3179 2829 3234 τοῦ
2898 3176 3151 3231 Ἰωάννου
3217 3171 3488 3243 μαθηταῖς
3552 3164 3825 3237 χρώμενος

557 3265 705 3334 quod
740 3264 809 3319 de
860 3279 946 3318 me
977 3263 1217 3319 Joannes
1257 3266 1633 3321 testimonium
1671 3266 1905 3332 dederit,
1939 3269 2189 3364 qualis-‘

2193 3277 2530 3366 :pa'tptuct,
2574 3274 2751 3339 λέγων
2804 3270 2941 3343 πρὸς
2998 3266 3235 3330 αὐτούς·
3302 3263 3491 3333 Ὑμεῖς
3539 3255 3825 3366 ἐπίστασίκ

562 3372 669 3418 une
692 3372 756 3412 ac
781 3366 1021 3427 quantus
1069 3368 1444 3428 quantumque
1484 3358 1588 3413 ﬁde
1620 3359 1816 3429 dignus
1852 3361 1897 3415 is
1930 3361 2011 3415 vir
2048 3361 2141 3428 sit,
2176 3348 2194 3366 “

2192 3348 2220 3366 ³
2248 3348 2494 3438 ἀκριϐῶς
2522 3365 2622 3436 τὴν
2644 3363 2741 3417 τοῦ
2766 3363 3015 3417 Ἰωάννου
3046 3360 3176 3430 περὶ
3205 3354 3341 3427 ἐμοῦ
3378 3350 3715 3425 μαρτυρίαν,
3743 3348 3824 3401 τὸν

560 3448 863 3517 intelligitis
911 3448 1158 3502 omnium
1196 3450 1471 3515 maxime;
1517 3451 1606 3505 cui
1651 3466 1748 3506 vos
1790 3454 2145 3523 permisistis,

2245 3461 2412 3530 ἄνδρα
2448 3457 2633 3521 ὁποῖός
2681 3458 2798 3509 ἐστι
2830 3452 3215 3523 γινώσκοντες,
3258 3447 3355 3502 καὶ
3399 3445 3493 3499 ὐπ’
3531 3443 3700 3499 αὐτοῦ
3734 3442 3823 3512 βα-

560 3550 821 3612 suscepto
851 3542 918 3596 ab
946 3557 1011 3596 eo
1047 3542 1320 3612 baptismo
1351 3544 1402 3596 in
1430 3542 1668 3599 Jordane
1700 3545 1838 3615 (10).

1430 3542 1668 3599 «Iordane
1700 3545 1838 3615 (HJ)-
2244 3552 2563 3615 πτισῦέντες
2593 3552 2649 3603 ἐν
2676 3549 2756 3619 τῷ
2790 3548 3050 3619 Ἰορδάνῃ.

594 3630 765 3686 Vsus.
795 3633 881 3687 ll.
922 3635 963 3687 Α
996 3631 1179 3686 diebus
1206 3643 1379 3711 autem
1406 3632 1629 3711 Joannis
1652 3636 1918 3711 Baptista:
1943 3655 2110 3711 usque

2258 3645 2402 3699 Ἀπὸ
2461 3642 2530 3696 δὲ
2578 3640 2698 3695 τῶν
2734 3638 2979 3711 ἡμερῶν,
3015 3636 3299 3711 Ἰωάννου
3338 3631 3456 3709 toi}.
3494 3624 3826 3711 Βιξπτέστοῦ

739 3720 901 3766 nunc,
933 3718 1147 3776 regnum
1176 3702 1425 3756 cwlorum
1462 3706 1567 3758 vim
1598 3698 1824 3774 patitur,
1857 3717 1965 3763 etc.
2021 3698 2035 3711 ”
2276 3698 2281 3699 ν
2318 3714 2371 3767 ἕο

2320 3801 2371 3835 κ.

2276 3698 2281 3699 ί
2318 3714 2431 3780 ἕως
2462 3713 2614 3835 dion,
2661 3713 2699 3781 ἢ
2728 3698 3023 3775 βαᾰιλεία
3068 3707 3187 3761 τῶν
3231 3699 3507 3773 οὐρανῶν
3541 3698 3821 3765 βιάζεται,

2320 3801 2374 3835 κ.
2407 3801 2460 3835 τι
2528 3822 2542 3835 ο

2320 3801 2374 3837 κ.
2407 3801 2460 3837 τ.
2492 3801 2542 3836 Λ.

636 3860 841 3914 Photii.
866 3861 944 3915 Ad
974 3864 1081 3914 vim
1108 3860 1415 3930 expositum
1441 3860 1572 3917 dicit
1593 3878 1818 3933 regnum
1836 3865 2101 3919 caelorum
2128 3904 2144 3931 ,

2319 3876 2564 3929 Φωτίου.
2594 3871 2830 3944 Βιαστὴν
2860 3869 2982 3925 εἷπε
3011 3869 3110 3941 τὴν
3133 3866 3410 3939 βασιλείαν
3437 3864 3547 3917 τῶν
3570 3858 3824 3932 οὐρανῶν,

563 3963 615 4009 et
642 3954 898 4008 violentis
930 3953 1243 4021 raptoribus
1274 3953 1470 4023 praedae
1508 3953 1623 4008 fore
1655 3971 1669 4008 :
1703 3955 1867 4025 idque
1895 3974 1928 4010 a
1965 3958 2147 4012 diebus

2249 3969 2345 4023 uel.
2373 3967 2597 4038 βιαστὰς
2643 3964 2911 4037 ἁρπάζειν
2942 3962 3132 4033 αὐτὴν,
3168 3960 3261 4012 καὶ
3291 3958 3410 4012 ἀπὸ
3445 3954 3563 4009 τῶν
3606 3949 3826 4022 ἡμερῶν

563 4043 818 4129 Joannis,
851 4046 956 4099 isto
990 4045 1245 4115 loquendi
1274 4045 1436 4100 modo
1467 4045 1807 4116 signiﬁcans,
1835 4062 1943 4103 non
1973 4049 2151 4106 cuivis

2267 4060 2572 4117 Ἰωάννου.
2593 4058 2654 4111 Ἦ
2676 4057 2901 4126 τοιαύτη
2922 4056 3144 4124 γέγονεν
3169 4050 3415 4123 ἁρπαγὴ,
3429 4050 3491 4102 οὐ
3516 4048 3629 4108 τοῖς
3644 4042 3825 4112 τυχοῦ-

565 4139 635 4193 de
670 4138 833 4205 vulgo
872 4137 1118 4207 promitti
1164 4152 1393 4208 regnum
1432 4138 1597 4205 istud,
1630 4139 1723 4193 sed
1759 4142 2153 4211 contemptori-

2252 4169 2360 4217 σιν,
2411 4150 2549 4203 ἀλλὰ
2594 4151 2705 4208 τοῖς
2753 4146 3199 4218 καταφρονήσασι
3249 4140 3484 4194 πλούτου
3533 4138 3629 4192 καὶ
3680 4151 3824 4203 περι-

564 4229 669 4282 bus
691 4242 880 4298 cpttm,
915 4226 1123 4297 glorise,
1158 4235 1468 4296 parentum,
1499 4226 1758 4293 ﬁliorum,
1788 4231 1982 4284 mortis
2015 4232 2150 4285 adeo

2254 4242 2503 4313 φανείας,
2536 4241 2627 4294 καὶ
2657 4243 2859 4308 γονέων
2890 4238 3006 4309 ἅμα
3037 4237 3132 4290 καὶ
3164 4234 3391 4295 παίδων,
3424 4231 3521 4284 καὶ
3553 4227 3719 4283 αὐτοῦ
3743 4223 3825 4276 τοῦ

566 4319 765 4388 ipsius.
784 4318 923 4373 Ante
947 4333 1115 4387 porro
1137 4333 1303 4386 quam
1335 4317 1555 4373 doceret
1577 4319 1853 4387 Christus,
1872 4338 2153 4392 quamque

2255 4335 2508 4390 θανάτου.
2545 4334 2660 4404 Πρὸ
2700 4332 2758 4384 δὲ
2795 4332 2895 4401 τῆς
2940 4327 3289 4389 διδασκαλίας
3338 4323 3434 4377 τοῦ
3474 4319 3713 4389 Χριστοῦ
3742 4315 3826 4367 καὶ

567 4410 912 4479 apparuisset
937 4407 1195 4475 Joannes,
1230 4408 1472 4463 nondum
1506 4418 1621 4464 erat
1656 4410 1834 4480 palam
1864 4421 2149 4468 ostensum

2254 4426 2355 4495 τῆς
2387 4424 2481 4477 τοῦ
2514 4423 2760 4477 Ἰωάννου
2792 4419 3094 4492 παρουσίας
3125 4417 3278 4471 οὔπω
3296 4413 3364 4487 ἦν
3393 4417 3427 4485 ἡ
3462 4412 3707 4483 βασιλεία
3732 4407 3826 4457 τῶν

568 4518 633 4555 ac
657 4501 986 4571 promissum
1009 4516 1235 4572 regnum
1266 4503 1530 4557 cwlorum
1554 4520 1570 4569 ;
1593 4505 1684 4558 scd
1714 4520 1835 4573 qua:
1856 4512 1972 4558 tum
1996 4514 2155 4560 erant

2254 4514 2500 4585 οὐρανῶν
2535 4512 2987 4581 ἐπαγγελλομένη
3016 4510 3269 4580 φανερῶς
3297 4524 3310 4537 ⁸
3366 4506 3482 4559 ἀλλ’
3512 4498 3824 4569 ἐπαγγελίαι

566 4592 990 4664 promissiones,
1020 4593 1270 4647 carnales
1299 4601 1478 4646 erant.
1512 4593 1940 4649 Promittcbatur
1957 4611 2154 4667 nempe

2190 4668 2221 4677 ⁵
2255 4603 2396 4677 ἦσαν
2419 4603 2679 4675 σαρκικαί
2698 4619 2711 4631 ·
2743 4602 3014 4666 τουτέστι,
3033 4600 3225 4669 γένους
3248 4597 3586 4667 πληθυσμὸς,
3607 4593 3699 4646 καὶ
3718 4588 3822 4643 κατ’

569 4685 950 4755 multiplicatio
974 4685 1212 4753 generis,
1245 4686 1471 4741 victoria
1505 4687 1571 4741 de
1606 4688 1881 4750 hostibus,
1916 4698 1970 4744 et
1996 4690 2152 4744 sitni-
2185 4668 2201 4722 1

2192 4668 2229 4722 D
2258 4668 2469 4768 ἐχθρῶν
2495 4668 2723 4768 κράτος,
2766 4696 2862 4748 καὶ
2907 4693 2976 4746 τὰ
3022 4668 3424 4760 παραπλήσιαῇ
3474 4687 3567 4756 ἀφ’
3614 4682 3674 4740 οὗ
3715 4684 3765 4736 δὲ
3801 4683 3824 4733 ὁ

566 4774 665 4830 lia.
698 4774 773 4828 Ex
798 4789 909 4844 quo
932 4784 1112 4828 autem
1135 4773 1375 4830 Joannes
1398 4776 1731 4845 baptismttm
1767 4779 2152 4849 promulgavit,

2266 4791 2519 4859 Ἰωάννης
2547 4788 2751 4857 ἐπέστη
2795 4785 2873 4854 τῷ
2904 4785 3261 4855 βαπτίσματι,
3306 4781 3400 4833 καὶ
3446 4780 3539 4831 τὸν
3570 4778 3824 4848 ἡμέτερον

566 4872 626 4921 et
648 4874 898 4921 nostrum
929 4880 996 4920 eo
1024 4865 1316 4920 Dominum
1358 4868 1539 4932 tinxit,
1568 4878 1624 4923 et
1655 4867 1895 4938 Spiritus
1939 4886 2041 4924 suo
2072 4881 2157 4925 te-

2255 4880 2530 4949 Δεσπὸτην
2561 4879 2845 4939 ἐϐάπτισε,
2889 4878 2984 4931 καὶ
3027 4876 3088 4928 τὸ
3117 4873 3339 4941 Πνεῦμα
3368 4870 3719 4941 ἐμαρτύρησε
3746 4865 3823 4915 τὸν

571 4960 833 5013 stimonio
852 4959 1605 5031 demonstravitunigenitum
1636 4961 1815 5017 Patris
1845 4962 2042 5018 Filium
2063 5004 2076 5029 ,
2103 4974 2159 5019 et

2260 4970 2664 5042 μονογενῆ.τοῦ
2722 4970 2935 5039 Πατρὸς
2985 4969 3134 5030 Υίὸν,
3184 4966 3278 5018 καὶ
3328 4963 3487 5024 αὐτὸς
3539 4962 3568 5013 ὁ
3608 4955 3822 5029 Χριστὸς

570 5050 689 5119 ipse
716 5049 971 5106 Christus
995 5052 1293 5121 prmdicare
1324 5053 1489 5121 cmpit
1520 5069 1749 5124 regnum
1781 5056 2070 5121 cmlorum,
2093 5072 2159 5110 ex

2259 5065 2558 5134 κηρύσσειν
2584 5062 2788 5133 ἦρξατο
2819 5062 2919 5130 τὴν
2967 5059 3245 5131 βασιλείαν
3282 5056 3390 5108 τῶν
3420 5052 3688 5123 οὐρανῶν,
3730 5044 3823 5101 ἀπὸ

571 5156 640 5195 eo
668 5150 914 5211 tempore
949 5143 1239 5198 desidet-iis
1278 5144 1560 5198 hominum
1597 5161 1662 5200 ac
1689 5147 1972 5216 cupiditati
2004 5148 2156 5216 obje-

2264 5155 2386 5208 τὸτε
2424 5154 2615 5221 γέγονε
2657 5154 2770 5214 τοῖς
2803 5150 3113 5220 ἀνθρώποις
3154 5143 3472 5217 ἐπιθυμητὴ
3514 5142 3611 5197 καὶ
3652 5136 3825 5212 βιαστὴ

573 5242 722 5289 ctum
751 5243 837 5288 est
868 5234 1184 5305 rapinaeqttc
1215 5240 1527 5307 expositum
1562 5240 1827 5294 cmlorum
1857 5258 2105 5302 regnum.

1376 5240 1527 5293 silum
1562 5240 1827 5294 calorum
1857 5258 2105 5302 regnum.
2266 5248 2299 5317 ἡ
2335 5246 2577 5317 βασιλεία
2602 5244 2710 5298 τῶν
2741 5243 3008 5315 οὐρανῶν.

647 5412 671 5444 ⁸
707 5412 843 5468 Luc.
891 5429 1002 5479 xw,
1036 5415 1127 5468 27.

2094 5639 2329 5695 NOTAE.

652 5743 770 5818 (te)
799 5745 882 5803 cr.
923 5764 979 5821 q.
1006 5748 1205 5821 xxnx,
1245 5752 1470 5809 CCCIX.
