4132 6458
404 369 535 434 1201

1490 375 1954 435 FRAGMENTA
1973 374 2055 436 IN
2083 376 2551 444 MATTHJEUM.

3415 356 3425 365 ’
3518 382 3658 451 1202

402 483 541 537 Τότε
572 481 811 568 ἤρξατο
833 481 1145 568 φειδίζεέν
1182 481 1288 568 {de
1335 483 1567 568 enitim-~
1584 482 1655 568 ἐς
1699 480 1807 568 αἶς.
1852 484 1976 551 ἐτέ-

2095 482 2258 568 νειιιε.
2295 487 2396 568 g0.
2440 488 2585 542 Tum:
2607 492 2757 568 erepit
2782 492 3103 568 exprobrare
3129 493 3434 568 civitatibus
3466 496 3521 568 in
3544 500 3667 568 qui-

469 568 651 605 νοντο
678 555 738 605 αι
770 551 1049 608 πλεῖσται
1069 552 1355 623 δυνάμεις
1381 552 1593 620 αὑτοῦ,
1620 553 1709 606 ὅτι
1745 556 1818 609 οὺ
1844 571 1984 624 μετ-

465 624 756 687 ενόησαν.

468 713 715 766 φωτιόυ.
747 711 892 765 Ἔδει
914 712 1015 777 τὰς
1035 713 1221 776 πόλεις
1244 713 1549 782 ὀνειδίζειν,
1574 714 1663 769 ὅτε
1693 713 1984 787 ἐδικαιώθη

2159 559 2257 643 tius
2289 558 2448 643 facta:
2494 570 2616 643 sunt
2642 558 2902 643 plurima:
2945 565 3188 619 -virtutes
3234 564 3371 633 ejus,
3402 566 3528 635 quia
3557 558 3667 621 'non

2144 638 2372 695 egissent
2401 638 2785 696 penitentiam.

2146 715 2355 773 Pharii.
2403 717 2700 789 Oportebat
2736 724 3069 793 exprobrare
3121 724 3439 781 civitatibus
3475 765 3490 789 ,
3520 740 3663 795 quo-

398 802 431 871 ἡ
460 801 620 871 σοφία
660 802 838 856 πάντα
887 803 1221 858 ἐκτελέσασα
1254 804 1322 857 τά
1356 804 1455 875 τῆς
1500 805 1774 875 σωτηρίας
1802 804 1976 859 αὐτῶν

2082 807 2559 878 niamjustiﬁcala
2615 825 2698 869 est
2749 816 3020 885 sapientia
3050 857 3067 883 ,
3117 816 3380 886 perfectis
3428 816 3498 870 ab
3547 818 3664 886 ipsa

395 896 543 949 αῐτια
570 912 585 927 ο
641 896 764 948 ἐπεὶ
794 895 852 950 δὲ
885 896 1063 951 πάντα
1096 897 1328 966 ποιήσας
1374 896 1476 949 οὐκ
1519 895 1757 961 ἔπεισεν,
1792 897 1976 968 ἑτέραν

2084 901 2367 956 cumu'ate
2420 902 2526 959 illis
2561 904 2840 973 omnibus,
2872 922 2993 976 qua:
3030 906 3096 960 ad
3131 906 3364 961 salutem
3423 906 3664 977 ipsorum

390 986 653 1055 τρέπεται
684 987 822 1054 ὁδὸν,
868 988 965 1043 καὶ
992 988 1264 1053 ταλανίζει
1313 988 1532 1055 αὐτοὺς,
1587 989 1662 1059 μή
1717 1006 1836 1051 πως
1872 988 1976 1042 κᾶν

2081 991 2479 1047 conﬁciendam
2506 993 2743 1049 ellicacia
2779 1011 2901 1051 esse
2925 1003 3169 1065 possent.
3202 994 3502 1067 Postquam
3532 1011 3667 1049 vero

390 1075 480 1129 διὰ
509 1077 604 1130 τοῦ
635 1077 968 1149 ταλανισμοῦ
1017 1078 1221 1151 ἐλκύσῃ
1261 1076 1399 1150 πρὸς
1448 1078 1725 1149 σωτηρίαν
1755 1078 1973 1142 αὐτούς.

2084 1082 2269 1136 omnia
2300 1093 2577 1152 expertus,
2611 1100 2720 1139 non
2746 1088 3038 1155 persuasit,
3064 1087 3173 1142 alia
3220 1085 3310 1141 via
3340 1096 3621 1157 grassatur
3646 1101 3661 1137 :

390 1170 626 1227 miseros
671 1171 822 1241 ipsos
870 1171 1195 1236 denuntiat,
1237 1170 1282 1227 si
1339 1170 1482 1226 forte
1533 1172 1618 1225 vel
1690 1169 2005 1227 incutiendo
2043 1187 2301 1241 mmrore,
2364 1184 2461 1230 aut
2510 1189 2678 1243 metu,
2735 1178 2960 1234 trahere
2992 1177 3057 1232 ad
3092 1179 3327 1234 salutem
3357 1178 3666 1233 obstinatos

390 1275 577 1335 queat.

388 1356 520 1424 Πῶς
550 1357 840 1425 εἰσῆλθεν
866 1360 954 1425 εις
982 1359 1089 1413 τὸν
1131 1353 1303 1413 οἷκον
1339 1357 1445 1412 τοῦ
1492 1358 1661 1419 Θεοῦ.
1700 1358 1799 1413 καὶ
1830 1360 1974 1426 τοὺς

556 1429 776 1496 ἄρτους
807 1427 916 1496 τῆς
944 1429 1281 1497 προθέσεως
1305 1429 1547 1499 ἔφαγεν,
1579 1447 1633 1482 κ.
1664 1446 1715 1484 τ.
1747 1429 1798 1484 λ.

462 1524 710 1576 Φωτίου.
749 1524 810 1576 '0
839 1522 1004 1575 Aa6‘t6
1032 1521 1241 1585 δίκαιος
1269 1521 1344 1575 ὣν
1375 1523 1464 1575 ὅτε
1488 1522 1618 1585 τοὺς
1648 1522 1846 1592 ἄρτους
1872 1522 1974 1592 τῆς

389 1614 703 1682 προθέσεως
733 1612 925 1683 ἔφαγε,
958 1613 1054 1667 καὶ
1085 1614 1134 1666 οι
1168 1615 1334 1685 ἱερεῖς
1363 1614 1422 1668 δέ
1449 1614 1778 1669 δικαιότατοι
1813 1616 1863 1668 οί
1887 1614 1973 1668 δε-

2076 1358 2207 1415 CAP.
2264 1355 2381 1412 XII.
2432 1358 2595 1412 Vens.
2648 1357 2704 1410 4.
2760 1357 3035 1422 Quomodo
3075 1358 3294 1411 intravit
3343 1358 3398 1411 in
3447 1358 3663 1411 domum

2288 1428 2382 1482 Dei
2412 1438 2461 1482 et
2483 1445 2645 1498 panes
2661 1429 3037 1498 propositionis
3068 1428 3314 1493 comedit,
3343 1437 3449 1482 etc.

2141 1521 2339 1575 Plzotii.
2375 1521 2539 1576 David
2565 1522 2749 1591 justus
2769 1532 2888 1576 erat
2917 1536 3041 1576 cum
3075 1536 3242 1591 panes
3266 1520 3659 1591 propositionis

2074 1615 2312 1670 comedit
2346 1633 2360 1668 :
2391 1616 2708 1670 sacerdotes
2751 1629 2971 1684 quoque
3001 1614 3294 1683 justissimi
3337 1614 3432 1684 qui
3477 1629 3661 1669 come-

385 1710 620 1771 δωκότες
663 1707 811 1777 αὺτῷ
845 1708 970 1771 τοὺς
1000 1708 1217 1778 ἄρτους.
1265 1706 1489 1779 Καίπερ
1525 1708 1626 1761 οὐκ
1663 1705 1731 1779 ἦν
1763 1707 1971 1761 δίκαιον

2078 1707 2284 1762 dendos
2322 1724 2415 1761 eos
2450 1722 2614 1775 panes
2644 1708 2956 1762 obtulerunt
2993 1706 3112 1776 [ipsi
3141 1747 3157 1770 ,
3209 1706 3459 1776 quamvis
3505 1705 3663 1761 nefas

390 1802 592 1857 ἐσθίειν
637 1802 732 1855 ἀπ’
786 1801 1012 1854 ἐκείνων
1055 1801 1164 1853 τῶν
1201 1800 1383 1874 ἀρτων
1427 1802 1583 1865 τινὰ,
1634 1803 1682 1855 εί
1729 1799 1806 1872 μὴ
1848 1801 1973 1864 τοὺς

388 1892 555 1964 ἱερεῖς
608 1892 823 1962 μόνους.
877 1885 1045 1955 Οὗτος
1076 1890 1132 1944 δὲ
1184 1891 1367 1944 λαϐὼν
1405 1891 1471 1944 οθ
1525 1890 1689 1961 μόνον
1744 1890 1973 1959 ἔφαγεν,

385 1985 525 2040 ἀλλὰ
564 1986 659 2039 καὶ
704 1986 819 2048 τοῖς
864 1983 982 2056 μετ’
1023 1982 1190 2037 αὐτοῦ
1243 1983 1435 2039 ἔδωκε.
1490 1985 1662 2038 Τοῦτο
1698 1984 1754 2037 δὲ
1795 1983 1975 2054 πολλῷ

389 2076 577 2149 μεῖζον
628 2073 696 2148 ἦν
743 2077 778 2147 ἢ
828 2077 964 2145 ὅπερ
1027 2076 1320 2130 ἐνεκάλουν
1376 2078 1491 2141 τοῖς
1550 2075 1872 2138 ἀποστόλοις
1922 2075 1973 2127 οί

399 2170 668 2224 Ἰουδαῖοι.

386 2261 544 2316 Είδὲ
582 2260 697 2331 ἐγὼ
743 2261 814 2315 ἐν
855 2262 1149 2330 Πνεύματι
1187 2257 1336 2314 Θεοῦ
1362 2259 1680 2331 ’ᾎΕκϐἀλλω
1720 2258 1794 2331 τὰ
1845 2258 1976 2331 δαιτ

454 2329 656 2456 goria,
690 2331 805 2400 ἄρα
835 2329 1103 2401 ἔφθασεν
1148 2331 1241 2400 ἐφ’
1282 2329 1438 2400 ὑμᾶς
1474 2332 1513 2399 ἡ
1546 2330 1834 2395 βασιλεία
1867 2329 1975 2385 τοῦ

508 2418 635 2456 εου.

459 2496 709 2549 Φωτίου.
735 2494 1055 2565 Ἀποτόμως
1077 2493 1225 2562 λέγει
1249 2495 1332 2548 ὅτι
1369 2494 1673 2562 Ἕφθασεν
1701 2490 1793 2561 ἐφ’
1824 2490 1977 2561 ὑμᾶς

383 2585 427 2653 ἡ
451 2585 745 2650 βασιλεία
770 2585 876 2638 τοῦ
898 2583 1068 2650 Θεοῦ,
1095 2585 1376 2638 τουτέστιν
1399 2584 1523 2637 ὅσον
1551 2583 1704 2637 οὔπω
1736 2583 1975 2655 λήψεσθε

383 2678 486 2748 τὴν
514 2675 623 2730 τῶν
656 2676 1067 2749 ἡμαρτημένων
1090 2676 1219 2746 ὑμῖν
1249 2674 1628 2730 ἀνταπόδοσιν.

388 2940 468 2993 ’Ἠ
513 2938 640 3005 πῶς
695 2938 947 2993 δύναταί
998 2956 1087 3005 τις
1136 2937 1436 2992 εἰσελθεῖν
1492 2938 1579 3001 εἷς
1631 2936 1748 3002 τὴν
1781 2935 1979 2990 οὶκίαν

459 3011 566 3063 τοῦ
596 3010 872 3132 ίιὶχυροῦ,
909 3009 1010 3064 καὶ
1059 3008 1133 3063 τὰ
1173 3009 1367 3076 σκεύη
1407 3006 1594 3061 αὑτοῦ
1627 3006 1975 3076 διαρπάσαι,

459 3098 515 3133 κ.
545 3097 596 3133 τ.
666 3119 682 3133 .

2076 1810 2197 1855 erat
2224 1801 2369 1855 vesci
2399 1800 2519 1855 istis
2553 1801 2789 1870 panibus
2819 1801 2955 1855 alios
2981 1816 3147 1869 quam
3181 1801 3516 1857 sacerdotes.
3550 1799 3660 1854 Da-

2076 1889 2166 1943 vid
2192 1898 2373 1943 autem
2411 1906 2518 1944 non
2548 1890 2787 1944 comedit
2816 1890 2932 1957 ipse
2963 1890 3141 1943 solum
3162 1929 3177 1950 ,
3220 1889 3315 1944 sed
3360 1889 3660 1944 comitibus

2077 1996 2298 2053 quoque
2327 1981 2479 2036 dedit
2511 1981 2648 2037 suis.
2702 1980 2858 2046 Quod
2909 1990 3029 2035 erat
3064 1981 3208 2035 haud
3249 1981 3412 2051 paulo
3448 1981 3653 2050 majus,

2076 2088 2243 2143 quam
2299 2072 2498 2143 inquo
2548 2089 2696 2128 nunc
2741 2071 2917 2129 Judaei
2970 2074 3251 2144 apostolos
3287 2075 3659 2129 criminaban-

2079 2175 2188 2220 llll‘.

2076 2254 2245 2311 Vens.
2280 2253 2371 2309 28.
2405 2254 2467 2309 Si
2494 2264 2671 2307 autem
2704 2255 2878 2325 ego'in
2915 2254 3117 2319 Spiritu
3148 2254 3243 2309 Dei
3284 2255 3438 2323 ejicio
3460 2255 3658 2312 daemo-

2284 2341 2394 2391 nes,
2422 2326 2587 2395 igitur
2605 2326 2835 2395 pervenit
2858 2327 2911 2379 in
2942 2343 3029 2380 vos
3070 2343 3284 2397 regnum
3318 2326 3441 2380 Dei.

2153 2499 2347 2554 Photii.
2378 2498 2574 2571 Rigide
2607 2499 2742 2553 dicit
2798 2508 2963 2568 atque
2994 2499 3047 2552 in
3081 2515 3245 2554 sensu
3279 2500 3646 2555 comminato-

2075 2594 2180 2657 rio,
2208 2592 2453 2648 Pervenit
2487 2592 2541 2644 in
2566 2608 2653 2645 vos
2677 2607 2893 2662 regnum
2922 2590 3042 2656 Dei,
3078 2592 3233 2659 cujus
3259 2591 3363 2645 vim
3398 2597 3658 2662 nonmro-

2074 2684 2288 2755 pitiam,
2329 2682 2423 2738 sed
2455 2679 2709 2735 infestam
2742 2679 3024 2749 experturi
3054 2680 3310 2732 nimirum
3338 2678 3426 2733 isti
3450 2688 3657 2741 essent,

2077 2779 2137 2823 ut
2172 2769 2351 2824 meriti
2376 2777 2552 2823 erant.
2599 2767 2806 2822 Sensus
2839 2767 2985 2821 enim
3010 2777 3095 2822 est
3132 2786 3146 2822 :
3181 2766 3510 2822 Praesentem
3536 2784 3660 2822 mox

2078 2862 2342 2915 ultionem
2379 2876 2409 2913 a
2438 2858 2546 2913 Deo
2576 2859 2855 2928 recipietis
2903 2869 3211 2913 vestrorum
3241 2868 3612 2929 peccatorum.

2078 2954 2247 3009 Vens.
2277 2951 2369 3006 Q9.
2406 2952 2510 3005 Aut
2558 2950 2816 3020 quomodo
2848 2961 3016 3020 potest
3056 2952 3334 3022 quisquam
3376 2952 3578 3006 intrare
3608 2952 3661 3005 in

2259 3022 2474 3075 domum
2503 3022 2659 3092 fortis
2683 3059 2699 3087 ,
2740 3032 2789 3075 et
2819 3038 2946 3076 vasa
2974 3023 3089 3093 ejus
3124 3024 3371 3091 diripere.
3398 3031 3505 3079 etc.

746 3169 926 3240 Σκεύη
961 3168 1196 3223 ἐνταῦθα
1233 3169 1360 3232 τοὺς
1386 3166 1648 3238 δαίμονας
1676 3167 1847 3234 λέγει,
1880 3167 1975 3233 οὒς

2144 3177 2350 3232 Photii.
2400 3177 2546 3233 Vasa
2600 3178 2691 3233 hic
2729 3178 3008 3233 daemonas
3041 3179 3208 3246 dicit,
3243 3195 3380 3250 quos
3413 3179 3667 3234 Salvator

378 3263 415 3319 ὁ
434 3263 623 3333 Σωτὴρ
646 3262 967 3316 ἀπελαύνων
994 3262 1090 3315 καὶ
1116 3260 1329 3315 διώκων
1355 3262 1420 3314 ἐκ
1449 3260 1557 3313 τῶν
1584 3259 1973 3331 κατεχομένων

381 3360 479 3414 ὑπ’
508 3359 708 3423 αὐτῶν,
735 3356 989 3427 ἁρπάζει.
1024 3355 1197 3408 Τοῦτο
1228 3354 1286 3407 δὲ
1318 3355 1419 3409 οὐκ
1453 3354 1519 3408 ἂν
1548 3354 1784 3422 ἐγένετο,
1816 3355 1865 3407 εἰ
1901 3353 1976 3425 μὴ

384 3452 417 3504 ὀ
444 3452 635 3520 Σωτὴρ
661 3450 798 3520 πρὸς
821 3450 969 3519 ἡμᾶς
995 3446 1374 3519 παραγέγονεν
1402 3447 1497 3499 ἐπὶ
1530 3445 1775 3517 σωτηρίᾳ
1795 3445 1974 3516 ἡμῶν,

381 3541 486 3614 τὴν
517 3543 669 3611 ἰσχὺν
700 3540 881 3594 αὐτῶν
907 3538 1175 3592 καθελών.

462 3634 557 3701 Τίς
606 3633 780 3687 ἐστιν
825 3633 864 3701 ἡ
886 3630 1409 3771 μήᾶἔξλέἓῗὶωζαὲ
1451 3628 1611 3697 τινες
1649 3626 1808 3683 εἰσιν
1851 3629 1908 3683 οὶ

460 3794 705 3849 Φωτίου.
743 3793 973 3857 Διδάξας
1016 3794 1163 3863 ἡμᾶς
1198 3796 1225 3847 ὁ
1256 3792 1447 3863 Σωτὴρ
1473 3791 1562 3845 διὰ
1592 3790 1752 3860 λόγου
1789 3808 1979 3860 προτι-

383 3888 537 3942 θέναι
561 3887 659 3956 τὴν
686 3886 970 3939 εὐσέϐειαν
989 3923 1007 3950 ,
1037 3885 1161 3954 ἥτις
1185 3884 1333 3937 ἐστὶν
1353 3884 1496 3954 ἀρχὴ
1527 3882 1716 3937 πασῶν
1742 3882 1976 3953 ἀρετῶν,

384 3980 482 4034 καὶ
529 3982 669 4050 μήτε
720 3978 958 4047 πατέρα,
1012 3979 1152 4047 μήτε
1201 3976 1415 4047 μητέρα
1454 3976 1730 4045 προτιμᾷν
1783 3975 1975 4045 αὐτῆς,

384 4071 486 4123 νῦν
540 4070 629 4123 διὰ
692 4068 804 4122 τῶν
858 4069 1037 4139 ἔργων
1087 4068 1399 4120 ἐπιϐεϐαιοί
1452 4068 1597 4137 ἆπερ
1651 4066 1973 4136 ἐφθέγξατο.

400 4162 553 4215 Ἐπεὶ
585 4160 695 4231 γὰρ
735 4161 824 4214 ὅτε
852 4162 980 4224 τοὺς
1013 4160 1204 4231 ὄχλους
1236 4157 1511 4229 ἐπιμελῶς
1547 4158 1814 4224 ἐδίδασκε,
1852 4160 1976 4211 τότε

386 4252 698 4320 ἐπέστησαν
723 4252 759 4321 ἧ
794 4268 853 4303 τε
889 4252 1071 4321 μήτηρ
1102 4250 1200 4304 καὶ
1233 4250 1282 4302 οἱ
1328 4248 1569 4316 ἀδελφοὶ,
1601 4248 1699 4318 οὐχ
1731 4248 1974 4319 ὑπήκου-

389 4361 505 4409 σεν,
536 4345 597 4397 οὐ
634 4342 993 4412 καταφρονῶν
1021 4343 1119 4412 τῆς
1154 4341 1389 4413 μητέρος
1410 4380 1425 4405 ,
1472 4339 1701 4393 ἀλλ’ἵνα
1734 4340 1809 4411 μὴ
1844 4341 1979 4411 ἀμε-

388 4438 503 4491 λεῖν
544 4436 671 4509 δόξῃ
701 4436 812 4491 τῶν
848 4435 1273 4505 διδασκομένων,
1319 4435 1414 4487 καὶ
1446 4432 1720 4505 περικόψῃ
1760 4434 1860 4503 τὴν
1896 4433 1979 4486 δι-

2077 3271 2304 3341 cjicicns
2335 3278 2390 3325 ct
2419 3271 2645 3338 abigens
2664 3285 2734 3325 ex
2767 3271 2834 3325 iis
2865 3286 3005 3340 quos
3049 3272 3420 3340 possidebant,
3454 3271 3661 3340 diripit.

2078 3363 2194 3419 Iloc
2223 3373 2407 3419 autem
2433 3379 2538 3419 non
2573 3364 2727 3419 fieret
2764 3364 2871 3418 nisi
2923 3363 3174 3418 Salvator
3207 3363 3273 3416 ad
3320 3377 3423 3417 nos
3470 3363 3666 3418 salutis

2054 3465 2285 3512 nostrae
2312 3471 2481 3512 causa
2510 3457 2846 3521 advenisset,
2874 3456 2982 3509 vim
3020 3470 3086 3510 ac
3132 3456 3299 3511 robur
3338 3470 3531 3510 eorum
3561 3455 3666 3509 cli-

2078 3563 2267 3605 SUPIIS.

2080 3640 2250 3697 Vens.
2285 3640 2377 3697 48.
2425 3639 2557 3707 Qua:
2586 3648 2662 3696 est
2695 3649 2866 3694 mater
2907 3654 3042 3745 rufa,
3084 3646 3133 3692 et
3169 3638 3259 3707 qui
3305 3645 3425 3690 sunt
3472 3635 3667 3705 fratres

2820 3726 2919 3764 met
2941 3726 2953 3762 2

2143 3800 2346 3857 Pltotii.
2376 3799 2513 3855 Cum
2541 3801 2714 3857 verbo
2746 3816 2810 3855 ac
2842 3815 3099 3855 sermone
3136 3815 3239 3854 nos
3290 3798 3538 3852 Salvator
3568 3797 3672 3851 do-

2078 3893 2307 3958 cuisset,
2346 3891 2526 3947 olllcia
2584 3892 2864 3961 religionis
2889 3934 2903 3957 ,
2953 3907 3078 3962 quae
3110 3892 3365 3961 princeps
3397 3889 3663 3943 virtutum

2077 3992 2163 4040 est
2189 4022 2205 4049 ,
2238 3984 2452 4039 caeteris
2505 3984 2762 4039 omnibus
2796 3981 2988 4038 ofﬁciis
3045 3982 3404 4052 praeponenda
3439 4019 3456 4046 ,
3490 3981 3564 4034 ita
3614 3989 3673 4034 nt

2080 4092 2181 4130 nec
2224 4075 2431 4146 patris,
2488 4092 2591 4131 nec
2624 4076 2819 4131 matris
2881 4076 2933 4129 in
2964 4074 3374 4143 comparatione
3410 4073 3501 4126 Dei
3531 4072 3672 4133 ratio

2079 4166 2351 4221 habeatur
2381 4206 2398 4232 ,
2432 4182 2581 4221 nunc
2609 4166 2772 4222 factis
2801 4174 2856 4220 ct
2884 4166 3135 4234 exemplo
3166 4166 3361 4220 asserit
3388 4165 3532 4233 quod
3582 4166 3671 4218 di-

2079 4264 2256 4309 xerat.
2294 4255 2429 4310 Cum
2457 4256 2603 4310 enim
2651 4255 2754 4325 ipsi
2796 4255 2863 4309 de
2895 4253 3097 4308 divinis
3123 4254 3289 4307 rebus
3320 4252 3385 4304 ad
3411 4253 3670 4321 populum

2080 4347 2271 4401 sedqu
2305 4348 2482 4417 agenti
2516 4346 2965 4416 supervenissent
3010 4354 3184 4399 mater
3207 4354 3261 4399 et
3295 4343 3515 4407 fratres,
3550 4360 3661 4397 non

2080 4438 2339 4492 sustinuit
2369 4438 2703 4508 interpellari
2745 4454 2804 4493 se
2826 4481 2843 4507 ,
2878 4438 3022 4493 haud
3067 4438 3157 4493 ille
3186 4438 3409 4508 quidem
3436 4446 3671 4490 matrem

388 4508 710 4583 δασκαλίαν.
746 4529 855 4581 Καὶ
882 4529 944 4581 οὐ
977 4526 1349 4599 προτετίμηκε
1378 4526 1478 4596 τὴν
1510 4527 1726 4596 μητέρα
1746 4526 1845 4598 τῆς
1870 4526 1976 4580 τῶν

2085 4532 2391 4599 ερετηεηεζ,
2417 4530 2512 4585 sed
2566 4546 2635 4586 ne
2677 4524 2869 4586 eorum
2904 4546 3044 4600 quos
3074 4530 3440 4586 instituendos
3480 4530 3533 4581 in
3570 4529 3674 4583 lide

392 4619 608 4674 πολλῶν
635 4619 923 4689 ὡφελείας.

392 4714 569 4785 ipsius
615 4729 805 4769 curam
850 4727 1038 4783 gerere
1096 4720 1281 4783 posset

2085 4633 2424 4693 susceperat,
2472 4623 2741 4678 minorem
2795 4640 2958 4693 quam
3008 4622 3502 4693 consanguinitatis
3556 4636 3675 4674 suae

1360 4710 1569 4775 videri,
1609 4712 1654 4767 si
1712 4711 1767 4765 in
1809 4711 2003 4768 matris
2037 4717 2270 4784 gratiam
2331 4719 2651 4771 inchoatum
2700 4731 3012 4772 sermonem
3064 4717 3437 4784 abrumperet.
3494 4711 3671 4782 Igitur

391 4807 621 4862 salutem
662 4805 1024 4875 plurimorum
1078 4803 1173 4873 qui
1222 4802 1476 4857 astabant
1532 4802 1936 4872 audiebantque
1974 4804 2158 4875 ipsum
2183 4846 2199 4869 ,
2241 4809 2437 4863 matris
2466 4806 2829 4862 consolationi
2860 4808 3095 4877 prwtulit
3130 4807 3261 4875 (ll).

510 4896 696 4966 Ὑμεῖς
722 4892 838 4951 οὖν
875 4894 1177 4966 ἀκούσατε
1221 4892 1337 4957 τὴν
1372 4891 1729 4962 παραϐολὴν
1773 4894 1880 4948 τοῦ

1002 4964 1387 5030 σπείραντος.

463 5058 714 5110 Φωτίου.
748 5054 872 5109 Τῶν
906 5055 1138 5109 ἐντολῶν
1176 5054 1268 5107 τοῦ
1301 5052 1540 5124 Χριστοῦ
1587 5053 1638 5106 οἱ
1677 5054 1777 5123 μὲν
1822 5056 1987 5125 ἥκου-

394 5166 495 5202 σαν
527 5148 745 5219 ἀμελῶς
779 5165 792 5179 ’
844 5140 991 5201 οὗτοί
1023 5149 1162 5201 εἰσιν
1190 5147 1240 5199 oi
1270 5145 1426 5217 παρὰ
1449 5146 1547 5216 τὴν
1571 5146 1689 5199 ὁδὸν
1715 5148 1980 5216 κείμενοι.

393 5242 459 5295 Οἱ
484 5243 542 5294 δὲ
574 5240 851 5310 ἐπιμελῶς
900 5240 1019 5310 μὲν,
1046 5239 1108 5292 οὐ
1139 5238 1372 5309 βεϐαίως
1399 5238 1457 5291 δέ
1483 5257 1496 5270 ο
1546 5240 1660 5291 ὅσοι
1699 5241 1852 5312 παρὰ
1883 5243 1984 5312 τὴν

398 5333 629 5405 πέτραν.
669 5333 730 5385 Οἱ
756 5332 812 5384 δὲ
847 5330 1122 5401 ἐπιμελῶς
1151 5330 1251 5400 μὲν
1276 5330 1371 5384 καὶ
1397 5329 1655 5399 βεϐαίως,
1687 5330 1902 5402 ἔχοντες
1925 5332 1982 5385 δὲ

397 5425 705 5494 ἐπ;σποράν
740 5424 994 5479 ἀκανθῶν
1028 5423 1126 5477 καὶ
1154 5423 1431 5489 ζιζανίων.
1483 5424 1695 5489 Οῖτινες
1746 5425 1840 5479 καὶ
1875 5427 1982 5480 ἀπ-

396 5509 702 5582 επνίγησαν
729 5515 851 5578 ταῖς
884 5512 1164 5584 βιωτικαῖς
1198 5513 1496 5584 φροντίσιν.

2088 4896 2241 4953 CAP.
2273 4897 2413 4952 Xlll.
2450 4896 2613 4952 Vens.
2650 4898 2736 4953 18.
2788 4897 2983 5019 Audite
3008 4913 3130 4967 ergo
3162 4893 3473 4966 parabolam
3515 4894 3673 4948 semi-

2784 4984 2889 5019 nan
2919 4983 2984 5019 ts.

2784 4983 2984 5021 nantis.

2157 5056 2358 5112 Pltotii.
2394 5057 2645 5111 Mandata
2678 5057 2880 5112 Christi
2942 5056 3165 5126 quidam
3221 5054 3549 5110 audiverunt
3580 5068 3674 5108 ue-

2086 5150 2371 5221 gligenter.
2401 5148 2469 5203 Hi
2498 5157 2631 5204 sunt
2654 5149 2749 5217 qui
2780 5162 2941 5202 secus
2970 5148 3110 5202 viam
3137 5148 3345 5215 jaceat.
3368 5144 3472 5198 Alii
3506 5158 3673 5199 exce-

2083 5258 2211 5312 pere
2240 5243 2459 5313 quidem
2505 5243 2733 5296 verbum
2764 5250 2985 5295 strenue
3014 5250 3067 5294 et
3126 5254 3249 5294 cum
3285 5237 3469 5293 studio
3508 5277 3525 5301 ,
3575 5236 3672 5291 sed

2081 5333 2449 5388 constantiam
2524 5349 2632 5387 non
2694 5331 3006 5385 habuerunt
3052 5348 3064 5383 :
3119 5330 3311 5383 horum
3370 5335 3453 5382 est
3490 5327 3672 5382 solum

2080 5435 2384 5494 petrosum.
2433 5425 2723 5481 Nonnullis
2775 5441 2875 5480 nee
2925 5424 3165 5480 studium
3219 5420 3514 5486 audiendi,
3568 5432 3675 5472 nec

2084 5520 2493 5587 perseverantia
2526 5518 2745 5575 tenendi
2777 5516 2952 5573 defuit
2978 5558 2992 5584 ,
3034 5531 3222 5572 verum
3256 5531 3323 5571 ex
3367 5511 3674 5584 superiecta

1924 5656 2157 5713 ΝυΤΛΕ.

482 5768 700 5840 (mar.
736 5787 791 5841 q.
825 5768 988 5840 XLV,
1023 5770 1222 5828 (:ch.
