4132 6426
288 403 428 470 1205

1396 388 1864 452 FRAGMENTA
1899 385 1982 446 ΙΝ
2013 380 2483 444 ΜΑΤΤΙΙΕΗΜ.

3414 360 3559 426 1206

285 519 394 575 Kal
441 512 819 576 ἀκούσαντες
850 510 904 565 ol
953 505 1212 577 μαθηται
1268 504 1507 567 ἔπεσον,
1537 500 1636 577 tigri
1690 499 1913 568 πρόσει

2017 510 2104 549 ΑΡ.
2143 491 2300 577 ινιι.
2324 491 2506 577 .Velns.
2541 488 2594 577 6.
2630 472 3562 577 “(Quotidie-ritesdiscipu'lhncecide-

461 601 628 640 ωπον
654 571 875 646 αὐτῶν,
899 571 996 633 κὰὶ
1016 571 1406 646 ἐφοϐήθησαν
1435 571 1693 643 σφόδρα.

357 698 606 756 Φωτίου.
657 697 878 766 Ἐπειδὴ
913 695 973 748 τὸ
1012 695 1110 763 τῆς
1135 692 1392 761 θεότητος
1431 687 1654 758 ἀξίωμα
1689 705 1870 760 παρα-

288 792 668 865 γυμνούμενον
711 789 1008 843 ἐθεάσαντο
1053 787 1104 840 οί
1154 784 1474 848 ἀπόστολοι,
1521 781 1747 852 καὶτῆς
1776 779 1873 833 τοῦ

291 885 503 956 Πατρδς
534 883 720 952 φωνῆς
747 881 1013 952 ἥκουσαν,
1038 875 1178 932 εἶδον
1202 878 1259 932 δὲ
1282 877 1376 931 τὸν
1398 876 1641 946 Μωῦσῆν
1667 873 1763 928 καὶ
1782 871 1876 926 τὸν

302 973 488 1027 Ἠλίαν
523 969 911 1044 δουλοπρεπῶς
939 967 1388 1040 παρεστηκότας,
1419 968 1500 1030 είς
1533 965 1876 1034 τελειοτέραν

291 1064 608 1136 ἀνήχθησαν
640 1062 850 1116 ἔννοιαν
893 1061 1023 1130 περὶ
1063 1060 1158 1114 τοῦ
1193 1059 1446 1129 Σωτῆρος
1472 1095 1489 1122 ,
1524 1057 1621 1110 καὶ
1649 1056 1723 1120 ὡς
1767 1057 1878 1126 ἄρα

298 1156 516 1226 ἀληθῶς
537 1151 692 1218 οὗτός
721 1158 868 1209 ἐστιν
889 1156 918 1207 6
944 1153 1154 1225 μέλλων
1183 1151 1512 1224 λυτροῦσθαι
1537 1151 1629 1204 τὸν
1663 1149 1879 1221 Ἰσραὴλ

295 1251 391 1303 καὶ
420 1250 451 1303 6
492 1247 703 1318 μέλλων
730 1247 1022 1318 ἔρχεσθαι,
1060 1238 1216 1310 οὗτος
1246 1246 1274 1298 6
1314 1243 1447 1308 Θεὸς
1479 1243 1588 1298 τῶν
1625 1244 1880 1314 πατέρων

294 1344 328 1412 η
337 1341 476 1413 μῶν,
503 1342 532 1394 6
548 1342 759 1412 Κριτης
788 1339 1008 1404 ζώντων
1032 1339 1128 1393 καὶ
1152 1337 1387 1409 νεκρῶν.

305 1521 441 1575 Τότε
469 1518 756 1590 συνῆκαν
810 1522 867 1574 οι
881 1521 1157 1590 μαθηταί
1170 1520 1259 1574 ὅτι
1311 1519 1447 1590 περὶ
1480 1519 1756 1577 Ἰωάννου
1777 1517 1886 1575 τοῦ

727 1587 1068 1648 Βαπέιστοῦ
1099 1587 1271 1646 εἶπεν
1305 1587 1532 1659 αὐτοῖς.

372 1708 621 1763 Φωτιόυ.
657 1709 734 1762 Ού
761 1709 838 1780 τῷ
866 1707 1091 1780 ὀνόματί
1120 1712 1272 1764 ἐστιν
1309 1707 1495 1774 Ἠλίας
1524 1711 1553 1764 6
1597 1710 1885 1782 Ἰωάννης,

299 1802 438 1898 ἀλλά
461 1804 527 1873 τῇ
553 1802 828 1898 ὁμοιότητι
859 1802 969 1856 τῶν
991 1801 1268 1872 πράξεων.
1304 1803 1414 1857 Καὶ
1436 1803 1546 1875 γὰρ
1584 1803 1887 1876 ἀμφότεροι
1917 1840 1961 1898 Β

303 1895 604 1966 πρόδρομοι
651 1893 948 1964 ἐτύγχανον
990 1896 1091 1965 τῆς
1131 1894 1224 1948 τοῦ
1270 1896 1507 1968 Χριστοῦ
1547 1901 1886 1976 παρουσίας,

300 1990 334 2042 6
362 1987 464 2058 μὲν
506 1988 604 2057 τῆς
635 1986 941 2058 προτέρας,
972 1989 1000 2040 6
1030 1988 1089 2042 δὲ
1123 1988 1224 2060 τῆς
1247 1988 1533 2062 δευτέρας.
1564 1994 1677 2048 Καὶ
1708 1998 1892 2068 ἀμφό-

302 2096 455 2150 τεροι
488 2080 616 2144 τοὺς
652 2079 963 2144 πολιτικοὺς
991 2081 1251 2151 θορύϐους
1277 2080 1562 2153 ἐξέφυγον.
1591 2088 1701 2142 Καὶ
1736 2091 1764 2143 6
1791 2093 1891 2162 μὲν

317 2174 503 2236 Ἠλίας
550 2173 683 2246 ᾤκει
725 2173 818 2228 τδν
863 2174 1182 2246 Κάρμηλον
1231 2179 1260 2230 δ
1298 2177 1356 2231 δὲ
1417 2178 1672 2252 Ἰωάννη-⁵
1713 2183 1774 2236 ἐν
1821 2185 1888 2255 τῇ

305 2268 500 2339 ἐρήμῳ
527 2238 788 2337 δίέτριόε·
818 2268 914 2322 καὶ
1124 2269 1193 2322 τὰ
1221 2270 1354 2323 ἄλλα
1383 2271 1440 2325 δὲ
1472 2238 1697 2345 πλείστη
1733 2238 1892 2345 sed};

307 2377 472 2431 χανεν
503 2362 685 2422 αὐτοῖς
720 2361 753 2431 ἡ
785 2361 1061 2430 ὁμοιότης.
1092 2362 1202 2414 Καὶ
1228 2361 1388 2416 τοῦτο
1415 2364 1566 2433 δηλοῖ
1599 2367 1628 2418 6
1659 2369 1896 2438 Χριστὸς

307 2454 507 2522 λέγων,
555 2454 637 2507 ὄτι
665 2448 895 2508 τΗλθεν
935 2455 1165 2520 Ἠλίας,
1206 2455 1322 2508 ἀλλ’
1348 2459 1461 2510 οὐκ
1491 2457 1770 2526 ἔγνωσαν
1793 2463 1897 2514 αὺ-

309 2548 439 2602 τόνο
501 2549 782 2603 τουτέστιν
828 2550 856 2602 6
920 2549 1174 2617 Ἰωάννης
1224 2551 1252 2602 6
1290 2551 1431 2603 κατὰ
1484 2551 1665 2604 πάντα
1713 2553 1900 2622 ὅμοιος

313 2654 486 2694 αοτω.

385 2733 496 2788 Καὶ
525 2733 888 2803 ἐπετίμησεν
910 2735 1070 2801 αὐτῷ
1094 2738 1126 2791 ὁ
1169 2735 1431 2804 Ἰησοῦς,
1466 2754 1522 2790 κ.
1553 2754 1603 2790 τ.
1640 2736 1692 2792 λ.

387 2828 636 2883 Φωτίου.
688 2829 797 2882 Τοῦ
851 2829 927 2901 μὴ
964 2833 1147 2900 τῡχείν
1201 2834 1300 2900 τῆς
1354 2831 1550 2893 ἰάσεως
1599 2829 1726 2901 τρία
1766 2828 1907 2882 εἰσὶν

318 2921 489 2985 αἴτια,
517 2921 746 2976 ἀπιστία
771 2921 880 2975 τῶν
909 2923 1296 2994 παρεστώτων,
1325 2925 1422 2977 καὶ
1456 2927 1489 2994 ἡ
1515 2926 1643 2995 περὶ
1671 2923 1741 2976 τὰ
1769 2922 1904 2976 θαύ-

321 3033 471 3086 ματα
508 3015 850 3084 ὀλιγοπιστία
881 3017 989 3069 τῶν
1033 3016 1291 3084 μαθητῶν
1316 3059 1331 3082 ,
1377 3018 1472 3070 καὶ
1506 3018 1539 3087 ή
1571 3017 1665 3070 τοῦ
1711 3016 1906 3086 δαιμο-

321 3109 608 3179 νιζομένου
638 3110 1057 3180 γαστριμαργία
1089 3111 1186 3164 καὶ
1211 3110 1514 3181 ἀδηφαγία.

399 3225 546 3279 Οὐαί
573 3222 654 3292 τῷ
690 3224 896 3294 κόσμῳ
920 3224 1040 3279 ἀπὸ
1071 3223 1190 3278 τῶν
1209 3223 1593 3280 σκανδάλων.

401 3365 650 3420 Φωτίου.
690 3364 925 3418 Πλεῖστα
969 3363 1100 3432 περὶ
1147 3363 1256 3416 τῶν
1312 3361 1626 3416 σκανδάλων
1667 3360 1836 3415 εἰπὼν
1881 3361 1910 3414 6

327 3456 522 3528 Σωτὴρ
575 3458 672 3510 καὶ
719 3455 996 3526 θρηνήσας
1041 3455 1132 3508 τὸν
1171 3454 1398 3524 κόσμον,
1445 3454 1636 3524 θρηνεῖ
1681 3453 1779 3507 καὶ
1822 3452 1916 3505 τὸν

327 3547 618 3619 ἄνθρωπον
668 3546 745 3610 ὡς
789 3546 1028 3617 ἐργάτην
1075 3545 1185 3599 τῶν
1215 3546 1421 3610 κακῶν,
1471 3546 1687 3606 δεικνὺς
1721 3544 1802 3596 ὅτι
1853 3543 1915 3596 οὔ

334 3639 499 3710 μόνον
521 3639 629 3712 χρὴ
654 3639 724 3692 τὰ
751 3639 1025 3693 σκάνδαλα
1047 3638 1336 3709 ἐκφεύγειν
1366 3640 1462 3692 καὶ
1485 3636 1917 3706 ἀποτρέπεσθαι,

332 3732 474 3786 ἀλλὰ
507 3733 602 3785 καὶ
645 3731 774 3794 τοὺς
805 3730 876 3785 τὰ
902 3730 1128 3784 τοιαῦτα
1160 3729 1505 3800 πράσσοντας
1561 3729 1634 3799 μὴ
1664 3727 1920 3797 ἀποδέχεσ

336 3826 485 3880 σθαι.
519 3825 632 3895 Τὴν
660 3825 770 3894 γὰρ
801 3823 940 3894 μετὰ
965 3822 1171 3876 τούτων
1199 3821 1547 3893 ἀναστροφὴν
1574 3823 1654 3883 είς
1691 3820 1924 3892 μίμησιν

335 3917 519 3975 αὐτῶν
549 3915 895 3972 ἐκκαλεῖσθαι
922 3916 1050 3978 τοὺς
1080 3913 1406 3985 ἀνθρώπους
1439 3914 1758 3983 ἀναγκαῖον.

338 4096 456 4157 Καὶ
502 4098 558 4153 εί
599 4099 634 4153 ὀ
679 4094 988 4167 ὀφθαλμός
1028 4111 1168 4167 ,σου
1206 4093 1590 4167 σκανδαλίζει
1627 4109 1722 4167 σε,
1751 4091 1928 4158 ἔξελε

599 4163 789 4222 αὑτὸν
823 4163 923 4221 κάι
951 4165 1113 4230 ,βάλε
1140 4164 1260 4220 ἀπὸ
1285 4164 1423 4231 σοῦ,
1458 4183 1512 4218 κ.
1549 4182 1601 4225 τ.
1633 4163 1685 4217 λ.

419 4283 668 4339 Φωτίου.
701 4280 820 4335 Κᾶν
844 4279 1073 4350 φιλικῶς
1101 4280 1189 4350 εἴη
1215 4297 1298 4342 τις
1319 4278 1456 4351 πρὸς
1487 4279 1546 4330 σὲ
1565 4276 1930 4345 διακείμενος,

345 4377 439 4446 είη
465 4375 521 4429 δὲ
553 4373 791 4444 ἐργάτης
817 4389 879 4426 τε
909 4372 1006 4427 καὶ
1046 4371 1380 4443 δημιουργὸς
1421 4371 1530 4424 τῶν
1572 4369 1782 4433 κακῶν,
1805 4371 1935 4423 ἀπο⁸

348 4466 648 4539 κολλήθητι
699 4464 887 4532 αὑτοῦ,
927 4465 1027 4535 τὴν
1059 4463 1267 4535 βλάϐην
1311 4462 1574 4517 ἐκκλίνων
1607 4463 1706 4534 τῆς
1757 4460 1937 4532 ψυχῆς

351 4561 453 4616 καὶ⁹
481 4560 575 4615 τὸν
603 4561 668 4613 ἐκ
691 4557 794 4629 τῆς
827 4555 1114 4620 συνουσίας
1142 4555 1307 4611 αὐτοῦ
1342 4556 1439 4610 ἰόν.

372 4761 511 4816 Ἐὰν
556 4759 626 4814 δὲ
647 4757 963 4827 ἁμαρτήσῃ
989 4757 1077 4822 είς
1099 4753 1175 4827 σὲ
1195 4757 1254 4827 μό
1285 4753 1548 4827 ἀδελφός
1568 4768 1704 4827 σου,
1730 4750 1943 4827 furare,

358 4832 462 4888 καί
491 4830 747 4900 ἔλεγξον
765 4821 967 4883 ἀὺτόὗ-
989 4821 1221 4896 μεταξὺ
1249 4825 1368 4879 σοῦ
1390 4821 1488 4878 καὶ
1517 4821 1706 4877 αὑτοῦ
1727 4823 1945 4891 μόνον.

438 4950 688 5005 Φωτίου.
734 4947 874 5010 Τοὺς
909 4942 1363 5006 σκανδαλίζοντας
1403 4939 1497 4993 τὸν
1543 4937 1772 5010 πλησίον
1812 4939 1948 4991 ἀπο-

362 5042 706 5116 τρεπόμενος
734 5040 762 5094 ὁ
792 5036 1002 5108 Σωτὴρ,
1043 5034 1140 5089 νῦν
1173 5029 1578 5103 παραμυθεῖται
1605 5030 1732 5092 τοὺς
1767 5045 1948 5081 σκαν-

366 5115 758 5204 δαλιζομένους
782 5169 798 5194 ,
846 5129 942 5182 καὶ
990 5125 1138 5193 λέγει
1170 5123 1304 5194 πρὸς
1340 5119 1558 5185 αὐτούς’
1593 5121 1683 5188 Μὴ
1709 5115 1950 5171 καταπὲ-

373 5243 505 5298 σητε
547 5221 857 5284 ἐννοοῦντες
907 5219 974 5290 ἣν
1015 5214 1285 5284 ύπέστητε
1310 5211 1545 5276 ἀδικίαν,
1577 5213 1698 5263 ἐπεὶ
1730 5207 1952 5261 δυνατόν

1946 3227 1992 3290 C

2143 572 2268 615 runt
2318 563 2373 616 in
2401 561 2592 629 [aciem
2620 574 2771 612 suam
2792 595 2807 619 ,
2834 564 2881 610 et
2903 547 3390 608 tintueruut'valde.

2044 673 2246 730 Photii.
2275 671 2575 740 Postquam
2619 665 2963 734 maiestatem
3031 657 3335 716 divinitatis
3360 653 3563 710 nudam

1969 766 2083 836 jam
2118 763 2348 834 apostoli
2401 759 2629 816 contuiti
2668 764 2838 821 sunt,
2875 764 2930 809 et
2985 751 3164 806 Patris
3219 762 3408 801 vocem
3465 759 3565 798 au-

1976 832 2231 922 dierunt,
2292 851 2518 924 Moysen
2575 863 2798 920 quoque
2858 853 3024 914 atque
3091 841 3266 896 Eliam
3309 832 3566 892 famulari

1978 946 2163 1016 specie
2227 960 2293 1002 ac
2356 942 2663 999 reverentia
2726 946 3054 1008 apparentes
3097 944 3457 1001 conspexere;
3511 927 3566 978 in
3672 976 3677 982 .

1979 1039 2359 1098 sublimiorem
2398 1035 2572 1092 evecti
2603 1032 2900 1103 quamdam
2920 1037 3049 1084 sunt
3081 1023 3469 1096 cogitationem
3501 1018 3570 1072 de

1981 1131 2287 1195 Salvatore,
2314 1127 2573 1183 nimirum
2614 1123 2766 1177 illum
2811 1134 2933 1175 esse
2986 1130 3174 1171 revera
3207 1128 3334 1168 eum
3365 1110 3458 1181 qui
3487 1123 3573 1162 rc-

1981 1221 2304 1293 dempturus
2327 1227 2471 1274 esset
2501 1216 2665 1271 lsrael
2692 1231 2709 1268 :
2746 1212 2901 1268 illttm
2937 1208 3030 1278 qui
3055 1213 3320 1260 venturus
3341 1212 3572 1270 exspec-

1984 1314 2201 1370 tabatur
2232 1312 2375 1366 Deus
2406 1317 2618 1380 patrum
2658 1312 3002 1366 nostrorum,
3036 1295 3213 1353 Judex
3241 1293 3487 1348 vivorum
3514 1294 3574 1342 et

1986 1415 2355 1462 mortuorum.

1986 1497 2151 1554 Vsus.
2178 1497 2267 1553 l3.
2300 1493 2447 1550 Tunc
2463 1491 2838 1547 intellexerunt
2859 1481 3114 1552 discipuli
3143 1480 3265 1553 quia
3286 1477 3350 1533 de
3368 1475 3575 1532 Joanne

2467 1563 2717 1633 Baptista
2756 1557 2978 1612 dixisset
2995 1555 3096 1608 eis.

2060 1678 2265 1734 Photii.
2317 1675 2560 1731 Joarmcs
2589 1687 2701 1728 non
2756 1669 2978 1726 nomine
3020 1665 3240 1737 quidem
3283 1661 3430 1716 Elias
3468 1667 3575 1725 est,

1993 1771 2088 1826 sed
2117 1766 2479 1825 similitudine
2507 1778 2695 1819 rerum
2727 1769 3027 1830 gestarum.
3054 1754 3233 1808 Ambo
3261 1751 3410 1805 enim
3436 1761 3578 1816 prae-

1987 1875 2244 1916 eursorcs
2283 1858 2547 1911 adventus
2573 1851 2820 1917 Christi;
2859 1849 2952 1903 ille
3005 1846 3230 1917 prioris,
3275 1842 3363 1897 hic
3393 1849 3583 1910 poste-

2000 1953 2186 2007 rioris.
2228 1947 2475 2018 Uterque
2527 1945 2718 2001 civiles
2775 1941 3046 1997 tumultus
3085 1949 3137 1993 et
3174 1933 3585 2006 pertubationes

2001 2043 2279 2101 saecularis
2313 2042 2440 2096 vita:
2503 2036 2814 2094 sccedendo
2853 2033 3013 2104 fugit.
3065 2029 3132 2085 Et
3176 2028 3324 2082 Elias
3363 2024 3585 2096 quidem

2001 2136 2313 2194 Carmelum
2370 2131 2682 2195 habitavit,
2737 2127 2979 2183 Joannes
3037 2133 3217 2178 autem
3277 2120 3330 2174 in
3370 2119 3588 2173 deserto

2004 2237 2380 2286 commoratus
2408 2233 2514 2281 est.
2542 2223 2680 2278 Aliis
2712 2235 2931 2290 quoque
2967 2219 3019 2272 in
3048 2216 3323 2286 plerisque
3349 2208 3590 2265 maxima

2007 2323 2149 2377 inter
2181 2322 2330 2390 ipsos
2354 2315 2662 2374 similitudo
2692 2313 2923 2368 exstitit.
2955 2309 3068 2364 lloc
3132 2307 3402 2376 signiﬁcat
3430 2298 3589 2355 Chri-

2005 2427 2120 2470 stus
2135 2413 2325 2468 dicens
2358 2429 2372 2464 :
2411 2407 2727 2478 Quiaﬂlias
2762 2405 2922 2468 venit,
2951 2401 3066 2466 sed,
3096 2417 3199 2451 mm
3233 2399 3584 2465 cognoverunt

2005 2523 2146 2563 eum.
2178 2504 2293 2561 lloc
2327 2501 2670 2559 estloannes
2699 2498 2797 2569 ipsi
2821 2512 2916 2568 per
2938 2493 3122 2548 omnia
3157 2489 3355 2545 similis

2170 2674 2338 2731 Vsus.
2372 2673 2460 2728 18.
2493 2673 2562 2724 Et
2591 2666 2877 2738 increpavit
2915 2664 3068 2718 illum
3099 2659 3278 2722 Iesus,
3311 2665 3418 2711 etc.

2086 2769 2292 2825 Photii.
2340 2765 2652 2833 Quominus
2673 2760 3011 2816 curationem
3033 2757 3468 2821 consequeretur
3492 2746 3598 2802 tria

2015 2863 2353 2917 obstiterunt
2391 2876 2406 2912 :
2447 2853 2804 2910 incredulitas
2838 2848 3158 2910 astantium,
3199 2841 3336 2895 etin
3366 2837 3602 2892 miracu-

2016 2951 2193 3006 lorum
2223 2947 2546 3018 operatione
2583 2943 2782 3011 exigua
2821 2939 2957 2993 lides
3001 2933 3417 3003 discipulorum,
3447 2927 3601 2982 deni-

2018 3058 2125 3114 que
2177 3040 2300 3110 gula
2340 3047 2396 3094 et
2447 3035 2720 3092 voracitas
2770 3032 2917 3086 illius
2961 3027 3054 3098 qui
3091 3042 3119 3079 a
3160 3024 3408 3078 daemone
3436 3032 3602 3072 vexa—

2021 3135 2204 3188 batur.

2116 3244 2249 3300 Car.
2271 3209 2471 3297 ‘XVlll.
2505 3239 2668 3294 Vens.
2703 3238 2756 3292 7.
2819 3234 2909 3290 Vw
2953 3233 3150 3287 mundo
3177 3248 3210 3284 a
3243 3224 3535 3283 scandulis.

2093 3360 2294 3413 Photi-i.
2352 3359 2487 3411 Cum
2540 3354 2776 3425 plurima
2844 3352 2913 3406 de
2963 3347 3240 3403 scandulis
3302 3347 3612 3414 perorasset

2021 3451 2276 3506 Christus
2323 3458 2378 3502 et
2417 3446 2682 3501 mundum
2733 3443 3094 3513 deplorasset,
3129 3437 3380 3507 deplorat
3407 3441 3463 3488 et
3510 3431 3610 3485 ho-

2026 3542 2227 3597 minem
2287 3539 2551 3592 malornm
2600 3548 2904 3597 auctorem,
2945 3529 3240 3585 ostendens
3259 3540 3366 3580 non
3398 3530 3616 3576 tantum

2030 3634 2284 3704 fugienda
2315 3641 2368 3687 et
2398 3630 2706 3700 repellenda
2752 3642 2874 3682 esse
2910 3623 3193 3684 scandala,
3225 3633 3412 3671 verum
3436 3625 3490 3670 et
3521 3628 3618 3668 eos

2030 3703 2123 3794 qui
2154 3724 2281 3778 talia
2310 3729 2482 3793 agunt
2509 3733 2855 3788 nequaquam
2885 3731 3006 3769 esse
3029 3709 3397 3766 adn'littendos
3450 3704 3503 3758 in
3539 3703 3620 3757 fa-

2033 3816 2404 3871 miliaritatem
2436 3830 2501 3866 ac
2523 3811 2862 3866 convictum.
2898 3802 3328 3860 Conversatione
3354 3795 3621 3867 siquidem

2033 3919 2086 3964 et
2108 3905 2508 3963 consuetudine
2543 3902 2730 3955 talium
2767 3913 2988 3953 necesse
3016 3903 3099 3951 cst
3133 3891 3418 3964 provocari
3449 3887 3626 3941 humi-

2035 4017 2133 4055 nes
2167 3999 2232 4052 ad
2267 3997 2631 4050 imitationem
2661 3991 2796 4063 (l2).

2036 4091 2198 4147 Vsus.
2232 4091 2284 4146 9.
2316 4087 2386 4142 Et
2417 4089 2463 4141 si
2493 4086 2675 4139 oculus
2709 4094 2831 4136 tuus
2865 4078 3201 4134 scandalizat
3231 4088 3299 4141 te,
3327 4090 3451 4129 erue
3484 4085 3626 4133 eunt,

2510 4169 2556 4211 et
2595 4156 2792 4224 projice
2829 4153 2922 4205 abs
2951 4161 3149 4214 te,ete.

2109 4253 2310 4310 Photii.
2341 4249 2653 4317 Quamlibet
2696 4246 2958 4302 benevole
3014 4243 3088 4296 sit
3139 4239 3367 4293 allectus
3417 4248 3545 4303 erga
3577 4243 3630 4286 te

2041 4369 2313 4443 quispiam
2346 4409 2363 4435 ,
2392 4369 2465 4420 sit
2488 4374 2670 4420 autem
2709 4361 2850 4416 idem
2899 4355 3182 4429 cperarius
3209 4363 3263 4408 et
3289 4358 3481 4407 auctor
3514 4365 3630 4402 ma-

2043 4468 2218 4520 lorum
2258 4479 2272 4515 :
2308 4458 2568 4516 abscinde
2608 4467 2661 4511 te
2695 4456 2764 4510 ab
2814 4454 2931 4516 illo,
2988 4449 3282 4520 perniciem
3315 4445 3512 4500 anima:
3536 4444 3632 4498 de-

1972 4589 2021 4648 υ
2047 4555 2286 4616 clinans,
2317 4561 2373 4606 et
2403 4561 2737 4620 proserpens
2757 4562 2822 4600 ex
2851 4543 3184 4614 contagione
3215 4535 3635 4594 consuetudinis

2051 4647 2208 4703 istius
2247 4657 2516 4699 venenum
2551 4653 2885 4711 przceavens.

2052 4741 2216 4799 Vsus.
2236 4739 2324 4796 15.
2344 4739 2405 4794 Si
2426 4749 2599 4792 autem
2615 4735 2905 4804 peccaverit
2936 4732 2988 4785 in
3031 4741 3079 4784 te
3110 4729 3276 4804 frater
3308 4738 3454 4788 tuus,
3484 4725 3635 4791 uade,

2331 4821 2381 4864 et
2404 4800 2770 4878 corripe'inter
2794 4815 2840 4859 te
2859 4813 2908 4858 et
2943 4805 3116 4872 ipsum
3141 4800 3312 4854 solum
3336 4837 3350 4850 .

2128 4924 2337 4982 Photii.
2374 4921 2687 4977 Detestatus
2720 4917 2973 4974 Salvator
3001 4930 3100 4970 eos
3138 4913 3231 4984 qui
3269 4910 3644 4966 seandalizant

2052 5019 2402 5089 proximum,
2463 5029 2610 5069 nunc
2664 5027 2760 5067 eos
2803 5008 3118 5066 consolatur
3178 5006 3270 5074 qui
3326 5005 3642 5058 scandalum

2059 5111 2364 5181 patiuntur.
2398 5117 2454 5161 et
2492 5105 2627 5159 dicit
2653 5102 2720 5158 ad
2768 5101 2935 5156 illos:
2980 5097 3059 5153 Ne
3115 5098 3302 5150 animo
3331 5106 3647 5149 consterne-

2060 5201 2193 5256 tnini
2228 5207 2546 5269 reputantes
2582 5205 2849 5267 quantum
2886 5191 3104 5262 injuriae
3133 5189 3331 5242 vulnus
3366 5187 3646 5256 acceperi-

372 5322 523 5373 'smv
569 5317 649 5378 είς
694 5313 838 5383 μέγα
883 5311 1072 5383 κέρδος
1106 5304 1468 5379 μεταστῆσαι.
1522 5301 1642 5366 Πῶς
1692 5301 1751 5354 δὲ
1798 5299 1913 5352 τοῦτ

2062 5283 2154 5354 tis,
2188 5291 2633 5362 quandoquidem
2663 5287 2775 5342 Iieri
2813 5293 2992 5356 potest
3023 5293 3082 5338 ut
3115 5282 3247 5336 illud
3279 5280 3648 5350 quodcunque

375 5409 699 5480 γενήσεται;
733 5407 794 5458 Εἰ
821 5404 915 5457 τὸν
943 5399 1275 5472 ἀδικήσαντά
1300 5415 1358 5452 σε
1382 5397 1504 5451 κατ’
1537 5395 1672 5450 ἰδίαν
1697 5393 1956 5462 ἐλέγξεις,

375 5499 639 5555 δεικνύων
690 5495 840 5567 αὐτῷ
900 5495 961 5548 τὸ
1025 5493 1349 5565 ἁμάρτημα.
1389 5485 1789 5548 Μεταειοοῦντος
1843 5483 1953 5555 γὰρ

379 5589 590 5646 ἐκείνου
621 5589 706 5659 ἐφ’
736 5582 819 5653 οἷς
865 5583 1098 5657 ἔπραξεν
1127 5584 1204 5648 είς
1232 5583 1312 5649 σὲ,
1345 5581 1488 5654 μέγα
1515 5593 1600 5632 σοι
1639 5575 1828 5647 κέρδος
1860 5592 1957 5644 γε-

2067 5385 2120 5440 in
2154 5399 2410 5455 magnum
2462 5382 2621 5436 vobis
2667 5380 2883 5434 lucrum
2923 5383 3299 5431 contertatur.
3360 5371 3649 5438 Quomodo

2060 5489 2242 5532 autem
2275 5478 2324 5531 id
2346 5474 2546 5531 liet?Si
2564 5481 2844 5529 auctorem
2874 5470 3083 5541 injuria:
3102 5468 3354 5538 privatim
3380 5464 3650 5535 argueris,

2063 5587 2221 5628 suum
2251 5571 2324 5625 illi
2352 5578 2638 5640 peccatum
2663 5565 2978 5624 ostendens.
3017 5562 3074 5618 Si
3101 5561 3251 5616 enim
3312 5572 3439 5614 eum
3478 5556 3652 5628 poeni-

1865 5756 2096 5815 ΝΟΤᾸΞ.

465 5928 577 6000 (ιε)
607 5926 692 5984 cr.
722 5942 778 5996 «ι.
813 5923 876 5977 v.
