4132 6430
318 378 453 441 1’20!)

1484 366 1946 431 FRAGMENTA
1985 364 2070 424 IN
2098 360 2442 422 MARCUM.

3449 354 3585 421 1210

316 493 421 545 Καὶ
454 489 724 557 ἐμνήσθη
754 492 786 541 ό
809 488 1030 557 Πέτρος
1068 487 1173 541 τοῦ
1204 484 1471 557 ῥήματος
1516 483 1622 537 τοῦ
1665 481 1892 557 Ἰησοῦ,
1923 533 1925 539 λ

2026 475 2162 529 lens.
2323 506 2393 516 —
2425 473 2492 526 Et
2518 471 2820 557 recordatus
2862 480 2936 525 est
2987 467 3174 557 Petrus
3205 469 3346 524 verbi
3422 469 3581 525 Jesus

385 554 1035 626 εἷρὴκότοςάὺτῷξὸτι
1070 554 1218 626 Πρὶν
1258 555 1551 626 ἀλέκτορα
1594 554 1890 626 φωνῆσαι,

390 624 513 696 τως
542 624 867 708 azmorna”
892 646 989 697 με.
1021 624 1128 682 Kal
1156 624 1419 692 ἐξελθὼν
1453 625 1591 691 ἐξω,
1631 624 1897 677 ἔκλαυσα

390 718 631 768 πικρως.

391 793 637 845 (lentior).
676 791 842 845 Ὅταν
870 792 897 843 6
928 789 1203 852 Ματθαῖος
1228 787 1361 859 λέγῃ
1382 803 1396 818 ·
1427 786 1577 856 Πρὶν
1605 785 1900 853 ἀλέκτορα

321 881 617 954 φωνῆσαι,
647 881 770 949 τρὶς
788 882 1116 948 ἀπαρνήσῃ
1133 895 1228 948 με,
1248 876 1349 949 τὴν
1367 876 1591 949 πρώτην
1616 876 1901 946 ἀλεκτορο-

323 977 528 1045 φωνίαν
558 976 874 1039 αἰνίττεται,
905 973 1004 1044 τὴν
1031 972 1159 1042 ὃλην
1190 972 1452 1043 δηλονότι.
1484 971 1577 1024 Διὸ
1606 968 1699 1024 καί
1732 983 1897 1039 φησιο

324 1069 461 1139 Πρὶν
494 1070 631 1129 αὑτὴ
676 1067 1024 1138 ἀπαρτισθῇ,
1076 1065 1353 1120 τουτέστιν
1401 1066 1435 1136 ἡ
1476 1064 1569 1135 ὅλη
1609 1063 1902 1132 ἀλεκτορο-

324 1160 520 1230 φωνία.
552 1161 672 1230 τρὶς
696 1159 987 1229 ἀπαρνήσῃ
1023 1174 1111 1228 με.
1142 1158 1309 1210 Ὅταν
1335 1155 1392 1208 δὲ
1426 1159 1453 1209 6
1479 1156 1705 1225 Μάρκος
1734 1154 1866 1224 λέγῃ
1884 1166 1900 1181 ⁶

326 1251 473 1319 Πρὶν
492 1251 529 1319 ἢ
549 1251 643 1316 δίς
672 1250 970 1318 ἀλέκτορα
985 1248 1266 1319 φωνῆσαι
1292 1249 1445 1318 ,τρίς
1456 1248 1782 1317 ἀπαρνήσῃ
1804 1264 1902 1317 με,

324 1345 423 1406 τὰς
453 1346 510 1395 ἐν
539 1343 635 1413 ὅλῃ
670 1346 737 1414 τῇ
791 1342 986 1415 πρώτῃ
1033 1340 1476 1412 ἁλεκτοροφωνίᾳ
1510 1339 1907 1411 περιεχομένας

329 1435 603 1504 φωνήσεις
644 1433 812 1505 δηλοῖ,
860 1434 952 1487 καί
999 1451 1194 1503 φησιν,
1237 1433 1320 1486 ὅτι
1354 1434 1493 1503 Πρὶν
1540 1434 1638 1495 τὰς
1677 1432 1770 1485 δύο
1808 1435 1907 1495 τὰς

330 1526 472 1579 κατὰ
509 1524 672 1597 μέρος
724 1527 994 1597 φωνήσεις
1033 1524 1345 1597 παρελθεῖν,
1388 1524 1570 1596 τρίτον
1616 1524 1908 1595 ἀπαρνήσῃ

335 1635 425 1688 με.
464 1618 529 1669 'll
560 1618 669 1688 γὰρ
697 1618 791 1689 ὅλη
824 1617 1265 1688 ἁλεκτοροφωνία
1297 1619 1449 1687 τρεῖς
1495 1616 1588 1670 καὶ
1638 1614 1909 1685 τέσσαρας

334 1710 431 1763 καὶ⁴
457 1709 673 1773 πλείους
699 1710 812 1780 ἔχει
843 1711 1141 1779 φωνήσεις.
1188 1709 1354 1763 Ὥστε
1385 1706 1734 1778 συμφωνοῦσι
1775 1704 1911 1776 μᾶλ-

334 1805 425 1857 λον
453 1803 703 1875 ἀλλήλοις
732 1804 782 1856 οἱ
810 1801 1214 1872 εὐαγγελισται.

328 1997 447 2050 -Ιίαὶ
498 1995 626 2050 ἰδοὺ
672 1994 739 2049 τὸ
777 1995 1208 2064 καταπέτασμα
1235 1995 1395 2063 Ιτοῦζ
1445 1992 1597 2048 ναοῦ
1655 1990 1916 2061 ἐσχίσθη

882 2070 969 2133 είς
999 2066 1129 2129 δύο,
1170 2083 1226 2118 κ.
1250 2082 1302 2119 τ.
1325 2066 1377 2119 λ.

415 2158 663 2211 Φωτίου.
702 2156 959 2226 Ἐσχίσθη
990 2156 1051 2208 τὸ
1084 2155 1482 2225 καταπέτασμα
1518 2153 1613 2206 τοῦ
1639 2151 1790 2219 ναοῦ,
1821 2149 1918 2205 καὶ¹

338 2248 603 2319 ὦξοησαν
633 2250 699 2303 τὰ
728 2249 951 2303 ἀθέατα.
977 2248 1147 2301 Τοῦτο
1176 2250 1438 2319 σημαῖνον
1469 2248 1531 2300 τὸ
1577 2248 1677 2318 τὴν
1708 2247 1917 2316 Καινὴν

339 2338 615 2408 Διαοήκην
646 2339 723 2400 είς
747 2339 928 2389 πᾶσαν
957 2336 1055 2407 τὴν
1081 2337 1406 2407 οἰκουμένην
1431 2336 1743 2407 διαδραμεῖν
1770 2354 1783 2367 '
1822 2335 1917 2389 καὶ

338 2434 441 2501 τὴν
476 2430 705 2500 νομικὴν
747 2430 1000 2500 λατρείαν
1043 2429 1306 2499 ἀργῆσαι,
1361 2430 1454 2482 καὶ
1490 2428 1558 2482 τὰ
1602 2430 1768 2497 ’Ἅγια
1808 2430 1918 2482 τῶν

344 2524 517 2589 ἁγίων
552 2522 683 2574 πᾶσι
713 2520 879 2574 οεατὰ
912 2520 1008 2573 καὶ
1036 2521 1242 2591 βάσιμα
1273 2520 1577 2590 γεγονέναι.

2069 546 2204 615 quod
2242 544 2495 615 dixerat:
2533 543 2688 595 Prius
2751 558 2909 615 quain
2950 540 3123 615 gallus
3178 548 3374 605 cantet,
3399 549 3477 595 ter
3504 556 3585 594 me

2067 612 2301 684 negabis.
2325 612 2388 665 Et
2431 629 2667 683 egressus
2698 615 2841 681 [oras
2868 613 3008 680 ﬂevit
3033 626 3233 663 amare.

2076 706 2277 759 Photii.
2310 704 2471 775 gCum
2522 702 2806 758 Matthmus
2862 703 3015 767 dicit,
3073 701 3371 772 Antequam
3413 699 3588 770 gallus

2001 808 2198 865 cantet,
2226 810 2305 853 ter
2332 813 2414 851 me
2446 796 2658 867 negabis
2689 838 2705 863 ,
2761 795 2919 865 primi
2952 804 3144 849 cantus
3183 794 3401 848 nomine
3437 807 3590 847 com-

2000 889 2257 959 plectitur
2299 903 2493 944 omnes
2546 896 2825 956 separatas
2850 885 2967 955 ejus
3000 885 3117 940 avis
3139 899 3301 939 voces
3322 898 3460 953 quas
3479 898 3591 937 mo-

2002 980 2131 1035 dico
2163 980 2348 1051 spatio
2383 978 2705 1033 continuare
2736 976 3003 1046 solethit
3023 976 3187 1047 igitur
3217 993 3230 1029 :
3260 973 3589 1042 Priusquam

2004 1068 2183 1142 gallus
2237 1070 2474 1141 primum
2513 1077 2731 1123 cantum
2785 1066 3039 1122 omnibus
3071 1066 3187 1121 suis
3221 1067 3469 1135 partibus
3505 1066 3595 1117 al.-

2007 1163 2250 1229 solverit,
2285 1172 2368 1216 ter
2414 1176 2501 1215 me
2545 1160 2788 1230 negabis.
2827 1158 2962 1213 Cum
2994 1174 3126 1213 vero
3163 1159 3383 1213 Marcus
3406 1157 3581 1211 dicit:

2012 1250 2334 1323 Priusquam
2360 1252 2533 1322 gallus
2569 1266 2744 1305 vocem
2778 1249 2855 1302 bis
2905 1249 3130 1313 dederit,
3158 1257 3236 1302 ter
3273 1264 3353 1301 me
3380 1264 3433 1301 es
3494 1263 3584 1300 ne-

2008 1356 2228 1416 gaturus
2257 1385 2273 1411 ,
2322 1346 2558 1415 primum
2594 1352 2815 1398 cantum
2871 1343 2922 1397 in
2957 1350 3137 1412 partes
3175 1354 3305 1396 suas
3347 1338 3536 1393 dividit
3575 1366 3591 1391 ν

2010 1438 2114 1491 hoc
2147 1452 2312 1492 sensu
2344 1454 2357 1489 :
2384 1436 2712 1505 Priusquam
2761 1435 3071 1505 singulares
3100 1432 3401 1488 cantilenas
3425 1430 3598 1501 gallus

2009 1529 2147 1583 duas
2183 1528 2414 1591 dederit,
2440 1528 2632 1596 quales
2657 1527 2841 1597 plures
2879 1527 3115 1596 primum
3141 1533 3363 1579 cantum
3410 1522 3594 1577 absol-

2010 1627 2167 1682 vunt,
2210 1628 2291 1672 ter
2319 1634 2405 1671 me
2448 1619 2697 1689 negabis.
2730 1616 2866 1673 Nam
2898 1626 3039 1671 totus
3068 1616 3193 1685 galli
3243 1623 3440 1670 cantus
3469 1628 3601 1667 can—

2013 1711 2188 1765 tioues
2212 1710 2418 1780 colligit
2448 1721 2579 1777 tres,
2614 1722 2873 1780 quatuor,
2916 1717 3010 1764 aut
3063 1708 3246 1780 plures
3284 1721 3452 1777 parvo
3512 1704 3602 1758 in-

1941 1826 1986 1882 Β
2012 1802 2237 1856 tervallo
2261 1803 2589 1871 disiunctas.
2616 1802 2850 1857 Maxime
2876 1802 3045 1872 igitur
3074 1800 3423 1870 evangelista
3460 1813 3595 1854 con-

2022 1896 2287 1960 sentiunt,
2314 1896 2415 1949 hoc
2435 1896 2652 1965 quidem
2679 1896 2798 1950 loco
2828 1894 2965 1965 (15).

2023 2005 2154 2061 CAP.
2200 2002 2415 2058 XXVII.
2455 2003 2624 2060 Vsus.
2652 2005 2741 2059 5|.
2784 2002 2850 2057 Et
2879 2020 2993 2057 ecce
3048 2003 3221 2057 velum
3250 2000 3432 2071 templi
3467 2000 3603 2055 scis-

2399 2092 2513 2127 sum
2548 2084 2624 2128 est
2657 2076 2709 2127 in
2738 2075 2871 2127 duas
2898 2083 3094 2143 partes,
3130 2082 3235 2128 etc.

2091 2165 2285 2220 Protii.
2341 2165 2585 2221 Scissum
2647 2176 2732 2221 est
2761 2166 2938 2220 velum
2986 2166 3195 2235 templi,
3228 2173 3283 2220 et
3312 2164 3601 2219 hominum

2027 2255 2413 2325 conspectibus
2456 2256 2717 2324 exposita:
2752 2264 2881 2311 sunt
2942 2270 3029 2309 res
3057 2270 3197 2324 quas
3228 2263 3385 2308 antea
3422 2253 3607 2307 videre

2024 2345 2178 2400 nefas
2201 2355 2336 2400 erat.
2356 2344 2468 2401 lloc
2498 2346 2840 2417 significante
2872 2345 3143 2415 prodigio,
3174 2344 3384 2398 Novum
3412 2342 3609 2398 Testa-

2026 2446 2272 2491 mentum
2306 2438 2360 2491 in
2385 2438 2695 2491 universam
2749 2447 2948 2492 terram
2984 2436 3417 2506 propagandum,
3481 2435 3608 2489 reli-

2024 2530 2239 2599 gionem
2273 2545 2403 2584 vero
2436 2545 2560 2596 qua:
2588 2530 2953 2584 observationi
2998 2530 3131 2600 legis
3188 2530 3395 2599 illigata
3432 2536 3609 2605 esset,

344 2624 727 2683 cessalttram,
788 2634 852 2672 ac
901 2616 1098 2671 Sancta
1135 2624 1453 2671 sanctorum
1502 2613 1746 2670 omnium
1814 2619 1988 2676 oculis
2061 2623 2263 2681 intueri
2320 2623 2658 2688 volentium,
2720 2623 2967 2678 omnium
3020 2623 3302 2692 gressibus
3349 2621 3611 2677 accedere

348 2714 714 2783 cupientium,
745 2723 929 2782 aperta
965 2712 1083 2768 fore
1115 2713 1253 2785 (15).

1874 2846 2108 2907 NOTIE.

428 2970 543 3041 (Ιῦ)
574 2968 657 3026 Cf.
686 2970 753 3025 de
784 2969 972 3024 eodem
1002 2976 1325 3040 argumento
1357 2968 1423 3036 Q.
1448 2966 1632 3025 XCVII

359 3143 3581 3171 Mm

1233 3297 1953 3388 FRAGMENTA
2007 3299 2133 3388 ΙΝ
2215 3295 2753 3388 MARCUM.

1294 3490 1393 3561 (Ex
1418 3488 1618 3545 Catena
1636 3488 1701 3544 P.
1726 3487 1964 3555 Possini,
2006 3487 2214 3555 Romae,
2252 3489 2406 3556 l675,
2447 3488 2650 3559 in-fol.)

376 3762 581 3839 Ὀψίας
624 3761 695 3839 δέ
738 3760 1086 3839 γενομένης,
1137 3760 1238 3839 ὅτε
1270 3760 1378 3815 ἔδυ
1412 3762 1449 3839 (ξ
1488 3760 1682 3839 ἢδιος,
1729 3763 1925 3832 ἔφερον

2047 3765 2177 3821 CAP.
2214 3766 2256 3820 Ι.
2313 3765 2618 3839 Υιςῐιε.μῗ›”ἓ.Δ
2651 3762 2866 3839 Vespere
2912 3766 3086 3813 autem
3120 3756 3305 3839 facta,
3336 3770 3451 3839 cum
3482 3755 3622 3807 oeci-

440 3835 590 3899 πρὸς
624 3832 811 3885 αὑτὸν
848 3831 1078 3897 πάντας
1115 3832 1256 3897 τοὺς
1295 3831 1494 3896 κακῶς
1525 3831 1802 3901 ἔχοντας,
1846 3834 1943 3887 καὶ

437 3904 578 3967 τοὺς
611 3902 1151 3971 δαιμονιζομένους.

440 3997 687 4048 ψωτίου.
721 3994 820 4048 Διά
848 3994 1005 4048 τοῦτο
1032 3995 1293 4065 ἀνέμενον
1316 3996 1377 4049 τδ
1406 3998 1581 4068 πέρας
1601 3995 1698 4065 τῆς
1734 3996 1948 4065 ἠμέρας

370 4086 461 4139 ἵνα
497 4088 573 4156 μὴ
603 4084 826 4150 δόξωσιν
864 4086 923 4138 ὲν
963 4086 1222 4156 Σαϐϐάτῳ
1280 4086 1696 4158 θεραπευθῆναι.
1732 4084 1948 4155 ’Δμέλει

371 4180 469 4233 καὶ⁵
490 4180 539 4232 οἱ
565 4180 672 4233 τῶν
702 4180 971 4234 Ἰουδαίων
1000 4180 1290 4251 ἡγούμενοι
1314 4182 1590 4253 ἐπετίμων
1616 4180 1766 4250 αὐτῷ
1790 4179 1951 4249 Θερα-

374 4271 597 4324 πεύοντι
628 4273 684 4324 ἐν
718 4271 1004 4342 Σαϐϐάτῳ.
1039 4274 1102 4325 Οἱ
1130 4273 1187 4326 δὲ
1221 4273 1464 4343 μαθηταὶ
1490 4274 1590 4343 τὴν
1614 4272 1850 4340 ἑσπέραν
1876 4269 1950 4341 μὴ

372 4363 737 4434 ἀναμένοντες
775 4363 1123 4436 παρεκάλουν
1151 4365 1313 4422 αὑτὸν
1337 4366 1437 4432 τὰς
1470 4367 1638 4429 ἰάσεις
1658 4364 1948 4419 ποιεῖσθαι.

374 4543 487 4600 Kal
534 4543 685 4610 πρωῒ
732 4548 994 4613 ἔννυχον
1034 4545 1178 4598 ,λίαν
1228 4545 1504 4612 ἀναστὰς
1540 4543 1800 4612 ἐξῆλθε,
1852 4543 1952 4613 καί

446 4613 723 4698 ἀπῆλθεν
764 4616 797 4667 ὁ
841 4611 1082 4682 Ἰησοῦς
1118 4617 1207 4682 είς
1243 4611 1697 4685 ἐρημοντόπον
1720 4654 1735 4679 ,
1786 4611 1961 4668 κάκεῖ

452 4698 854 4752 προσηυχετο.

451 4775 698 4833 Φωτίου.
758 4776 941 4843 Ἀξιὸν
972 4777 1088 4830 ἐστι
1140 4775 1455 4847 ζητήσεως,
1504 4776 1621 4839 πῶς
1667 4775 1696 4828 6
1749 4771 1957 4845 Ἰησοῦς

376 4869 739 4939 ἀναχωρήσας
762 4868 842 4931 εἰς
875 4868 974 4939 τὴν
1005 4868 1208 4939 ἔρημον
1240 4868 1598 4939 προσηύχετο.
1646 4866 1718 4919 Οὐ
1755 4866 1862 4939 γὰρ
1892 4865 1956 4934 δὴ

377 4959 455 5022 ὼς
485 4960 735 5028 δεόμενος
766 4960 859 5013 καὶ
887 4958 1123 5031 χρῄζων,
1155 4959 1311 5013 τοῦτο
1343 4959 1517 5011 ἐποίει
1546 4976 1560 4988 ·
1592 4958 1687 5012 καὶ
1716 4958 1825 5028 γὰρ
1858 4956 1956 5009 αὺ-

376 5052 472 5113 τὸς
503 5047 571 5122 ἦν
619 5053 648 5105 6
700 5050 798 5114 τὰς
847 5051 955 5104 τῶν
997 5050 1231 5120 λογικῶν
1276 5049 1564 5121 δεχόμενος
1605 5049 1914 5119 προσευχάς
1940 5064 1954 5078 ·

2114 3839 2276 3891 disset
2307 3837 2407 3898 sol,
2438 3835 2724 3904 a/ferebant
2750 3825 2827 3885 ad
2854 3846 2971 3885 eum
2998 3825 3174 3882 omnes
3198 3825 3334 3879 male
3353 3829 3623 3892 trahentes,

2119 3918 2168 3962 et
2196 3908 2459 3961 daemonia
2492 3905 2759 3958 habentes.

2117 3999 2322 4053 Pharii.
2354 3997 2646 4067 Propterea
2680 3993 3071 4064 exspectabant
3097 3990 3206 4046 diei
3238 3988 3623 4059 crepusculum

2049 4105 2119 4144 ne
2149 4088 2461 4142 viderentur
2519 4084 2757 4139 Sahbato
2812 4082 3016 4135 curari.
3074 4078 3357 4147 Principes
3419 4078 3629 4131 scilicet

2049 4180 2360 4235 Judaeorum
2391 4192 2517 4231 eum
2549 4175 2643 4245 qui
2674 4183 2899 4229 curatus
2932 4170 3173 4226 Sabbato
3202 4169 3416 4234 fuisset,
3444 4168 3629 4235 objur-

2054 4272 2295 4341 gabant:
2334 4283 2444 4338 quo
2470 4276 2617 4322 metu
2651 4280 2715 4321 ac
2757 4262 3143 4333 superstitione
3172 4261 3325 4316 liberi
3374 4259 3627 4328 discipuli

2052 4364 2319 4434 rogabant
2357 4361 2667 4423 Christum,
2701 4359 2861 4413 etiam
2898 4372 3003 4412 non
3038 4361 3351 4425 exspectata
3380 4367 3629 4420 vespera,

2056 4466 2115 4511 ut
2140 4457 2452 4510 curationes
2487 4461 2826 4523 operaretur.

2053 4546 2222 4603 Vens.
2257 4548 2347 4602 55.
2384 4545 2451 4599 Ει
2480 4544 2715 4599 diluculo
2742 4542 2894 4597 ualde
2924 4557 3163 4611 surgens,
3213 4553 3452 4611 egressus
3498 4534 3632 4589 abiit

2338 4619 2393 4672 in
2420 4618 2677 4671 desertum
2703 4614 2875 4668 locum
2897 4653 2913 4679 ,
2944 4612 3122 4681 ibique
3145 4612 3353 4664 orabat.

2129 4774 2327 4829 Pharii.
2390 4770 2747 4842 luquisitione
2804 4767 3027 4838 dignum
3081 4771 3213 4827 est,
3277 4759 3633 4832 quamobrem

2058 4865 2216 4921 Iesus
2249 4875 2371 4935 post
2404 4877 2680 4920 secessum
2725 4861 2779 4914 in
2835 4860 3135 4921 desertum,
3194 4853 3450 4909 oraverit.
3506 4849 3626 4904 Nnn

2059 4960 2203 5013 enim
2244 4968 2503 5027 tanquam
2558 4969 2659 5023 ope
2698 4952 2950 5022 indigens
3008 4950 3111 5004 hoc
3178 4946 3461 5001 faciebat:
3521 4943 3637 5012 ipse

2062 5048 2257 5117 quippe
2285 5055 2367 5100 est
2391 5045 2482 5115 qui
2508 5042 2870 5113 spiritualium
2898 5053 3088 5110 preces
3115 5036 3312 5106 accipit
3355 5053 3369 5090 :
3399 5033 3490 5088 sed
3519 5034 3638 5087 dis-

380 5144 498 5196 ἀλλ’
564 5144 925 5212 οἰκονομικῶς
986 5142 1144 5196 τοῦτο
1210 5140 1414 5207 ποιῶν,
1466 5141 1560 5194 καὶ
1614 5140 1783 5204 τύπος
1829 5141 1925 5211 ήμί

2026 5115 2038 5159 ⁵
2066 5110 2371 5209 petisatorie
2404 5110 2505 5188 hoc
2534 5110 2760 5195 faciens,
2812 5139 2868 5186 et
2891 5129 3198 5200 exemplum
3260 5125 3419 5181 nobis
3464 5122 3641 5178 factus

382 5237 671 5309 γινόμενος
703 5236 885 5307 πάσης
925 5235 1154 5306 ἀρίστης
1188 5232 1461 5304 πράξεως.

608 5350 777 5407 Ἰδὼν
811 5352 844 5405 ὀ
885 5349 1117 5419 Ἰησοῦς
1145 5347 1261 5416 τὴν
1290 5347 1499 5401 πίστιν
1525 5344 1742 5399 αὐτῶν.
1949 5403 1960 5436 ⁸

458 5512 704 5565 Φωτίου.
731 5508 910 5580 Πολλὴ
936 5509 970 5580 ἡ
999 5512 1180 5571 πίστις
1208 5503 1276 5578 ἦν
1306 5506 1413 5560 τῶν
1444 5503 1652 5575 ἀνδρῶν
1673 5519 1685 5532 ·
1715 5501 1854 5555 ὥστε
1874 5502 1967 5555 καὶ

2069 5228 2251 5282 omnis
2280 5242 2382 5297 ope
2407 5224 2636 5279 rationis
2667 5222 2905 5293 optimae.

2068 5340 2199 5396 Car.
2245 5336 2311 5392 ll.
2346 5334 2512 5391 Vens.
2560 5334 2613 5390 5.
2656 5333 2792 5457 ϐαιῇ
2828 5343 3005 5387 autent
3043 5330 3257 5385 vidisset
3296 5325 3455 5382 Iesus
3483 5324 3642 5395 ﬁdem

2730 5422 2746 5457 ι
2797 5419 2967 5457 orum.

2730 5419 2967 5458 tuorum.

2150 5498 2351 5555 Plzotii.
2387 5495 2553 5551 Multa
2606 5494 2737 5549 fides
2774 5495 2968 5548 horum
3002 5490 3244 5547 virorum
3285 5494 3425 5551 erat,
3480 5491 3541 5539 ut
3589 5492 3645 5539 et

384 5605 486 5674 τὴν
519 5604 717 5674 στέγην
753 5576 942 5675 ὀρύξαι
958 5576 1065 5653 -καὶ
1110 5576 1344 5670 χαλάσαι
1389 5598 1481 5651 τὸν
1524 5596 1832 5666 ἄνθρωπον.
1878 5596 1925 5645 Δ‹

2079 5600 2279 5646 tectum
2308 5586 2673 5659 perfoderent,
2693 5594 2748 5640 et
2772 5585 3049 5639 hominem
3074 5582 3438 5638 demitterent.
3464 5576 3645 5643 Quare

386 5696 485 5751 καὶ
514 5697 543 5750 6
566 5695 756 5766 Σωτὴρ
796 5695 896 5765 τὴν
942 5693 1126 5747 πίστιν
1168 5689 1291 5743 ἰδὼν
1333 5689 1442 5743 τῶν
1479 5686 1842 5757 κομισάντων,
1876 5702 1925 5740 κε

2078 5681 2331 5737 Salvator
2365 5680 2480 5735 visa
2516 5678 2619 5733 ﬁde
2667 5676 3047 5747 baiulandum,
3098 5682 3153 5730 et
3208 5672 3383 5743 ipsius
3439 5669 3649 5725 scilicet

388 5786 560 5843 αὐτοῦ
588 5785 685 5841 τοῦ
721 5785 1020 5857 κάμνοντος
1069 5782 1226 5854 (οὐδὲ
1261 5781 1369 5851 γὰρ
1403 5779 1687 5846 ἀνεδέξατο
1712 5776 1966 5848 ἀρθῆναι,

2078 5772 2242 5829 etiam
2279 5768 2576 5826 laborantis
2612 5768 2815 5838 (neque
2866 5766 3011 5822 enim
3069 5778 3130 5823 se
3175 5764 3256 5823 sic
3302 5761 3571 5819 laboriose
3595 5768 3652 5815 et
