4132 6468
403 411 539 479 1213

1586 407 2048 469 FRAGMENTA
2086 407 2170 467 IN
2212 409 2486 470 LUCAM.

3547 402 3685 470 1214

400 527 497 584 καὶ
525 525 604 597 μὴ
628 524 885 580 τοσοῦτον
915 525 1086 597 μῦσος
1115 522 1476 596 ἐργάσασθαι.
1514 522 1668 576 Ἐπεὶ
1692 524 1754 576 οὐ
1785 541 1971 578 πανταη

2103 526 2380 595 piaculum
2436 525 2824 581 conscisceret.
2899 522 3090 594 Neque
3158 521 3304 578 enim
3356 521 3682 592 juramcn'is

403 619 500 690 χοῦ
525 619 586 671 τὸ
628 619 880 688 εὐορκεῖν
911 617 1113 686 ἀγαθόν
1137 632 1152 647 '
1191 616 1416 684 λέγεται
1445 614 1503 672 δὲ
1548 615 1939 686 σπεκουλάτωρ
1967 615 1998 666 ό

397 713 617 781 δήμιος,
663 708 1005 781 στρατιώτης
1049 711 1078 763 ὁ
1123 708 1221 762 ἐπὶ
1263 708 1341 782 τῷ
1371 706 1619 777 φονεύειν
1651 709 1780 770 τοὺς
1818 724 1992 760 κατα-

399 803 616 871 κρίτους
640 801 994 872 τεταγμένος.
1019 798 1238 871 Πτῶμα
1260 800 1318 854 δὲ
1339 798 1558 868 λέγεται
1589 797 1651 852 τὸ
1671 797 1765 852 τοῦ
1793 797 1990 872 νεκροῦ

400 911 583 962 σωμα.

399 984 506 1039 Καὶ
542 982 712 1040 εἶπεν
747 985 952 1050 αὐτοῖς
975 1000 988 1014 ·
1033 983 1211 1037 Δεῦτε
1249 981 1418 1051 ὑμεῖς
1455 979 1624 1035 αὐτοὶ
1662 979 1791 1034 κατ’
1831 981 1990 1035 ίδίαν

505 1059 594 1127 είς
618 1055 842 1124 ἔρημον
866 1059 1072 1115 τόπον,
1103 1055 1199 1106 καὶ
1227 1053 1616 1111 ἀναπαύεσθε
1643 1051 1875 1120 ὀλίγον.

467 1147 714 1200 Φωτίου.
745 1145 846 1198 Διά
873 1143 1081 1199 τούτων
1110 1144 1350 1198 διδάσκει
1378 1143 1503 1206 τοὺς
1535 1144 1629 1212 τῆς
1663 1140 1988 1209 Ἐκκλησίας

393 1238 779 1300 διδασκάλους,
823 1238 897 1308 μὴ
931 1236 1228 1298 διαπαντὸς
1270 1239 1384 1298 τοῖς
1415 1237 1594 1306 ὄχλοις
1637 1234 1865 1297 ἑαυτοὺς
1893 1235 1988 1285 ἐκ-

391 1332 632 1396 διδόναι,
688 1329 825 1382 ἀλλὰ
875 1329 970 1381 καὶ
1016 1326 1404 1382 συστέλλεσθαι
1446 1326 1542 1380 καὶ
1588 1326 1814 1389 ίδιάςειν
1863 1324 1988 1378 καθ’

392 1422 643 1486 ἑαυτοὺς,
687 1420 782 1474 καὶ
828 1418 922 1472 τὸν
953 1417 1078 1472 νοῦν
1127 1419 1384 1488 συνάγειν
1420 1419 1483 1470 ὲκ
1538 1418 1634 1488 τῆς
1681 1417 1786 1483 ἔξω
1828 1433 1987 1488 περι-

393 1498 590 1580 φορᾶς,
623 1507 720 1560 καὶ
757 1506 884 1568 τοὺς
921 1506 1236 1569 κοπιῶντας
1269 1509 1326 1559 ἐν
1358 1505 1503 1576 λόγῳ
1535 1505 1860 1576 θεραπεύειν
1891 1505 1987 1558 καὶ

394 1599 731 1670 σωματικῶς
783 1597 1108 1665 ἀναπαύειν,
1159 1599 1399 1671 μάλιστα
1437 1598 1576 1669 μετά
1603 1599 1704 1672 τὴν
1732 1598 1833 1670 τῆς
1863 1598 1984 1651 δια-

392 1692 582 1762 κονίας
613 1690 986 1762 ἐκπλήρωσιν.

2105 625 2256 674 stare
2287 618 2341 672 in
2379 617 2528 672 omni
2584 632 2716 674 casu
2767 616 3040 672 laudabile
3088 624 3191 671 est.
3257 615 3463 671 Dicitur
3515 632 3684 688 porro

2104 709 2419 780 speculator
2446 708 2697 778 publicus
2726 707 2972 763 carnifex
3020 705 3090 762 ad
3136 704 3451 762 multandos
3501 715 3684 759 morte

2100 815 2240 870 quos
2281 801 2401 855 neci
2461 799 2675 869 judices
2725 797 3051 854 addixerunt
3092 797 3440 853 constitutus.
3476 795 3684 866 Πτῶμα

2099 905 2247 957 vero,
2269 894 2515 956 cadaver,
2541 890 2740 946 dicitur
2770 904 2970 958 corpus
3004 888 3222 943 mortui.

2101 983 2266 1038 Vens.
2298 983 2388 1038 5|.
2430 981 2495 1035 lit
2527 983 2606 1036 ait
2633 981 2742 1035 illis
2775 996 2793 1033 :
2835 979 3014 1034 Venite
3053 995 3289 1034 seorsum
3323 980 3378 1033 in
3419 975 3682 1032 desertum

2434 1052 2629 1118 locum,
2654 1063 2701 1106 ct
2736 1051 3039 1121 requiescite
3062 1051 3338 1118 pusillum.

2167 1141 2373 1200 Photii.
2412 1144 2518 1198 Per
2553 1144 2669 1198 lucc
2701 1143 2859 1197 docet
2880 1143 3139 1197 Ecclesia:
3168 1142 3483 1212 magistros,
3509 1155 3577 1194 ne
3623 1155 3683 1195 se

2100 1244 2246 1291 totos
2277 1244 2331 1290 et
2362 1235 2414 1288 in
2455 1250 2619 1290 omne
2649 1245 2866 1304 tempus
2900 1234 3212 1288 condonent
3240 1234 3431 1287 usibus
3458 1241 3513 1288 et
3533 1249 3682 1288 cura:

2097 1325 2466 1380 multitudinis
2499 1342 2512 1379 :
2544 1325 2638 1380 sed
2675 1325 3001 1378 contrahant
3029 1340 3088 1379 se
3119 1324 3415 1390 interdum,
3443 1331 3499 1378 et
3528 1323 3672 1394 apud

2104 1433 2165 1474 se
2204 1419 2334 1484 sint,
2360 1418 2588 1473 collecta
2613 1433 2678 1472 cx
2725 1417 2890 1472 nimia
2925 1415 3217 1472 diﬁ‘usione
3254 1426 3462 1470 mente.
3515 1414 3682 1468 Docct

2099 1518 2361 1576 praeterea
2395 1507 2736 1578 praepositos.
2759 1515 2818 1561 ut
2850 1506 3051 1576 quibus
3077 1514 3306 1559 utuntur
3329 1503 3597 1558 ministris
3625 1507 3677 1556 in

2101 1597 2374 1653 laborioso
2402 1597 2668 1651 exercitio
2687 1595 3116 1668 prmiicationis,
3139 1602 3193 1648 et
3217 1594 3396 1665 plebis
3425 1593 3682 1648 erud‘en-

2099 1691 2202 1752 dte,
2228 1705 2469 1759 congrua
2502 1689 2845 1760 providentia
2873 1689 3184 1753 consulant,
3216 1702 3475 1742 concessa
3500 1689 3678 1749 statis,

393 1789 722 1851 proutopus
743 1788 848 1845 est,
897 1780 1234 1853 temporibtts
1264 1795 1533 1853 corporea
1581 1782 1746 1836 etiam
1791 1782 2114 1837 remissione
2149 1797 2214 1838 ac
2279 1783 2485 1854 quiete,
2551 1780 2787 1836 maxime
2853 1788 2978 1851 post
3041 1781 3316 1851 expletum
3375 1775 3677 1849 praescripti

394 1889 623 1942 pensum
648 1875 854 1946 Operis.

407 1966 472 2022 Ὀ
512 1967 583 2022 δὲ
631 1965 881 2039 Ἰησοῦς,
919 1964 1089 2024 εἶπεν
1115 1984 1130 2000 ·
1191 1969 1398 2038 Ἅφετε
1437 1969 1634 2035 αὐτήν
1657 1985 1672 2000 ο
1719 1970 1779 2024 τί
1825 1968 1971 2039 αὐτῇ

2080 1969 2209 2026 CAP.
2235 1966 2379 2024 XIV.
2413 1968 2575 2024 Vens.
2621 1967 2675 2022 6.
2709 1967 2864 2024 Iesus
2895 1979 3070 2026 autem
3112 1968 3244 2024 dixit
3274 1985 3292 2024 :
3326 1968 3496 2025 Sinite
3534 1984 3673 2030 eam,

465 2041 696 2162 ἕόεῖους
733 2038 1054 2109 παρέχετε;
1098 2040 1292 2096 καλὸν
1329 2040 1510 2110 ἔργον
1545 2039 1868 2111 εἰργάσατο
1911 2041 1977 2096 ἐν

499 2127 572 2162 uo
602 2149 617 2162 .

491 2127 617 2178 μοι.

468 2202 718 2257 Φωτίου.
757 2201 823 2254 Τί
857 2201 1060 2264 κόπους
1091 2198 1365 2272 παρέχετε
1413 2202 1480 2273 τῇ
1526 2200 1747 2270 γυναικί
1778 2201 1984 2272 ;φησὶν

392 2294 424 2346 ὁ
464 2294 656 2364 Σωτήρ
685 2309 701 2325 ⁶
751 2293 833 2356 εἰς
865 2295 973 2363 γάρ
1003 2292 1094 2347 τὸν
1134 2277 1510 2362 ἐνταφιασμόν
1552 2310 1656 2362 μου
1689 2293 1848 2347 τοῦτο
1884 2311 1986 2346 πε-

393 2385 614 2456 ποίηκε.
641 2383 828 2438 Ταῦτα
847 2381 903 2438 δὲ
924 2384 1073 2454 λέγει
1099 2385 1586 2456 παραμυθούμενος
1610 2385 1707 2458 τὴν
1727 2387 1982 2454 γυναῖκα,

393 2480 491 2532 καὶ
509 2479 801 2550 ἐλευθέραν
819 2479 1083 2532 δεικνύων
1107 2480 1202 2549 τῆς
1223 2480 1332 2532 τῶν
1352 2478 1671 2534 ἀποστόλων
1698 2479 1981 2550 μέμψεως.

394 2567 660 2622 Τοσοῦτον
685 2570 796 2639 γὰρ
826 2568 1038 2638 ἀπέχω,
1084 2570 1239 2640 φησὶ,
1289 2569 1383 2623 τοῦ
1431 2569 1753 2641 μέμψασθαι
1789 2570 1982 2640 αὐτὴν,

400 2659 544 2713 ὥστε
594 2661 718 2713 οὐδὲ
772 2661 973 2732 ἀφήσω
1022 2660 1206 2714 λαθεῖν
1267 2662 1329 2714 τὸ
1383 2662 1760 2731 γεγενημένον
1817 2663 1989 2732 αὐτῆς

2153 2042 2280 2123 quid
2311 2042 2395 2094 illi
2445 2040 2653 2094 molesti
2698 2042 2869 2095 estis?
2901 2040 3110 2094 Bonum
3163 2057 3294 2109 opus
3342 2048 3558 2110 operata
3594 2047 3673 2093 est

2156 2128 2213 2164 sn
2247 2127 2348 2166 me.

2157 2200 2359 2256 Photii.
2393 2201 2537 2268 Quid
2567 2202 2779 2258 molesti
2808 2200 2942 2257 estis
2973 2198 3190 2254 mulieri
3224 2198 3343 2253 ‘lait
3392 2197 3668 2260 Salvator.

2088 2294 2144 2350 in
2178 2295 2513 2366 sepulturam
2538 2297 2681 2350 enim
2714 2311 2892 2349 meam
2928 2294 3032 2348 Itoc
3058 2292 3205 2348 fecit.
3231 2290 3354 2347 llaec
3373 2305 3506 2345 vero
3531 2291 3674 2345 dixit

2088 2389 2385 2444 consolans
2413 2387 2722 2453 mulierem,
2759 2397 2816 2443 et
2840 2385 3136 2442 ostendens
3176 2384 3245 2438 ab
3274 2382 3539 2454 apostolis
3564 2382 3672 2436 im-

2090 2480 2289 2534 merito
2318 2480 2549 2549 culpari.
2585 2479 2820 2534 Tantum
2855 2479 3025 2545 enim,
3065 2477 3262 2547 inquit,
3295 2475 3488 2530 absum
3520 2489 3550 2528 a
3583 2489 3669 2528 re-

2090 2570 2670 2642 preltcndcndoillam,
2704 2578 2762 2624 ιιι
2793 2585 2904 2624 non
2937 2583 3203 2640 passurus
3236 2567 3340 2622 sim
3369 2565 3539 2619 latere
3562 2565 3670 2618 hoc

2092 2663 2238 2732 quod
2270 2660 2398 2717 fecit
2423 2677 2560 2732 opus
2590 2679 2605 2717 :
2634 2663 2728 2717 sed
2753 2662 3049 2716 eil‘ectttrus
3076 2667 3136 2714 ut
3167 2669 3316 2713 tonis
3339 2657 3472 2712 illud
3507 2673 3668 2710 mun-

395 2752 558 2821 ἔργον
582 2768 598 2785 '
615 2751 731 2807 ἀλλ’
761 2753 904 2817 ἀπας
932 2756 960 2806 ὁ
985 2753 1189 2824 κόσμος
1217 2752 1512 2821 γνώσεται·
1537 2753 1646 2807 ἀπὸ
1676 2753 1787 2825 γάρ
1819 2755 1971 2825 μεγά·

2098 2753 2204 2809 dus
2239 2754 2399 2809 sciat.
2432 2754 2476 2807 Α
2510 2768 2706 2823 magno
2734 2753 2981 2807 videlicet
3018 2754 3203 2806 animo
3248 2750 3303 2805 id
3353 2750 3670 2818 proﬁcisce-

392 2844 492 2915 λης
514 2844 753 2909 διανοίας
779 2841 850 2918 ἦν
872 2845 1050 2911 τοῦτο,
1068 2845 1163 2898 καὶ
1185 2844 1385 2916 πολλῆς
1401 2847 1705 2918 τεκμήριον
1730 2848 1990 2911 πίστεως.

2095 2849 2277 2909 batur,
2301 2853 2356 2900 et
2378 2844 2564 2900 multra
2587 2852 2708 2898 erat
2740 2844 3002 2898 indicium
3031 2841 3177 2896 ﬁdei.

1285 3125 2006 3218 FRAGMENTA
2112 3125 2237 3212 IN
2345 3122 2778 3212 LUCAM.

464 3274 711 3330 Φωτίου.
772 3275 849 3330 Τὸ
919 3277 1206 3350 προοίμιον
1263 3278 1360 3332 τοῦ
1439 3275 1833 3346 εὐαγγελιστοῦ
1880 3275 1974 3328 δύο

385 3364 512 3418 τινὰ
535 3365 808 3434 κεφάλαια
842 3369 1119 3440 περιέχει·
1153 3368 1417 3423 σύστασίν
1444 3383 1505 3420 τε
1522 3367 1631 3420 τῶν
1663 3366 1770 3435 πρὸ
1803 3364 1967 3420 αὑτοῦ

386 3456 449 3508 τὸ
497 3457 829 3525 Εὑαγγέλιον
873 3459 1328 3530 συγγραψάντων,
1381 3455 1491 3513 οἷον
1543 3457 1822 3512 Ματθαίου
1872 3456 1970 3509 καὶ

2149 3271 2280 3328 Car.
2347 3271 2390 3328 1.
2459 3271 2662 3327 ΡΙιοιὶἱ.
2735 3271 3095 3342 Evangelistae
3167 3271 3496 3342 prommium
3555 3273 3670 3329 duo

2081 3367 2327 3436 quaedam
2351 3380 2552 3436 puncta
2581 3364 2964 3433 complectitur
2988 3379 3004 3418 :
3049 3364 3326 3435 objectum
3349 3380 3539 3420 eorum
3565 3366 3660 3434 qui

2078 3467 2204 3512 ante
2249 3458 2425 3526 ipsum
2471 3455 2822 3525 Evangelium
2858 3456 3340 3526 conscripserunt,
3371 3455 3663 3511 Matthazus

385 3546 640 3618 Μάρκου,
656 3548 747 3598 καὶ
765 3547 1059 3617 ἀπολογίαν
1076 3550 1139 3603 δι’
1156 3551 1222 3619 ἣν
1247 3551 1339 3602 καὶ
1361 3548 1519 3612 αὐτὸς
1542 3547 1636 3599 ἐπὶ
1656 3548 1716 3599 τὸ
1739 3545 1971 3614 συγγρά-

2079 3552 2285 3606 scilicet
2332 3558 2386 3604 ct
2440 3549 2676 3614 Marcus,
2717 3559 2770 3604 et
2808 3551 3040 3605 ratiOnis
3108 3549 3556 3618 explicationem,
3589 3551 3666 3604 ob

386 3655 510 3709 φειν
535 3635 715 3708 ἦλθεν.
741 3639 928 3694 Είπὼν
943 3641 1000 3694 δὲ
1014 3642 1096 3708 τὸ,
1114 3642 1538 3710 ἐπεχείρησαν,
1559 3639 1703 3706 λέξιν
1737 3638 1971 3706 δυναμέ-

384 3748 484 3802 νην
495 3729 585 3784 ὲπί
599 3747 658 3784 τε
671 3731 778 3783 τῶν
796 3733 1080 3804 τολμηρῶς
1097 3735 1418 3804 ἁπτομένων
1437 3733 1536 3802 τῆς
1555 3731 1862 3793 ὑποθέσεως
1881 3731 1972 3800 ἁρ-

387 3822 626 3892 μόττειν,
648 3823 740 3876 καὶ
762 3824 976 3878 ἐπὶτῶν
999 3825 1244 3889 εὐλαϐῶς
1266 3826 1402 3896 αὐτῇ
1427 3824 1762 3896 προσιόντων
1784 3838 1796 3850 ⁸
1818 3822 1970 3874 δυσὶν

383 3913 800 3985 ἐπιδιορθώσεσι
827 3915 891 3969 τὸ
923 3916 1228 3986 ἁμφίόολον
1261 3918 1360 3987 τῆς
1395 3916 1594 3981 λέξεως
1623 3912 1966 3984 ὲπιδιορθοῦ-

382 4023 498 4073 ται,
530 4007 596 4061 ἐκ
619 4025 678 4060 τε
702 4007 794 4060 τοῦ
827 4009 1003 4060 εἰπεῖν
1025 4007 1158 4076 περὶ
1188 4006 1308 4060 τῶν
1331 4001 1968 4075 πεπληροφορημένων

383 4097 530 4167 ἡμῖν
557 4099 935 4168 πραγμάτων,
980 4100 1074 4152 καὶ
1118 4102 1182 4152 ὲκ
1220 4098 1314 4152 τοῦ
1361 4100 1557 4162 εἰπεῖν,
1589 4096 1783 4160 καθὼς
1815 4108 1965 4161 παρ-

381 4186 612 4241 έδοσαν
648 4190 704 4242 οἱ
751 4190 1063 4253 αὐτόπται,
1101 4191 1190 4242 καὶ
1235 4187 1383 4260 ἑξῆς.
1430 4189 1490 4243 Ol
1517 4190 1623 4259 γὰρ
1649 4188 1769 4240 κατ’
1798 4186 1966 4257 ἄμφω

380 4277 558 4332 ταῦτα
579 4279 984 4350 ἐπιχειροῦντες
999 4281 1331 4351 διηγεῖσθαι,
1350 4280 1592 4349 δηλονότι
1608 4276 1963 4340 πανευλαϐὦς

382 4368 478 4421 καὶ
509 4367 726 4432 οἰκείως
759 4369 1099 4442 ἐπιχειροῦσι
1123 4387 1140 4402 ⁶
1171 4373 1238 4442 τῇ
1279 4372 1378 4441 μὲν
1418 4370 1726 4439 ἀδιστάκτῳ
1755 4367 1964 4439 πληρο-

381 4457 550 4530 φορίᾳ
583 4458 645 4513 τὸ
682 4444 881 4531 ἀληθὲς
921 4463 1399 4531 ἀπαγγέλλοντες,
1443 4465 1511 4530 τῇ
1555 4461 1610 4514 δὲ
1649 4458 1965 4530 ἀξιοπιστίᾳ

378 4549 492 4602 τῶν
514 4549 974 4620 παραδεδωκότων
1001 4553 1060 4606 τὸ
1095 4553 1505 4625 εύπαράδεκτον
1541 4551 1923 4623 εἰσηγούμενοι
1945 4567 1961 4583 ο

379 4641 503 4712 ἅμα
531 4640 587 4694 δὲ
622 4643 717 4695 καὶ
739 4643 821 4707 τὸ,
847 4644 1217 4712 παρέδοσαν,
1247 4645 1484 4715 ἔμφασιν
1511 4645 1655 4714 ἔχειν
1689 4661 1781 4716 μοι
1811 4645 1962 4699 δοκεῖ

378 4732 482 4802 τῆς
536 4734 628 4786 ἐπὶ
660 4733 722 4786 τὸ
776 4735 871 4788 καὶ
936 4737 1106 4806 αὐτῆς
1161 4737 1558 4805 παραδιδόναι
1617 4739 1955 4808 προτροπῆς.

2074 3659 2235 3712 quam
2295 3645 2362 3696 ad
2395 3641 2746 3698 scribendum
2799 3643 2996 3697 ductus
3032 3651 3134 3696 est.
3179 3640 3416 3696 Dicendo
3452 3651 3660 3706 autem,

2074 3737 2252 3789 conati
2281 3743 2424 3796 sunt,
2452 3750 2639 3790 vocem
2680 3734 2900 3789 adhibet
2925 3743 3049 3804 apte
3089 3733 3450 3804 scriptoribus
3488 3734 3664 3796 auda-

2073 3827 2192 3881 cius
2247 3827 2524 3895 quoddam
2591 3825 2988 3880 intentantibus
3049 3834 3430 3894 argumentum
3459 3839 3662 3878 conve-

2071 3919 2332 3980 nientem,
2367 3927 2420 3972 et
2451 3919 2518 3972 ad
2561 3917 2666 3976 hoc
2707 3917 2794 3987 pie
2829 3916 3241 3973 accedentibus.
3279 3915 3502 3972 Duabus
3531 3931 3662 3973 cor-

2070 4006 2404 4062 rectionibns
2431 4006 2580 4062 vocis
2612 4007 3081 4078 amphibolosiam
3122 4009 3398 4071 emendat.
3429 4009 3665 4063 dicendo

2067 4097 2132 4150 de
2159 4097 2314 4150 rebus
2334 4113 2453 4166 quae
2481 4098 2536 4151 in
2567 4097 2714 4152 nobis
2742 4097 3016 4168 completa
3035 4109 3181 4166 sunt,
3213 4108 3288 4167 et,
3320 4101 3454 4154 sicut
3484 4099 3660 4153 tradi-

2067 4186 2254 4239 derunt
2279 4185 2369 4256 qui
2407 4187 2510 4257 ipsi
2565 4185 2828 4252 viderunt,
2878 4197 2985 4243 etc.
3015 4186 3118 4255 Qui
3151 4190 3300 4244 enim
3352 4189 3657 4246 secundum

2066 4279 2175 4333 duo
2231 4279 2346 4334 haec
2369 4294 2597 4333 narrare
2633 4288 2927 4345 conantur,
2961 4280 3244 4335 evidenter
3295 4280 3441 4351 piam
3472 4289 3526 4336 et
3558 4281 3661 4336 do-

2065 4371 2351 4426 mesticam
2429 4386 2544 4426 rem
2590 4379 2899 4438 conantur;
2947 4371 3281 4428 inconcussa
3329 4371 3660 4429 certitudinc

2065 4479 2254 4520 verum
2292 4473 2602 4529 narrantes,
2634 4479 2701 4520 ex
2732 4467 3031 4521 voracitate
3058 4481 3254 4522 eorum
3288 4467 3382 4538 qui
3419 4467 3660 4524 tradide-

2065 4563 2196 4609 runt
2258 4557 2632 4611 narrationem
2692 4557 2992 4627 legitimam
3050 4567 3409 4628 exponentes.
3468 4557 3649 4616 Simul

2064 4655 2243 4700 autem
2280 4645 2415 4700 illud
2447 4687 2462 4708 ,
2497 4647 2860 4712 tradiderunt,
2889 4650 3070 4719 majus
3097 4650 3305 4719 aliquid
3343 4650 3477 4706 mihi
3511 4650 3657 4708 indi-

2061 4752 2188 4793 care
2217 4737 2454 4804 videtur,
2484 4754 2648 4809 quam
2679 4741 2936 4811 exprimit
2966 4742 3068 4798 ltoc
3103 4743 3284 4812 ipsum
3317 4744 3654 4800 vocabulum

379 4827 585 4892 Καθὼς
619 4826 728 4897 γὰρ
755 4827 976 4881 ἐκεῖνοι
1016 4827 1383 4896 παρέδοσαν,
1414 4829 1509 4882 καὶ
1543 4829 1742 4893 αὐτοὺς
1774 4829 1960 4900 δεήσει

2077 4828 2291 4883 εναιιενε.
2323 4830 2478 4885 Sicut
2504 4832 2644 4886 enim
2675 4834 2765 4886 isti
2795 4833 3152 4900 tradiderunt,
3180 4844 3234 4889 et
3265 4834 3386 4890 illos
3438 4847 3658 4906 oporte-

379 4918 544 4974 πάλιν
565 4920 774 4976 ἐκεῖθεν
796 4922 1224 4992 παρειληφότας,
1246 4922 1524 4994 ἀκολούθῳ
1541 4923 1684 4994 λόγῳ
1705 4922 1959 4995 ἀλλήλοις

2077 4923 2177 4984 bat,
2211 4935 2333 4976 cum
2366 4937 2560 4978 rursus
2586 4924 2712 4980 inde
2739 4925 3099 4995 accepissent,
3117 4925 3381 4981 confortni
3405 4941 3658 4984 sermone

373 5011 551 5068 ταῦτα
593 5014 975 5084 παραδιδόναι·
1023 5010 1174 5078 εἶτα,
1209 5013 1334 5067 ἐπεὶ⁵
1364 5014 1613 5084 ἀγράφου
1642 5015 1740 5086 τῆς
1775 5031 1959 5084 παρα-

2077 5026 2178 5066 nec
2199 5011 2321 5067 aliis
2351 5012 2641 5069 tradidisse
2675 5031 2690 5068 :
2727 5013 2945 5081 deinde,
2977 5030 3106 5071 cum
3143 5015 3342 5086 scripta
3373 5032 3481 5070 non
3517 5017 3656 5072 foret

375 5103 575 5169 δόσεως
603 5106 917 5176 γινομένης,
953 5107 1168 5177 ἀνάγκη
1211 5100 1278 5177 ἦν
1312 5105 1474 5158 πάλιν
1517 5106 1646 5169 τοὺς
1688 5105 1956 5177 παρειλη-

376 5198 547 5266 φότας
591 5196 772 5262 ἄλλοις
819 5199 1195 5270 παραδοῦναιο
1244 5197 1538 5252 κάντεῦθεν
1578 5199 1861 5252 συνέῦαινε
1887 5198 1958 5252 τὰ

375 5288 807 5360 παραδιδόμενα,
832 5290 868 5360 ἢ
887 5289 1028 5361 λήθῃ
1055 5290 1162 5344 τῶν
1188 5290 1247 5343 ὲν
1287 5291 1436 5362 μέσῳ
1461 5289 1899 5361 ὑποδεχομένων,
1923 5289 1956 5361 ἢ

377 5380 703 5451 ῥᾳδιουργίᾳ
753 5380 924 5435 πολλά
969 5380 1494 5452 παραπποιῆσθαιο
1548 5381 1687 5434 ὅπου
1746 5397 1811 5449 γε
1862 5382 1955 5436 καὶ

373 5471 782 5540 γεγραμμένων
819 5471 964 5535 τινὲς
985 5471 1295 5543 ἐτόλμησαν
1324 5471 1499 5526 ταῦτα
1531 5471 1953 5543 παραφθείρειν.

388 5563 545 5618 Ἐπεὶ
569 5559 663 5618 οὖν
687 5564 955 5636 ἀγράφων
978 5564 1148 5619 ὄντων
1172 5564 1280 5618 τῶν
1307 5565 1776 5636 παραδιδομένων,
1808 5564 1955 5628 εἰκὸς

374 5650 442 5726 ἦν
497 5654 676 5710 ἄτοπα
728 5656 900 5711 πολλά
963 5658 1306 5728 συμϐαίνειν,
1371 5656 1450 5728 τῷ
1503 5656 1700 5729 μακρῷ
1751 5656 1953 5728 χρόνῳ,

375 5747 602 5814 εἰκότως
627 5751 675 5804 οί
704 5749 826 5806 ἀπὸ
857 5748 978 5805 τῶν
1001 5749 1320 5806 αὐτοπτῶν
1349 5750 1450 5805 καί
1483 5748 1805 5819 ὑπηρετῶν
1844 5749 1954 5803 τοῦ

377 5841 570 5912 λόγου
613 5841 819 5916 πρῶτοι
866 5840 1288 5915 παρειληφότες,
1350 5841 1630 5913 ἔγγραφον
1676 5840 1839 5896 παντὶ
1875 5840 1954 5912 τῷ

2061 5103 2308 5168 traditio,
2361 5120 2588 5160 necesse
2637 5105 2740 5161 fuit
2785 5106 2985 5162 iterum
3043 5107 3143 5163 bos
3192 5108 3284 5178 qui
3317 5107 3464 5163 illam
3496 5123 3654 5165 accc-

2065 5195 2297 5266 pisscnt,
2352 5197 2475 5253 aliis
2508 5199 2771 5266 tradere;
2799 5199 3032 5270 indeque
3065 5201 3294 5272 contigit
3317 5217 3440 5271 quae
3476 5203 3655 5256 trade-

2058 5288 2283 5353 bantur,
2316 5301 2411 5346 aut
2442 5292 2716 5348 oblivione
2762 5308 2956 5349 eorum
2985 5293 3079 5364 qui
3115 5293 3169 5348 in
3206 5294 3390 5350 medio
3415 5296 3654 5365 accipie-

2059 5381 2213 5448 bant,
2247 5392 2341 5438 aut
2377 5384 2568 5439 fraude
2607 5385 2660 5439 in
2699 5385 2888 5444 multis
2941 5388 3173 5442 alterata
3201 5384 3396 5450 fuisse,
3432 5388 3653 5457 quando

2058 5475 2279 5544 quidem
2326 5476 2492 5530 etiam
2527 5477 2641 5532 haec
2673 5477 2875 5548 scripta
2907 5478 3079 5548 aliqui
3111 5478 3228 5534 ausi
3255 5487 3384 5534 sunt
3405 5493 3653 5534 conrum-

2058 5582 2207 5639 pere.
2260 5566 2399 5623 Cum
2435 5570 2622 5640 igitur,
2657 5570 2916 5642 quoniam
2967 5587 3073 5626 non
3105 5570 3312 5642 scripta
3345 5582 3502 5627 erant
3528 5587 3652 5641 qua:

2057 5657 2438 5725 tradebantur,
2513 5659 2760 5730 proiecto
2826 5661 2974 5716 nulla
3041 5661 3220 5717 aliena
3293 5661 3652 5732 irrcpsissent

2061 5749 2234 5804 multo
2265 5759 2531 5822 tempore,
2557 5753 2652 5823 qui
2713 5753 2784 5809 ab
2813 5754 2898 5810 bis
2918 5756 3010 5826 qui
3059 5754 3300 5810 viderant
3332 5763 3384 5811 et
3416 5753 3650 5810 ministri

2063 5841 2272 5911 fuerant
2297 5845 2577 5915 sermonis,
2601 5847 2760 5918 primi
2785 5857 3132 5920 acceperant,
3157 5847 3418 5919 scriptam
3444 5847 3648 5905 mundo
