4132 6448
526 392 665 463 1215

1702 390 1963 456 ΡΙΙΟΤΙῙ
2003 392 2510 455 PATRIARCII/E
2547 393 2653 455 ΟΡ.

3656 390 3805 461 1216

524 516 785 570 universo
856 512 1241 584 praestiterunt
1304 508 1695 576 traditionem;
1760 518 1817 564 et
1871 509 2121 565 fraudem

2230 509 2417 580 κόσμῳ
2446 509 2786 580 παρέσχοντο
2813 506 2913 578 τὴν
2944 504 3278 578 παράδοσινο
3310 506 3408 563 καὶ
3438 506 3542 580 τήν
3574 506 3807 565 ἐπίϐου-

523 604 879 673 expellentes,
908 611 963 657 et
989 602 1320 657 oblivionem
1348 602 1626 665 tollentes,
1669 608 1725 655 et
1750 599 2117 669 integritatem

2224 600 2322 673 λὴν
2349 601 2767 667 ἀπελαύνοντες,
2807 601 2904 653 καὶ
2927 600 3027 670 τήν
3053 598 3224 671 λήθην
3246 599 3671 664 ἀνακόπτοντες,
3705 602 3810 658 καὶ

526 693 801 749 traditioni
837 702 1219 763 suppetentes.
1254 690 1358 747 Sed
1408 692 1701 746 Matthaeus
1724 700 1778 745 et
1809 689 2031 745 Marcus
2063 698 2124 743 ut

2230 693 2282 746 τὸ
2325 693 2611 756 ἀνελλιπὲς
2652 694 2721 764 τῇ
2766 692 3065 763 παραδόσει
3123 691 3601 763 περιποιούμενοι.
3643 691 3813 747 Ἀλλὰ

528 794 857 857 acceperunt
905 787 987 842 sic
1039 794 1094 840 et
1134 785 1521 851 tradiderunt;
1574 783 1667 837 alii
1706 798 1861 849 vero,
1898 792 1958 837 ut
2003 781 2124 836 illos

2230 786 2614 855 Ματθαῖος”μέν
2629 787 2723 839 καὶ
2740 786 2986 853 Μάρκος,
3001 784 3077 849 ὠς
3092 785 3420 856 παρέλαϐον,
3439 783 3586 837 οὕτω
3600 784 3698 837 καὶ
3712 799 3815 837 πα-

524 895 690 949 prava
720 890 773 933 et
802 877 1092 932 temeraria
1135 891 1293 931 mens
1350 876 1588 945 impulit,
1623 873 1809 929 conati
1840 882 1970 929 sunt
1999 889 2126 928 nar-

525 983 648 1021 rare
682 967 915 1037 propria:
948 966 1301 1036 cogitationis
1346 966 1625 1035 ﬁgmenta,
1660 973 1721 1019 ut
1762 963 2121 1032 Evangelium

524 1061 590 1113 ad
622 1058 910 1129 [Egyptios
939 1057 1169 1120 dictum,
1204 1066 1258 1112 et
1282 1056 1635 1127 Evangelium
1667 1055 1777 1110 τῶν
1815 1055 2122 1110 duodecim.

524 1151 660 1206 Nam
692 1160 750 1203 ut
778 1151 1057 1204 frumento
1094 1149 1327 1215 zizania,
1382 1148 1463 1203 sic
1496 1148 1715 1203 veritati
1748 1148 1946 1202 nititur
1975 1161 2127 1202 men-

523 1241 743 1299 dacium
804 1242 1131 1312 insurgere;
1186 1241 1291 1297 ista
1321 1251 1507 1295 autem
1555 1255 1587 1295 a
1641 1241 1857 1310 piorum
1885 1248 2037 1295 coetu
2072 1247 2130 1294 et

527 1337 790 1390 memoria
823 1336 1100 1389 exsulant.
1151 1332 1255 1388 Sed
1288 1334 1486 1389 beatus
1526 1332 1707 1388 Lucas
1750 1370 1767 1395 ,
1800 1329 1946 1385 lnter
1982 1345 2126 1400 quae,

526 1428 675 1493 dicit,
709 1436 769 1482 ut
798 1428 992 1482 horum
1021 1428 1263 1497 quiante
1294 1427 1471 1497 ipsum
1492 1425 1850 1494 Evangelium
1879 1423 2123 1493 scripse-

526 1530 658 1575 runt
687 1522 957 1577 veracitas
990 1528 1232 1583 constet,
1291 1520 1346 1574 in
1389 1520 1572 1576 simile
1631 1520 1740 1574 illis
1784 1519 2126 1590 propositum

528 1613 854 1683 ingreditur,
918 1612 989 1667 ob
1035 1611 1285 1667 eamdem
1360 1626 1590 1666 causam
1638 1626 1761 1682 qum
1810 1620 1863 1665 et
1892 1609 1999 1665 illis
2028 1608 2131 1663 fuit

529 1705 828 1761 scribendi.
898 1702 968 1758 Ut
1028 1704 1176 1758 enim
1248 1702 1329 1757 illi
1386 1718 1453 1757 eo
1507 1704 1654 1774 quod
1686 1709 2041 1773 acceperunt,
2074 1710 2129 1755 et

2224 878 2451 949 ρέδοσαν
2464 892 2478 906 ⁸
2500 876 2648 933 ἄλλοι
2675 876 2731 929 δέ
2765 876 2945 940 καθὼς
2963 877 3160 941 αὐτοὺς
3178 877 3211 947 ἡ
3232 875 3446 947 πονηρά
3466 875 3564 929 καὶ
3579 876 3815 946 θρασεῖα

2225 968 2496 1039 συνήλασε
2538 968 2755 1039 γνώμη,
2798 967 3165 1039 ἐπεχείρησαν
3214 966 3523 1039 διηγεῖσθαι
3561 966 3812 1029 διανοίας

2226 1061 2362 1124 ἰδίας
2381 1059 2804 1131 ἀναπλάσματα,
2821 1061 2897 1124 ὡς
2915 1060 2976 1113 τὸ
2992 1060 3284 1132 λεγόμενον
3310 1059 3433 1113 κατ’
3450 1061 3813 1127 Αἰγυπτίους,

2224 1152 2322 1206 καὶ
2362 1150 2473 1206 τῶν
2514 1151 2727 1207 δώδεκα
2777 1150 3132 1221 Εύαγγέλιον.
3184 1151 3274 1214 Ὧς
3304 1149 3414 1222 γὰρ
3444 1149 3524 1221 τῷ
3571 1150 3707 1221 σίτῳ
3754 1149 3818 1202 eo

2225 1244 2487 1311 ζιζάνιον,
2516 1244 2691 1309 οὔτως
2719 1246 2814 1300 καὶ
2838 1247 2906 1316 τῇ
2943 1243 3175 1316 ἀληθείᾳ
3204 1244 3505 1313 φιλονεικεῖ
3535 1243 3599 1297 τδ
3614 1242 3820 1313 ψεῦδος

2227 1335 2695 1390 ἐπισυνίστασθαι.
2756 1334 2897 1389 Ἀλλ’
2939 1337 3127 1388 ἐκέῖνα
3175 1334 3275 1404 μὲν
3305 1332 3691 1387 εὐσεϐούντων
3721 1332 3821 1384 καὶ

2228 1428 2392 1499 χοροῦ
2437 1429 2535 1482 καὶ
2573 1429 2794 1499 μνήμης
2848 1425 3308 1497 ἐξωστράκισται.
3360 1424 3423 1478 Ὀ
3453 1424 3511 1478 δὲ
3543 1424 3821 1496 μακάριος

2230 1520 2471 1583 Λουκᾶςο
2506 1521 2584 1573 Δι’
2632 1512 2707 1573 ὧν
2752 1518 2857 1590 ἔφη
2909 1516 3287 1589 συστήσασθαι
3337 1522 3448 1570 τῶν
3494 1516 3603 1586 πρὸ
3647 1514 3821 1570 αὑτοῦ

2228 1608 2633 1680 εύαγγελιστῶν
2662 1609 2760 1681 τὴν
2788 1608 3099 1680 ἀκρίϐειαν,
3135 1607 3228 1661 ἐπὶ
3249 1605 3349 1678 τὴν
3367 1606 3563 1675 ὁμοίαν
3584 1607 3823 1669 ἐκείνοις

2231 1704 2550 1774 προαίρεσιν
2566 1702 2881 1774 ἔρχεται,δι⁹
2903 1701 3086 1755 αἰτίαν
3104 1699 3171 1753 δι’
3187 1700 3254 1771 ἢν
3271 1698 3545 1762 κάκείνοις
3581 1698 3824 1771 γράφειν

530 1808 788 1865 tanquam
849 1804 1181 1865 acceperunt
1226 1795 1498 1861 scribunt,
1530 1795 1609 1850 sic
1647 1804 1703 1850 et
1728 1795 1845 1865 ipse
1873 1808 1941 1848 eo
1975 1792 2122 1864 quod

2231 1796 2470 1866 ἐγένετο.
2508 1794 2597 1859 Ὠς
2621 1794 2731 1867 γάρ
2760 1796 2961 1848 ἐκεῖνοι
2984 1792 3121 1847 διότι
3146 1790 3479 1864 παρέλαϐον,
3507 1791 3604 1844 καὶ
3631 1790 3825 1855 καθὼς

529 1906 559 1943 a
598 1888 887 1958 principio,
918 1896 974 1943 et
1014 1896 1280 1957 tanquam
1312 1895 1609 1942 assecutus
1648 1896 1753 1951 est,
1783 1886 1861 1940 ita
1895 1884 1963 1940 ad
1990 1885 2126 1940 scri—

2230 1859 2541 1960 παρέλαϐον
2588 1859 2920 1959 γράφουσιν,
2964 1884 3108 1939 οὕτω
3140 1859 3244 1938 καῖ
3280 1874 3437 1948 οὗτος
3468 1883 3606 1937 διότι
3635 1883 3738 1937 καὶ
3762 1883 3824 1948 ἐξ

528 1979 767 2034 bendum
800 1978 1070 2033 adductus
1106 1987 1223 2044 est;
1256 1993 1367 2032 non
1397 1977 1563 2049 igitur
1592 1976 1873 2032 contraria
1905 1976 2015 2031 illis
2046 1974 2127 2031 fa-

532 2071 699 2134 ciem,
729 2070 826 2126 sed
857 2085 967 2125 una
1006 2069 1384 2140 progrediens,
1417 2070 1526 2124 imo
1553 2067 1853 2124 testiﬁcaris
1885 2065 2102 2123 scribit.

528 2163 705 2216 Aliam
754 2176 973 2232 quoque
1013 2163 1082 2215 ob
1113 2175 1363 2227 causam,
1399 2168 1460 2215 ut
1489 2158 1799 2230 Theophilo
1827 2158 2048 2214 cuidam
2086 2172 2119 2212 a

531 2257 643 2310 Deo
675 2255 895 2318 dilecto,
926 2269 1054 2310 cum
1085 2253 1240 2309 illum
1272 2253 1326 2308 in
1359 2252 1597 2309 veritate
1625 2252 1927 2318 curaverit,
1961 2261 2018 2307 et
2044 2250 2124 2306 illi

531 2348 656 2403 ﬁdei
710 2360 1025 2402 sermonem
1075 2361 1186 2401 non
1232 2344 1510 2415 scriptum
1574 2342 1901 2410 tradiderit,
1951 2355 2131 2412 neque

530 2441 718 2495 auditu
752 2441 874 2495 solo
913 2439 1032 2494 haec
1058 2438 1285 2493 credere
1307 2452 1566 2494 securum
1595 2453 1705 2493 non
1741 2437 1834 2504 sit,
1868 2452 1967 2508 per
1992 2438 2130 2493 scri-

530 2545 623 2603 pta
674 2533 752 2587 illi
796 2532 1147 2587 securitatem
1182 2531 1502 2596 verborum,
1555 2530 1621 2585 de
1668 2530 1857 2602 quibus
1888 2530 2130 2584 eruditus

530 2636 631 2689 est,
661 2633 901 2694 pra-stet,
927 2633 981 2678 et
1010 2638 1107 2694 per
1137 2624 1293 2678 illum
1321 2622 1528 2678 mundo
1550 2624 1808 2678 universo
1837 2623 2128 2679 utilitatem

532 2719 815 2787 largiatur.
867 2717 1061 2771 Merito
1109 2731 1244 2787 ergo
1276 2715 1357 2771 illi
1412 2717 1686 2786 prowmio
1721 2730 1860 2786 opus
1894 2715 2034 2782 fuit;
2071 2716 2130 2771 in

532 2824 644 2877 quo
669 2807 945 2876 objectum
976 2807 1413 2877 praecedentium
1458 2806 1930 2877 evangelistarum
1962 2820 2132 2875 expo-

534 2901 702 2968 nitur,
751 2909 806 2956 e't
831 2915 997 2956 causa
1026 2900 1096 2955 ob
1123 2915 1289 2970 quam
1326 2906 1453 2970 post
1487 2898 1613 2955 illos
1657 2898 1882 2970 scripsit
1916 2897 2133 2969 signiti-

532 3005 733 3059 catur;
794 3009 919 3049 cum
966 2992 1044 3048 illi
1096 2991 1235 3047 nihil
1288 2992 1437 3046 circa
1501 2990 1787 3061 proprium
1844 2988 2126 3059 objectum

533 3088 795 3151 (lineriut,
825 3087 919 3141 sed
962 3095 1225 3156 tanquam
1258 3082 1390 3140 huic
1422 3081 1799 3140 testimonium
1824 3081 1893 3137 de
1918 3095 1977 3137 se
1994 3081 2135 3136 dan-

532 3180 665 3236 dum
705 3177 1052 3250 reliquerint.

606 3354 776 3411 Vens.
805 3354 897 3411 29.
931 3352 1135 3407 Photit’.
1170 3350 1315 3418 Quid
1358 3349 1514 3416 vidit,
1540 3358 1595 3406 et
1624 3364 1726 3406 cur
1764 3349 1986 3405 turbata
2015 3352 2136 3406 est?

535 3448 685 3503 Vidit
711 3449 963 3519 angelum
1008 3445 1178 3502 castis
1218 3443 1395 3500 oculis
1439 3444 1765 3511 intuentem,
1800 3442 1896 3499 sed
1946 3444 2135 3515 sponsi

535 3542 740 3597 indicia
800 3549 1111 3612 gerentem;
1157 3551 1298 3608 puro
1365 3544 1594 3607 aspectu
1638 3536 2132 3606 contemplantem,

538 3637 633 3692 sed
669 3634 982 3704 nuptiarum
1011 3630 1219 3686 fmdera
1285 3630 1655 3684 nuntiantem.
1685 3629 1799 3684 Hos
1856 3630 2132 3700 nuptiales

537 3740 824 3783 sermones
880 3721 1135 3787 audiens,
1187 3729 1244 3775 et
1289 3720 1659 3790 cupiditatum
1711 3719 2134 3776 conversatione

537 3824 818 3886 expertem
882 3813 1127 3867 habitum
1178 3825 1434 3873 cernens,
1487 3810 1571 3867 his
1606 3811 1809 3865 rationi
1836 3811 2132 3867 contrariis

539 3909 721 3964 verbis
748 3906 963 3961 turbata
986 3913 1093 3959 est.
1120 3900 1314 3965 Video,
1332 3901 1532 3972 inquit,
1559 3902 1796 3974 legatum
1823 3902 1911 3973 pie
1948 3911 2134 3958 astan-

537 4010 671 4068 tem,
703 4008 759 4054 et
796 3999 917 4053 laeto
949 3997 1134 4053 animo
1158 3994 1415 4049 nuntium
1446 3994 1684 4050 suadeor
1708 3995 2001 4065 accipere;
2033 3995 2129 4050 sed

539 4088 816 4158 nuptiales
872 4084 1011 4141 mibi
1053 4099 1337 4141 sermones
1360 4084 1569 4155 dirigit,
1600 4093 1656 4139 et
1687 4084 1934 4140 laetitiam
1962 4085 2017 4139 in
2061 4085 2131 4139 ti-

539 4196 751 4238 morem
779 4178 1075 4244 convertit,
1128 4187 1184 4233 et
1212 4177 1452 4232 animam
1479 4179 1662 4233 turbat
1694 4180 1911 4234 nuntio.
1962 4177 2128 4234 Video

538 4276 751 4329 vultum
782 4271 902 4341 eius
920 4270 1134 4341 pudore
1162 4284 1520 4339 conspersum
1543 4285 1558 4335 ;
1578 4269 1671 4323 sed
1695 4269 1914 4338 nuptias
1934 4268 2129 4325 adesse

539 4368 777 4423 nuntiat.
814 4365 984 4420 Video
1031 4363 1329 4435 prudenter
1374 4363 1762 4433 alloquentem,
1801 4364 1895 4421 sed
1927 4379 2127 4420 conce-

537 4462 745 4532 ptionis
776 4460 939 4515 verba
1000 4458 1278 4528 loquitur;
1329 4464 1385 4511 et
1414 4446 1744 4527 virginitatis
1778 4472 1935 4511 amor
2009 4471 2127 4512 scr-

2226 1981 2425 2053 ἀρχῆς,
2482 1979 2581 2035 καὶ
2629 1979 2818 2045 καθὼς
2864 1977 3259 2050 ἠκολούθησεν,
3308 1974 3455 2032 οὕτω
3499 1976 3597 2029 καὶ
3650 1974 3737 2037 εἰς
3764 1972 3827 2027 τὸ

2230 2075 2471 2147 γράφειν
2503 2074 2787 2146 ἐλήλυθεν.
2824 2074 2941 2128 Οὐκ
2966 2071 3188 2127 ἐναντία
3231 2064 3325 2124 οὖν
3367 2069 3626 2140 πράττων
3676 2066 3827 2121 ἐκεί-

2228 2182 2366 2232 νοις,
2396 2167 2534 2222 ἀλλά
2558 2166 2873 2239 συντρέχων
2898 2165 2997 2218 καὶ
3019 2160 3594 2235 συμμαρτυρούμενος
3614 2157 3826 2231 μᾶλλον

2233 2258 2467 2330 γράφει·
2505 2257 2574 2312 δι’
2627 2257 2823 2329 ἐτέραν
2878 2255 2937 2309 δὲ
2981 2253 3183 2320 αἰτίαν,
3236 2254 3321 2307 ὅτι
3377 2250 3639 2320 Θεόφιλόν
3696 2266 3827 2303 τινα

2233 2347 2455 2423 θεοφιλῆ
2490 2348 2866 2419 ἐργασάμενος
2901 2343 3141 2415 ἀληθῶς,
3193 2342 3290 2396 καὶ
3319 2340 3411 2395 τὸν
3436 2340 3538 2411 τῆς
3581 2338 3827 2401 πίστεως

2232 2442 2383 2512 αύτῷ
2398 2458 2474 2496 πα
2482 2438 2799 2513 ράδεδωκὼς
2813 2438 3075 2509 ἀγράφως
3084 2434 3409 2505 λόγον,ἀκοῇ
3422 2432 3480 2486 δὲ
3492 2430 3669 2486 ταῦτα
3688 2431 3830 2503 μόνῃ

2233 2533 2482 2589 πιστεύει
2513 2533 2615 2586 οὐκ
2654 2527 2724 2604 ἦν
2760 2530 3023 2601 ἀσφαλὲς,
3047 2529 3143 2583 καὶ
3180 2526 3496 2597 διὰγραφῆς
3536 2524 3691 2595 αύτῷ
3729 2523 3830 2591 τὴν

2231 2628 2531 2699 ἀσφάλειαν
2546 2625 2656 2679 τῶν
2672 2624 3131 2694 κατηχηθέψτων
3140 2621 3314 2691 λόγων
3328 2622 3433 2676 ἀπε
3443 2617 3831 2689 ργάζεται,καὶ

2231 2720 2299 2774 δι’
2321 2717 2487 2774 αὐτοῦ
2510 2716 2675 2771 παντὶ
2690 2715 2768 2786 τῷ
2797 2716 2988 2785 κόσμῳ
3020 2712 3370 2785 δαψιλεύεται
3401 2711 3500 2782 τὴν
3521 2710 3824 2779 ὠφέλειαν.

2233 2814 2474 2875 Εἰκότως
2502 2804 2595 2865 οὖν
2628 2800 2785 2873 οὗτος
2807 2808 2901 2861 καὶ
2929 2806 3217 2878 προοιμίου
3248 2802 3447 2874 ἐδεήθη
3464 2817 3481 2833 ⁸
3511 2800 3583 2856 δι’
3611 2795 3676 2856 οὗ
3708 2800 3745 2871 ἦ
3766 2815 3826 2852 τε

2236 2904 2496 2966 σύστασις
2522 2901 2631 2954 τῶν
2660 2901 2767 2973 πρὸ
2794 2898 2960 2954 αὐτοῦ
2993 2894 3466 2969 πραγματεύεται,
3492 2893 3589 2946 καὶ
3614 2894 3650 2963 ή
3677 2892 3828 2945 αίτία

2235 2997 2304 3051 δι’
2339 2998 2406 3068 ἣν
2438 2994 2568 3067 μετ’
2602 2993 2845 3057 ἐκείνους
2884 2991 3145 3062 ἔγραψεν,
3183 2987 3640 3057 ἐπιγινώσκεται*
3680 2985 3828 3038 ἐκεί-

2239 3106 2347 3143 νων
2380 3087 2548 3159 μηδέν
2573 3087 2710 3157 ὑπὲρ
2738 3086 2837 3157 τῆς
2868 3085 3004 3149 ἰδίας
3039 3083 3305 3137 εἰπόντων
3341 3080 3681 3143 συστάσεωςο
3710 3077 3827 3133 ἀλλ’

2162 3206 2204 3266 c
2243 3175 2435 3247 ὥσπερ
2483 3174 2661 3246 τούτῳ
2690 3174 2790 3246 τὴν
2824 3174 2966 3246 ὑπὲρ
3013 3172 3193 3232 αὐτῶν
3240 3170 3551 3245 μαρτυρίαν
3593 3169 3828 3224 καταλε-

2236 3269 2526 3325 λοιπότων.

2308 3362 2556 3417 Φωτίου.
2618 3360 2685 3414 Τί
2757 3357 2962 3425 ἰδοῦσα,
3015 3359 3112 3415 καὶ
3158 3360 3305 3422 τίνος
3374 3358 3565 3413 ἕνεκεν
3627 3358 3825 3413 διετα-

2229 3453 2481 3522 ράχθη;
2539 3450 2747 3506 ’ἰδοῦσα
2791 3452 2884 3505 τὸν
2937 3448 3170 3519 ἄγγελον
3218 3450 3407 3519 ἁγνοῖς
3462 3451 3580 3514 τοῖς
3626 3450 3825 3521 ὀφθαλ-

2238 3549 2361 3618 μοῖς
2382 3543 2717 3611 ἀτενίζοντα,
2743 3542 2883 3603 ἀλλά
2906 3542 3221 3615 μνηστῆρος
3233 3541 3530 3614 μηνύματα
3543 3542 3781 3615 φέροντα
3806 3559 3819 3573 ”

2235 3636 2463 3709 καθαρῷ
2493 3636 2769 3708 βλέμματι
2796 3636 3228 3707 προσανέχοντα,
3245 3634 3577 3706 ἀλλὰγάμου
3593 3634 3823 3704 λέγοντα

2236 3728 2662 3799 συναλλάγματα
2681 3744 2696 3761 ο
2720 3727 2925 3782 τούτων
2961 3726 3074 3781 τῶν
3100 3726 3389 3797 νυμφικῶν
3426 3726 3699 3799 ῥημάτων
3729 3743 3822 3795 γε·

2233 3820 2436 3889 νομένη
2467 3821 2757 3890 κατήκοος,
2793 3819 2887 3873 καὶ
2932 3817 3122 3872 παθῶν
3151 3817 3398 3889 ἀμέτοχα
3448 3818 3549 3887 τῆς
3602 3818 3823 3887 ὁμιλίας

2232 3912 2301 3966 τά
2326 3911 2580 3982 σχήματα
2598 3910 2889 3980 βλέπουσα,
2911 3911 3031 3973 ταῖς
3045 3908 3156 3962 τῶν
3188 3908 3469 3979 λογισμῶν
3485 3907 3823 3971 ἀντιπνοίαις

2232 4002 2769 4076 ἐταράσσετο.’ορῶ,
2805 4001 2961 4074 φησὶ,
2995 4000 3088 4055 τὸν
3133 3998 3378 4071 μηνυτὴν
3410 3998 3659 4062 εὐλαϐῶς
3684 4015 3823 4068 παρ-

2236 4096 2544 4167 ιστάμενον,
2592 4096 2686 4148 καὶ
2716 4092 3032 4165 περιχαρῶς
3072 4092 3173 4165 τὴν
3210 4092 3473 4161 ἀγγελίαν
3526 4088 3821 4144 ἀναπείθο·

2234 4205 2335 4259 μαι
2364 4186 2623 4252 δέξασθαι
2643 4203 2657 4219 ⁸
2684 4186 2819 4240 ἀλλὰ
2839 4184 3148 4256 νυμφικούς
3175 4202 3268 4255 μοι
3321 4183 3518 4252 λόγους
3577 4183 3821 4254 προϐάλο

2230 4279 2404 4343 λεται,
2435 4278 2530 4331 καὶ
2575 4276 2675 4347 τὴν
2732 4276 2910 4348 χαρὰν
2968 4277 3049 4339 εἰς
3105 4274 3272 4345 φόϐον
3337 4274 3672 4345 μεθίστησι,
3728 4274 3821 4327 καὶ

2231 4369 2450 4440 θορυϐεῖ
2480 4372 2578 4440 τὴν
2599 4368 2777 4441 ψυχὴν
2802 4367 2880 4438 τῷ
2908 4367 3209 4439 μηνύματι.
3255 4366 3400 4439 Ὀρῶ
3433 4369 3495 4421 τδ
3525 4366 3822 4437 πρόσωπον

2232 4462 2372 4515 αἰδοῖ
2433 4462 2873 4533 συστελλόμενον,
2896 4459 3034 4515 ἀλλά
3074 4460 3312 4532 νυμφίου
3371 4477 3463 4531 μοι
3515 4456 3822 4529 παρουσίιν

540 4569 758 4609 monem
807 4561 868 4607 ut
919 4551 1169 4607 dolosum
1220 4549 1487 4619 suspicari
1520 4548 1687 4619 cogit.
1723 4547 1937 4605 Etenim
1965 4548 2127 4620 legati

2235 4553 2655 4622 ἐπαγγέλλεται.
2725 4553 2869 4625 Ὀρῶ
2925 4553 3164 4617 συνετῶς
3221 4552 3630 4623 διαλεγόμενον,
3687 4549 3822 4605 ἀλλά

540 4656 676 4701 tunc
709 4645 885 4701 forma
911 4654 967 4699 et
1007 4643 1265 4708 astantia,
1322 4657 1447 4697 cum
1484 4641 1707 4697 habitus
1737 4642 2012 4709 decentia,
2041 4643 2126 4697 di-

539 4740 669 4794 vine
725 4738 942 4793 venisse
1007 4735 1216 4790 indicat
1275 4733 1645 4804 legationem;
1709 4735 1873 4789 verba
1942 4743 2125 4790 autem

542 4829 731 4900 sponsi
761 4827 1025 4885 indicium
1054 4825 1372 4884 exhibentia
1409 4825 1655 4882 abnuere
1672 4826 1905 4882 suadent
1932 4842 2128 4884 assen-

542 4931 685 4980 sum.

2234 4645 2548 4717 συλλήψεως
2588 4647 2811 4717 ῥήματα
2844 4644 3177 4715 φθέγγεταιο
3210 4644 3307 4698 καὶ
3336 4644 3438 4715 τῆς
3469 4642 3772 4713 παρθενίας
3793 4644 3819 4695 ό

2235 4739 2398 4802 πόθος
2428 4740 2520 4793 τὸν
2549 4736 2709 4806 λόγον
2759 4739 2835 4801 ὡς
2863 4737 3015 4790 δόλον
3047 4736 3378 4789 ὑποπτεύειν
3413 4733 3692 4805 βιάζεται.
3724 4731 3818 4786 Διά

2233 4829 2392 4883 τοῦτο
2426 4830 2858 4901 ἐκταράσσομαι,
2889 4829 2963 4893 ὼς
2989 4828 3265 4900 ἰσορρόπῳ
3294 4827 3490 4899 γνώμῃ
3510 4828 3570 4881 τὸ
3587 4829 3818 4899 πρᾶγμα

2238 4919 2747 4991 ζυγοστατοὺμενον
2779 4919 3077 4990 βλέπουσα.
3140 4920 3208 4973 Ἢ
3250 4918 3365 4984 ἐξις
3413 4920 3512 4990 μὲν
3564 4919 3679 4990 γάρ
3728 4918 3818 4972 τοῦ

546 5017 786 5091 μηνυτοῦ
814 5017 908 5071 καὶ
928 5017 1287 5083 κατάστασις,
1316 5029 1415 5068 συν
1441 5013 1521 5085 τῷ
1551 5014 1871 5087 κοσμίῳτοῦ
1904 5017 2204 5089 σχήματος,
2236 5017 2422 5071 θεόθεν
2444 5017 2602 5088 ἥκειν
2661 5015 2906 5070 διδάσκει
2963 5014 3024 5067 τὸ
3088 5008 3353 5085 μήνυματ
3390 5012 3460 5065 τὰ
3517 5013 3745 5085 ῥήματα
3764 5010 3815 5065 δὲ

545 5114 856 5187 μνηστῆρος
887 5111 1125 5183 ἔμφασιν
1155 5111 1607 5182 ,ὑπεμφαίνοντα,
1647 5112 1928 5167 ἀνανεύειν
1951 5114 2127 5167 πείθει
2165 5114 2265 5184 τὴν
2301 5113 2722 5183 συγκατάθεσιν.

614 5206 812 5260 Pltotii.
856 5203 1093 5258 Turbata
1140 5212 1219 5258 est
1266 5205 1322 5258 in
1352 5220 1611 5272 sermone,
1658 5222 1768 5261 non
1804 5207 2129 5263 beneﬁcium

542 5299 852 5355 abhorruit.
887 5297 1124 5351 Turbata
1161 5305 1260 5363 est,
1292 5298 1386 5352 sed
1421 5297 1693 5354 collocuta
1733 5309 1853 5367 est;
1898 5309 1951 5355 et
2010 5315 2130 5354 mo-

540 5395 671 5447 dum
698 5392 1048 5447 salutationis
1080 5391 1458 5458 considerans,
1493 5407 1803 5447 sermonem
1833 5402 2015 5447 autem
2049 5394 2131 5449 vi-

541 5478 893 5546 denslrationi
917 5479 1321 5543 adversantem,
1352 5479 1547 5534 timore
1571 5481 1823 5549 prudenti
1849 5492 2005 5551 capta
2023 5491 2126 5547 est,

541 5579 925 5624 etextraneam
953 5571 1302 5625 salutationis
1321 5573 1543 5625 modum
1568 5571 1964 5627 rel'orntidavit.
1985 5574 2127 5640 Quid

543 5661 709 5729 igitur
738 5663 1011 5730 angelus?
1071 5679 1202 5717 num
1233 5666 1484 5735 permisit
1522 5682 1642 5720 eam
1685 5668 1919 5723 diversis
1964 5671 2119 5739 cogi-

541 5751 843 5806 tationibus
875 5754 1106 5820 turbari,
1132 5765 1185 5809 ct
1218 5756 1558 5811 anxietatum
1600 5756 1857 5814 fluctibus
1892 5761 2128 5831 agitati?

539 5852 597 5900 et
622 5845 899 5915 quomodo
935 5848 1201 5919 mandati
1226 5865 1336 5906 non
1371 5850 1551 5906 malus
1582 5850 1835 5909 minister
1864 5852 2125 5922 probatus

2307 5210 2554 5262 Φωτίου.
2598 5206 2955 5277 Ἐθοίευϐήθη
2984 5203 3341 5273 τοῖςλόγοις,
3364 5201 3469 5254 οὐκ
3494 5200 3816 5272 ἀπεστράφη

2231 5299 2333 5372 τήν
2358 5300 2697 5370 εὐεργεσίαν.
2741 5297 3124 5367 Διεταράχθη,
3161 5295 3300 5349 ἀλλά
3329 5294 3658 5363 διελογίζετο
3685 5309 3697 5321 ·
3730 5296 3820 5347 καὶ

2230 5393 2324 5446 τὸν
2348 5392 2550 5464 τρόπον
2615 5392 2714 5462 μὲν
2757 5392 3090 5461 ἐπιζητοῦσα
3134 5388 3231 5441 τοῦ
3272 5387 3591 5456 ἀσπασμοῦ,
3647 5389 3738 5439 τὸν
3765 5386 3819 5437 δέ

2230 5486 2388 5554 λόγον
2414 5486 2595 5557 δρῶσα
2616 5485 2979 5554 διαφεύγοντα
3010 5484 3137 5546 τοὺς
3165 5480 3481 5550 λογισμοὺς,
3511 5478 3663 5549 φόϐῳ
3694 5493 3819 5531 κατ-

2237 5579 2414 5650 είχετο
2450 5578 2709 5649 σώφρονι,
2742 5579 2838 5632 καὶ
2884 5576 2946 5630 τὸ
2977 5576 3126 5640 ξένον
3182 5573 3276 5627 τοῦ
3339 5572 3637 5642 ἀσπασμοῦ
3688 5588 3815 5623 κατ-

2235 5675 2551 5743 επλήττετο.
2584 5673 2649 5726 Τί
2674 5671 2766 5726 οὖν
2804 5673 2831 5725 ό
2870 5669 3137 5739 άγγελος;
3175 5664 3283 5737 ἆρα
3332 5667 3630 5721 κατέλιπεν
3655 5666 3814 5735 αὐτὴν

2234 5767 2354 5827 ταῖς
2385 5762 2755 5825 ἁντισπώσαις
2784 5762 3047 5824 διανοίαις
3104 5758 3500 5831 ταράσσεσθαι,
3560 5758 3657 5811 καὶ
3702 5761 3815 5817 ταῖς

2236 5857 2447 5928 κύμασι
2474 5857 2581 5912 τῶν
2606 5855 2853 5926 ἀποριῶν
2886 5852 3344 5921 κλυδωνίζεσθαι,
3371 5852 3463 5906 καὶ
3489 5851 3611 5916 πῶς
3639 5851 3703 5905 ἂν
3722 5848 3808 5903 τοῦ
