  <div class='ocr_page' id='page_1' title='image "/cluster/home/n/w/nwhite01/storage/ocr_20150623/101:no.1/coo.31924054870054/636.png"; bbox 0 0 4132 6434; ppageno 0'>
   <div class='ocr_carea' id='block_1_1' title="bbox 347 322 503 404">
    <p class='ocr_par' dir='ltr' id='par_1_1' title="bbox 347 322 503 404">
     <span class='ocr_line' id='line_1_1' title="bbox 347 322 503 404; baseline -0.019 0"><span class='ocrx_word' id='word_1_1' title='bbox 347 322 503 404; x_wconf 72' lang='grc' dir='ltr'>ιειτ</span> 
     </span>
    </p>
   </div>
   <div class='ocr_carea' id='block_1_2' title="bbox 1541 338 2435 404">
    <p class='ocr_par' dir='ltr' id='par_1_2' title="bbox 1541 338 2435 404">
     <span class='ocr_line' id='line_1_2' title="bbox 1541 338 2435 404; baseline 0.004 -4"><span class='ocrx_word' id='word_1_2' title='bbox 1541 338 2008 401; x_wconf 80' lang='lat' dir='ltr'><strong>FRAGMENTA</strong></span> <span class='ocrx_word' id='word_1_3' title='bbox 2039 338 2124 400; x_wconf 87' lang='lat' dir='ltr'><strong>IN</strong></span> <span class='ocrx_word' id='word_1_4' title='bbox 2156 340 2435 404; x_wconf 74' lang='lat' dir='ltr'><strong>LUCAM.</strong></span> 
     </span>
    </p>
   </div>
   <div class='ocr_carea' id='block_1_3' title="bbox 3497 339 3633 408">
    <p class='ocr_par' dir='ltr' id='par_1_3' title="bbox 3497 339 3633 408">
     <span class='ocr_line' id='line_1_3' title="bbox 3497 339 3633 408; baseline 0.029 -4"><span class='ocrx_word' id='word_1_5' title='bbox 3497 339 3633 408; x_wconf 73' lang='lat'><strong>1218</strong></span> 
     </span>
    </p>
   </div>
   <div class='ocr_carea' id='block_1_4' title="bbox 341 449 1939 523">
    <p class='ocr_par' dir='ltr' id='par_1_4' title="bbox 341 449 1932 523">
     <span class='ocr_line' id='line_1_4' title="bbox 341 449 1932 523; baseline -0.003 -16"><span class='ocrx_word' id='word_1_6' title='bbox 341 451 767 523; x_wconf 86' lang='grc' dir='ltr'>προστάγματος</span> <span class='ocrx_word' id='word_1_7' title='bbox 788 450 848 506; x_wconf 88' lang='grc' dir='ltr'><strong>οὑ</strong></span> <span class='ocrx_word' id='word_1_8' title='bbox 874 449 1078 521; x_wconf 82' lang='grc' dir='ltr'>φαῦλος</span> <span class='ocrx_word' id='word_1_9' title='bbox 1102 449 1384 523; x_wconf 76' lang='grc' dir='ltr'><strong>ὑπηρέτης</strong></span> <span class='ocrx_word' id='word_1_10' title='bbox 1406 451 1670 522; x_wconf 60' lang='grc' dir='ltr'>ἠλέγχετο</span> <span class='ocrx_word' id='word_1_11' title='bbox 1691 469 1706 518; x_wconf 93' lang='grc'><strong>;</strong></span> <span class='ocrx_word' id='word_1_12' title='bbox 1731 451 1848 516; x_wconf 85' lang='grc' dir='ltr'>πῶς</span> <span class='ocrx_word' id='word_1_13' title='bbox 1873 450 1932 504; x_wconf 84' lang='grc' dir='ltr'>δὲ</span> 
     </span>
    </p>
   </div>
   <div class='ocr_carea' id='block_1_5' title="bbox 2042 449 3633 523">
    <p class='ocr_par' dir='ltr' id='par_1_5' title="bbox 2042 451 3633 523">
     <span class='ocr_line' id='line_1_5' title="bbox 2042 451 3633 523; baseline 0.004 -20"><span class='ocrx_word' id='word_1_14' title='bbox 2042 460 2123 504; x_wconf 90' lang='lat' dir='ltr'><strong>est</strong></span> <span class='ocrx_word' id='word_1_15' title='bbox 2147 451 2171 492; x_wconf 69' lang='grc' dir='ltr'><strong><em>ν</em></strong></span> <span class='ocrx_word' id='word_1_16' title='bbox 2201 454 2479 522; x_wconf 89' lang='lat' dir='ltr'><strong>quomodo</strong></span> <span class='ocrx_word' id='word_1_17' title='bbox 2507 466 2697 522; x_wconf 79' lang='lat' dir='ltr'><strong>poenas</strong></span> <span class='ocrx_word' id='word_1_18' title='bbox 2731 466 2842 507; x_wconf 91' lang='lat' dir='ltr'><strong>non</strong></span> <span class='ocrx_word' id='word_1_19' title='bbox 2875 451 3028 523; x_wconf 88' lang='lat' dir='ltr'><strong>juste</strong></span> <span class='ocrx_word' id='word_1_20' title='bbox 3079 451 3283 517; x_wconf 79' lang='lat' dir='ltr'><strong>subiit,</strong></span> <span class='ocrx_word' id='word_1_21' title='bbox 3333 456 3479 523; x_wconf 82' lang='lat' dir='ltr'><strong>quod</strong></span> <span class='ocrx_word' id='word_1_22' title='bbox 3521 456 3633 509; x_wconf 79' lang='lat' dir='ltr'><strong>vir-</strong></span> 
     </span>
    </p>
   </div>
   <div class='ocr_carea' id='block_1_6' title="bbox 339 544 1930 616">
    <p class='ocr_par' dir='ltr' id='par_1_6' title="bbox 339 544 1930 616">
     <span class='ocr_line' id='line_1_6' title="bbox 339 544 1930 616; baseline 0 -18"><span class='ocrx_word' id='word_1_23' title='bbox 339 544 496 608; x_wconf 83' lang='grc' dir='ltr'>δίκας</span> <span class='ocrx_word' id='word_1_24' title='bbox 513 545 615 598; x_wconf 85' lang='grc' dir='ltr'>οὐκ</span> <span class='ocrx_word' id='word_1_25' title='bbox 638 545 705 598; x_wconf 82' lang='grc' dir='ltr'>ἂν</span> <span class='ocrx_word' id='word_1_26' title='bbox 725 544 949 608; x_wconf 78' lang='grc' dir='ltr'><strong>δικαίως</strong></span> <span class='ocrx_word' id='word_1_27' title='bbox 969 545 1379 615; x_wconf 81' lang='grc' dir='ltr'><strong>εἰσεπράττετο,</strong></span> <span class='ocrx_word' id='word_1_28' title='bbox 1412 545 1496 598; x_wconf 81' lang='grc' dir='ltr'>ὅτι</span> <span class='ocrx_word' id='word_1_29' title='bbox 1529 545 1627 616; x_wconf 79' lang='grc' dir='ltr'>τὴν</span> <span class='ocrx_word' id='word_1_30' title='bbox 1657 545 1930 615; x_wconf 85' lang='grc' dir='ltr'>παρθένον</span> 
     </span>
    </p>
   </div>
   <div class='ocr_carea' id='block_1_7' title="bbox 342 631 1932 709">
    <p class='ocr_par' dir='ltr' id='par_1_7' title="bbox 342 631 1932 709">
     <span class='ocr_line' id='line_1_7' title="bbox 342 631 1932 709; baseline 0 -19"><span class='ocrx_word' id='word_1_31' title='bbox 342 637 690 709; x_wconf 81' lang='grc' dir='ltr'>θορυϐεῖσθαι</span> <span class='ocrx_word' id='word_1_32' title='bbox 714 638 1007 702; x_wconf 86' lang='grc' dir='ltr'>κατέλιπε;</span> <span class='ocrx_word' id='word_1_33' title='bbox 1030 638 1119 691; x_wconf 81' lang='grc' dir='ltr'>διὰ</span> <span class='ocrx_word' id='word_1_34' title='bbox 1147 638 1209 690; x_wconf 78' lang='grc' dir='ltr'><strong>τὸ</strong></span> <span class='ocrx_word' id='word_1_35' title='bbox 1239 639 1313 707; x_wconf 79' lang='grc' dir='ltr'>μὴ</span> <span class='ocrx_word' id='word_1_36' title='bbox 1338 631 1479 692; x_wconf 79' lang='grc' dir='ltr'>εἶναι</span> <span class='ocrx_word' id='word_1_37' title='bbox 1506 640 1685 691; x_wconf 89' lang='grc' dir='ltr'>τοίνυν</span> <span class='ocrx_word' id='word_1_38' title='bbox 1706 636 1932 690; x_wconf 78' lang='grc' dir='ltr'>δυνατὸν</span> 
     </span>
    </p>
   </div>
   <div class='ocr_carea' id='block_1_8' title="bbox 343 729 1932 800">
    <p class='ocr_par' dir='ltr' id='par_1_8' title="bbox 343 729 1932 800">
     <span class='ocr_line' id='line_1_8' title="bbox 343 729 1932 800; baseline 0.001 -18"><span class='ocrx_word' id='word_1_39' title='bbox 343 730 752 800; x_wconf 87' lang='grc' dir='ltr'>θορυϐουμένην</span> <span class='ocrx_word' id='word_1_40' title='bbox 787 730 880 783; x_wconf 73' lang='grc' dir='ltr'><strong>καὶ</strong></span> <span class='ocrx_word' id='word_1_41' title='bbox 919 730 1286 800; x_wconf 81' lang='grc' dir='ltr'>φοϐουμένην,</span> <span class='ocrx_word' id='word_1_42' title='bbox 1331 730 1572 800; x_wconf 84' lang='grc' dir='ltr'>ἀκριϐῶς</span> <span class='ocrx_word' id='word_1_43' title='bbox 1605 730 1829 784; x_wconf 86' lang='grc' dir='ltr'>ἀκούειν</span> <span class='ocrx_word' id='word_1_44' title='bbox 1863 729 1932 783; x_wconf 87' lang='grc' dir='ltr'>τὰ</span> 
     </span>
    </p>
   </div>
   <div class='ocr_carea' id='block_1_9' title="bbox 341 820 1930 894">
    <p class='ocr_par' dir='ltr' id='par_1_9' title="bbox 341 820 1930 894">
     <span class='ocr_line' id='line_1_9' title="bbox 341 820 1930 894; baseline 0.002 -21"><span class='ocrx_word' id='word_1_45' title='bbox 341 820 735 892; x_wconf 78' lang='grc' dir='ltr'><strong>λεχθησόμενα,</strong></span> <span class='ocrx_word' id='word_1_46' title='bbox 765 821 853 874; x_wconf 85' lang='grc' dir='ltr'>διὰ</span> <span class='ocrx_word' id='word_1_47' title='bbox 878 821 1034 874; x_wconf 78' lang='grc' dir='ltr'>τοῦτο</span> <span class='ocrx_word' id='word_1_48' title='bbox 1060 821 1176 874; x_wconf 89' lang='grc' dir='ltr'>λύει</span> <span class='ocrx_word' id='word_1_49' title='bbox 1209 823 1426 894; x_wconf 76' lang='grc' dir='ltr'>πρῶτον</span> <span class='ocrx_word' id='word_1_50' title='bbox 1451 823 1724 892; x_wconf 79' lang='grc' dir='ltr'>αὑτῆςτὸν</span> <span class='ocrx_word' id='word_1_51' title='bbox 1742 823 1930 891; x_wconf 83' lang='grc' dir='ltr'>φόϐον.</span> 
     </span>
    </p>
   </div>
   <div class='ocr_carea' id='block_1_10' title="bbox 413 909 1933 986">
    <p class='ocr_par' dir='ltr' id='par_1_10' title="bbox 413 909 1933 986">
     <span class='ocr_line' id='line_1_10' title="bbox 413 909 1933 986; baseline 0.002 -21"><span class='ocrx_word' id='word_1_52' title='bbox 413 914 662 967; x_wconf 81' lang='grc' dir='ltr'>Φωτίου.</span> <span class='ocrx_word' id='word_1_53' title='bbox 698 913 812 966; x_wconf 85' lang='grc' dir='ltr'>Οὑκ</span> <span class='ocrx_word' id='word_1_54' title='bbox 840 912 1060 984; x_wconf 87' lang='grc' dir='ltr'>ἀπάτην</span> <span class='ocrx_word' id='word_1_55' title='bbox 1086 909 1251 984; x_wconf 74' lang='grc' dir='ltr'>ἦλθον</span> <span class='ocrx_word' id='word_1_56' title='bbox 1271 914 1503 986; x_wconf 86' lang='grc' dir='ltr'>λαλῆσαί</span> <span class='ocrx_word' id='word_1_57' title='bbox 1539 933 1643 980; x_wconf 92' lang='grc' dir='ltr'>σοι,</span> <span class='ocrx_word' id='word_1_58' title='bbox 1672 916 1810 968; x_wconf 87' lang='grc' dir='ltr'><strong>ἀλλά</strong></span> <span class='ocrx_word' id='word_1_59' title='bbox 1835 915 1933 984; x_wconf 84' lang='grc' dir='ltr'>τῆς</span> 
     </span>
    </p>
   </div>
   <div class='ocr_carea' id='block_1_11' title="bbox 343 1003 1933 1078">
    <p class='ocr_par' dir='ltr' id='par_1_11' title="bbox 343 1003 1933 1078">
     <span class='ocr_line' id='line_1_11' title="bbox 343 1003 1933 1078; baseline 0.004 -22"><span class='ocrx_word' id='word_1_60' title='bbox 343 1003 560 1073; x_wconf 86' lang='grc' dir='ltr'>ἀπάτης</span> <span class='ocrx_word' id='word_1_61' title='bbox 600 1004 883 1074; x_wconf 88' lang='grc' dir='ltr'>ἀναίρεσιν</span> <span class='ocrx_word' id='word_1_62' title='bbox 937 1005 1358 1076; x_wconf 81' lang='grc' dir='ltr'>εἰσηγήσασθαι.</span> <span class='ocrx_word' id='word_1_63' title='bbox 1419 1007 1494 1059; x_wconf 89' lang='grc' dir='ltr'>Οὑ</span> <span class='ocrx_word' id='word_1_64' title='bbox 1528 1006 1800 1078; x_wconf 77' lang='grc' dir='ltr'>πλανῆσαι</span> <span class='ocrx_word' id='word_1_65' title='bbox 1827 1025 1933 1062; x_wconf 86' lang='grc' dir='ltr'>πα-</span> 
     </span>
    </p>
   </div>
   <div class='ocr_carea' id='block_1_12' title="bbox 346 1095 1926 1172">
    <p class='ocr_par' dir='ltr' id='par_1_12' title="bbox 346 1095 1926 1172">
     <span class='ocr_line' id='line_1_12' title="bbox 346 1095 1926 1172; baseline 0.005 -25"><span class='ocrx_word' id='word_1_66' title='bbox 346 1095 638 1168; x_wconf 80' lang='grc' dir='ltr'>ραγέγονά,</span> <span class='ocrx_word' id='word_1_67' title='bbox 665 1097 766 1166; x_wconf 84' lang='grc' dir='ltr'>τῆς</span> <span class='ocrx_word' id='word_1_68' title='bbox 794 1098 849 1150; x_wconf 82' lang='grc' dir='ltr'><strong>δέ</strong></span> <span class='ocrx_word' id='word_1_69' title='bbox 876 1097 1084 1166; x_wconf 83' lang='grc' dir='ltr'>πλάνης</span> <span class='ocrx_word' id='word_1_70' title='bbox 1115 1099 1387 1168; x_wconf 73' lang='grc' dir='ltr'><strong>λύτρωσιν</strong></span> <span class='ocrx_word' id='word_1_71' title='bbox 1415 1101 1796 1172; x_wconf 72' lang='grc' dir='ltr'><strong>ἐγγυήσασθαι</strong></span> <span class='ocrx_word' id='word_1_72' title='bbox 1816 1118 1830 1132; x_wconf 75' lang='grc' dir='ltr'>ο</span> <span class='ocrx_word' id='word_1_73' title='bbox 1866 1101 1926 1154; x_wconf 88' lang='grc' dir='ltr'>ού</span> 
     </span>
    </p>
   </div>
   <div class='ocr_carea' id='block_1_13' title="bbox 346 1187 1934 1264">
    <p class='ocr_par' dir='ltr' id='par_1_13' title="bbox 346 1187 1934 1264">
     <span class='ocr_line' id='line_1_13' title="bbox 346 1187 1934 1264; baseline 0.006 -25"><span class='ocrx_word' id='word_1_74' title='bbox 346 1187 576 1259; x_wconf 80' lang='grc' dir='ltr'>συλῆσαι</span> <span class='ocrx_word' id='word_1_75' title='bbox 606 1205 691 1242; x_wconf 90' lang='grc' dir='ltr'><strong>σοι</strong></span> <span class='ocrx_word' id='word_1_76' title='bbox 718 1189 817 1259; x_wconf 81' lang='grc' dir='ltr'><strong>τὴν</strong></span> <span class='ocrx_word' id='word_1_77' title='bbox 849 1189 1047 1244; x_wconf 78' lang='grc' dir='ltr'>ἄσυλον</span> <span class='ocrx_word' id='word_1_78' title='bbox 1079 1192 1378 1262; x_wconf 74' lang='grc' dir='ltr'>παρθενίαν</span> <span class='ocrx_word' id='word_1_79' title='bbox 1421 1193 1771 1264; x_wconf 82' lang='grc' dir='ltr'>ἐπεδήμησα,</span> <span class='ocrx_word' id='word_1_80' title='bbox 1800 1193 1934 1248; x_wconf 87' lang='grc' dir='ltr'><strong>ἀλλά</strong></span> 
     </span>
    </p>
   </div>
   <div class='ocr_carea' id='block_1_14' title="bbox 343 1279 1930 1357">
    <p class='ocr_par' dir='ltr' id='par_1_14' title="bbox 343 1279 1930 1357">
     <span class='ocr_line' id='line_1_14' title="bbox 343 1279 1930 1357; baseline 0.004 -24"><span class='ocrx_word' id='word_1_81' title='bbox 343 1279 437 1333; x_wconf 80' lang='grc' dir='ltr'><strong>τοῦ</strong></span> <span class='ocrx_word' id='word_1_82' title='bbox 461 1280 701 1335; x_wconf 88' lang='grc' dir='ltr'>πλάστου</span> <span class='ocrx_word' id='word_1_83' title='bbox 725 1282 824 1353; x_wconf 83' lang='grc' dir='ltr'>τῆς</span> <span class='ocrx_word' id='word_1_84' title='bbox 853 1282 1150 1353; x_wconf 82' lang='grc' dir='ltr'>παρθενίας</span> <span class='ocrx_word' id='word_1_85' title='bbox 1181 1285 1277 1338; x_wconf 78' lang='grc' dir='ltr'>καὶ</span> <span class='ocrx_word' id='word_1_86' title='bbox 1304 1284 1543 1354; x_wconf 79' lang='grc' dir='ltr'>φύλακος</span> <span class='ocrx_word' id='word_1_87' title='bbox 1573 1286 1672 1357; x_wconf 77' lang='grc' dir='ltr'><strong>τὴν</strong></span> <span class='ocrx_word' id='word_1_88' title='bbox 1710 1286 1930 1356; x_wconf 87' lang='grc' dir='ltr'>ἐνοίκη-</span> 
     </span>
    </p>
   </div>
   <div class='ocr_carea' id='block_1_15' title="bbox 345 1366 1936 1445">
    <p class='ocr_par' dir='ltr' id='par_1_15' title="bbox 345 1366 1936 1445">
     <span class='ocr_line' id='line_1_15' title="bbox 345 1366 1936 1445; baseline 0.007 -28"><span class='ocrx_word' id='word_1_89' title='bbox 345 1383 431 1418; x_wconf 93' lang='grc' dir='ltr'><strong>σιν</strong></span> <span class='ocrx_word' id='word_1_90' title='bbox 461 1366 917 1438; x_wconf 84' lang='grc' dir='ltr'>εὐαγγελίσασθαι</span> <span class='ocrx_word' id='word_1_91' title='bbox 943 1385 958 1402; x_wconf 86' lang='grc'>⁶</span> <span class='ocrx_word' id='word_1_92' title='bbox 987 1372 1086 1425; x_wconf 89' lang='grc' dir='ltr'><strong>οὑκ</strong></span> <span class='ocrx_word' id='word_1_93' title='bbox 1111 1370 1288 1442; x_wconf 68' lang='grc' dir='ltr'>ὄψεώς</span> <span class='ocrx_word' id='word_1_94' title='bbox 1315 1375 1431 1442; x_wconf 86' lang='grc' dir='ltr'>είμι</span> <span class='ocrx_word' id='word_1_95' title='bbox 1458 1375 1725 1445; x_wconf 77' lang='grc' dir='ltr'>πονηρίας</span> <span class='ocrx_word' id='word_1_96' title='bbox 1753 1375 1936 1428; x_wconf 83' lang='grc' dir='ltr'>διάκο-</span> 
     </span>
    </p>
   </div>
   <div class='ocr_carea' id='block_1_16' title="bbox 344 1457 1932 1532">
    <p class='ocr_par' dir='ltr' id='par_1_16' title="bbox 344 1457 1932 1532">
     <span class='ocr_line' id='line_1_16' title="bbox 344 1457 1932 1532; baseline 0.006 -24"><span class='ocrx_word' id='word_1_97' title='bbox 344 1473 456 1520; x_wconf 83' lang='grc' dir='ltr'>νος,</span> <span class='ocrx_word' id='word_1_98' title='bbox 487 1457 625 1511; x_wconf 81' lang='grc' dir='ltr'><strong>ἀλλά</strong></span> <span class='ocrx_word' id='word_1_99' title='bbox 669 1458 763 1511; x_wconf 85' lang='grc' dir='ltr'>τοῦ</span> <span class='ocrx_word' id='word_1_100' title='bbox 822 1461 1231 1531; x_wconf 84' lang='grc' dir='ltr'>καταργοῦντος</span> <span class='ocrx_word' id='word_1_101' title='bbox 1292 1463 1383 1515; x_wconf 79' lang='grc' dir='ltr'><strong>τὸν</strong></span> <span class='ocrx_word' id='word_1_102' title='bbox 1429 1465 1555 1532; x_wconf 76' lang='grc' dir='ltr'>ὅφιν</span> <span class='ocrx_word' id='word_1_103' title='bbox 1608 1464 1932 1526; x_wconf 79' lang='grc' dir='ltr'>ἀπόστολος.</span> 
     </span>
    </p>
   </div>
   <div class='ocr_carea' id='block_1_17' title="bbox 344 1548 1935 1625">
    <p class='ocr_par' dir='ltr' id='par_1_17' title="bbox 344 1548 1935 1625">
     <span class='ocr_line' id='line_1_17' title="bbox 344 1548 1935 1625; baseline 0.011 -25"><span class='ocrx_word' id='word_1_104' title='bbox 344 1548 755 1618; x_wconf 83' lang='grc' dir='ltr'>Νυμφοστόλος,</span> <span class='ocrx_word' id='word_1_105' title='bbox 811 1551 912 1605; x_wconf 91' lang='grc' dir='ltr'><strong>οὑκ</strong></span> <span class='ocrx_word' id='word_1_106' title='bbox 968 1551 1252 1616; x_wconf 89' lang='grc' dir='ltr'>ἐπίϐουλος</span> <span class='ocrx_word' id='word_1_107' title='bbox 1318 1555 1706 1625; x_wconf 79' lang='grc' dir='ltr'>παραγέγονά·</span> <span class='ocrx_word' id='word_1_108' title='bbox 1759 1556 1935 1625; x_wconf 80' lang='grc' dir='ltr'>χαρᾶς</span> 
     </span>
    </p>
   </div>
   <div class='ocr_carea' id='block_1_18' title="bbox 344 1643 1933 1718">
    <p class='ocr_par' dir='ltr' id='par_1_18' title="bbox 344 1643 1933 1718">
     <span class='ocr_line' id='line_1_18' title="bbox 344 1643 1933 1718; baseline 0.005 -26"><span class='ocrx_word' id='word_1_109' title='bbox 344 1643 622 1712; x_wconf 79' lang='grc' dir='ltr'>πρόξενος,</span> <span class='ocrx_word' id='word_1_110' title='bbox 645 1644 708 1697; x_wconf 85' lang='grc' dir='ltr'>οὐ</span> <span class='ocrx_word' id='word_1_111' title='bbox 736 1643 911 1715; x_wconf 82' lang='grc' dir='ltr'>λύπης</span> <span class='ocrx_word' id='word_1_112' title='bbox 929 1645 1238 1717; x_wconf 83' lang='grc' dir='ltr'>παραίτιος’</span> <span class='ocrx_word' id='word_1_113' title='bbox 1271 1647 1546 1718; x_wconf 84' lang='grc' dir='ltr'>σωτηρίας</span> <span class='ocrx_word' id='word_1_114' title='bbox 1573 1647 1933 1717; x_wconf 88' lang='grc' dir='ltr'>προάγγελος,</span> 
     </span>
    </p>
   </div>
   <div class='ocr_carea' id='block_1_19' title="bbox 345 1734 1934 1812">
    <p class='ocr_par' dir='ltr' id='par_1_19' title="bbox 345 1734 1934 1812">
     <span class='ocr_line' id='line_1_19' title="bbox 345 1734 1934 1812; baseline 0.006 -26"><span class='ocrx_word' id='word_1_115' title='bbox 345 1734 449 1787; x_wconf 86' lang='grc' dir='ltr'><strong>οὑκ</strong></span> <span class='ocrx_word' id='word_1_116' title='bbox 470 1735 748 1800; x_wconf 81' lang='grc' dir='ltr'>ἀπωλείας</span> <span class='ocrx_word' id='word_1_117' title='bbox 770 1736 1094 1806; x_wconf 86' lang='grc' dir='ltr'>σύμϐουλος·</span> <span class='ocrx_word' id='word_1_118' title='bbox 1128 1738 1238 1808; x_wconf 87' lang='grc' dir='ltr'>ἐγὼ</span> <span class='ocrx_word' id='word_1_119' title='bbox 1262 1741 1374 1803; x_wconf 87' lang='grc' dir='ltr'>τοῖς</span> <span class='ocrx_word' id='word_1_120' title='bbox 1394 1742 1785 1812; x_wconf 77' lang='grc' dir='ltr'>προστάγμασι</span> <span class='ocrx_word' id='word_1_121' title='bbox 1822 1743 1934 1803; x_wconf 87' lang='grc' dir='ltr'>τοῖς</span> 
     </span>
    </p>
   </div>
   <div class='ocr_carea' id='block_1_20' title="bbox 343 1829 1933 1906">
    <p class='ocr_par' dir='ltr' id='par_1_20' title="bbox 343 1829 1933 1906">
     <span class='ocr_line' id='line_1_20' title="bbox 343 1829 1933 1906; baseline 0.004 -27"><span class='ocrx_word' id='word_1_122' title='bbox 343 1829 699 1892; x_wconf 88' lang='grc' dir='ltr'>Δεσποτικοῖς</span> <span class='ocrx_word' id='word_1_123' title='bbox 736 1831 864 1892; x_wconf 81' lang='grc' dir='ltr'>τοὺς</span> <span class='ocrx_word' id='word_1_124' title='bbox 918 1831 1045 1896; x_wconf 87' lang='grc' dir='ltr'>σοὺς</span> <span class='ocrx_word' id='word_1_125' title='bbox 1091 1831 1387 1902; x_wconf 84' lang='grc' dir='ltr'>λογισμοὺς</span> <span class='ocrx_word' id='word_1_126' title='bbox 1417 1833 1776 1906; x_wconf 85' lang='grc' dir='ltr'>θεραπεύσω·</span> <span class='ocrx_word' id='word_1_127' title='bbox 1820 1832 1933 1903; x_wconf 82' lang='grc' dir='ltr'><strong>ἐγὼ</strong></span> 
     </span>
    </p>
   </div>
   <div class='ocr_carea' id='block_1_21' title="bbox 343 1919 1420 1994">
    <p class='ocr_par' dir='ltr' id='par_1_21' title="bbox 343 1919 1420 1994">
     <span class='ocr_line' id='line_1_21' title="bbox 343 1919 1420 1994; baseline 0.006 -23"><span class='ocrx_word' id='word_1_128' title='bbox 343 1919 472 1982; x_wconf 81' lang='grc' dir='ltr'>τοὺς</span> <span class='ocrx_word' id='word_1_129' title='bbox 501 1919 735 1991; x_wconf 77' lang='grc' dir='ltr'>δεσμοὺς</span> <span class='ocrx_word' id='word_1_130' title='bbox 765 1921 1134 1994; x_wconf 78' lang='grc' dir='ltr'>διαλύσω’“τῆς</span> <span class='ocrx_word' id='word_1_131' title='bbox 1159 1925 1420 1994; x_wconf 85' lang='grc' dir='ltr'>ἀπορίας.</span> 
     </span>
    </p>
   </div>
   <div class='ocr_carea' id='block_1_22' title="bbox 422 2009 1935 2087">
    <p class='ocr_par' dir='ltr' id='par_1_22' title="bbox 422 2009 1935 2087">
     <span class='ocr_line' id='line_1_22' title="bbox 422 2009 1935 2087; baseline 0.005 -24"><span class='ocrx_word' id='word_1_132' title='bbox 422 2009 533 2064; x_wconf 85' lang='grc' dir='ltr'><strong>Τοῦ</strong></span> <span class='ocrx_word' id='word_1_133' title='bbox 572 2011 782 2065; x_wconf 82' lang='grc' dir='ltr'>αὐτοῦ.</span> <span class='ocrx_word' id='word_1_134' title='bbox 816 2011 1054 2082; x_wconf 88' lang='grc' dir='ltr'>Χάριτός</span> <span class='ocrx_word' id='word_1_135' title='bbox 1084 2015 1201 2067; x_wconf 88' lang='grc' dir='ltr'>ἐστι</span> <span class='ocrx_word' id='word_1_136' title='bbox 1236 2014 1386 2078; x_wconf 87' lang='grc' dir='ltr'>θείας</span> <span class='ocrx_word' id='word_1_137' title='bbox 1410 2015 1439 2068; x_wconf 84' lang='grc' dir='ltr'>ὁ</span> <span class='ocrx_word' id='word_1_138' title='bbox 1477 2014 1792 2087; x_wconf 82' lang='grc' dir='ltr'>ἀσπασμὸς,</span> <span class='ocrx_word' id='word_1_139' title='bbox 1820 2017 1935 2071; x_wconf 87' lang='grc' dir='ltr'>ἀλλ’</span> 
     </span>
    </p>
   </div>
   <div class='ocr_carea' id='block_1_23' title="bbox 343 2099 1936 2180">
    <p class='ocr_par' dir='ltr' id='par_1_23' title="bbox 343 2099 1936 2180">
     <span class='ocr_line' id='line_1_23' title="bbox 343 2099 1936 2180; baseline 0.008 -28"><span class='ocrx_word' id='word_1_140' title='bbox 343 2099 407 2153; x_wconf 91' lang='grc' dir='ltr'>οὑ</span> <span class='ocrx_word' id='word_1_141' title='bbox 438 2101 654 2169; x_wconf 74' lang='grc' dir='ltr'>φύσεως</span> <span class='ocrx_word' id='word_1_142' title='bbox 681 2102 957 2175; x_wconf 89' lang='grc' dir='ltr'>ὑπουργός</span> <span class='ocrx_word' id='word_1_143' title='bbox 975 2121 989 2134; x_wconf 75' lang='grc' dir='ltr'>ο</span> <span class='ocrx_word' id='word_1_144' title='bbox 1014 2105 1238 2177; x_wconf 91' lang='grc' dir='ltr'>χάριτος</span> <span class='ocrx_word' id='word_1_145' title='bbox 1267 2106 1476 2178; x_wconf 83' lang='grc' dir='ltr'>θεῖκῆς,</span> <span class='ocrx_word' id='word_1_146' title='bbox 1525 2109 1626 2162; x_wconf 87' lang='grc' dir='ltr'><strong>οὑκ</strong></span> <span class='ocrx_word' id='word_1_147' title='bbox 1656 2109 1936 2180; x_wconf 83' lang='grc' dir='ltr'>ἀνθρωπί-</span> 
     </span>
    </p>
   </div>
   <div class='ocr_carea' id='block_1_24' title="bbox 343 2196 1935 2275">
    <p class='ocr_par' dir='ltr' id='par_1_24' title="bbox 343 2196 1935 2275">
     <span class='ocr_line' id='line_1_24' title="bbox 343 2196 1935 2275; baseline 0.004 -26"><span class='ocrx_word' id='word_1_148' title='bbox 343 2211 445 2266; x_wconf 87' lang='grc' dir='ltr'>νης</span> <span class='ocrx_word' id='word_1_149' title='bbox 485 2196 780 2267; x_wconf 76' lang='grc' dir='ltr'>ἐπιϐουλῆς</span> <span class='ocrx_word' id='word_1_150' title='bbox 802 2211 818 2228; x_wconf 83' lang='lat'><strong><em>°</em></strong></span> <span class='ocrx_word' id='word_1_151' title='bbox 850 2198 1076 2270; x_wconf 85' lang='grc' dir='ltr'>χάριτος</span> <span class='ocrx_word' id='word_1_152' title='bbox 1104 2199 1196 2253; x_wconf 82' lang='grc' dir='ltr'>τὸν</span> <span class='ocrx_word' id='word_1_153' title='bbox 1229 2199 1570 2272; x_wconf 84' lang='grc' dir='ltr'>ἀνθρώπινον</span> <span class='ocrx_word' id='word_1_154' title='bbox 1605 2203 1935 2275; x_wconf 83' lang='grc' dir='ltr'>ὑπερπηδὼ-</span> 
     </span>
    </p>
   </div>
   <div class='ocr_carea' id='block_1_25' title="bbox 345 2286 1935 2366">
    <p class='ocr_par' dir='ltr' id='par_1_25' title="bbox 345 2286 1935 2366">
     <span class='ocr_line' id='line_1_25' title="bbox 345 2286 1935 2366; baseline 0.006 -28"><span class='ocrx_word' id='word_1_155' title='bbox 345 2303 450 2358; x_wconf 85' lang='grc' dir='ltr'><strong>σης</strong></span> <span class='ocrx_word' id='word_1_156' title='bbox 482 2286 761 2359; x_wconf 89' lang='grc' dir='ltr'>λογισμόν.</span> <span class='ocrx_word' id='word_1_157' title='bbox 806 2288 946 2342; x_wconf 84' lang='grc' dir='ltr'>Ἀλλ’</span> <span class='ocrx_word' id='word_1_158' title='bbox 976 2291 1107 2344; x_wconf 86' lang='grc' dir='ltr'>ὅταν</span> <span class='ocrx_word' id='word_1_159' title='bbox 1153 2291 1313 2362; x_wconf 85' lang='grc' dir='ltr'>χάριν</span> <span class='ocrx_word' id='word_1_160' title='bbox 1359 2291 1622 2364; x_wconf 78' lang='grc' dir='ltr'>ἀκούσῃς,</span> <span class='ocrx_word' id='word_1_161' title='bbox 1658 2293 1935 2366; x_wconf 82' lang='grc' dir='ltr'>ἄνθρωπε,</span> 
     </span>
    </p>
   </div>
   <div class='ocr_carea' id='block_1_26' title="bbox 345 2379 1938 2455">
    <p class='ocr_par' dir='ltr' id='par_1_26' title="bbox 345 2379 1938 2455">
     <span class='ocr_line' id='line_1_26' title="bbox 345 2379 1938 2455; baseline 0.005 -24"><span class='ocrx_word' id='word_1_162' title='bbox 345 2380 425 2448; x_wconf 83' lang='grc' dir='ltr'>μὴ</span> <span class='ocrx_word' id='word_1_163' title='bbox 464 2379 642 2450; x_wconf 82' lang='grc' dir='ltr'>μάτην</span> <span class='ocrx_word' id='word_1_164' title='bbox 670 2380 730 2434; x_wconf 83' lang='grc' dir='ltr'>τὸ</span> <span class='ocrx_word' id='word_1_165' title='bbox 750 2381 1003 2453; x_wconf 82' lang='grc' dir='ltr'>χάρισμα</span> <span class='ocrx_word' id='word_1_166' title='bbox 1020 2385 1086 2454; x_wconf 84' lang='grc' dir='ltr'>τῇ</span> <span class='ocrx_word' id='word_1_167' title='bbox 1122 2384 1387 2455; x_wconf 82' lang='grc' dir='ltr'>Παρθένῳ</span> <span class='ocrx_word' id='word_1_168' title='bbox 1445 2384 1817 2455; x_wconf 86' lang='grc' dir='ltr'>χορηγηθῆναι</span> <span class='ocrx_word' id='word_1_169' title='bbox 1851 2403 1938 2439; x_wconf 86' lang='grc' dir='ltr'><strong>νο-</strong></span> 
     </span>
    </p>
   </div>
   <div class='ocr_carea' id='block_1_27' title="bbox 345 2469 1934 2547">
    <p class='ocr_par' dir='ltr' id='par_1_27' title="bbox 345 2469 1934 2547">
     <span class='ocr_line' id='line_1_27' title="bbox 345 2469 1934 2547; baseline 0.006 -27"><span class='ocrx_word' id='word_1_170' title='bbox 345 2469 547 2543; x_wconf 82' lang='grc' dir='ltr'>μίσῃς·</span> <span class='ocrx_word' id='word_1_171' title='bbox 590 2471 725 2541; x_wconf 87' lang='grc' dir='ltr'><strong>μηδέ</strong></span> <span class='ocrx_word' id='word_1_172' title='bbox 757 2471 1068 2542; x_wconf 84' lang='grc' dir='ltr'>φιλοτιμίαν</span> <span class='ocrx_word' id='word_1_173' title='bbox 1083 2472 1329 2527; x_wconf 83' lang='grc' dir='ltr'>διάκενον</span> <span class='ocrx_word' id='word_1_174' title='bbox 1348 2472 1410 2527; x_wconf 83' lang='grc' dir='ltr'><strong>τὸ</strong></span> <span class='ocrx_word' id='word_1_175' title='bbox 1438 2473 1607 2545; x_wconf 84' lang='grc' dir='ltr'>δῶρον</span> <span class='ocrx_word' id='word_1_176' title='bbox 1635 2475 1934 2547; x_wconf 82' lang='grc' dir='ltr'>ὑπολάϐῃς.</span> 
     </span>
    </p>
   </div>
   <div class='ocr_carea' id='block_1_28' title="bbox 345 2554 1938 2635">
    <p class='ocr_par' dir='ltr' id='par_1_28' title="bbox 345 2554 1938 2635">
     <span class='ocr_line' id='line_1_28' title="bbox 345 2554 1938 2635; baseline 0.003 -22"><span class='ocrx_word' id='word_1_177' title='bbox 345 2554 494 2631; x_wconf 80' lang='grc' dir='ltr'>Εὗρε</span> <span class='ocrx_word' id='word_1_178' title='bbox 518 2561 628 2632; x_wconf 73' lang='grc' dir='ltr'>γὰρ</span> <span class='ocrx_word' id='word_1_179' title='bbox 658 2560 822 2633; x_wconf 90' lang='grc' dir='ltr'>χάριν</span> <span class='ocrx_word' id='word_1_180' title='bbox 861 2563 896 2632; x_wconf 77' lang='grc' dir='ltr'><strong>ἡ</strong></span> <span class='ocrx_word' id='word_1_181' title='bbox 928 2561 1216 2634; x_wconf 86' lang='grc' dir='ltr'>Παρθένος</span> <span class='ocrx_word' id='word_1_182' title='bbox 1251 2565 1404 2635; x_wconf 87' lang='grc' dir='ltr'><strong>παρά</strong></span> <span class='ocrx_word' id='word_1_183' title='bbox 1443 2563 1582 2634; x_wconf 85' lang='grc' dir='ltr'>Θεῷ,</span> <span class='ocrx_word' id='word_1_184' title='bbox 1639 2565 1723 2618; x_wconf 82' lang='grc' dir='ltr'><strong>ὅτι</strong></span> <span class='ocrx_word' id='word_1_185' title='bbox 1780 2565 1938 2629; x_wconf 83' lang='grc' dir='ltr'>ἀξίαν</span> 
     </span>
    </p>
   </div>
   <div class='ocr_carea' id='block_1_29' title="bbox 344 2655 1938 2730">
    <p class='ocr_par' dir='ltr' id='par_1_29' title="bbox 344 2655 1938 2730">
     <span class='ocr_line' id='line_1_29' title="bbox 344 2655 1938 2730; baseline 0.003 -23"><span class='ocrx_word' id='word_1_186' title='bbox 344 2655 550 2726; x_wconf 81' lang='grc' dir='ltr'>ἐαυτὴν</span> <span class='ocrx_word' id='word_1_187' title='bbox 571 2655 649 2726; x_wconf 80' lang='grc' dir='ltr'>τῷ</span> <span class='ocrx_word' id='word_1_188' title='bbox 682 2656 1015 2728; x_wconf 80' lang='grc' dir='ltr'>Δημιουργῷ</span> <span class='ocrx_word' id='word_1_189' title='bbox 1050 2657 1486 2712; x_wconf 56' lang='grc' dir='ltr'>κατεσκεύασεν</span> <span class='ocrx_word' id='word_1_190' title='bbox 1516 2659 1598 2712; x_wconf 84' lang='grc' dir='ltr'><strong>ὅτι</strong></span> <span class='ocrx_word' id='word_1_191' title='bbox 1647 2657 1726 2730; x_wconf 81' lang='grc' dir='ltr'>τῷ</span> <span class='ocrx_word' id='word_1_192' title='bbox 1753 2658 1938 2712; x_wconf 88' lang='grc' dir='ltr'>κάλλει</span> 
     </span>
    </p>
   </div>
   <div class='ocr_carea' id='block_1_30' title="bbox 341 2747 1942 2821">
    <p class='ocr_par' dir='ltr' id='par_1_30' title="bbox 341 2747 1942 2821">
     <span class='ocr_line' id='line_1_30' title="bbox 341 2747 1942 2821; baseline 0.002 -22"><span class='ocrx_word' id='word_1_193' title='bbox 341 2747 447 2813; x_wconf 86' lang='grc' dir='ltr'>τῆς</span> <span class='ocrx_word' id='word_1_194' title='bbox 479 2748 698 2816; x_wconf 82' lang='grc' dir='ltr'>ἁγνείας</span> <span class='ocrx_word' id='word_1_195' title='bbox 723 2749 822 2820; x_wconf 84' lang='grc' dir='ltr'>τὴν</span> <span class='ocrx_word' id='word_1_196' title='bbox 853 2749 1054 2819; x_wconf 82' lang='grc' dir='ltr'>ἑαυτῆς</span> <span class='ocrx_word' id='word_1_197' title='bbox 1107 2748 1285 2821; x_wconf 82' lang='grc' dir='ltr'>ψυχὴν</span> <span class='ocrx_word' id='word_1_198' title='bbox 1340 2751 1646 2821; x_wconf 83' lang='grc' dir='ltr'>ὠραῖσασα,</span> <span class='ocrx_word' id='word_1_199' title='bbox 1681 2767 1942 2820; x_wconf 86' lang='grc' dir='ltr'>κατοικη-</span> 
     </span>
    </p>
   </div>
   <div class='ocr_carea' id='block_1_31' title="bbox 339 2839 1940 2916">
    <p class='ocr_par' dir='ltr' id='par_1_31' title="bbox 339 2839 1940 2916">
     <span class='ocr_line' id='line_1_31' title="bbox 339 2839 1940 2916; baseline 0.002 -23"><span class='ocrx_word' id='word_1_200' title='bbox 339 2840 538 2911; x_wconf 78' lang='grc' dir='ltr'>τήριον</span> <span class='ocrx_word' id='word_1_201' title='bbox 575 2839 898 2912; x_wconf 81' lang='grc' dir='ltr'>ἀξιέραστον</span> <span class='ocrx_word' id='word_1_202' title='bbox 931 2842 1133 2912; x_wconf 81' lang='grc' dir='ltr'>ἑαυτὴν</span> <span class='ocrx_word' id='word_1_203' title='bbox 1183 2843 1278 2897; x_wconf 80' lang='grc' dir='ltr'><strong>τοῦ</strong></span> <span class='ocrx_word' id='word_1_204' title='bbox 1323 2843 1467 2916; x_wconf 78' lang='grc' dir='ltr'>λόγῳ</span> <span class='ocrx_word' id='word_1_205' title='bbox 1514 2846 1639 2907; x_wconf 73' lang='grc' dir='ltr'>τοὺς</span> <span class='ocrx_word' id='word_1_206' title='bbox 1675 2844 1940 2916; x_wconf 75' lang='grc' dir='ltr'>οὐρανοὺς</span> 
     </span>
    </p>
   </div>
   <div class='ocr_carea' id='block_1_32' title="bbox 346 2931 1942 3008">
    <p class='ocr_par' dir='ltr' id='par_1_32' title="bbox 346 2931 1942 3008">
     <span class='ocr_line' id='line_1_32' title="bbox 346 2931 1942 3008; baseline 0.004 -24"><span class='ocrx_word' id='word_1_207' title='bbox 346 2931 757 3003; x_wconf 86' lang='grc' dir='ltr'>στερεώσαντος</span> <span class='ocrx_word' id='word_1_208' title='bbox 790 2935 1162 3006; x_wconf 73' lang='grc' dir='ltr'>ἡτοιμάσατο·</span> <span class='ocrx_word' id='word_1_209' title='bbox 1196 2937 1276 2990; x_wconf 85' lang='grc' dir='ltr'><strong>ὅτι</strong></span> <span class='ocrx_word' id='word_1_210' title='bbox 1307 2937 1368 2990; x_wconf 85' lang='grc' dir='ltr'><strong>οὑ</strong></span> <span class='ocrx_word' id='word_1_211' title='bbox 1403 2937 1572 3008; x_wconf 86' lang='grc' dir='ltr'>μόνην</span> <span class='ocrx_word' id='word_1_212' title='bbox 1599 2938 1699 3007; x_wconf 80' lang='grc' dir='ltr'><strong>τὴν</strong></span> <span class='ocrx_word' id='word_1_213' title='bbox 1733 2937 1942 3008; x_wconf 88' lang='grc' dir='ltr'>παρθε-</span> 
     </span>
    </p>
   </div>
   <div class='ocr_carea' id='block_1_33' title="bbox 343 3020 1940 3100">
    <p class='ocr_par' dir='ltr' id='par_1_33' title="bbox 343 3020 1940 3100">
     <span class='ocr_line' id='line_1_33' title="bbox 343 3020 1940 3100; baseline 0.004 -24"><span class='ocrx_word' id='word_1_214' title='bbox 343 3020 472 3076; x_wconf 91' lang='grc' dir='ltr'>νίαν</span> <span class='ocrx_word' id='word_1_215' title='bbox 492 3024 760 3091; x_wconf 85' lang='grc' dir='ltr'>ἄχραντον</span> <span class='ocrx_word' id='word_1_216' title='bbox 778 3024 1118 3095; x_wconf 84' lang='grc' dir='ltr'>διετήρησεν,</span> <span class='ocrx_word' id='word_1_217' title='bbox 1143 3025 1282 3080; x_wconf 87' lang='grc' dir='ltr'><strong>ἀλλά</strong></span> <span class='ocrx_word' id='word_1_218' title='bbox 1293 3043 1354 3095; x_wconf 87' lang='grc' dir='ltr'><strong>γε</strong></span> <span class='ocrx_word' id='word_1_219' title='bbox 1383 3027 1476 3079; x_wconf 73' lang='grc' dir='ltr'><strong>καὶ</strong></span> <span class='ocrx_word' id='word_1_220' title='bbox 1494 3027 1590 3098; x_wconf 84' lang='grc' dir='ltr'>τὴν</span> <span class='ocrx_word' id='word_1_221' title='bbox 1614 3029 1940 3100; x_wconf 83' lang='grc' dir='ltr'>προαίρεσιν</span> 
     </span>
    </p>
   </div>
   <div class='ocr_carea' id='block_1_34' title="bbox 2034 540 3632 615">
    <p class='ocr_par' dir='ltr' id='par_1_34' title="bbox 2034 540 3632 615">
     <span class='ocr_line' id='line_1_34' title="bbox 2034 540 3632 615; baseline 0.005 -23"><span class='ocrx_word' id='word_1_222' title='bbox 2034 540 2214 610; x_wconf 82' lang='lat' dir='ltr'><strong>ginem</strong></span> <span class='ocrx_word' id='word_1_223' title='bbox 2246 542 2454 597; x_wconf 88' lang='lat' dir='ltr'><strong>turbari</strong></span> <span class='ocrx_word' id='word_1_224' title='bbox 2495 543 2787 612; x_wconf 87' lang='lat' dir='ltr'><strong>permisit?</strong></span> <span class='ocrx_word' id='word_1_225' title='bbox 2833 541 2970 609; x_wconf 83' lang='lat' dir='ltr'><strong>Quia</strong></span> <span class='ocrx_word' id='word_1_226' title='bbox 3013 558 3121 598; x_wconf 92' lang='lat' dir='ltr'><strong>non</strong></span> <span class='ocrx_word' id='word_1_227' title='bbox 3162 551 3281 598; x_wconf 87' lang='lat' dir='ltr'><strong>erat</strong></span> <span class='ocrx_word' id='word_1_228' title='bbox 3311 542 3476 614; x_wconf 77' lang='lat' dir='ltr'><strong>igitur</strong></span> <span class='ocrx_word' id='word_1_229' title='bbox 3500 558 3632 615; x_wconf 53' lang='lat' dir='ltr'><strong>pos‘</strong></span> 
     </span>
    </p>
   </div>
   <div class='ocr_carea' id='block_1_35' title="bbox 2034 631 3633 706">
    <p class='ocr_par' dir='ltr' id='par_1_35' title="bbox 2034 631 3633 706">
     <span class='ocr_line' id='line_1_35' title="bbox 2034 631 3633 706; baseline 0.003 -20"><span class='ocrx_word' id='word_1_230' title='bbox 2034 631 2196 686; x_wconf 87' lang='lat' dir='ltr'><strong>sibile</strong></span> <span class='ocrx_word' id='word_1_231' title='bbox 2255 633 2527 688; x_wconf 90' lang='lat' dir='ltr'><strong>turbatam</strong></span> <span class='ocrx_word' id='word_1_232' title='bbox 2593 642 2648 688; x_wconf 89' lang='lat' dir='ltr'><strong>et</strong></span> <span class='ocrx_word' id='word_1_233' title='bbox 2697 635 2942 688; x_wconf 89' lang='lat' dir='ltr'><strong>territam</strong></span> <span class='ocrx_word' id='word_1_234' title='bbox 2973 635 3168 689; x_wconf 88' lang='lat' dir='ltr'><strong>audire</strong></span> <span class='ocrx_word' id='word_1_235' title='bbox 3219 644 3478 690; x_wconf 86' lang='lat' dir='ltr'><strong>accurate</strong></span> <span class='ocrx_word' id='word_1_236' title='bbox 3508 651 3633 706; x_wconf 87' lang='lat' dir='ltr'><strong>quae</strong></span> 
     </span>
    </p>
   </div>
   <div class='ocr_carea' id='block_1_36' title="bbox 2032 723 3633 798">
    <p class='ocr_par' dir='ltr' id='par_1_36' title="bbox 2032 723 3633 798">
     <span class='ocr_line' id='line_1_36' title="bbox 2032 723 3633 798; baseline 0.004 -20"><span class='ocrx_word' id='word_1_237' title='bbox 2032 723 2264 780; x_wconf 92' lang='lat' dir='ltr'><strong>dicenda</strong></span> <span class='ocrx_word' id='word_1_238' title='bbox 2340 734 2520 792; x_wconf 88' lang='lat' dir='ltr'><strong>erant,</strong></span> <span class='ocrx_word' id='word_1_239' title='bbox 2572 727 2694 783; x_wconf 86' lang='lat' dir='ltr'><strong>ideo</strong></span> <span class='ocrx_word' id='word_1_240' title='bbox 2747 729 2986 797; x_wconf 92' lang='lat' dir='ltr'><strong>primum</strong></span> <span class='ocrx_word' id='word_1_241' title='bbox 3054 728 3176 798; x_wconf 93' lang='lat' dir='ltr'><strong>ejus</strong></span> <span class='ocrx_word' id='word_1_242' title='bbox 3238 738 3450 784; x_wconf 88' lang='lat' dir='ltr'><strong>metum</strong></span> <span class='ocrx_word' id='word_1_243' title='bbox 3516 730 3633 785; x_wconf 90' lang='lat' dir='ltr'><strong>sol-</strong></span> 
     </span>
    </p>
   </div>
   <div class='ocr_carea' id='block_1_37' title="bbox 2033 819 2130 872">
    <p class='ocr_par' dir='ltr' id='par_1_37' title="bbox 2033 819 2130 872">
     <span class='ocr_line' id='line_1_37' title="bbox 2033 819 2130 872; baseline 0 0"><span class='ocrx_word' id='word_1_244' title='bbox 2033 819 2130 872; x_wconf 91' lang='lat' dir='ltr'><strong>vit.</strong></span> 
     </span>
    </p>
   </div>
   <div class='ocr_carea' id='block_1_38' title="bbox 2105 909 3628 978">
    <p class='ocr_par' dir='ltr' id='par_1_38' title="bbox 2105 909 3628 978">
     <span class='ocr_line' id='line_1_38' title="bbox 2105 909 3628 978; baseline 0.001 -13"><span class='ocrx_word' id='word_1_245' title='bbox 2105 909 2382 966; x_wconf 71' lang='lat' dir='ltr'><strong>Vens.50.</strong></span> <span class='ocrx_word' id='word_1_246' title='bbox 2410 910 2605 965; x_wconf 73' lang='lat' dir='ltr'><strong>I’thii.</strong></span> <span class='ocrx_word' id='word_1_247' title='bbox 2635 909 2751 965; x_wconf 88' lang='lat' dir='ltr'><strong>Non</strong></span> <span class='ocrx_word' id='word_1_248' title='bbox 2775 909 3026 966; x_wconf 81' lang='lat' dir='ltr'><strong>fraudem</strong></span> <span class='ocrx_word' id='word_1_249' title='bbox 3060 911 3180 967; x_wconf 82' lang='lat' dir='ltr'><strong>veni</strong></span> <span class='ocrx_word' id='word_1_250' title='bbox 3227 912 3328 967; x_wconf 85' lang='lat' dir='ltr'><strong>tibi</strong></span> <span class='ocrx_word' id='word_1_251' title='bbox 3355 912 3628 978; x_wconf 89' lang='lat' dir='ltr'><strong>dicturus,</strong></span> 
     </span>
    </p>
   </div>
   <div class='ocr_carea' id='block_1_39' title="bbox 2035 1001 3632 1059">
    <p class='ocr_par' dir='ltr' id='par_1_39' title="bbox 2035 1001 3632 1059">
     <span class='ocr_line' id='line_1_39' title="bbox 2035 1001 3632 1059; baseline -0.002 -3"><span class='ocrx_word' id='word_1_252' title='bbox 2035 1003 2130 1057; x_wconf 92' lang='lat' dir='ltr'><strong>sed</strong></span> <span class='ocrx_word' id='word_1_253' title='bbox 2159 1001 2367 1057; x_wconf 82' lang='lat' dir='ltr'><strong>fraudis</strong></span> <span class='ocrx_word' id='word_1_254' title='bbox 2400 1003 2826 1059; x_wconf 82' lang='lat' dir='ltr'><strong>destructionem</strong></span> <span class='ocrx_word' id='word_1_255' title='bbox 2858 1003 3174 1059; x_wconf 89' lang='lat' dir='ltr'><strong>edocturus.</strong></span> <span class='ocrx_word' id='word_1_256' title='bbox 3201 1003 3320 1059; x_wconf 88' lang='lat' dir='ltr'><strong>Non</strong></span> <span class='ocrx_word' id='word_1_257' title='bbox 3376 1003 3446 1058; x_wconf 90' lang='lat' dir='ltr'><strong>ad</strong></span> <span class='ocrx_word' id='word_1_258' title='bbox 3473 1016 3632 1057; x_wconf 86' lang='lat' dir='ltr'><strong>erro-</strong></span> 
     </span>
    </p>
   </div>
   <div class='ocr_carea' id='block_1_40' title="bbox 2037 1095 3629 1171">
    <p class='ocr_par' dir='ltr' id='par_1_40' title="bbox 2037 1095 3629 1171">
     <span class='ocr_line' id='line_1_40' title="bbox 2037 1095 3629 1171; baseline 0 -22"><span class='ocrx_word' id='word_1_259' title='bbox 2037 1110 2154 1150; x_wconf 88' lang='lat' dir='ltr'><strong>rem</strong></span> <span class='ocrx_word' id='word_1_260' title='bbox 2179 1097 2324 1171; x_wconf 81' lang='lat' dir='ltr'><strong>veni,</strong></span> <span class='ocrx_word' id='word_1_261' title='bbox 2361 1097 2454 1152; x_wconf 89' lang='lat' dir='ltr'><strong>sed</strong></span> <span class='ocrx_word' id='word_1_262' title='bbox 2482 1097 2548 1152; x_wconf 89' lang='lat' dir='ltr'><strong>ad</strong></span> <span class='ocrx_word' id='word_1_263' title='bbox 2574 1097 2780 1152; x_wconf 88' lang='lat' dir='ltr'><strong>erroris</strong></span> <span class='ocrx_word' id='word_1_264' title='bbox 2835 1098 3161 1153; x_wconf 88' lang='lat' dir='ltr'><strong>solutionem</strong></span> <span class='ocrx_word' id='word_1_265' title='bbox 3216 1095 3629 1153; x_wconf 86' lang='lat' dir='ltr'><strong>arcessendam.</strong></span> 
     </span>
    </p>
   </div>
   <div class='ocr_carea' id='block_1_41' title="bbox 2036 1185 3632 1260">
    <p class='ocr_par' dir='ltr' id='par_1_41' title="bbox 2036 1185 3632 1260">
     <span class='ocr_line' id='line_1_41' title="bbox 2036 1185 3632 1260; baseline 0 -19"><span class='ocrx_word' id='word_1_266' title='bbox 2036 1185 2156 1243; x_wconf 90' lang='lat' dir='ltr'><strong>Non</strong></span> <span class='ocrx_word' id='word_1_267' title='bbox 2194 1188 2451 1243; x_wconf 85' lang='lat' dir='ltr'><strong>intactam</strong></span> <span class='ocrx_word' id='word_1_268' title='bbox 2484 1190 2849 1260; x_wconf 82' lang='lat' dir='ltr'><strong>virginitatem</strong></span> <span class='ocrx_word' id='word_1_269' title='bbox 2899 1198 3154 1259; x_wconf 88' lang='lat' dir='ltr'><strong>rapturus</strong></span> <span class='ocrx_word' id='word_1_270' title='bbox 3180 1189 3334 1254; x_wconf 80' lang='lat' dir='ltr'><strong>aﬁ‘ui,</strong></span> <span class='ocrx_word' id='word_1_271' title='bbox 3387 1190 3480 1244; x_wconf 90' lang='lat' dir='ltr'><strong>sed</strong></span> <span class='ocrx_word' id='word_1_272' title='bbox 3529 1189 3632 1242; x_wconf 88' lang='lat' dir='ltr'><strong>vir-</strong></span> 
     </span>
    </p>
   </div>
   <div class='ocr_carea' id='block_1_42' title="bbox 2037 1280 3624 1351">
    <p class='ocr_par' dir='ltr' id='par_1_42' title="bbox 2037 1280 3624 1351">
     <span class='ocr_line' id='line_1_42' title="bbox 2037 1280 3624 1351; baseline -0.001 -16"><span class='ocrx_word' id='word_1_273' title='bbox 2037 1280 2280 1351; x_wconf 86' lang='lat' dir='ltr'><strong>ginitatis</strong></span> <span class='ocrx_word' id='word_1_274' title='bbox 2305 1281 2548 1336; x_wconf 87' lang='lat' dir='ltr'><strong>auctoris</strong></span> <span class='ocrx_word' id='word_1_275' title='bbox 2573 1292 2627 1337; x_wconf 92' lang='lat' dir='ltr'><strong>et</strong></span> <span class='ocrx_word' id='word_1_276' title='bbox 2653 1281 2894 1337; x_wconf 83' lang='lat' dir='ltr'><strong>custodis</strong></span> <span class='ocrx_word' id='word_1_277' title='bbox 2924 1282 3220 1336; x_wconf 82' lang='lat' dir='ltr'><strong>adventum</strong></span> <span class='ocrx_word' id='word_1_278' title='bbox 3247 1283 3624 1336; x_wconf 81' lang='lat' dir='ltr'><strong>nuntiaturus.</strong></span> 
     </span>
    </p>
   </div>
   <div class='ocr_carea' id='block_1_43' title="bbox 2036 1373 3631 1444">
    <p class='ocr_par' dir='ltr' id='par_1_43' title="bbox 2036 1373 3631 1444">
     <span class='ocr_line' id='line_1_43' title="bbox 2036 1373 3631 1444; baseline -0.001 -15"><span class='ocrx_word' id='word_1_279' title='bbox 2036 1375 2157 1429; x_wconf 88' lang='lat' dir='ltr'><strong>Non</strong></span> <span class='ocrx_word' id='word_1_280' title='bbox 2207 1377 2473 1444; x_wconf 86' lang='lat' dir='ltr'><strong>serpentis</strong></span> <span class='ocrx_word' id='word_1_281' title='bbox 2496 1376 2718 1431; x_wconf 65' lang='lat' dir='ltr'><strong>malitiae</strong></span> <span class='ocrx_word' id='word_1_282' title='bbox 2754 1391 2875 1432; x_wconf 91' lang='lat' dir='ltr'><strong>sum</strong></span> <span class='ocrx_word' id='word_1_283' title='bbox 2914 1375 3186 1440; x_wconf 90' lang='lat' dir='ltr'><strong>minister,</strong></span> <span class='ocrx_word' id='word_1_284' title='bbox 3223 1374 3316 1429; x_wconf 87' lang='lat' dir='ltr'><strong>sed</strong></span> <span class='ocrx_word' id='word_1_285' title='bbox 3359 1373 3631 1442; x_wconf 77' lang='lat' dir='ltr'><strong>serpentis</strong></span> 
     </span>
    </p>
   </div>
   <div class='ocr_carea' id='block_1_44' title="bbox 2037 1466 3664 1538">
    <p class='ocr_par' dir='ltr' id='par_1_44' title="bbox 2037 1466 3664 1538">
     <span class='ocr_line' id='line_1_44' title="bbox 2037 1466 3664 1538; baseline -0.002 -17"><span class='ocrx_word' id='word_1_286' title='bbox 2037 1467 2394 1522; x_wconf 89' lang='lat' dir='ltr'><strong>destructoris</strong></span> <span class='ocrx_word' id='word_1_287' title='bbox 2434 1468 2734 1538; x_wconf 75' lang='lat' dir='ltr'><strong>apoStolus.</strong></span> <span class='ocrx_word' id='word_1_288' title='bbox 2762 1466 3088 1536; x_wconf 87' lang='lat' dir='ltr'><strong>Nuptiarum</strong></span> <span class='ocrx_word' id='word_1_289' title='bbox 3126 1467 3375 1528; x_wconf 89' lang='lat' dir='ltr'><strong>nuntius.</strong></span> <span class='ocrx_word' id='word_1_290' title='bbox 3409 1481 3517 1521; x_wconf 92' lang='lat' dir='ltr'><strong>non</strong></span> <span class='ocrx_word' id='word_1_291' title='bbox 3544 1466 3664 1521; x_wconf 86' lang='lat' dir='ltr'><strong>in-.</strong></span> 
     </span>
    </p>
   </div>
   <div class='ocr_carea' id='block_1_45' title="bbox 2039 1558 3624 1630">
    <p class='ocr_par' dir='ltr' id='par_1_45' title="bbox 2039 1558 3624 1630">
     <span class='ocr_line' id='line_1_45' title="bbox 2039 1558 3624 1630; baseline 0 -16"><span class='ocrx_word' id='word_1_292' title='bbox 2039 1558 2269 1614; x_wconf 90' lang='lat' dir='ltr'><strong>sidiator</strong></span> <span class='ocrx_word' id='word_1_293' title='bbox 2303 1559 2495 1615; x_wconf 89' lang='lat' dir='ltr'><strong>adsum</strong></span> <span class='ocrx_word' id='word_1_294' title='bbox 2525 1577 2538 1614; x_wconf 92' lang='lat'>:</span> <span class='ocrx_word' id='word_1_295' title='bbox 2569 1561 2759 1630; x_wconf 67' lang='lat' dir='ltr'><strong>gratiae</strong></span> <span class='ocrx_word' id='word_1_296' title='bbox 2793 1574 2993 1630; x_wconf 63' lang='lat' dir='ltr'><strong>praeco,</strong></span> <span class='ocrx_word' id='word_1_297' title='bbox 3032 1575 3142 1614; x_wconf 92' lang='lat' dir='ltr'><strong>non</strong></span> <span class='ocrx_word' id='word_1_298' title='bbox 3173 1558 3380 1614; x_wconf 88' lang='lat' dir='ltr'><strong>doloris</strong></span> <span class='ocrx_word' id='word_1_299' title='bbox 3413 1574 3575 1614; x_wconf 87' lang='lat' dir='ltr'><strong>causa</strong></span> <span class='ocrx_word' id='word_1_300' title='bbox 3608 1576 3624 1624; x_wconf 90' lang='lat'><strong>;</strong></span> 
     </span>
    </p>
   </div>
   <div class='ocr_carea' id='block_1_46' title="bbox 2040 1645 3632 1718">
    <p class='ocr_par' dir='ltr' id='par_1_46' title="bbox 2040 1645 3632 1718">
     <span class='ocr_line' id='line_1_46' title="bbox 2040 1645 3632 1718; baseline 0 -16"><span class='ocrx_word' id='word_1_301' title='bbox 2040 1647 2232 1702; x_wconf 89' lang='lat' dir='ltr'><strong>salutis</strong></span> <span class='ocrx_word' id='word_1_302' title='bbox 2259 1648 2506 1718; x_wconf 81' lang='lat' dir='ltr'><strong>angelus,</strong></span> <span class='ocrx_word' id='word_1_303' title='bbox 2562 1662 2671 1702; x_wconf 92' lang='lat' dir='ltr'><strong>non</strong></span> <span class='ocrx_word' id='word_1_304' title='bbox 2700 1647 3026 1718; x_wconf 89' lang='lat' dir='ltr'><strong>perditionis</strong></span> <span class='ocrx_word' id='word_1_305' title='bbox 3053 1647 3327 1718; x_wconf 81' lang='lat' dir='ltr'><strong>complex.</strong></span> <span class='ocrx_word' id='word_1_306' title='bbox 3377 1648 3488 1717; x_wconf 81' lang='lat' dir='ltr'><strong>Ego</strong></span> <span class='ocrx_word' id='word_1_307' title='bbox 3520 1645 3632 1702; x_wconf 90' lang='lat' dir='ltr'><strong>Do-</strong></span> 
     </span>
    </p>
   </div>
   <div class='ocr_carea' id='block_1_47' title="bbox 2041 1737 3631 1809">
    <p class='ocr_par' dir='ltr' id='par_1_47' title="bbox 2041 1737 3631 1809">
     <span class='ocr_line' id='line_1_47' title="bbox 2041 1737 3631 1809; baseline 0.001 -18"><span class='ocrx_word' id='word_1_308' title='bbox 2041 1737 2173 1791; x_wconf 90' lang='lat' dir='ltr'><strong>mini</strong></span> <span class='ocrx_word' id='word_1_309' title='bbox 2215 1753 2311 1808; x_wconf 90' lang='lat' dir='ltr'><strong>per</strong></span> <span class='ocrx_word' id='word_1_310' title='bbox 2359 1738 2616 1792; x_wconf 83' lang='lat' dir='ltr'><strong>mandata</strong></span> <span class='ocrx_word' id='word_1_311' title='bbox 2667 1738 2938 1792; x_wconf 86' lang='lat' dir='ltr'><strong>rationem</strong></span> <span class='ocrx_word' id='word_1_312' title='bbox 2998 1747 3146 1793; x_wconf 91' lang='lat' dir='ltr'><strong>tuam</strong></span> <span class='ocrx_word' id='word_1_313' title='bbox 3230 1738 3459 1804; x_wconf 89' lang='lat' dir='ltr'><strong>sanabo,</strong></span> <span class='ocrx_word' id='word_1_314' title='bbox 3527 1752 3631 1809; x_wconf 88' lang='lat' dir='ltr'><strong>ego</strong></span> 
     </span>
    </p>
   </div>
   <div class='ocr_carea' id='block_1_48' title="bbox 2037 1828 2852 1886">
    <p class='ocr_par' dir='ltr' id='par_1_48' title="bbox 2037 1828 2852 1886">
     <span class='ocr_line' id='line_1_48' title="bbox 2037 1828 2852 1886; baseline 0.001 -2"><span class='ocrx_word' id='word_1_315' title='bbox 2037 1830 2326 1885; x_wconf 76' lang='lat' dir='ltr'><strong>anxietatis</strong></span> <span class='ocrx_word' id='word_1_316' title='bbox 2356 1831 2570 1886; x_wconf 90' lang='lat' dir='ltr'><strong>vincula</strong></span> <span class='ocrx_word' id='word_1_317' title='bbox 2597 1828 2852 1886; x_wconf 66' lang='lat' dir='ltr'><strong>solvam.‘</strong></span> 
     </span>
    </p>
   </div>
   <div class='ocr_carea' id='block_1_49' title="bbox 2112 2007 3633 2079">
    <p class='ocr_par' dir='ltr' id='par_1_49' title="bbox 2112 2007 3633 2079">
     <span class='ocr_line' id='line_1_49' title="bbox 2112 2007 3633 2079; baseline 0.001 -17"><span class='ocrx_word' id='word_1_318' title='bbox 2112 2007 2389 2079; x_wconf 82' lang='lat' dir='ltr'><strong>Ejusdem.</strong></span> <span class='ocrx_word' id='word_1_319' title='bbox 2421 2009 2620 2065; x_wconf 72' lang='lat' dir='ltr'><strong>Gratia:</strong></span> <span class='ocrx_word' id='word_1_320' title='bbox 2652 2011 2849 2066; x_wconf 74' lang='lat' dir='ltr'><strong>divinae</strong></span> <span class='ocrx_word' id='word_1_321' title='bbox 2879 2011 3140 2066; x_wconf 78' lang='lat' dir='ltr'><strong>salutatio</strong></span> <span class='ocrx_word' id='word_1_322' title='bbox 3175 2020 3282 2076; x_wconf 88' lang='lat' dir='ltr'><strong>est,</strong></span> <span class='ocrx_word' id='word_1_323' title='bbox 3312 2026 3419 2066; x_wconf 91' lang='lat' dir='ltr'><strong>non</strong></span> <span class='ocrx_word' id='word_1_324' title='bbox 3447 2018 3633 2065; x_wconf 87' lang='lat' dir='ltr'><strong>autem</strong></span> 
     </span>
    </p>
   </div>
   <div class='ocr_carea' id='block_1_50' title="bbox 2041 2101 3634 2174">
    <p class='ocr_par' dir='ltr' id='par_1_50' title="bbox 2041 2101 3634 2174">
     <span class='ocr_line' id='line_1_50' title="bbox 2041 2101 3634 2174; baseline 0.001 -20"><span class='ocrx_word' id='word_1_325' title='bbox 2041 2109 2247 2156; x_wconf 63' lang='lat' dir='ltr'><strong>natura;</strong></span> <span class='ocrx_word' id='word_1_326' title='bbox 2301 2101 2666 2172; x_wconf 86' lang='lat' dir='ltr'><strong>obsequium;</strong></span> <span class='ocrx_word' id='word_1_327' title='bbox 2731 2103 2918 2174; x_wconf 74' lang='lat' dir='ltr'><strong>gratia:</strong></span> <span class='ocrx_word' id='word_1_328' title='bbox 2949 2103 3168 2168; x_wconf 72' lang='lat' dir='ltr'><strong>divinae,</strong></span> <span class='ocrx_word' id='word_1_329' title='bbox 3211 2118 3323 2157; x_wconf 90' lang='lat' dir='ltr'><strong>non</strong></span> <span class='ocrx_word' id='word_1_330' title='bbox 3377 2104 3634 2157; x_wconf 67' lang='lat' dir='ltr'><strong>humanae</strong></span> 
     </span>
    </p>
   </div>
   <div class='ocr_carea' id='block_1_51' title="bbox 2041 2194 3629 2266">
    <p class='ocr_par' dir='ltr' id='par_1_51' title="bbox 2041 2194 3629 2266">
     <span class='ocr_line' id='line_1_51' title="bbox 2041 2194 3629 2266; baseline 0 -18"><span class='ocrx_word' id='word_1_331' title='bbox 2041 2194 2251 2250; x_wconf 85' lang='lat' dir='ltr'><strong>fraudis</strong></span> <span class='ocrx_word' id='word_1_332' title='bbox 2283 2212 2298 2262; x_wconf 91' lang='lat'><strong>;</strong></span> <span class='ocrx_word' id='word_1_333' title='bbox 2332 2195 2522 2265; x_wconf 71' lang='lat' dir='ltr'><strong>gratia:</strong></span> <span class='ocrx_word' id='word_1_334' title='bbox 2560 2196 2866 2250; x_wconf 90' lang='lat' dir='ltr'><strong>humanum</strong></span> <span class='ocrx_word' id='word_1_335' title='bbox 2922 2196 3258 2252; x_wconf 89' lang='lat' dir='ltr'><strong>intellectum</strong></span> <span class='ocrx_word' id='word_1_336' title='bbox 3293 2195 3629 2266; x_wconf 87' lang='lat' dir='ltr'><strong>superantis.</strong></span> 
     </span>
    </p>
   </div>
   <div class='ocr_carea' id='block_1_52' title="bbox 2043 2284 3632 2356">
    <p class='ocr_par' dir='ltr' id='par_1_52' title="bbox 2043 2284 3632 2356">
     <span class='ocr_line' id='line_1_52' title="bbox 2043 2284 3632 2356; baseline -0.001 -15"><span class='ocrx_word' id='word_1_337' title='bbox 2043 2286 2147 2341; x_wconf 88' lang='lat' dir='ltr'><strong>Sed</strong></span> <span class='ocrx_word' id='word_1_338' title='bbox 2172 2301 2298 2340; x_wconf 90' lang='lat' dir='ltr'><strong>cum</strong></span> <span class='ocrx_word' id='word_1_339' title='bbox 2330 2286 2562 2356; x_wconf 83' lang='lat' dir='ltr'><strong>gratiam</strong></span> <span class='ocrx_word' id='word_1_340' title='bbox 2588 2287 2852 2352; x_wconf 70' lang='lat' dir='ltr'><strong>audieris,</strong></span> <span class='ocrx_word' id='word_1_341' title='bbox 2886 2302 2920 2341; x_wconf 90' lang='grc' dir='ltr'>ο</span> <span class='ocrx_word' id='word_1_342' title='bbox 2956 2288 3142 2352; x_wconf 82' lang='grc' dir='ltr'>Ιιοιηο,</span> <span class='ocrx_word' id='word_1_343' title='bbox 3178 2302 3246 2340; x_wconf 92' lang='lat' dir='ltr'><strong>ne</strong></span> <span class='ocrx_word' id='word_1_344' title='bbox 3271 2285 3476 2340; x_wconf 78' lang='lat' dir='ltr'><strong>frustra</strong></span> <span class='ocrx_word' id='word_1_345' title='bbox 3510 2284 3632 2339; x_wconf 81' lang='lat' dir='ltr'><strong>Vir-</strong></span> 
     </span>
    </p>
   </div>
   <div class='ocr_carea' id='block_1_53' title="bbox 2041 2379 3636 2451">
    <p class='ocr_par' dir='ltr' id='par_1_53' title="bbox 2041 2379 3636 2451">
     <span class='ocr_line' id='line_1_53' title="bbox 2041 2379 3636 2451; baseline 0 -17"><span class='ocrx_word' id='word_1_346' title='bbox 2041 2381 2150 2450; x_wconf 84' lang='lat' dir='ltr'><strong>gini</strong></span> <span class='ocrx_word' id='word_1_347' title='bbox 2179 2379 2412 2451; x_wconf 76' lang='lat' dir='ltr'><strong>gratiam</strong></span> <span class='ocrx_word' id='word_1_348' title='bbox 2448 2381 2592 2435; x_wconf 91' lang='lat' dir='ltr'><strong>hane</strong></span> <span class='ocrx_word' id='word_1_349' title='bbox 2624 2380 2924 2450; x_wconf 75' lang='lat' dir='ltr'><strong>praestitam</strong></span> <span class='ocrx_word' id='word_1_350' title='bbox 2947 2395 3068 2434; x_wconf 83' lang='lat' dir='ltr'><strong>esse</strong></span> <span class='ocrx_word' id='word_1_351' title='bbox 3095 2379 3421 2446; x_wconf 75' lang='lat' dir='ltr'><strong>arbitreris;</strong></span> <span class='ocrx_word' id='word_1_352' title='bbox 3456 2393 3636 2448; x_wconf 87' lang='lat' dir='ltr'><strong>neque</strong></span> 
     </span>
    </p>
   </div>
   <div class='ocr_carea' id='block_1_54' title="bbox 2041 2469 3626 2526">
    <p class='ocr_par' dir='ltr' id='par_1_54' title="bbox 2041 2469 3626 2526">
     <span class='ocr_line' id='line_1_54' title="bbox 2041 2469 3626 2526; baseline -0.002 0"><span class='ocrx_word' id='word_1_353' title='bbox 2041 2471 2425 2526; x_wconf 84' lang='lat' dir='ltr'><strong>liberalitatem</strong></span> <span class='ocrx_word' id='word_1_354' title='bbox 2483 2469 2647 2526; x_wconf 86' lang='lat' dir='ltr'><strong>inane</strong></span> <span class='ocrx_word' id='word_1_355' title='bbox 2687 2472 2891 2525; x_wconf 90' lang='lat' dir='ltr'><strong>donum</strong></span> <span class='ocrx_word' id='word_1_356' title='bbox 2941 2485 3190 2525; x_wconf 85' lang='lat' dir='ltr'><strong>censeas.</strong></span> <span class='ocrx_word' id='word_1_357' title='bbox 3231 2469 3448 2525; x_wconf 88' lang='lat' dir='ltr'><strong>Invenit</strong></span> <span class='ocrx_word' id='word_1_358' title='bbox 3477 2469 3626 2524; x_wconf 89' lang='lat' dir='ltr'><strong>enim</strong></span> 
     </span>
    </p>
   </div>
   <div class='ocr_carea' id='block_1_55' title="bbox 2042 2562 3636 2636">
    <p class='ocr_par' dir='ltr' id='par_1_55' title="bbox 2042 2562 3636 2636">
     <span class='ocr_line' id='line_1_55' title="bbox 2042 2562 3636 2636; baseline -0.001 -18"><span class='ocrx_word' id='word_1_359' title='bbox 2042 2566 2273 2635; x_wconf 85' lang='lat' dir='ltr'><strong>gratiam</strong></span> <span class='ocrx_word' id='word_1_360' title='bbox 2315 2563 2481 2636; x_wconf 79' lang='lat' dir='ltr'><strong>Virgo</strong></span> <span class='ocrx_word' id='word_1_361' title='bbox 2510 2564 2651 2635; x_wconf 88' lang='lat' dir='ltr'><strong>apud</strong></span> <span class='ocrx_word' id='word_1_362' title='bbox 2712 2562 2880 2618; x_wconf 86' lang='lat' dir='ltr'><strong>Deum</strong></span> <span class='ocrx_word' id='word_1_363' title='bbox 2916 2583 2930 2632; x_wconf 92' lang='lat'><strong>;</strong></span> <span class='ocrx_word' id='word_1_364' title='bbox 2975 2563 3119 2634; x_wconf 89' lang='lat' dir='ltr'><strong>quod</strong></span> <span class='ocrx_word' id='word_1_365' title='bbox 3187 2578 3247 2619; x_wconf 89' lang='lat' dir='ltr'><strong>se</strong></span> <span class='ocrx_word' id='word_1_366' title='bbox 3269 2563 3488 2633; x_wconf 80' lang='lat' dir='ltr'><strong>dignam</strong></span> <span class='ocrx_word' id='word_1_367' title='bbox 3523 2562 3636 2617; x_wconf 87' lang='lat' dir='ltr'><strong>Deo</strong></span> 
     </span>
    </p>
   </div>
   <div class='ocr_carea' id='block_1_56' title="bbox 2043 2654 3635 2728">
    <p class='ocr_par' dir='ltr' id='par_1_56' title="bbox 2043 2654 3635 2728">
     <span class='ocr_line' id='line_1_56' title="bbox 2043 2654 3635 2728; baseline -0.003 -16"><span class='ocrx_word' id='word_1_368' title='bbox 2043 2658 2424 2728; x_wconf 88' lang='lat' dir='ltr'><strong>comparavit;</strong></span> <span class='ocrx_word' id='word_1_369' title='bbox 2460 2657 2609 2728; x_wconf 91' lang='lat' dir='ltr'><strong>quod</strong></span> <span class='ocrx_word' id='word_1_370' title='bbox 2649 2657 2924 2711; x_wconf 88' lang='lat' dir='ltr'><strong>castitatis</strong></span> <span class='ocrx_word' id='word_1_371' title='bbox 2951 2655 3363 2726; x_wconf 90' lang='lat' dir='ltr'><strong>pulchritudine</strong></span> <span class='ocrx_word' id='word_1_372' title='bbox 3389 2654 3635 2708; x_wconf 88' lang='lat' dir='ltr'><strong>animam</strong></span> 
     </span>
    </p>
   </div>
   <div class='ocr_carea' id='block_1_57' title="bbox 2044 2743 3638 2817">
    <p class='ocr_par' dir='ltr' id='par_1_57' title="bbox 2044 2743 3638 2817">
     <span class='ocr_line' id='line_1_57' title="bbox 2044 2743 3638 2817; baseline -0.001 -17"><span class='ocrx_word' id='word_1_373' title='bbox 2044 2761 2200 2801; x_wconf 91' lang='lat' dir='ltr'><strong>suam</strong></span> <span class='ocrx_word' id='word_1_374' title='bbox 2231 2761 2528 2813; x_wconf 85' lang='lat' dir='ltr'><strong>exornans,</strong></span> <span class='ocrx_word' id='word_1_375' title='bbox 2550 2746 2774 2817; x_wconf 88' lang='lat' dir='ltr'><strong>dignum</strong></span> <span class='ocrx_word' id='word_1_376' title='bbox 2800 2746 3174 2799; x_wconf 88' lang='lat' dir='ltr'><strong>habitaculum</strong></span> <span class='ocrx_word' id='word_1_377' title='bbox 3199 2756 3371 2800; x_wconf 91' lang='lat' dir='ltr'><strong>semet</strong></span> <span class='ocrx_word' id='word_1_378' title='bbox 3401 2745 3450 2798; x_wconf 93' lang='lat' dir='ltr'><strong>ei</strong></span> <span class='ocrx_word' id='word_1_379' title='bbox 3475 2743 3638 2813; x_wconf 80' lang='lat' dir='ltr'><strong>cujus</strong></span> 
     </span>
    </p>
   </div>
   <div class='ocr_carea' id='block_1_58' title="bbox 2045 2834 3641 2905">
    <p class='ocr_par' dir='ltr' id='par_1_58' title="bbox 2045 2834 3641 2905">
     <span class='ocr_line' id='line_1_58' title="bbox 2045 2834 3641 2905; baseline -0.003 -15"><span class='ocrx_word' id='word_1_380' title='bbox 2045 2838 2212 2892; x_wconf 88' lang='lat' dir='ltr'><strong>verbo</strong></span> <span class='ocrx_word' id='word_1_381' title='bbox 2276 2837 2397 2892; x_wconf 80' lang='lat' dir='ltr'><strong>coeli</strong></span> <span class='ocrx_word' id='word_1_382' title='bbox 2425 2835 2623 2890; x_wconf 93' lang='lat' dir='ltr'><strong>ﬁrmati</strong></span> <span class='ocrx_word' id='word_1_383' title='bbox 2680 2844 2812 2892; x_wconf 90' lang='lat' dir='ltr'><strong>sunt</strong></span> <span class='ocrx_word' id='word_1_384' title='bbox 2856 2834 3176 2902; x_wconf 86' lang='lat' dir='ltr'><strong>disposuit;</strong></span> <span class='ocrx_word' id='word_1_385' title='bbox 3217 2835 3363 2905; x_wconf 87' lang='lat' dir='ltr'><strong>quod</strong></span> <span class='ocrx_word' id='word_1_386' title='bbox 3397 2848 3508 2889; x_wconf 93' lang='lat' dir='ltr'><strong>non</strong></span> <span class='ocrx_word' id='word_1_387' title='bbox 3551 2849 3641 2890; x_wconf 88' lang='lat' dir='ltr'><strong>so-</strong></span> 
     </span>
    </p>
   </div>
   <div class='ocr_carea' id='block_1_59' title="bbox 2045 2929 3640 3004">
    <p class='ocr_par' dir='ltr' id='par_1_59' title="bbox 2045 2929 3640 3004">
     <span class='ocr_line' id='line_1_59' title="bbox 2045 2929 3640 3004; baseline -0.004 -19"><span class='ocrx_word' id='word_1_388' title='bbox 2045 2933 2158 2986; x_wconf 91' lang='lat' dir='ltr'><strong>lum</strong></span> <span class='ocrx_word' id='word_1_389' title='bbox 2198 2932 2570 3004; x_wconf 87' lang='lat' dir='ltr'><strong>virginitatem</strong></span> <span class='ocrx_word' id='word_1_390' title='bbox 2609 2930 2927 2986; x_wconf 88' lang='lat' dir='ltr'><strong>inviolatam</strong></span> <span class='ocrx_word' id='word_1_391' title='bbox 2959 2931 3222 2996; x_wconf 88' lang='lat' dir='ltr'><strong>servavit,</strong></span> <span class='ocrx_word' id='word_1_392' title='bbox 3257 2929 3354 2985; x_wconf 88' lang='lat' dir='ltr'><strong>sed</strong></span> <span class='ocrx_word' id='word_1_393' title='bbox 3381 2930 3640 2984; x_wconf 77' lang='lat' dir='ltr'><strong>volunta-</strong></span> 
     </span>
    </p>
   </div>
   <div class='ocr_carea' id='block_1_60' title="bbox 2049 3021 3641 3094">
    <p class='ocr_par' dir='ltr' id='par_1_60' title="bbox 2049 3021 3641 3094">
     <span class='ocr_line' id='line_1_60' title="bbox 2049 3021 3641 3094; baseline -0.003 -12"><span class='ocrx_word' id='word_1_394' title='bbox 2049 3035 2213 3082; x_wconf 90' lang='lat' dir='ltr'><strong>tatem</strong></span> <span class='ocrx_word' id='word_1_395' title='bbox 2244 3025 2787 3094; x_wconf 87' lang='lat' dir='ltr'><strong>irreprehensibilem</strong></span> <span class='ocrx_word' id='word_1_396' title='bbox 2826 3023 3163 3089; x_wconf 87' lang='lat' dir='ltr'><strong>custodivit;</strong></span> <span class='ocrx_word' id='word_1_397' title='bbox 3198 3023 3344 3093; x_wconf 84' lang='lat' dir='ltr'><strong>quod</strong></span> <span class='ocrx_word' id='word_1_398' title='bbox 3392 3037 3424 3076; x_wconf 91' lang='lat' dir='ltr'><strong>e</strong></span> <span class='ocrx_word' id='word_1_399' title='bbox 3452 3021 3641 3094; x_wconf 85' lang='lat' dir='ltr'><strong>pueris</strong></span> 
     </span>
    </p>
   </div>
   <div class='ocr_carea' id='block_1_61' title="bbox 342 3113 1939 3197">
    <p class='ocr_par' dir='ltr' id='par_1_61' title="bbox 342 3113 1939 3189">
     <span class='ocr_line' id='line_1_61' title="bbox 342 3113 1939 3189; baseline 0.003 -21"><span class='ocrx_word' id='word_1_400' title='bbox 342 3113 653 3184; x_wconf 76' lang='grc' dir='ltr'>ἀμόλυντον</span> <span class='ocrx_word' id='word_1_401' title='bbox 714 3118 1083 3188; x_wconf 87' lang='grc' dir='ltr'>συνετήρησεν</span> <span class='ocrx_word' id='word_1_402' title='bbox 1119 3131 1135 3147; x_wconf 83' lang='grc'><em>’</em></span> <span class='ocrx_word' id='word_1_403' title='bbox 1209 3118 1292 3171; x_wconf 83' lang='grc' dir='ltr'>ὅτι</span> <span class='ocrx_word' id='word_1_404' title='bbox 1363 3119 1428 3170; x_wconf 86' lang='grc' dir='ltr'><strong>ἐκ</strong></span> <span class='ocrx_word' id='word_1_405' title='bbox 1503 3117 1737 3189; x_wconf 83' lang='grc' dir='ltr'>βρέφους</span> <span class='ocrx_word' id='word_1_406' title='bbox 1807 3121 1939 3174; x_wconf 88' lang='grc' dir='ltr'>καθ-</span> 
     </span>
    </p>
   </div>
   <div class='ocr_carea' id='block_1_62' title="bbox 2042 3113 3641 3197">
    <p class='ocr_par' dir='ltr' id='par_1_62' title="bbox 2051 3115 3641 3185">
     <span class='ocr_line' id='line_1_62' title="bbox 2051 3115 3641 3185; baseline 0 -15"><span class='ocrx_word' id='word_1_407' title='bbox 2051 3133 2080 3170; x_wconf 92' lang='lat' dir='ltr'><strong>a</strong></span> <span class='ocrx_word' id='word_1_408' title='bbox 2110 3117 2217 3172; x_wconf 91' lang='lat' dir='ltr'><strong>Deo</strong></span> <span class='ocrx_word' id='word_1_409' title='bbox 2249 3117 2588 3173; x_wconf 86' lang='lat' dir='ltr'><strong>sanctiﬁcata</strong></span> <span class='ocrx_word' id='word_1_410' title='bbox 2617 3126 2725 3182; x_wconf 91' lang='lat' dir='ltr'><strong>est,</strong></span> <span class='ocrx_word' id='word_1_411' title='bbox 2755 3115 3015 3185; x_wconf 87' lang='lat' dir='ltr'><strong>templum</strong></span> <span class='ocrx_word' id='word_1_412' title='bbox 3045 3116 3334 3184; x_wconf 87' lang='lat' dir='ltr'><strong>spirituale</strong></span> <span class='ocrx_word' id='word_1_413' title='bbox 3379 3131 3488 3170; x_wconf 92' lang='lat' dir='ltr'><strong>non</strong></span> <span class='ocrx_word' id='word_1_414' title='bbox 3522 3132 3641 3170; x_wconf 83' lang='lat' dir='ltr'><strong>ma-</strong></span> 
     </span>
    </p>
   </div>
   <div class='ocr_carea' id='block_1_63' title="bbox 342 3205 1945 3284">
    <p class='ocr_par' dir='ltr' id='par_1_63' title="bbox 342 3205 1945 3284">
     <span class='ocr_line' id='line_1_63' title="bbox 342 3205 1945 3284; baseline 0.006 -27"><span class='ocrx_word' id='word_1_415' title='bbox 342 3205 591 3277; x_wconf 85' lang='grc' dir='ltr'>ηγιάσθη</span> <span class='ocrx_word' id='word_1_416' title='bbox 619 3206 758 3276; x_wconf 82' lang='grc' dir='ltr'>Θεῷ,</span> <span class='ocrx_word' id='word_1_417' title='bbox 786 3209 938 3274; x_wconf 83' lang='grc' dir='ltr'>λαὸς</span> <span class='ocrx_word' id='word_1_418' title='bbox 967 3208 1208 3279; x_wconf 68' lang='grc' dir='ltr'>ἔμψυχος</span> <span class='ocrx_word' id='word_1_419' title='bbox 1232 3211 1326 3263; x_wconf 81' lang='grc' dir='ltr'><strong>καὶ</strong></span> <span class='ocrx_word' id='word_1_420' title='bbox 1358 3210 1654 3274; x_wconf 80' lang='grc' dir='ltr'>ἀλάξευτος</span> <span class='ocrx_word' id='word_1_421' title='bbox 1689 3213 1766 3284; x_wconf 86' lang='grc' dir='ltr'><strong>τῷ</strong></span> <span class='ocrx_word' id='word_1_422' title='bbox 1791 3212 1945 3283; x_wconf 87' lang='grc' dir='ltr'>βασι-</span> 
     </span>
    </p>
   </div>
   <div class='ocr_carea' id='block_1_64' title="bbox 342 3298 1942 3376">
    <p class='ocr_par' dir='ltr' id='par_1_64' title="bbox 342 3298 1942 3376">
     <span class='ocr_line' id='line_1_64' title="bbox 342 3298 1942 3376; baseline 0.005 -25"><span class='ocrx_word' id='word_1_423' title='bbox 342 3298 433 3351; x_wconf 81' lang='grc' dir='ltr'><strong>λεῖ</strong></span> <span class='ocrx_word' id='word_1_424' title='bbox 464 3299 562 3368; x_wconf 81' lang='grc' dir='ltr'><strong>τῆς</strong></span> <span class='ocrx_word' id='word_1_425' title='bbox 595 3298 752 3369; x_wconf 80' lang='grc' dir='ltr'>δόξης</span> <span class='ocrx_word' id='word_1_426' title='bbox 776 3300 1251 3372; x_wconf 81' lang='grc' dir='ltr'>οἰκοδομούμενος,</span> <span class='ocrx_word' id='word_1_427' title='bbox 1287 3302 1377 3357; x_wconf 82' lang='grc' dir='ltr'>διὰ</span> <span class='ocrx_word' id='word_1_428' title='bbox 1433 3301 1495 3356; x_wconf 82' lang='grc' dir='ltr'><strong>τὸ</strong></span> <span class='ocrx_word' id='word_1_429' title='bbox 1551 3303 1646 3357; x_wconf 79' lang='grc' dir='ltr'>τοῦ</span> <span class='ocrx_word' id='word_1_430' title='bbox 1683 3303 1942 3376; x_wconf 87' lang='grc' dir='ltr'>σώματος</span> 
     </span>
    </p>
   </div>
   <div class='ocr_carea' id='block_1_65' title="bbox 341 3390 1941 3467">
    <p class='ocr_par' dir='ltr' id='par_1_65' title="bbox 341 3390 1941 3467">
     <span class='ocr_line' id='line_1_65' title="bbox 341 3390 1941 3467; baseline 0.003 -24"><span class='ocrx_word' id='word_1_431' title='bbox 341 3390 719 3460; x_wconf 84' lang='grc' dir='ltr'>ἀκηλίδωτον·</span> <span class='ocrx_word' id='word_1_432' title='bbox 760 3390 849 3444; x_wconf 87' lang='grc' dir='ltr'><strong>διά</strong></span> <span class='ocrx_word' id='word_1_433' title='bbox 903 3391 962 3445; x_wconf 82' lang='grc' dir='ltr'><strong>τὸ</strong></span> <span class='ocrx_word' id='word_1_434' title='bbox 1007 3393 1106 3462; x_wconf 81' lang='grc' dir='ltr'>τῆς</span> <span class='ocrx_word' id='word_1_435' title='bbox 1159 3392 1460 3464; x_wconf 79' lang='grc' dir='ltr'>παρθενίας</span> <span class='ocrx_word' id='word_1_436' title='bbox 1493 3394 1896 3467; x_wconf 82' lang='grc' dir='ltr'>ὑπέρλαμπρον</span> <span class='ocrx_word' id='word_1_437' title='bbox 1925 3411 1941 3426; x_wconf 81' lang='lat'><strong><em>°</em></strong></span> 
     </span>
    </p>
   </div>
   <div class='ocr_carea' id='block_1_66' title="bbox 340 3481 1946 3558">
    <p class='ocr_par' dir='ltr' id='par_1_66' title="bbox 340 3481 1946 3558">
     <span class='ocr_line' id='line_1_66' title="bbox 340 3481 1946 3558; baseline 0.004 -24"><span class='ocrx_word' id='word_1_438' title='bbox 340 3481 436 3535; x_wconf 79' lang='grc' dir='ltr'>διὰ</span> <span class='ocrx_word' id='word_1_439' title='bbox 461 3482 521 3535; x_wconf 84' lang='grc' dir='ltr'><strong>τὸ</strong></span> <span class='ocrx_word' id='word_1_440' title='bbox 549 3483 649 3552; x_wconf 84' lang='grc' dir='ltr'>τῆς</span> <span class='ocrx_word' id='word_1_441' title='bbox 699 3483 921 3552; x_wconf 84' lang='grc' dir='ltr'>ἁγνείας</span> <span class='ocrx_word' id='word_1_442' title='bbox 959 3485 1260 3554; x_wconf 86' lang='grc' dir='ltr'>ἀμόλυντον</span> <span class='ocrx_word' id='word_1_443' title='bbox 1283 3499 1299 3516; x_wconf 76' lang='grc' dir='ltr'>ο</span> <span class='ocrx_word' id='word_1_444' title='bbox 1341 3486 1431 3540; x_wconf 89' lang='grc' dir='ltr'><strong>διά</strong></span> <span class='ocrx_word' id='word_1_445' title='bbox 1459 3488 1520 3539; x_wconf 82' lang='grc' dir='ltr'><strong>τὸ</strong></span> <span class='ocrx_word' id='word_1_446' title='bbox 1548 3486 1647 3557; x_wconf 82' lang='grc' dir='ltr'>τῆς</span> <span class='ocrx_word' id='word_1_447' title='bbox 1686 3487 1946 3558; x_wconf 81' lang='grc' dir='ltr'>προαιρέ-</span> 
     </span>
    </p>
   </div>
   <div class='ocr_carea' id='block_1_67' title="bbox 341 3576 1946 3653">
    <p class='ocr_par' dir='ltr' id='par_1_67' title="bbox 341 3576 1946 3653">
     <span class='ocr_line' id='line_1_67' title="bbox 341 3576 1946 3653; baseline 0.004 -25"><span class='ocrx_word' id='word_1_448' title='bbox 341 3593 493 3638; x_wconf 86' lang='grc' dir='ltr'>σεως</span> <span class='ocrx_word' id='word_1_449' title='bbox 524 3576 913 3648; x_wconf 83' lang='grc' dir='ltr'>καθαρώτατον</span> <span class='ocrx_word' id='word_1_450' title='bbox 937 3593 952 3608; x_wconf 86' lang='grc'><strong>·</strong></span> <span class='ocrx_word' id='word_1_451' title='bbox 981 3578 1066 3631; x_wconf 88' lang='grc' dir='ltr'>διὰ</span> <span class='ocrx_word' id='word_1_452' title='bbox 1085 3578 1260 3648; x_wconf 78' lang='grc' dir='ltr'>τὸτῆς</span> <span class='ocrx_word' id='word_1_453' title='bbox 1278 3577 1459 3649; x_wconf 81' lang='grc' dir='ltr'>ψυχῆς</span> <span class='ocrx_word' id='word_1_454' title='bbox 1489 3578 1626 3650; x_wconf 80' lang='grc' dir='ltr'>πρὸς</span> <span class='ocrx_word' id='word_1_455' title='bbox 1652 3579 1752 3653; x_wconf 84' lang='grc' dir='ltr'>τὴν</span> <span class='ocrx_word' id='word_1_456' title='bbox 1767 3582 1946 3653; x_wconf 88' lang='grc' dir='ltr'>ἁμαρ-</span> 
     </span>
    </p>
   </div>
   <div class='ocr_carea' id='block_1_68' title="bbox 337 3666 1774 3743">
    <p class='ocr_par' dir='ltr' id='par_1_68' title="bbox 337 3666 1774 3743">
     <span class='ocr_line' id='line_1_68' title="bbox 337 3666 1774 3743; baseline 0.008 -26"><span class='ocrx_word' id='word_1_457' title='bbox 337 3667 476 3718; x_wconf 81' lang='grc' dir='ltr'>τίαν</span> <span class='ocrx_word' id='word_1_458' title='bbox 509 3666 768 3736; x_wconf 76' lang='grc' dir='ltr'>ἀρρεπὲς,</span> <span class='ocrx_word' id='word_1_459' title='bbox 793 3667 1004 3721; x_wconf 77' lang='grc' dir='ltr'>καὶτοῦ</span> <span class='ocrx_word' id='word_1_460' title='bbox 1031 3669 1340 3740; x_wconf 87' lang='grc' dir='ltr'>κρείττονος</span> <span class='ocrx_word' id='word_1_461' title='bbox 1357 3671 1774 3743; x_wconf 87' lang='grc' dir='ltr'>ἀμετάπτωτον.</span> 
     </span>
    </p>
   </div>
   <div class='ocr_carea' id='block_1_69' title="bbox 418 3758 1939 3836">
    <p class='ocr_par' dir='ltr' id='par_1_69' title="bbox 418 3758 1939 3836">
     <span class='ocr_line' id='line_1_69' title="bbox 418 3758 1939 3836; baseline 0.007 -26"><span class='ocrx_word' id='word_1_462' title='bbox 418 3758 672 3812; x_wconf 82' lang='grc' dir='ltr'>Φωτίου.</span> <span class='ocrx_word' id='word_1_463' title='bbox 720 3758 794 3812; x_wconf 82' lang='grc' dir='ltr'><strong>Τὸ</strong></span> <span class='ocrx_word' id='word_1_464' title='bbox 831 3758 1044 3830; x_wconf 83' lang='grc' dir='ltr'>μέλλον,</span> <span class='ocrx_word' id='word_1_465' title='bbox 1069 3759 1145 3824; x_wconf 86' lang='grc' dir='ltr'><strong>ὡς</strong></span> <span class='ocrx_word' id='word_1_466' title='bbox 1180 3761 1284 3834; x_wconf 72' lang='grc' dir='ltr'>ἤδη</span> <span class='ocrx_word' id='word_1_467' title='bbox 1316 3763 1492 3836; x_wconf 77' lang='grc' dir='ltr'>παρὸν</span> <span class='ocrx_word' id='word_1_468' title='bbox 1537 3764 1900 3834; x_wconf 84' lang='grc' dir='ltr'>ἀποφαίνεται</span> <span class='ocrx_word' id='word_1_469' title='bbox 1925 3781 1939 3797; x_wconf 74' lang='grc' dir='ltr'>ο</span> 
     </span>
    </p>
   </div>
   <div class='ocr_carea' id='block_1_70' title="bbox 342 3851 1938 3932">
    <p class='ocr_par' dir='ltr' id='par_1_70' title="bbox 342 3851 1938 3932">
     <span class='ocr_line' id='line_1_70' title="bbox 342 3851 1938 3932; baseline 0.004 -27"><span class='ocrx_word' id='word_1_470' title='bbox 342 3851 476 3906; x_wconf 81' lang='grc' dir='ltr'>ἀντὶ</span> <span class='ocrx_word' id='word_1_471' title='bbox 504 3853 612 3921; x_wconf 83' lang='grc' dir='ltr'><strong>γάρ</strong></span> <span class='ocrx_word' id='word_1_472' title='bbox 659 3851 776 3918; x_wconf 77' lang='grc' dir='ltr'>τοῦ,</span> <span class='ocrx_word' id='word_1_473' title='bbox 835 3853 1097 3919; x_wconf 79' lang='grc' dir='ltr'>ποιήσει,</span> <span class='ocrx_word' id='word_1_474' title='bbox 1132 3855 1297 3924; x_wconf 78' lang='grc' dir='ltr'>φησὶν</span> <span class='ocrx_word' id='word_1_475' title='bbox 1333 3856 1648 3926; x_wconf 79' lang='grc' dir='ltr'>ἐποίησεν,</span> <span class='ocrx_word' id='word_1_476' title='bbox 1705 3858 1782 3923; x_wconf 86' lang='grc' dir='ltr'>ὡς</span> <span class='ocrx_word' id='word_1_477' title='bbox 1838 3859 1938 3932; x_wconf 76' lang='grc' dir='ltr'>ἤδη</span> 
     </span>
    </p>
   </div>
   <div class='ocr_carea' id='block_1_71' title="bbox 344 3944 1941 4022">
    <p class='ocr_par' dir='ltr' id='par_1_71' title="bbox 344 3944 1941 4022">
     <span class='ocr_line' id='line_1_71' title="bbox 344 3944 1941 4022; baseline 0.004 -25"><span class='ocrx_word' id='word_1_478' title='bbox 344 3944 698 4015; x_wconf 80' lang='grc' dir='ltr'>κατορθωθέν</span> <span class='ocrx_word' id='word_1_479' title='bbox 729 3946 824 3999; x_wconf 80' lang='grc' dir='ltr'>καὶ</span> <span class='ocrx_word' id='word_1_480' title='bbox 841 3945 1136 4017; x_wconf 89' lang='grc' dir='ltr'>γενόμενον</span> <span class='ocrx_word' id='word_1_481' title='bbox 1174 3947 1276 4017; x_wconf 81' lang='grc' dir='ltr'>τῆς</span> <span class='ocrx_word' id='word_1_482' title='bbox 1308 3949 1500 4011; x_wconf 76' lang='grc' dir='ltr'>αὑτοῦ,</span> <span class='ocrx_word' id='word_1_483' title='bbox 1529 3951 1684 4020; x_wconf 78' lang='grc' dir='ltr'>φησὶ,</span> <span class='ocrx_word' id='word_1_484' title='bbox 1734 3953 1941 4022; x_wconf 79' lang='grc' dir='ltr'>χειρὸς,</span> 
     </span>
    </p>
   </div>
   <div class='ocr_carea' id='block_1_72' title="bbox 342 4033 1942 4106">
    <p class='ocr_par' dir='ltr' id='par_1_72' title="bbox 342 4033 1942 4106">
     <span class='ocr_line' id='line_1_72' title="bbox 342 4033 1942 4106; baseline 0.002 -18"><span class='ocrx_word' id='word_1_485' title='bbox 342 4035 452 4088; x_wconf 88' lang='grc' dir='ltr'><strong>οὑκ</strong></span> <span class='ocrx_word' id='word_1_486' title='bbox 476 4033 773 4105; x_wconf 84' lang='grc' dir='ltr'>ἀνθρώπου</span> <span class='ocrx_word' id='word_1_487' title='bbox 805 4035 868 4088; x_wconf 87' lang='grc' dir='ltr'><strong>τὸ</strong></span> <span class='ocrx_word' id='word_1_488' title='bbox 920 4034 1081 4106; x_wconf 78' lang='grc' dir='ltr'>ἔργον</span> <span class='ocrx_word' id='word_1_489' title='bbox 1104 4051 1118 4063; x_wconf 95' lang='grc'><strong>·</strong></span> <span class='ocrx_word' id='word_1_490' title='bbox 1161 4035 1449 4103; x_wconf 76' lang='grc' dir='ltr'>Ἐποίησε</span> <span class='ocrx_word' id='word_1_491' title='bbox 1487 4035 1728 4105; x_wconf 82' lang='grc' dir='ltr'>κράτος,</span> <span class='ocrx_word' id='word_1_492' title='bbox 1760 4038 1820 4090; x_wconf 86' lang='grc' dir='ltr'><strong>ού</strong></span> <span class='ocrx_word' id='word_1_493' title='bbox 1854 4037 1942 4091; x_wconf 74' lang='grc' dir='ltr'>διὰ</span> 
     </span>
    </p>
   </div>
   <div class='ocr_carea' id='block_1_73' title="bbox 341 4127 1944 4200">
    <p class='ocr_par' dir='ltr' id='par_1_73' title="bbox 341 4127 1944 4200">
     <span class='ocr_line' id='line_1_73' title="bbox 341 4127 1944 4200; baseline 0.001 -16"><span class='ocrx_word' id='word_1_494' title='bbox 341 4128 636 4192; x_wconf 88' lang='grc' dir='ltr'>Μωῦσέως</span> <span class='ocrx_word' id='word_1_495' title='bbox 669 4127 743 4200; x_wconf 78' lang='grc'><strong>(1)</strong></span> <span class='ocrx_word' id='word_1_496' title='bbox 771 4127 846 4192; x_wconf 85' lang='grc' dir='ltr'>ὡς</span> <span class='ocrx_word' id='word_1_497' title='bbox 869 4128 1038 4183; x_wconf 81' lang='grc' dir='ltr'>πάλαι</span> <span class='ocrx_word' id='word_1_498' title='bbox 1060 4129 1154 4181; x_wconf 72' lang='grc' dir='ltr'><strong>ἐπὶ</strong></span> <span class='ocrx_word' id='word_1_499' title='bbox 1180 4131 1309 4192; x_wconf 77' lang='grc' dir='ltr'>τοὺς</span> <span class='ocrx_word' id='word_1_500' title='bbox 1337 4129 1686 4198; x_wconf 76' lang='grc' dir='ltr'>Αἰγυπτίους·</span> <span class='ocrx_word' id='word_1_501' title='bbox 1713 4129 1836 4182; x_wconf 87' lang='grc' dir='ltr'><strong>οὐδέ</strong></span> <span class='ocrx_word' id='word_1_502' title='bbox 1856 4129 1944 4185; x_wconf 82' lang='grc' dir='ltr'>διὰ</span> 
     </span>
    </p>
   </div>
   <div class='ocr_carea' id='block_1_74' title="bbox 341 4221 1940 4293">
    <p class='ocr_par' dir='ltr' id='par_1_74' title="bbox 341 4221 1940 4293">
     <span class='ocr_line' id='line_1_74' title="bbox 341 4221 1940 4293; baseline 0 -18"><span class='ocrx_word' id='word_1_503' title='bbox 341 4221 532 4293; x_wconf 88' lang='grc' dir='ltr'><strong>Ἰησοῦ</strong></span> <span class='ocrx_word' id='word_1_504' title='bbox 560 4221 654 4275; x_wconf 82' lang='grc' dir='ltr'>τοῦ</span> <span class='ocrx_word' id='word_1_505' title='bbox 686 4223 867 4292; x_wconf 85' lang='grc' dir='ltr'>Ναυῆ,</span> <span class='ocrx_word' id='word_1_506' title='bbox 904 4222 980 4286; x_wconf 87' lang='grc' dir='ltr'>ὡς</span> <span class='ocrx_word' id='word_1_507' title='bbox 1035 4223 1156 4276; x_wconf 89' lang='grc' dir='ltr'>τότε</span> <span class='ocrx_word' id='word_1_508' title='bbox 1199 4221 1585 4293; x_wconf 83' lang='grc' dir='ltr'>Ἱεριχούντεια</span> <span class='ocrx_word' id='word_1_509' title='bbox 1635 4222 1791 4293; x_wconf 89' lang='grc' dir='ltr'>τείχη</span> <span class='ocrx_word' id='word_1_510' title='bbox 1838 4239 1940 4275; x_wconf 85' lang='grc' dir='ltr'>κα-</span> 
     </span>
    </p>
   </div>
   <div class='ocr_carea' id='block_1_75' title="bbox 340 4314 1939 4387">
    <p class='ocr_par' dir='ltr' id='par_1_75' title="bbox 340 4314 1939 4387">
     <span class='ocr_line' id='line_1_75' title="bbox 340 4314 1939 4387; baseline -0.001 -19"><span class='ocrx_word' id='word_1_511' title='bbox 340 4314 586 4369; x_wconf 86' lang='grc' dir='ltr'>τασείων</span> <span class='ocrx_word' id='word_1_512' title='bbox 618 4315 855 4387; x_wconf 82' lang='grc' dir='ltr'>περιόδῳ</span> <span class='ocrx_word' id='word_1_513' title='bbox 879 4315 1069 4386; x_wconf 80' lang='grc' dir='ltr'>ἱερέων</span> <span class='ocrx_word' id='word_1_514' title='bbox 1093 4315 1189 4369; x_wconf 70' lang='grc' dir='ltr'><strong>καὶ</strong></span> <span class='ocrx_word' id='word_1_515' title='bbox 1216 4315 1536 4384; x_wconf 83' lang='grc' dir='ltr'>σαλπίγγων</span> <span class='ocrx_word' id='word_1_516' title='bbox 1554 4316 1662 4387; x_wconf 71' lang='grc' dir='ltr'><strong>ἠχῇ</strong></span> <span class='ocrx_word' id='word_1_517' title='bbox 1686 4333 1698 4346; x_wconf 92' lang='grc'><strong>·</strong></span> <span class='ocrx_word' id='word_1_518' title='bbox 1723 4315 1846 4368; x_wconf 78' lang='grc' dir='ltr'>οὑδὲ</span> <span class='ocrx_word' id='word_1_519' title='bbox 1871 4315 1939 4368; x_wconf 84' lang='grc' dir='ltr'>δι’</span> 
     </span>
    </p>
   </div>
   <div class='ocr_carea' id='block_1_76' title="bbox 340 4405 1938 4477">
    <p class='ocr_par' dir='ltr' id='par_1_76' title="bbox 340 4405 1938 4477">
     <span class='ocr_line' id='line_1_76' title="bbox 340 4405 1938 4477; baseline -0.002 -16"><span class='ocrx_word' id='word_1_520' title='bbox 340 4407 612 4476; x_wconf 86' lang='grc' dir='ltr'>ἀγγέλου,</span> <span class='ocrx_word' id='word_1_521' title='bbox 636 4407 712 4470; x_wconf 85' lang='grc' dir='ltr'>ὡς</span> <span class='ocrx_word' id='word_1_522' title='bbox 742 4405 903 4477; x_wconf 83' lang='grc' dir='ltr'>ἡνίκα</span> <span class='ocrx_word' id='word_1_523' title='bbox 927 4406 1025 4470; x_wconf 82' lang='grc' dir='ltr'>τὰς</span> <span class='ocrx_word' id='word_1_524' title='bbox 1073 4406 1268 4460; x_wconf 77' lang='grc' dir='ltr'>ἑκατὸν</span> <span class='ocrx_word' id='word_1_525' title='bbox 1311 4407 1640 4476; x_wconf 77' lang='grc' dir='ltr'>ὀγδοήκοντα</span> <span class='ocrx_word' id='word_1_526' title='bbox 1666 4406 1826 4460; x_wconf 80' lang='grc' dir='ltr'>πέντε</span> <span class='ocrx_word' id='word_1_527' title='bbox 1855 4423 1938 4477; x_wconf 86' lang='grc' dir='ltr'>χι-</span> 
     </span>
    </p>
   </div>
   <div class='ocr_carea' id='block_1_77' title="bbox 2048 3206 3639 3280">
    <p class='ocr_par' dir='ltr' id='par_1_77' title="bbox 2048 3206 3639 3280">
     <span class='ocr_line' id='line_1_77' title="bbox 2048 3206 3639 3280; baseline 0 -18"><span class='ocrx_word' id='word_1_528' title='bbox 2048 3208 2334 3264; x_wconf 82' lang='lat' dir='ltr'><strong>nufactum</strong></span> <span class='ocrx_word' id='word_1_529' title='bbox 2365 3209 2481 3280; x_wconf 87' lang='lat' dir='ltr'><strong>regi</strong></span> <span class='ocrx_word' id='word_1_530' title='bbox 2526 3207 2712 3280; x_wconf 63' lang='lat' dir='ltr'><strong>gloria”:</strong></span> <span class='ocrx_word' id='word_1_531' title='bbox 2758 3206 3142 3274; x_wconf 85' lang='lat' dir='ltr'><strong>habitandum,</strong></span> <span class='ocrx_word' id='word_1_532' title='bbox 3181 3217 3405 3278; x_wconf 89' lang='lat' dir='ltr'><strong>propter</strong></span> <span class='ocrx_word' id='word_1_533' title='bbox 3433 3222 3639 3277; x_wconf 84' lang='lat' dir='ltr'><strong>corpo-</strong></span> 
     </span>
    </p>
   </div>
   <div class='ocr_carea' id='block_1_78' title="bbox 2048 3299 3642 3370">
    <p class='ocr_par' dir='ltr' id='par_1_78' title="bbox 2048 3299 3642 3370">
     <span class='ocr_line' id='line_1_78' title="bbox 2048 3299 3642 3370; baseline -0.001 -15"><span class='ocrx_word' id='word_1_534' title='bbox 2048 3301 2125 3356; x_wconf 91' lang='lat' dir='ltr'><strong>ris</strong></span> <span class='ocrx_word' id='word_1_535' title='bbox 2162 3301 2479 3370; x_wconf 87' lang='lat' dir='ltr'><strong>puritatem,</strong></span> <span class='ocrx_word' id='word_1_536' title='bbox 2537 3310 2760 3370; x_wconf 85' lang='lat' dir='ltr'><strong>propter</strong></span> <span class='ocrx_word' id='word_1_537' title='bbox 2800 3299 3135 3368; x_wconf 83' lang='lat' dir='ltr'><strong>virginitatis</strong></span> <span class='ocrx_word' id='word_1_538' title='bbox 3178 3299 3370 3365; x_wconf 80' lang='lat' dir='ltr'><strong>decus,</strong></span> <span class='ocrx_word' id='word_1_539' title='bbox 3413 3309 3642 3370; x_wconf 75' lang='lat' dir='ltr'><strong>propter</strong></span> 
     </span>
    </p>
   </div>
   <div class='ocr_carea' id='block_1_79' title="bbox 2047 3388 3641 3461">
    <p class='ocr_par' dir='ltr' id='par_1_79' title="bbox 2047 3388 3641 3461">
     <span class='ocr_line' id='line_1_79' title="bbox 2047 3388 3641 3461; baseline -0.003 -14"><span class='ocrx_word' id='word_1_540' title='bbox 2047 3392 2318 3448; x_wconf 86' lang='lat' dir='ltr'><strong>castitatis</strong></span> <span class='ocrx_word' id='word_1_541' title='bbox 2362 3391 2756 3461; x_wconf 84' lang='lat' dir='ltr'><strong>integritatem,</strong></span> <span class='ocrx_word' id='word_1_542' title='bbox 2813 3397 3037 3459; x_wconf 84' lang='lat' dir='ltr'><strong>propter</strong></span> <span class='ocrx_word' id='word_1_543' title='bbox 3079 3388 3378 3444; x_wconf 87' lang='lat' dir='ltr'><strong>voluntatis</strong></span> <span class='ocrx_word' id='word_1_544' title='bbox 3414 3388 3641 3444; x_wconf 86' lang='lat' dir='ltr'><strong>mundi-</strong></span> 
     </span>
    </p>
   </div>
   <div class='ocr_carea' id='block_1_80' title="bbox 2049 3481 3641 3555">
    <p class='ocr_par' dir='ltr' id='par_1_80' title="bbox 2049 3481 3641 3555">
     <span class='ocr_line' id='line_1_80' title="bbox 2049 3481 3641 3555; baseline -0.003 -16"><span class='ocrx_word' id='word_1_545' title='bbox 2049 3485 2199 3552; x_wconf 88' lang='lat' dir='ltr'><strong>tiam,</strong></span> <span class='ocrx_word' id='word_1_546' title='bbox 2235 3494 2460 3555; x_wconf 89' lang='lat' dir='ltr'><strong>propter</strong></span> <span class='ocrx_word' id='word_1_547' title='bbox 2485 3483 2679 3538; x_wconf 82' lang='lat' dir='ltr'><strong>animae</strong></span> <span class='ocrx_word' id='word_1_548' title='bbox 2724 3490 2914 3538; x_wconf 87' lang='lat' dir='ltr'><strong>contra</strong></span> <span class='ocrx_word' id='word_1_549' title='bbox 2960 3493 3247 3552; x_wconf 86' lang='lat' dir='ltr'><strong>peccatum</strong></span> <span class='ocrx_word' id='word_1_550' title='bbox 3296 3481 3641 3548; x_wconf 88' lang='lat' dir='ltr'><strong>ﬁrmitatem,</strong></span> 
     </span>
    </p>
   </div>
   <div class='ocr_carea' id='block_1_81' title="bbox 2047 3577 2777 3633">
    <p class='ocr_par' dir='ltr' id='par_1_81' title="bbox 2047 3577 2777 3633">
     <span class='ocr_line' id='line_1_81' title="bbox 2047 3577 2777 3633; baseline -0.001 0"><span class='ocrx_word' id='word_1_551' title='bbox 2047 3588 2099 3633; x_wconf 80' lang='lat' dir='ltr'><strong>et</strong></span> <span class='ocrx_word' id='word_1_552' title='bbox 2127 3578 2181 3632; x_wconf 93' lang='lat' dir='ltr'><strong>in</strong></span> <span class='ocrx_word' id='word_1_553' title='bbox 2213 3578 2358 3633; x_wconf 90' lang='lat' dir='ltr'><strong>bono</strong></span> <span class='ocrx_word' id='word_1_554' title='bbox 2386 3577 2777 3632; x_wconf 89' lang='lat' dir='ltr'><strong>constantiam.</strong></span> 
     </span>
    </p>
   </div>
   <div class='ocr_carea' id='block_1_82' title="bbox 2116 3668 3641 3740">
    <p class='ocr_par' dir='ltr' id='par_1_82' title="bbox 2116 3668 3641 3740">
     <span class='ocr_line' id='line_1_82' title="bbox 2116 3668 3641 3740; baseline -0.002 -16"><span class='ocrx_word' id='word_1_555' title='bbox 2116 3669 2282 3725; x_wconf 75' lang='lat' dir='ltr'><strong>Vens.</strong></span> <span class='ocrx_word' id='word_1_556' title='bbox 2317 3670 2408 3724; x_wconf 72' lang='lat'><strong>49.</strong></span> <span class='ocrx_word' id='word_1_557' title='bbox 2438 3670 2638 3724; x_wconf 80' lang='lat' dir='ltr'><strong>Photii.</strong></span> <span class='ocrx_word' id='word_1_558' title='bbox 2673 3668 2966 3738; x_wconf 89' lang='lat' dir='ltr'><strong>Futurum,</strong></span> <span class='ocrx_word' id='word_1_559' title='bbox 2995 3679 3054 3725; x_wconf 91' lang='lat' dir='ltr'><strong>ut</strong></span> <span class='ocrx_word' id='word_1_560' title='bbox 3105 3669 3216 3738; x_wconf 86' lang='lat' dir='ltr'><strong>jam</strong></span> <span class='ocrx_word' id='word_1_561' title='bbox 3268 3683 3510 3740; x_wconf 70' lang='lat' dir='ltr'><strong>praesens</strong></span> <span class='ocrx_word' id='word_1_562' title='bbox 3541 3682 3641 3737; x_wconf 63' lang='lat' dir='ltr'><strong>apo</strong></span> 
     </span>
    </p>
   </div>
   <div class='ocr_carea' id='block_1_83' title="bbox 2046 3760 3640 3837">
    <p class='ocr_par' dir='ltr' id='par_1_83' title="bbox 2046 3760 3640 3837">
     <span class='ocr_line' id='line_1_83' title="bbox 2046 3760 3640 3837; baseline -0.002 -18"><span class='ocrx_word' id='word_1_563' title='bbox 2046 3774 2220 3835; x_wconf 82' lang='lat' dir='ltr'><strong>paret.</strong></span> <span class='ocrx_word' id='word_1_564' title='bbox 2252 3762 2390 3819; x_wconf 88' lang='lat' dir='ltr'><strong>Nam</strong></span> <span class='ocrx_word' id='word_1_565' title='bbox 2440 3781 2540 3837; x_wconf 87' lang='lat' dir='ltr'><strong>pro</strong></span> <span class='ocrx_word' id='word_1_566' title='bbox 2596 3766 2780 3833; x_wconf 76' lang='lat' dir='ltr'><strong>faciet,</strong></span> <span class='ocrx_word' id='word_1_567' title='bbox 2807 3766 2960 3833; x_wconf 87' lang='lat' dir='ltr'><strong>dicit,</strong></span> <span class='ocrx_word' id='word_1_568' title='bbox 2997 3765 3141 3836; x_wconf 75' lang='lat' dir='ltr'><strong>fecit,</strong></span> <span class='ocrx_word' id='word_1_569' title='bbox 3201 3763 3362 3834; x_wconf 88' lang='lat' dir='ltr'><strong>quasi</strong></span> <span class='ocrx_word' id='word_1_570' title='bbox 3387 3761 3503 3830; x_wconf 87' lang='lat' dir='ltr'><strong>jam</strong></span> <span class='ocrx_word' id='word_1_571' title='bbox 3552 3760 3640 3816; x_wconf 85' lang='lat' dir='ltr'><strong>fa-</strong></span> 
     </span>
    </p>
   </div>
   <div class='ocr_carea' id='block_1_84' title="bbox 2045 3856 3636 3929">
    <p class='ocr_par' dir='ltr' id='par_1_84' title="bbox 2045 3856 3636 3929">
     <span class='ocr_line' id='line_1_84' title="bbox 2045 3856 3636 3929; baseline -0.003 -16"><span class='ocrx_word' id='word_1_572' title='bbox 2045 3866 2197 3913; x_wconf 87' lang='lat' dir='ltr'><strong>ctum</strong></span> <span class='ocrx_word' id='word_1_573' title='bbox 2233 3865 2288 3914; x_wconf 88' lang='lat' dir='ltr'><strong>et</strong></span> <span class='ocrx_word' id='word_1_574' title='bbox 2316 3857 2619 3928; x_wconf 81' lang='lat' dir='ltr'><strong>perfectum</strong></span> <span class='ocrx_word' id='word_1_575' title='bbox 2652 3873 2847 3914; x_wconf 90' lang='lat' dir='ltr'><strong>manus</strong></span> <span class='ocrx_word' id='word_1_576' title='bbox 2865 3859 3007 3929; x_wconf 88' lang='lat' dir='ltr'><strong>ejus,</strong></span> <span class='ocrx_word' id='word_1_577' title='bbox 3040 3872 3146 3913; x_wconf 93' lang='lat' dir='ltr'><strong>non</strong></span> <span class='ocrx_word' id='word_1_578' title='bbox 3176 3856 3419 3911; x_wconf 91' lang='lat' dir='ltr'><strong>hominis</strong></span> <span class='ocrx_word' id='word_1_579' title='bbox 3472 3869 3636 3925; x_wconf 88' lang='lat' dir='ltr'><strong>opus.</strong></span> 
     </span>
    </p>
   </div>
   <div class='ocr_carea' id='block_1_85' title="bbox 2052 3947 3642 4023">
    <p class='ocr_par' dir='ltr' id='par_1_85' title="bbox 2052 3947 3642 4023">
     <span class='ocr_line' id='line_1_85' title="bbox 2052 3947 3642 4023; baseline 0.003 -21"><span class='ocrx_word' id='word_1_580' title='bbox 2052 3947 2198 4004; x_wconf 78' lang='lat' dir='ltr'><strong>Fecit</strong></span> <span class='ocrx_word' id='word_1_581' title='bbox 2227 3951 2539 4020; x_wconf 76' lang='lat' dir='ltr'><strong>potentiam,</strong></span> <span class='ocrx_word' id='word_1_582' title='bbox 2590 3967 2700 4006; x_wconf 91' lang='lat' dir='ltr'><strong>non</strong></span> <span class='ocrx_word' id='word_1_583' title='bbox 2749 3967 2846 4022; x_wconf 89' lang='lat' dir='ltr'><strong>per</strong></span> <span class='ocrx_word' id='word_1_584' title='bbox 2876 3952 3094 4023; x_wconf 83' lang='lat' dir='ltr'><strong>Moysen</strong></span> <span class='ocrx_word' id='word_1_585' title='bbox 3130 3961 3188 4006; x_wconf 88' lang='lat' dir='ltr'><strong>ut</strong></span> <span class='ocrx_word' id='word_1_586' title='bbox 3221 3951 3351 4005; x_wconf 89' lang='lat' dir='ltr'><strong>olim</strong></span> <span class='ocrx_word' id='word_1_587' title='bbox 3387 3949 3442 4004; x_wconf 89' lang='lat' dir='ltr'><strong>in</strong></span> <span class='ocrx_word' id='word_1_588' title='bbox 3471 3948 3642 4020; x_wconf 65' lang='lat' dir='ltr'><strong>Egy-</strong></span> 
     </span>
    </p>
   </div>
   <div class='ocr_carea' id='block_1_86' title="bbox 2045 4039 3638 4116">
    <p class='ocr_par' dir='ltr' id='par_1_86' title="bbox 2045 4039 3638 4116">
     <span class='ocr_line' id='line_1_86' title="bbox 2045 4039 3638 4116; baseline -0.004 -15"><span class='ocrx_word' id='word_1_589' title='bbox 2045 4047 2214 4116; x_wconf 88' lang='lat' dir='ltr'><strong>ptios;</strong></span> <span class='ocrx_word' id='word_1_590' title='bbox 2248 4060 2428 4116; x_wconf 88' lang='lat' dir='ltr'><strong>neque</strong></span> <span class='ocrx_word' id='word_1_591' title='bbox 2465 4060 2560 4114; x_wconf 91' lang='lat' dir='ltr'><strong>per</strong></span> <span class='ocrx_word' id='word_1_592' title='bbox 2581 4043 2712 4100; x_wconf 87' lang='lat' dir='ltr'><strong>Jesu</strong></span> <span class='ocrx_word' id='word_1_593' title='bbox 2763 4045 2934 4099; x_wconf 90' lang='lat' dir='ltr'><strong>ﬁlium</strong></span> <span class='ocrx_word' id='word_1_594' title='bbox 2961 4043 3128 4109; x_wconf 85' lang='lat' dir='ltr'><strong>Nave,</strong></span> <span class='ocrx_word' id='word_1_595' title='bbox 3161 4052 3221 4097; x_wconf 87' lang='lat' dir='ltr'><strong>ut</strong></span> <span class='ocrx_word' id='word_1_596' title='bbox 3256 4054 3385 4097; x_wconf 90' lang='lat' dir='ltr'><strong>tunc</strong></span> <span class='ocrx_word' id='word_1_597' title='bbox 3412 4039 3638 4097; x_wconf 85' lang='lat' dir='ltr'><strong>Jericho</strong></span> 
     </span>
    </p>
   </div>
   <div class='ocr_carea' id='block_1_87' title="bbox 2045 4131 3642 4206">
    <p class='ocr_par' dir='ltr' id='par_1_87' title="bbox 2045 4131 3642 4206">
     <span class='ocr_line' id='line_1_87' title="bbox 2045 4131 3642 4206; baseline -0.003 -14"><span class='ocrx_word' id='word_1_598' title='bbox 2045 4138 2250 4194; x_wconf 74' lang='lat' dir='ltr'><strong>mtenia</strong></span> <span class='ocrx_word' id='word_1_599' title='bbox 2294 4131 2593 4193; x_wconf 72' lang='lat' dir='ltr'><strong>‘excuticns</strong></span> <span class='ocrx_word' id='word_1_600' title='bbox 2665 4152 2764 4206; x_wconf 86' lang='lat' dir='ltr'><strong>per</strong></span> <span class='ocrx_word' id='word_1_601' title='bbox 2818 4137 3171 4192; x_wconf 84' lang='lat' dir='ltr'><strong>sacerdotum</strong></span> <span class='ocrx_word' id='word_1_602' title='bbox 3224 4135 3520 4190; x_wconf 88' lang='lat' dir='ltr'><strong>circuitum</strong></span> <span class='ocrx_word' id='word_1_603' title='bbox 3583 4144 3642 4189; x_wconf 90' lang='lat' dir='ltr'><strong>et</strong></span> 
     </span>
    </p>
   </div>
   <div class='ocr_carea' id='block_1_88' title="bbox 2047 4223 3637 4297">
    <p class='ocr_par' dir='ltr' id='par_1_88' title="bbox 2047 4223 3637 4297">
     <span class='ocr_line' id='line_1_88' title="bbox 2047 4223 3637 4297; baseline -0.003 -14"><span class='ocrx_word' id='word_1_604' title='bbox 2047 4229 2302 4284; x_wconf 90' lang='lat' dir='ltr'><strong>tubarum</strong></span> <span class='ocrx_word' id='word_1_605' title='bbox 2339 4243 2577 4294; x_wconf 89' lang='lat' dir='ltr'><strong>sonum;</strong></span> <span class='ocrx_word' id='word_1_606' title='bbox 2627 4242 2806 4297; x_wconf 86' lang='lat' dir='ltr'><strong>neque</strong></span> <span class='ocrx_word' id='word_1_607' title='bbox 2834 4242 2930 4296; x_wconf 89' lang='lat' dir='ltr'><strong>per</strong></span> <span class='ocrx_word' id='word_1_608' title='bbox 2969 4226 3244 4296; x_wconf 88' lang='lat' dir='ltr'><strong>angelum,</strong></span> <span class='ocrx_word' id='word_1_609' title='bbox 3306 4233 3366 4280; x_wconf 89' lang='lat' dir='ltr'><strong>ut</strong></span> <span class='ocrx_word' id='word_1_610' title='bbox 3413 4223 3637 4296; x_wconf 87' lang='lat' dir='ltr'><strong>quando</strong></span> 
     </span>
    </p>
   </div>
   <div class='ocr_carea' id='block_1_89' title="bbox 2045 4314 3637 4388">
    <p class='ocr_par' dir='ltr' id='par_1_89' title="bbox 2045 4314 3637 4388">
     <span class='ocr_line' id='line_1_89' title="bbox 2045 4314 3637 4388; baseline -0.002 -17"><span class='ocrx_word' id='word_1_611' title='bbox 2045 4326 2260 4372; x_wconf 90' lang='lat' dir='ltr'><strong>centum</strong></span> <span class='ocrx_word' id='word_1_612' title='bbox 2296 4317 2540 4388; x_wconf 90' lang='lat' dir='ltr'><strong>quinque</strong></span> <span class='ocrx_word' id='word_1_613' title='bbox 2569 4323 2622 4370; x_wconf 86' lang='lat' dir='ltr'><strong>et</strong></span> <span class='ocrx_word' id='word_1_614' title='bbox 2650 4316 2924 4385; x_wconf 82' lang='lat' dir='ltr'><strong>octoginta</strong></span> <span class='ocrx_word' id='word_1_615' title='bbox 2956 4315 3124 4369; x_wconf 90' lang='lat' dir='ltr'><strong>millia</strong></span> <span class='ocrx_word' id='word_1_616' title='bbox 3151 4314 3391 4369; x_wconf 84' lang='lat' dir='ltr'><strong>hostium</strong></span> <span class='ocrx_word' id='word_1_617' title='bbox 3424 4324 3637 4368; x_wconf 58' lang='lat' dir='ltr'><strong>macta-</strong></span> 
     </span>
    </p>
   </div>
   <div class='ocr_carea' id='block_1_90' title="bbox 2043 4402 3639 4474">
    <p class='ocr_par' dir='ltr' id='par_1_90' title="bbox 2043 4402 3639 4474">
     <span class='ocr_line' id='line_1_90' title="bbox 2043 4402 3639 4474; baseline -0.002 -17"><span class='ocrx_word' id='word_1_618' title='bbox 2043 4405 2151 4470; x_wconf 88' lang='lat' dir='ltr'><strong>vit;</strong></span> <span class='ocrx_word' id='word_1_619' title='bbox 2185 4419 2361 4474; x_wconf 86' lang='lat' dir='ltr'><strong>neque</strong></span> <span class='ocrx_word' id='word_1_620' title='bbox 2403 4404 2572 4457; x_wconf 90' lang='lat' dir='ltr'><strong>alium</strong></span> <span class='ocrx_word' id='word_1_621' title='bbox 2601 4402 2864 4472; x_wconf 88' lang='lat' dir='ltr'><strong>aliquem.</strong></span> <span class='ocrx_word' id='word_1_622' title='bbox 2913 4403 3016 4456; x_wconf 87' lang='lat' dir='ltr'><strong>Sed</strong></span> <span class='ocrx_word' id='word_1_623' title='bbox 3048 4417 3144 4471; x_wconf 89' lang='lat' dir='ltr'><strong>per</strong></span> <span class='ocrx_word' id='word_1_624' title='bbox 3173 4402 3498 4471; x_wconf 83' lang='lat' dir='ltr'><strong>quodnam?</strong></span> <span class='ocrx_word' id='word_1_625' title='bbox 3541 4417 3639 4471; x_wconf 89' lang='lat' dir='ltr'><strong>per</strong></span> 
     </span>
    </p>
   </div>
   <div class='ocr_carea' id='block_1_91' title="bbox 338 4479 1939 4571">
    <p class='ocr_par' dir='ltr' id='par_1_91' title="bbox 338 4496 1938 4571">
     <span class='ocr_line' id='line_1_91' title="bbox 338 4496 1938 4571; baseline 0 -21"><span class='ocrx_word' id='word_1_626' title='bbox 338 4497 541 4560; x_wconf 88' lang='grc' dir='ltr'>λιάδας</span> <span class='ocrx_word' id='word_1_627' title='bbox 578 4496 1133 4571; x_wconf 31' lang='grc' dir='ltr'>κατεστρώννυε-τῶν</span> <span class='ocrx_word' id='word_1_628' title='bbox 1165 4498 1442 4567; x_wconf 88' lang='grc' dir='ltr'>πολεμίων</span> <span class='ocrx_word' id='word_1_629' title='bbox 1467 4514 1480 4528; x_wconf 88' lang='grc'><strong>·</strong></span> <span class='ocrx_word' id='word_1_630' title='bbox 1525 4497 1647 4551; x_wconf 69' lang='grc' dir='ltr'>οὐδὲ</span> <span class='ocrx_word' id='word_1_631' title='bbox 1681 4498 1747 4551; x_wconf 88' lang='grc' dir='ltr'>δι’</span> <span class='ocrx_word' id='word_1_632' title='bbox 1780 4498 1938 4551; x_wconf 80' lang='grc' dir='ltr'>ἄλλου</span> 
     </span>
    </p>
   </div>
   <div class='ocr_carea' id='block_1_92' title="bbox 2042 4479 3634 4571">
    <p class='ocr_par' dir='ltr' id='par_1_92' title="bbox 2045 4489 3634 4561">
     <span class='ocr_line' id='line_1_92' title="bbox 2045 4489 3634 4561; baseline -0.002 -14"><span class='ocrx_word' id='word_1_633' title='bbox 2045 4506 2208 4547; x_wconf 89' lang='lat' dir='ltr'><strong>suum</strong></span> <span class='ocrx_word' id='word_1_634' title='bbox 2240 4491 2518 4561; x_wconf 84' lang='lat' dir='ltr'><strong>proprium</strong></span> <span class='ocrx_word' id='word_1_635' title='bbox 2550 4490 2859 4546; x_wconf 89' lang='lat' dir='ltr'><strong>brachium.</strong></span> <span class='ocrx_word' id='word_1_636' title='bbox 2898 4489 3191 4544; x_wconf 87' lang='lat' dir='ltr'><strong>Brachium</strong></span> <span class='ocrx_word' id='word_1_637' title='bbox 3217 4501 3400 4544; x_wconf 90' lang='lat' dir='ltr'><strong>autem</strong></span> <span class='ocrx_word' id='word_1_638' title='bbox 3432 4489 3634 4550; x_wconf 88' lang='lat' dir='ltr'><strong>Patris.</strong></span> 
     </span>
    </p>
   </div>
   <div class='ocr_carea' id='block_1_93' title="bbox 337 4588 1934 4661">
    <p class='ocr_par' dir='ltr' id='par_1_93' title="bbox 337 4588 1934 4661">
     <span class='ocr_line' id='line_1_93' title="bbox 337 4588 1934 4661; baseline 0 -17"><span class='ocrx_word' id='word_1_639' title='bbox 337 4590 518 4653; x_wconf 80' lang='grc' dir='ltr'>τινός’</span> <span class='ocrx_word' id='word_1_640' title='bbox 552 4588 689 4643; x_wconf 88' lang='grc' dir='ltr'>ἀλλὰ</span> <span class='ocrx_word' id='word_1_641' title='bbox 727 4589 814 4642; x_wconf 77' lang='grc' dir='ltr'><strong>διά</strong></span> <span class='ocrx_word' id='word_1_642' title='bbox 840 4590 985 4653; x_wconf 89' lang='grc' dir='ltr'>τίνος</span> <span class='ocrx_word' id='word_1_643' title='bbox 1011 4608 1025 4658; x_wconf 91' lang='grc'><strong>;</strong></span> <span class='ocrx_word' id='word_1_644' title='bbox 1056 4589 1124 4643; x_wconf 89' lang='grc' dir='ltr'>δι’</span> <span class='ocrx_word' id='word_1_645' title='bbox 1149 4590 1314 4643; x_wconf 82' lang='grc' dir='ltr'>αὑτοῦ</span> <span class='ocrx_word' id='word_1_646' title='bbox 1341 4589 1434 4644; x_wconf 81' lang='grc' dir='ltr'><strong>τοῦ</strong></span> <span class='ocrx_word' id='word_1_647' title='bbox 1470 4591 1674 4644; x_wconf 84' lang='grc' dir='ltr'>οἰκείου</span> <span class='ocrx_word' id='word_1_648' title='bbox 1707 4590 1934 4661; x_wconf 83' lang='grc' dir='ltr'>βραχίο·</span> 
     </span>
    </p>
   </div>
   <div class='ocr_carea' id='block_1_94' title="bbox 337 4680 1935 4753">
    <p class='ocr_par' dir='ltr' id='par_1_94' title="bbox 337 4680 1935 4753">
     <span class='ocr_line' id='line_1_94' title="bbox 337 4680 1935 4753; baseline -0.001 -15"><span class='ocrx_word' id='word_1_649' title='bbox 337 4701 457 4746; x_wconf 88' lang='grc' dir='ltr'>νος.</span> <span class='ocrx_word' id='word_1_650' title='bbox 484 4681 735 4753; x_wconf 84' lang='grc' dir='ltr'>Βραχίων</span> <span class='ocrx_word' id='word_1_651' title='bbox 760 4681 818 4734; x_wconf 89' lang='grc' dir='ltr'><strong>δέ</strong></span> <span class='ocrx_word' id='word_1_652' title='bbox 847 4680 941 4734; x_wconf 79' lang='grc' dir='ltr'><strong>τοῦ</strong></span> <span class='ocrx_word' id='word_1_653' title='bbox 989 4682 1224 4753; x_wconf 84' lang='grc' dir='ltr'>Πατρὸς,</span> <span class='ocrx_word' id='word_1_654' title='bbox 1255 4683 1282 4735; x_wconf 88' lang='grc' dir='ltr'>ὁ</span> <span class='ocrx_word' id='word_1_655' title='bbox 1303 4680 1448 4745; x_wconf 82' lang='grc' dir='ltr'>Υἱός·</span> <span class='ocrx_word' id='word_1_656' title='bbox 1488 4682 1632 4736; x_wconf 87' lang='grc' dir='ltr'>κατά</span> <span class='ocrx_word' id='word_1_657' title='bbox 1661 4682 1742 4747; x_wconf 84' lang='grc' dir='ltr'><strong>τὸ,</strong></span> <span class='ocrx_word' id='word_1_658' title='bbox 1762 4682 1935 4738; x_wconf 79' lang='grc' dir='ltr'>Ἐλυ-</span> 
     </span>
    </p>
   </div>
   <div class='ocr_carea' id='block_1_95' title="bbox 334 4771 1935 4843">
    <p class='ocr_par' dir='ltr' id='par_1_95' title="bbox 334 4771 1935 4843">
     <span class='ocr_line' id='line_1_95' title="bbox 334 4771 1935 4843; baseline -0.001 -15"><span class='ocrx_word' id='word_1_659' title='bbox 334 4773 557 4843; x_wconf 79' lang='grc' dir='ltr'>τρώσω</span> <span class='ocrx_word' id='word_1_660' title='bbox 583 4773 653 4827; x_wconf 72' lang='grc' dir='ltr'>ἐν</span> <span class='ocrx_word' id='word_1_661' title='bbox 667 4771 957 4843; x_wconf 77' lang='grc' dir='ltr'>,βραχίονι</span> <span class='ocrx_word' id='word_1_662' title='bbox 991 4786 1109 4828; x_wconf 86' lang='grc' dir='ltr'>σου</span> <span class='ocrx_word' id='word_1_663' title='bbox 1159 4773 1266 4826; x_wconf 76' lang='grc' dir='ltr'><strong>τὸν</strong></span> <span class='ocrx_word' id='word_1_664' title='bbox 1293 4774 1449 4828; x_wconf 76' lang='grc' dir='ltr'>,λαόν</span> <span class='ocrx_word' id='word_1_665' title='bbox 1491 4787 1631 4829; x_wconf 83' lang='grc' dir='ltr'>σου.</span> <span class='ocrx_word' id='word_1_666' title='bbox 1672 4773 1749 4827; x_wconf 86' lang='grc' dir='ltr'><strong>Δι’</strong></span> <span class='ocrx_word' id='word_1_667' title='bbox 1770 4773 1935 4829; x_wconf 82' lang='grc' dir='ltr'>αὑτοῦ</span> 
     </span>
    </p>
   </div>
   <div class='ocr_carea' id='block_1_96' title="bbox 335 4863 1938 4939">
    <p class='ocr_par' dir='ltr' id='par_1_96' title="bbox 335 4863 1938 4939">
     <span class='ocr_line' id='line_1_96' title="bbox 335 4863 1938 4939; baseline -0.002 -15"><span class='ocrx_word' id='word_1_668' title='bbox 335 4863 439 4924; x_wconf 78' lang='grc' dir='ltr'><strong>οὖν</strong></span> <span class='ocrx_word' id='word_1_669' title='bbox 468 4867 628 4938; x_wconf 90' lang='grc' dir='ltr'>νίκην</span> <span class='ocrx_word' id='word_1_670' title='bbox 652 4867 973 4938; x_wconf 77' lang='grc' dir='ltr'>εἰργάσατο,</span> <span class='ocrx_word' id='word_1_671' title='bbox 1008 4865 1104 4920; x_wconf 75' lang='grc' dir='ltr'><strong>καὶ</strong></span> <span class='ocrx_word' id='word_1_672' title='bbox 1146 4870 1407 4937; x_wconf 86' lang='grc' dir='ltr'>τροπαῖον</span> <span class='ocrx_word' id='word_1_673' title='bbox 1436 4867 1632 4939; x_wconf 79' lang='grc' dir='ltr'>ἔστησε</span> <span class='ocrx_word' id='word_1_674' title='bbox 1655 4866 1798 4922; x_wconf 83' lang='grc' dir='ltr'>κατὰ</span> <span class='ocrx_word' id='word_1_675' title='bbox 1830 4866 1938 4921; x_wconf 87' lang='grc' dir='ltr'><strong>τῶν</strong></span> 
     </span>
    </p>
   </div>
   <div class='ocr_carea' id='block_1_97' title="bbox 338 4957 1375 5032">
    <p class='ocr_par' dir='ltr' id='par_1_97' title="bbox 338 4957 1375 5032">
     <span class='ocr_line' id='line_1_97' title="bbox 338 4957 1375 5032; baseline 0.001 -17"><span class='ocrx_word' id='word_1_676' title='bbox 338 4961 522 5016; x_wconf 82' lang='grc' dir='ltr'>πάλαι</span> <span class='ocrx_word' id='word_1_677' title='bbox 547 4960 957 5032; x_wconf 88' lang='grc' dir='ltr'>τυραννούντων</span> <span class='ocrx_word' id='word_1_678' title='bbox 1003 4957 1117 5014; x_wconf 84' lang='grc' dir='ltr'>τῶν</span> <span class='ocrx_word' id='word_1_679' title='bbox 1140 4959 1375 5032; x_wconf 78' lang='grc' dir='ltr'>ἐχθρῶν.</span> 
     </span>
    </p>
   </div>
   <div class='ocr_carea' id='block_1_98' title="bbox 422 5052 1941 5126">
    <p class='ocr_par' dir='ltr' id='par_1_98' title="bbox 422 5052 1941 5126">
     <span class='ocr_line' id='line_1_98' title="bbox 422 5052 1941 5126; baseline -0.002 -18"><span class='ocrx_word' id='word_1_680' title='bbox 422 5053 540 5108; x_wconf 87' lang='grc' dir='ltr'><strong>Τοῦ</strong></span> <span class='ocrx_word' id='word_1_681' title='bbox 569 5052 778 5107; x_wconf 83' lang='grc' dir='ltr'>αὐτοῦ.</span> <span class='ocrx_word' id='word_1_682' title='bbox 824 5052 1355 5122; x_wconf 82' lang='grc' dir='ltr'>Κατετροπώσατο,</span> <span class='ocrx_word' id='word_1_683' title='bbox 1406 5055 1592 5126; x_wconf 65' lang='grc' dir='ltr'>φησὶν,</span> <span class='ocrx_word' id='word_1_684' title='bbox 1629 5053 1730 5107; x_wconf 87' lang='grc' dir='ltr'><strong>οὑκ</strong></span> <span class='ocrx_word' id='word_1_685' title='bbox 1775 5054 1941 5122; x_wconf 74' lang='grc' dir='ltr'>Αἰγυ-</span> 
     </span>
    </p>
   </div>
   <div class='ocr_carea' id='block_1_99' title="bbox 336 5144 1940 5218">
    <p class='ocr_par' dir='ltr' id='par_1_99' title="bbox 336 5144 1940 5218">
     <span class='ocr_line' id='line_1_99' title="bbox 336 5144 1940 5218; baseline 0 -19"><span class='ocrx_word' id='word_1_686' title='bbox 336 5147 564 5209; x_wconf 85' lang='grc' dir='ltr'>πτίους,</span> <span class='ocrx_word' id='word_1_687' title='bbox 588 5146 619 5216; x_wconf 84' lang='grc' dir='ltr'>ἢ</span> <span class='ocrx_word' id='word_1_688' title='bbox 647 5145 969 5215; x_wconf 87' lang='grc' dir='ltr'>Ἀσσυρίους</span> <span class='ocrx_word' id='word_1_689' title='bbox 994 5144 1027 5216; x_wconf 81' lang='grc' dir='ltr'>ἦ</span> <span class='ocrx_word' id='word_1_690' title='bbox 1051 5145 1248 5199; x_wconf 75' lang='grc' dir='ltr'>τόδετὸ</span> <span class='ocrx_word' id='word_1_691' title='bbox 1270 5146 1553 5218; x_wconf 75' lang='grc' dir='ltr'>πολέμιον,</span> <span class='ocrx_word' id='word_1_692' title='bbox 1585 5147 1721 5200; x_wconf 86' lang='grc' dir='ltr'><strong>ἀλλά</strong></span> <span class='ocrx_word' id='word_1_693' title='bbox 1760 5146 1940 5200; x_wconf 87' lang='grc' dir='ltr'>πάντα</span> 
     </span>
    </p>
   </div>
   <div class='ocr_carea' id='block_1_100' title="bbox 334 5238 1940 5312">
    <p class='ocr_par' dir='ltr' id='par_1_100' title="bbox 334 5238 1940 5312">
     <span class='ocr_line' id='line_1_100' title="bbox 334 5238 1940 5312; baseline -0.001 -19"><span class='ocrx_word' id='word_1_694' title='bbox 334 5239 612 5308; x_wconf 83' lang='grc' dir='ltr'>λογισμὸν</span> <span class='ocrx_word' id='word_1_695' title='bbox 628 5239 982 5309; x_wconf 82' lang='grc' dir='ltr'>ὑπερήφανον</span> <span class='ocrx_word' id='word_1_696' title='bbox 1014 5239 1263 5293; x_wconf 86' lang='grc' dir='ltr'>τουτέστι</span> <span class='ocrx_word' id='word_1_697' title='bbox 1302 5239 1378 5312; x_wconf 86' lang='grc' dir='ltr'>μὴ</span> <span class='ocrx_word' id='word_1_698' title='bbox 1409 5240 1796 5295; x_wconf 87' lang='grc' dir='ltr'>ὑποκύπτοντα</span> <span class='ocrx_word' id='word_1_699' title='bbox 1844 5238 1940 5293; x_wconf 79' lang='grc' dir='ltr'><strong>καὶ</strong></span> 
     </span>
    </p>
   </div>
   <div class='ocr_carea' id='block_1_101' title="bbox 336 5329 1938 5402">
    <p class='ocr_par' dir='ltr' id='par_1_101' title="bbox 336 5329 1938 5402">
     <span class='ocr_line' id='line_1_101' title="bbox 336 5329 1938 5402; baseline -0.001 -18"><span class='ocrx_word' id='word_1_700' title='bbox 336 5329 758 5401; x_wconf 83' lang='grc' dir='ltr'>πειθαρχοῦντα</span> <span class='ocrx_word' id='word_1_701' title='bbox 795 5332 864 5401; x_wconf 80' lang='grc' dir='ltr'>τῇ</span> <span class='ocrx_word' id='word_1_702' title='bbox 906 5329 1180 5402; x_wconf 74' lang='grc' dir='ltr'>παρουσίᾳ</span> <span class='ocrx_word' id='word_1_703' title='bbox 1229 5331 1417 5386; x_wconf 81' lang='grc' dir='ltr'>αὑτοῦ.</span> <span class='ocrx_word' id='word_1_704' title='bbox 1471 5331 1799 5386; x_wconf 78' lang='grc' dir='ltr'>Διεσκέδασε</span> <span class='ocrx_word' id='word_1_705' title='bbox 1843 5329 1938 5384; x_wconf 68' lang='lat' dir='ltr'><strong>atati.</strong></span> 
     </span>
    </p>
   </div>
   <div class='ocr_carea' id='block_1_102' title="bbox 336 5421 1940 5496">
    <p class='ocr_par' dir='ltr' id='par_1_102' title="bbox 336 5421 1940 5496">
     <span class='ocr_line' id='line_1_102' title="bbox 336 5421 1940 5496; baseline 0 -20"><span class='ocrx_word' id='word_1_706' title='bbox 336 5421 559 5493; x_wconf 83' lang='grc' dir='ltr'>σαθράς</span> <span class='ocrx_word' id='word_1_707' title='bbox 571 5423 844 5494; x_wconf 83' lang='grc' dir='ltr'>ἀπήλεγξε</span> <span class='ocrx_word' id='word_1_708' title='bbox 869 5424 968 5488; x_wconf 82' lang='grc' dir='ltr'>τὰς</span> <span class='ocrx_word' id='word_1_709' title='bbox 1016 5423 1398 5496; x_wconf 86' lang='grc' dir='ltr'>ὑπερηφάνους</span> <span class='ocrx_word' id='word_1_710' title='bbox 1413 5423 1651 5488; x_wconf 86' lang='grc' dir='ltr'>διανοίας</span> <span class='ocrx_word' id='word_1_711' title='bbox 1673 5423 1771 5493; x_wconf 81' lang='grc' dir='ltr'>τῆς</span> <span class='ocrx_word' id='word_1_712' title='bbox 1801 5440 1940 5494; x_wconf 82' lang='grc' dir='ltr'>καρ-</span> 
     </span>
    </p>
   </div>
   <div class='ocr_carea' id='block_1_103' title="bbox 333 5515 1933 5592">
    <p class='ocr_par' dir='ltr' id='par_1_103' title="bbox 333 5515 1933 5592">
     <span class='ocr_line' id='line_1_103' title="bbox 333 5515 1933 5592; baseline -0.003 -19"><span class='ocrx_word' id='word_1_713' title='bbox 333 5519 464 5582; x_wconf 88' lang='grc' dir='ltr'>δίας</span> <span class='ocrx_word' id='word_1_714' title='bbox 495 5517 698 5586; x_wconf 86' lang='grc' dir='ltr'>αὑτῶν,</span> <span class='ocrx_word' id='word_1_715' title='bbox 719 5520 783 5583; x_wconf 76' lang='grc' dir='ltr'>ἃς</span> <span class='ocrx_word' id='word_1_716' title='bbox 799 5519 958 5591; x_wconf 74' lang='grc' dir='ltr'>ἔσχον</span> <span class='ocrx_word' id='word_1_717' title='bbox 975 5520 1055 5584; x_wconf 81' lang='grc' dir='ltr'><strong>είς</strong></span> <span class='ocrx_word' id='word_1_718' title='bbox 1070 5519 1131 5572; x_wconf 80' lang='grc' dir='ltr'><strong>τὸ</strong></span> <span class='ocrx_word' id='word_1_719' title='bbox 1163 5518 1240 5592; x_wconf 83' lang='grc' dir='ltr'>μὴ</span> <span class='ocrx_word' id='word_1_720' title='bbox 1269 5515 1558 5572; x_wconf 79' lang='grc' dir='ltr'>πιστεῦσαι</span> <span class='ocrx_word' id='word_1_721' title='bbox 1578 5517 1673 5570; x_wconf 80' lang='grc' dir='ltr'><strong>καὶ</strong></span> <span class='ocrx_word' id='word_1_722' title='bbox 1693 5515 1933 5587; x_wconf 81' lang='grc' dir='ltr'>φοϐηθῆ-</span> 
     </span>
    </p>
   </div>
   <div class='ocr_carea' id='block_1_104' title="bbox 332 5607 1937 5684">
    <p class='ocr_par' dir='ltr' id='par_1_104' title="bbox 332 5607 1937 5684">
     <span class='ocr_line' id='line_1_104' title="bbox 332 5607 1937 5684; baseline -0.004 -18"><span class='ocrx_word' id='word_1_723' title='bbox 332 5628 433 5666; x_wconf 87' lang='grc' dir='ltr'><strong>ναι</strong></span> <span class='ocrx_word' id='word_1_724' title='bbox 469 5610 998 5682; x_wconf 85' lang='grc' dir='ltr'>αὐτὸν,διελίκμησε</span> <span class='ocrx_word' id='word_1_725' title='bbox 1024 5611 1124 5676; x_wconf 86' lang='grc' dir='ltr'>τὰς</span> <span class='ocrx_word' id='word_1_726' title='bbox 1145 5610 1529 5684; x_wconf 85' lang='grc' dir='ltr'>ὑπερηφάνους</span> <span class='ocrx_word' id='word_1_727' title='bbox 1569 5608 1678 5662; x_wconf 81' lang='grc' dir='ltr'><strong>τῶν</strong></span> <span class='ocrx_word' id='word_1_728' title='bbox 1719 5607 1795 5680; x_wconf 84' lang='grc' dir='ltr'>μὴ</span> <span class='ocrx_word' id='word_1_729' title='bbox 1842 5625 1937 5660; x_wconf 88' lang='grc' dir='ltr'>πι-</span> 
     </span>
    </p>
   </div>
   <div class='ocr_carea' id='block_1_105' title="bbox 2040 4579 3636 4654">
    <p class='ocr_par' dir='ltr' id='par_1_105' title="bbox 2040 4579 3636 4654">
     <span class='ocr_line' id='line_1_105' title="bbox 2040 4579 3636 4654; baseline -0.002 -16"><span class='ocrx_word' id='word_1_730' title='bbox 2040 4583 2250 4652; x_wconf 86' lang='lat' dir='ltr'><strong>Filius;</strong></span> <span class='ocrx_word' id='word_1_731' title='bbox 2277 4582 2579 4639; x_wconf 88' lang='lat' dir='ltr'><strong>secundum</strong></span> <span class='ocrx_word' id='word_1_732' title='bbox 2611 4582 2759 4654; x_wconf 91' lang='lat' dir='ltr'><strong>quod</strong></span> <span class='ocrx_word' id='word_1_733' title='bbox 2783 4583 3019 4637; x_wconf 89' lang='lat' dir='ltr'><strong>dicitur:</strong></span> <span class='ocrx_word' id='word_1_734' title='bbox 3042 4579 3308 4635; x_wconf 75' lang='lat' dir='ltr'><strong>Liberaui</strong></span> <span class='ocrx_word' id='word_1_735' title='bbox 3336 4581 3390 4634; x_wconf 81' lang='lat' dir='ltr'><strong>in</strong></span> <span class='ocrx_word' id='word_1_736' title='bbox 3418 4581 3636 4635; x_wconf 79' lang='lat' dir='ltr'><strong>brachio</strong></span> 
     </span>
    </p>
   </div>
   <div class='ocr_carea' id='block_1_106' title="bbox 2043 4673 3634 4748">
    <p class='ocr_par' dir='ltr' id='par_1_106' title="bbox 2043 4673 3634 4748">
     <span class='ocr_line' id='line_1_106' title="bbox 2043 4673 3634 4748; baseline -0.002 -17"><span class='ocrx_word' id='word_1_737' title='bbox 2043 4687 2132 4732; x_wconf 82' lang='lat' dir='ltr'><strong>tuo</strong></span> <span class='ocrx_word' id='word_1_738' title='bbox 2166 4676 2417 4748; x_wconf 86' lang='lat' dir='ltr'><strong>populum</strong></span> <span class='ocrx_word' id='word_1_739' title='bbox 2447 4687 2616 4732; x_wconf 84' lang='lat' dir='ltr'><strong>tuum.</strong></span> <span class='ocrx_word' id='word_1_740' title='bbox 2653 4675 2757 4731; x_wconf 89' lang='lat' dir='ltr'><strong>Per</strong></span> <span class='ocrx_word' id='word_1_741' title='bbox 2790 4676 2938 4730; x_wconf 89' lang='lat' dir='ltr'><strong>hunc</strong></span> <span class='ocrx_word' id='word_1_742' title='bbox 2992 4673 3161 4745; x_wconf 87' lang='lat' dir='ltr'><strong>igitur</strong></span> <span class='ocrx_word' id='word_1_743' title='bbox 3192 4673 3475 4728; x_wconf 73' lang='lat' dir='ltr'><strong>victoriam</strong></span> <span class='ocrx_word' id='word_1_744' title='bbox 3502 4674 3634 4728; x_wconf 90' lang='lat' dir='ltr'><strong>ade-</strong></span> 
     </span>
    </p>
   </div>
   <div class='ocr_carea' id='block_1_107' title="bbox 2042 4768 3635 4851">
    <p class='ocr_par' dir='ltr' id='par_1_107' title="bbox 2042 4768 3635 4851">
     <span class='ocr_line' id='line_1_107' title="bbox 2042 4768 3635 4851; baseline -0.002 -26"><span class='ocrx_word' id='word_1_745' title='bbox 2042 4779 2168 4842; x_wconf 90' lang='lat' dir='ltr'><strong>ptus</strong></span> <span class='ocrx_word' id='word_1_746' title='bbox 2197 4781 2301 4838; x_wconf 90' lang='lat' dir='ltr'><strong>est,</strong></span> <span class='ocrx_word' id='word_1_747' title='bbox 2353 4782 2408 4828; x_wconf 91' lang='lat' dir='ltr'><strong>et</strong></span> <span class='ocrx_word' id='word_1_748' title='bbox 2471 4780 2736 4843; x_wconf 82' lang='lat' dir='ltr'><strong>trepaeum</strong></span> <span class='ocrx_word' id='word_1_749' title='bbox 2774 4771 2968 4851; x_wconf 78' lang='lat' dir='ltr'><strong>Slatth</strong></span> <span class='ocrx_word' id='word_1_750' title='bbox 3003 4781 3192 4826; x_wconf 90' lang='lat' dir='ltr'><strong>contra</strong></span> <span class='ocrx_word' id='word_1_751' title='bbox 3227 4769 3346 4824; x_wconf 88' lang='lat' dir='ltr'><strong>illos</strong></span> <span class='ocrx_word' id='word_1_752' title='bbox 3381 4768 3475 4839; x_wconf 89' lang='lat' dir='ltr'><strong>qui</strong></span> <span class='ocrx_word' id='word_1_753' title='bbox 3503 4768 3635 4822; x_wconf 90' lang='lat' dir='ltr'><strong>olim</strong></span> 
     </span>
    </p>
   </div>
   <div class='ocr_carea' id='block_1_108' title="bbox 2041 4866 2800 4934">
    <p class='ocr_par' dir='ltr' id='par_1_108' title="bbox 2041 4866 2800 4934">
     <span class='ocr_line' id='line_1_108' title="bbox 2041 4866 2800 4934; baseline 0.004 -17"><span class='ocrx_word' id='word_1_754' title='bbox 2041 4867 2491 4934; x_wconf 83' lang='lat' dir='ltr'><strong>dominabantur,</strong></span> <span class='ocrx_word' id='word_1_755' title='bbox 2523 4866 2800 4921; x_wconf 82' lang='lat' dir='ltr'><strong>inimicos.</strong></span> 
     </span>
    </p>
   </div>
   <div class='ocr_carea' id='block_1_109' title="bbox 2118 5036 3634 5118">
    <p class='ocr_par' dir='ltr' id='par_1_109' title="bbox 2118 5036 3634 5118">
     <span class='ocr_line' id='line_1_109' title="bbox 2118 5036 3634 5118; baseline -0.009 -16"><span class='ocrx_word' id='word_1_756' title='bbox 2118 5048 2394 5118; x_wconf 77' lang='lat' dir='ltr'><strong>Ejusdem.</strong></span> <span class='ocrx_word' id='word_1_757' title='bbox 2437 5047 2715 5116; x_wconf 77' lang='lat' dir='ltr'><strong>Dispersit,</strong></span> <span class='ocrx_word' id='word_1_758' title='bbox 2744 5055 2807 5100; x_wconf 89' lang='lat' dir='ltr'><strong>ut</strong></span> <span class='ocrx_word' id='word_1_759' title='bbox 2835 5043 3103 5114; x_wconf 88' lang='lat' dir='ltr'><strong>loquitur,</strong></span> <span class='ocrx_word' id='word_1_760' title='bbox 3163 5056 3270 5094; x_wconf 90' lang='lat' dir='ltr'><strong>non</strong></span> <span class='ocrx_word' id='word_1_761' title='bbox 3321 5036 3634 5108; x_wconf 66' lang='lat' dir='ltr'><strong>.Egyplios.</strong></span> 
     </span>
    </p>
   </div>
   <div class='ocr_carea' id='block_1_110' title="bbox 2043 5129 3638 5213">
    <p class='ocr_par' dir='ltr' id='par_1_110' title="bbox 2043 5129 3638 5213">
     <span class='ocr_line' id='line_1_110' title="bbox 2043 5129 3638 5213; baseline -0.008 -18"><span class='ocrx_word' id='word_1_762' title='bbox 2043 5142 2429 5213; x_wconf 73' lang='lat' dir='ltr'><strong>uiitAssyrios,</strong></span> <span class='ocrx_word' id='word_1_763' title='bbox 2463 5149 2559 5195; x_wconf 91' lang='lat' dir='ltr'><strong>aut</strong></span> <span class='ocrx_word' id='word_1_764' title='bbox 2597 5139 2806 5194; x_wconf 88' lang='lat' dir='ltr'><strong>similes</strong></span> <span class='ocrx_word' id='word_1_765' title='bbox 2844 5138 3050 5202; x_wconf 88' lang='lat' dir='ltr'><strong>hostes,</strong></span> <span class='ocrx_word' id='word_1_766' title='bbox 3085 5133 3180 5192; x_wconf 90' lang='lat' dir='ltr'><strong>sed</strong></span> <span class='ocrx_word' id='word_1_767' title='bbox 3220 5147 3440 5186; x_wconf 87' lang='lat' dir='ltr'><strong>omnem</strong></span> <span class='ocrx_word' id='word_1_768' title='bbox 3477 5129 3638 5184; x_wconf 75' lang='lat' dir='ltr'><strong>intel-</strong></span> 
     </span>
    </p>
   </div>
   <div class='ocr_carea' id='block_1_111' title="bbox 2044 5225 3632 5297">
    <p class='ocr_par' dir='ltr' id='par_1_111' title="bbox 2044 5225 3632 5297">
     <span class='ocr_line' id='line_1_111' title="bbox 2044 5225 3632 5297; baseline -0.008 -8"><span class='ocrx_word' id='word_1_769' title='bbox 2044 5234 2246 5289; x_wconf 87' lang='lat' dir='ltr'><strong>lectum</strong></span> <span class='ocrx_word' id='word_1_770' title='bbox 2301 5250 2361 5290; x_wconf 92' lang='lat' dir='ltr'><strong>sc</strong></span> <span class='ocrx_word' id='word_1_771' title='bbox 2409 5233 2788 5297; x_wconf 82' lang='lat' dir='ltr'><strong>extollentem,</strong></span> <span class='ocrx_word' id='word_1_772' title='bbox 2836 5229 2889 5284; x_wconf 92' lang='lat' dir='ltr'><strong>id</strong></span> <span class='ocrx_word' id='word_1_773' title='bbox 2936 5240 3020 5284; x_wconf 91' lang='lat' dir='ltr'><strong>est</strong></span> <span class='ocrx_word' id='word_1_774' title='bbox 3049 5243 3156 5282; x_wconf 89' lang='lat' dir='ltr'><strong>non</strong></span> <span class='ocrx_word' id='word_1_775' title='bbox 3189 5225 3540 5280; x_wconf 84' lang='lat' dir='ltr'><strong>inclinantem</strong></span> <span class='ocrx_word' id='word_1_776' title='bbox 3571 5238 3632 5276; x_wconf 89' lang='lat' dir='ltr'><strong>se</strong></span> 
     </span>
    </p>
   </div>
   <div class='ocr_carea' id='block_1_112' title="bbox 2045 5315 3634 5392">
    <p class='ocr_par' dir='ltr' id='par_1_112' title="bbox 2045 5315 3634 5392">
     <span class='ocr_line' id='line_1_112' title="bbox 2045 5315 3634 5392; baseline -0.008 -10"><span class='ocrx_word' id='word_1_777' title='bbox 2045 5343 2146 5383; x_wconf 90' lang='lat' dir='ltr'><strong>nec</strong></span> <span class='ocrx_word' id='word_1_778' title='bbox 2173 5328 2584 5383; x_wconf 89' lang='lat' dir='ltr'><strong>submittentcm</strong></span> <span class='ocrx_word' id='word_1_779' title='bbox 2623 5339 2808 5380; x_wconf 89' lang='lat' dir='ltr'><strong>coram</strong></span> <span class='ocrx_word' id='word_1_780' title='bbox 2841 5323 2982 5392; x_wconf 90' lang='lat' dir='ltr'><strong>ipso.</strong></span> <span class='ocrx_word' id='word_1_781' title='bbox 3013 5319 3284 5390; x_wconf 88' lang='lat' dir='ltr'><strong>Dispersit</strong></span> <span class='ocrx_word' id='word_1_782' title='bbox 3313 5324 3367 5371; x_wconf 89' lang='lat' dir='ltr'><strong>et</strong></span> <span class='ocrx_word' id='word_1_783' title='bbox 3394 5315 3634 5370; x_wconf 85' lang='lat' dir='ltr'><strong>caducas</strong></span> 
     </span>
    </p>
   </div>
   <div class='ocr_carea' id='block_1_113' title="bbox 2045 5409 3629 5487">
    <p class='ocr_par' dir='ltr' id='par_1_113' title="bbox 2045 5409 3629 5487">
     <span class='ocr_line' id='line_1_113' title="bbox 2045 5409 3629 5487; baseline -0.009 -12"><span class='ocrx_word' id='word_1_784' title='bbox 2045 5434 2170 5475; x_wconf 86' lang='lat' dir='ltr'><strong>esse</strong></span> <span class='ocrx_word' id='word_1_785' title='bbox 2213 5418 2452 5474; x_wconf 90' lang='lat' dir='ltr'><strong>convicit</strong></span> <span class='ocrx_word' id='word_1_786' title='bbox 2498 5417 2762 5487; x_wconf 91' lang='lat' dir='ltr'><strong>superbas</strong></span> <span class='ocrx_word' id='word_1_787' title='bbox 2792 5413 3154 5485; x_wconf 89' lang='lat' dir='ltr'><strong>cogitationes</strong></span> <span class='ocrx_word' id='word_1_788' title='bbox 3199 5409 3381 5466; x_wconf 90' lang='lat' dir='ltr'><strong>cordis</strong></span> <span class='ocrx_word' id='word_1_789' title='bbox 3403 5421 3629 5479; x_wconf 83' lang='lat' dir='ltr'><strong>eorum,</strong></span> 
     </span>
    </p>
   </div>
   <div class='ocr_carea' id='block_1_114' title="bbox 2041 5503 3634 5582">
    <p class='ocr_par' dir='ltr' id='par_1_114' title="bbox 2041 5503 3634 5582">
     <span class='ocr_line' id='line_1_114' title="bbox 2041 5503 3634 5582; baseline -0.003 -18"><span class='ocrx_word' id='word_1_790' title='bbox 2041 5527 2180 5582; x_wconf 86' lang='lat' dir='ltr'><strong>quas</strong></span> <span class='ocrx_word' id='word_1_791' title='bbox 2233 5511 2542 5564; x_wconf 88' lang='lat' dir='ltr'><strong>habuerunt</strong></span> <span class='ocrx_word' id='word_1_792' title='bbox 2591 5522 2718 5563; x_wconf 90' lang='lat' dir='ltr'><strong>cum</strong></span> <span class='ocrx_word' id='word_1_793' title='bbox 2759 5521 2872 5561; x_wconf 86' lang='lat' dir='ltr'><strong>non</strong></span> <span class='ocrx_word' id='word_1_794' title='bbox 2924 5503 3283 5560; x_wconf 90' lang='lat' dir='ltr'><strong>crediderunt</strong></span> <span class='ocrx_word' id='word_1_795' title='bbox 3331 5515 3433 5555; x_wconf 88' lang='lat' dir='ltr'><strong>nec</strong></span> <span class='ocrx_word' id='word_1_796' title='bbox 3478 5503 3634 5560; x_wconf 89' lang='lat' dir='ltr'><strong>illum</strong></span> 
     </span>
    </p>
   </div>
   <div class='ocr_carea' id='block_1_115' title="bbox 2046 5599 3637 5675">
    <p class='ocr_par' dir='ltr' id='par_1_115' title="bbox 2046 5599 3637 5675">
     <span class='ocr_line' id='line_1_115' title="bbox 2046 5599 3637 5675; baseline -0.003 -17"><span class='ocrx_word' id='word_1_797' title='bbox 2046 5613 2380 5660; x_wconf 83' lang='lat' dir='ltr'><strong>mctuerunt.</strong></span> <span class='ocrx_word' id='word_1_798' title='bbox 2444 5603 2714 5675; x_wconf 86' lang='lat' dir='ltr'><strong>Dispersit</strong></span> <span class='ocrx_word' id='word_1_799' title='bbox 2787 5600 3054 5672; x_wconf 85' lang='lat' dir='ltr'><strong>superbas</strong></span> <span class='ocrx_word' id='word_1_800' title='bbox 3126 5613 3240 5656; x_wconf 89' lang='lat' dir='ltr'><strong>non</strong></span> <span class='ocrx_word' id='word_1_801' title='bbox 3293 5599 3637 5656; x_wconf 82' lang='lat' dir='ltr'><strong>credentium</strong></span> 
     </span>
    </p>
   </div>
   <div class='ocr_carea' id='block_1_116' title="bbox 1903 5720 2133 5781">
    <p class='ocr_par' dir='ltr' id='par_1_116' title="bbox 1903 5720 2133 5781">
     <span class='ocr_line' id='line_1_116' title="bbox 1903 5720 2133 5781; baseline -0.009 -1"><span class='ocrx_word' id='word_1_802' title='bbox 1903 5720 2133 5781; x_wconf 66' lang='lat' dir='ltr'><strong>NOTAE.</strong></span> 
     </span>
    </p>
   </div>
   <div class='ocr_carea' id='block_1_117' title="bbox 421 5801 2055 5895">
    <p class='ocr_par' dir='ltr' id='par_1_117' title="bbox 421 5801 2055 5895">
     <span class='ocr_line' id='line_1_117' title="bbox 421 5801 2055 5895; baseline 0 -21"><span class='ocrx_word' id='word_1_803' title='bbox 421 5821 513 5893; x_wconf 85' lang='grc' dir='ltr'><strong>(Ι)</strong></span> <span class='ocrx_word' id='word_1_804' title='bbox 545 5801 1044 5878; x_wconf 49' lang='lat' dir='ltr'><strong>(Ionian—volumen</strong></span> <span class='ocrx_word' id='word_1_805' title='bbox 1065 5821 1303 5892; x_wconf 90' lang='lat' dir='ltr'><strong>primum</strong></span> <span class='ocrx_word' id='word_1_806' title='bbox 1331 5823 1521 5895; x_wconf 79' lang='lat' dir='ltr'><strong>prima:</strong></span> <span class='ocrx_word' id='word_1_807' title='bbox 1561 5821 1814 5879; x_wconf 88' lang='lat' dir='ltr'><strong>editionis</strong></span> <span class='ocrx_word' id='word_1_808' title='bbox 1837 5837 1891 5894; x_wconf 92' lang='lat' dir='ltr'><strong>p.</strong></span> <span class='ocrx_word' id='word_1_809' title='bbox 1926 5819 2055 5877; x_wconf 76' lang='lat'><strong>190.</strong></span> 
     </span>
    </p>
   </div>
   <div class='ocr_carea' id='block_1_118' title="bbox 675 5914 1264 5976">
    <p class='ocr_par' dir='ltr' id='par_1_118' title="bbox 675 5914 1264 5976">
     <span class='ocr_line' id='line_1_118' title="bbox 675 5914 1264 5976; baseline 0.003 -3"><span class='ocrx_word' id='word_1_810' title='bbox 675 5915 950 5976; x_wconf 67' lang='lat' dir='ltr'><strong>Parnm.</strong></span> <span class='ocrx_word' id='word_1_811' title='bbox 996 5915 1114 5975; x_wconf 84' lang='lat' dir='ltr'><strong>Gn.</strong></span> <span class='ocrx_word' id='word_1_812' title='bbox 1163 5914 1264 5975; x_wconf 88' lang='lat' dir='ltr'><strong>Cl.</strong></span> 
     </span>
    </p>
   </div>
   <div class='ocr_carea' id='block_1_119' title="bbox 3229 5904 3307 5963">
    <p class='ocr_par' dir='ltr' id='par_1_119' title="bbox 3229 5904 3307 5963">
     <span class='ocr_line' id='line_1_119' title="bbox 3229 5904 3307 5963; baseline 0.038 -3"><span class='ocrx_word' id='word_1_813' title='bbox 3229 5904 3307 5963; x_wconf 84' lang='lat'><strong>39</strong></span> 
     </span>
    </p>
   </div>
  </div>
