4132 6458
551 371 691 439 1219

1755 359 2017 425 PHOTII
2049 354 2560 419 PATRIARCHZE
2598 355 2705 417 ΕΡ.

3678 356 3811 424 1220

542 492 778 547 mentes,
837 494 938 536 nec
997 478 1107 534 illis
1155 475 1407 534 umbram
1453 473 1832 532 excusationis
1878 470 2127 540 reliquit.

2238 465 2581 519 στευσάντων
2597 464 2858 531 διανοίας,
2877 465 2996 519 οὐδὲ
3012 465 3171 520 σκιὰν
3193 464 3377 530 αὐτοῖς
3394 462 3674 519 ὑπολιπὼν
3692 468 3821 522 ἀποα

542 574 680 629 Nam
710 571 934 644 proprio
985 569 1174 633 corde,
1200 583 1325 623 cum
1374 566 1504 622 talia
1539 565 1805 621 haberent
1834 562 1902 618 de
1928 561 2132 633 quibus

541 667 871 722 erubescere
902 663 1172 718 debebant
1224 659 1393 715 inﬂati
1425 668 1575 723 sunt,
1625 667 1680 713 et
1724 656 1965 712 fructum
2010 668 2135 725 pro-

542 759 676 829 priae
731 756 931 811 mentis
955 754 1235 820 lethalem,
1264 750 1707 807 incredulitatem
1754 748 2133 821 praebuerunt.

616 935 893 990 \’Ens.52.
948 930 1153 985 Photii.
1202 925 1274 982 Ut
1327 927 1515 989 homo,
1572 924 1836 994 exponit;
1902 939 2026 977 nam
2078 931 2136 977 ut

544 1028 711 1093 Deus,
746 1041 911 1097 supra
966 1023 1113 1094 quod
1148 1034 1406 1091 magnum
1435 1025 1540 1073 est.

617 1118 891 1188 Ejusdem.
921 1113 1148 1184 Magnus
1171 1112 1294 1177 erit,
1326 1109 1475 1180 quod
1500 1109 1615 1177 jam
1643 1117 1783 1173 erat,
1817 1107 1919 1162 etsi
1956 1107 2139 1162 carnis

545 1209 911 1265 humilitatem
949 1204 1147 1260 induit.
1179 1200 1299 1256 Non
1350 1200 1497 1256 enim
1530 1198 1891 1254 humanitatis
1922 1213 2141 1253 assum-

546 1305 684 1372 ptio,
731 1299 1166 1371 magnitudincm
1203 1293 1484 1349 imminuit
1523 1292 1861 1358 divinitatis;
1904 1291 1998 1347 sed
2041 1306 2143 1361 po-

548 1398 659 1450 tius
700 1396 969 1451 attollitur
1012 1395 1080 1449 ad
1114 1394 1261 1448 illam
1295 1390 1654 1446 humanitatis
1680 1390 1984 1444 humilitas.
2024 1387 2141 1442 Etsi

547 1487 718 1556 igitur
746 1485 815 1541 ad
843 1501 1064 1540 carnem
1093 1483 1367 1539 demissus
1402 1492 1509 1546 est,
1541 1481 1617 1535 ita
1674 1489 1859 1536 tamen
1900 1483 1999 1534 erit
2027 1496 2141 1533 ma-

542 1594 699 1647 gnus,
723 1588 783 1632 ut
827 1585 968 1636 erat.

620 1670 900 1739 Ejusdem.
945 1668 1086 1737 Non,
1144 1668 1365 1724 nomine
1413 1677 1469 1723 tu
1514 1664 1857 1737 appellabis,
1906 1661 2003 1717 sed
2052 1661 2143 1714 ille

542 1764 855 1829 vocabitur;
900 1778 931 1819 a
971 1779 1106 1834 quo,
1137 1779 1208 1817 an
1241 1762 1522 1817 evidenter
1562 1775 1657 1829 per
1684 1755 2140 1814 consubstantia-

2235 557 2443 627 λογίας.
2500 556 2633 609 Ἀπὸ
2672 557 2783 626 γάρ
2827 557 3035 621 οἰκείας
3085 556 3312 629 καρδίας
3361 556 3541 609 καίτοι
3595 557 3821 612 τοσαῦτα

2235 649 2452 721 ἔχοντες
2494 648 2564 701 τὰ
2604 647 2958 703 δυσωποῦντα
2997 649 3218 717 αὐτοὺς,
3269 648 3687 718 ὲφυσιώθησαν’
3731 654 3820 703 καὶ

2238 742 2453 813 καρπὸν
2476 739 2722 812 ὀλέθριον
2742 743 2842 814 τῆς
2871 740 3007 804 ίδίας
3029 739 3231 813 ψυχῆς,
3258 740 3358 814 τήν
3377 740 3639 795 ἀπιστίαν
3686 757 3821 812 παρ-

2241 836 2372 903 έστη
2384 853 2504 888 σαν.

2311 928 2395 999 [Ρ.
2428 930 2514 984 17.
2555 929 2633 1003 a.]
2672 928 2920 983 Φωτίου.
2962 927 3036 981 Τὸ
3076 927 3417 1000 ἀνθρώπινον
3485 927 3818 983 mamm-

2239 1021 2313 1086 ὡς
2331 1022 2438 1093 γὰρ
2463 1022 2616 1087 Θεὸς,
2643 1022 2737 1075 καὶ
2769 1020 2910 1092 ὑπὲρ
2934 1021 2996 1073 τὸ
3026 1021 3189 1091 μέγα.

2318 1114 2428 1168 Τοῦ
2454 1114 2659 1169 αὑτοῦ.
2684 1114 2761 1168 Ἢ
2783 1112 2972 1182 μέγας
2995 1114 3168 1167 ἔσται
3195 1113 3333 1184 ὅπερ
3377 1108 3466 1185 ἦν,
3500 1114 3550 1167 εί
3590 1116 3691 1170 καὶ
3729 1118 3824 1189 τήν

2244 1208 2556 1279 βραχύτητα
2584 1208 2686 1278 τῆς
2725 1205 2925 1279 σαρκὸς
2959 1206 3271 1260 ὑποδύεται.
3304 1207 3440 1260 Οὐδὲ
3482 1206 3620 1276 γάρ,
3646 1208 3754 1262 οὐδ’
3787 1210 3819 1280 ή

2240 1302 2339 1366 τῆς
2365 1299 2788 1370 ἀνθρωπότητος
2833 1298 3160 1370 πρόσληψις,
3200 1299 3261 1350 τὸ
3295 1298 3526 1369 μέγεθος
3555 1317 3824 1371 κατασμι-

2243 1392 2437 1462 κρύνει
2466 1393 2565 1463 τῆς
2598 1392 2872 1461 θεότητος,
2907 1390 3043 1445 ἀλλά
3092 1390 3421 1460 συνυψοῦται
3452 1390 3657 1461 μᾶλλον
3687 1394 3825 1466 αὐτῇ

2242 1487 2303 1539 τὸ
2325 1485 2580 1539 ταπεινὸν
2621 1484 2721 1555 τῆς
2760 1484 3206 1555 ἀνθρωπότητος.
3244 1483 3365 1538 Κᾶν
3395 1484 3528 1554 γοῦν
3569 1484 3824 1557 πτωχεύῃ

2243 1577 2340 1650 τὴν
2366 1579 2565 1649 σάρκα,
2592 1578 2725 1631 ἀλλὰ
2756 1578 2851 1632 καὶ
2886 1577 3075 1643 οὕτως
3107 1577 3299 1646 μέγας
3319 1577 3492 1631 ἔσται
3523 1577 3717 1651 ὥσπερ
3738 1574 3824 1651 ἦν.

2320 1671 2434 1726 Τοῦ
2472 1669 2679 1725 αὐτοῦ.
2715 1670 2915 1724 Οὐκέτι
2962 1670 3027 1723 σὺ
3065 1669 3166 1741 τὴν
3199 1670 3394 1741 κλῆσιν
3437 1670 3830 1743 όνοματοθετή-

2247 1781 2379 1829 σεις,
2406 1761 2523 1816 ἀλλ’
2561 1763 2769 1826 ἐκεῖνος
2798 1760 3191 1831 κληθήσεται.
3223 1760 3380 1833 Παρὰ
3407 1762 3574 1827 τίνος,
3608 1762 3641 1833 ἢ
3668 1761 3829 1835 δηλο-

542 1857 648 1911 lem
674 1855 935 1910 Patrem?
989 1856 1159 1910 Nemo
1209 1856 1347 1909 enim
1395 1854 1535 1908 novit
1566 1851 1771 1906 Filium
1800 1852 1905 1906 nisi
1934 1850 2130 1912 Pater;

2238 1859 2351 1909 νότι
2389 1854 2541 1926 παρά
2564 1852 2660 1908 τοῦ
2706 1852 2998 1924 ὁμοουσίου
3035 1851 3284 1923 11ατρός;
3313 1851 3512 1917 οὐδεὶς
3549 1854 3660 1924 γὰρ
3705 1852 3831 1909 οἶδε

540 1951 595 2005 in
630 1966 740 2020 quo
770 1958 955 2004 autem
1007 1958 1093 2004 est
1123 1963 1249 2002 vera
1300 1946 1544 2018 c0gnitio
1575 1946 1769 2014 geniti,
1804 1945 1894 1999 hic
1927 1958 2126 1997 nomen

540 2042 877 2112 imposuisse
929 2042 1265 2096 conveniens
1311 2040 1405 2112 qui
1460 2040 1734 2102 credatur,
1789 2039 1990 2108 dignus
2021 2046 2128 2090 est.

539 2132 837 2203 Propterea
884 2132 1018 2187 dicit
1054 2151 1066 2185 :
1106 2132 1209 2187 llic
1257 2143 1333 2188 est
1366 2133 1542 2187 Filius
1575 2148 1720 2186 meus
1753 2130 2000 2184 dilectus.
2036 2125 2133 2181 Est

539 2226 708 2296 igitur
738 2239 978 2295 semper,
1014 2227 1114 2281 etsi
1165 2241 1314 2281 nunc
1369 2240 1574 2280 nomen
1632 2223 1711 2277 illi
1767 2222 1834 2276 ad
1883 2228 2129 2274 nostram

539 2315 954 2370 instructionem
985 2315 1312 2369 declaratur.
1329 2315 1455 2370 Ideo
1483 2311 1777 2378 vocabitur,
1797 2311 1996 2380 inquit,
2022 2326 2130 2364 nou

538 2408 653 2461 lict.
688 2404 818 2462 Erat
878 2407 1026 2461 enim
1083 2416 1210 2461 ante
1255 2406 1451 2461 sarcula
1502 2402 1993 2461 consubstantialis
2024 2417 2132 2456 una

539 2514 664 2552 cum
724 2496 887 2553 Patre
938 2513 1197 2569 regnans.
1232 2497 1389 2553 Hunc
1419 2496 1717 2567 concipies,
1749 2494 1917 2564 hujus
1956 2501 2133 2547 mater

538 2591 885 2657 ostenderis;
954 2592 1100 2646 hunc
1166 2601 1297 2647 tuus
1346 2590 1627 2661 virgineus
1687 2597 1880 2643 uterus
1916 2586 2127 2656 recipit,

537 2699 700 2754 quem
741 2685 1007 2739 ccelurum
1040 2685 1385 2740 immensitas
1416 2698 1524 2739 non
1555 2683 1813 2738 continet.

609 2860 810 2916 Photii.
844 2859 948 2916 Sed
975 2861 1104 2932 quid
1132 2860 1197 2915 ad
1226 2861 1329 2917 ista
1379 2859 1729 2915 sanctissima
1775 2856 1977 2928 Virgo?
2003 2871 2129 2910 num

536 2955 720 3011 verbis
771 2954 1061 3021 mollitam,
1095 2964 1190 3008 aut
1233 2953 1537 3008 intellectui
1590 2952 1843 3008 auditum
1895 2951 2131 3005 libenter

537 3048 868 3119 praebentem
897 3046 1035 3102 dixit
1067 3046 1382 3101 inconsulto
1418 3060 1708 3101 assensum
1744 3059 1804 3100 se
1829 3040 2134 3114 praestare?

536 3156 787 3196 minime.

605 3325 737 3380 Car.
772 3324 837 3379 ll.
875 3324 1041 3380 Vsus.
1088 3324 1179 3380 54.
1211 3322 1413 3377 Pliotii.
1478 3320 1628 3388 Scio,
1682 3319 1883 3390 inquit,
1921 3326 2127 3389 aperte,

539 3428 600 3473 ut
626 3426 977 3488 conceptum,
1033 3418 1487 3487 praegnationem,
1572 3422 1628 3469 et
1664 3412 1865 3467 Filium
1928 3411 2063 3466 mihi
2086 3419 2141 3465 et

536 3518 754 3579 partum
841 3524 1095 3563 enarras.
1169 3508 1277 3563 Sed
1340 3507 1514 3562 multo
1585 3505 1762 3576 magis
1806 3505 2137 3560 anxietatem

538 3604 767 3666 auxisti,
823 3618 857 3657 ο
891 3602 1137 3673 Angele;
1190 3610 1381 3671 partus
1413 3601 1560 3657 enim
1608 3600 1790 3654 omnis
1817 3599 1920 3653 viri
1949 3598 2139 3669 cogni-

536 3698 686 3751 tione
747 3704 1121 3766 comparatur.
1187 3694 1305 3750 Mea
1365 3705 1551 3749 autem
1600 3694 1846 3748 virorum
1878 3693 2143 3748 societate

537 3789 920 3853 abhorrentia,
962 3803 1071 3841 non
1107 3786 1239 3841 mihi
1278 3785 1517 3856 primum
1546 3784 1966 3855 intelligentiam
1998 3798 2141 3854 pra:-

538 3890 649 3937 stat
683 3880 850 3950 hujus
867 3880 1244 3950 conceptionis
1269 3895 1285 3945 ;
1308 3878 1590 3949 Quomodo
1615 3893 1746 3948 ergo
1770 3878 1875 3933 erit
1898 3877 2138 3947 genitus.

535 3974 698 4044 cujus
727 3974 943 4043 genitor
973 3986 1083 4027 non
1116 3972 1513 4044 cognoscitur?

612 4064 815 4120 Photii.
874 4063 981 4130 Qui
1036 4065 1185 4118 enim
1236 4064 1543 4119 sterilitatis
1590 4065 1873 4119 vinculum
1941 4062 2138 4128 solvit,

2236 1949 2345 2003 τὸν
2383 1948 2544 2016 Υιὸν,
2571 1949 2625 2001 εὶ
2645 1946 2732 2016 μὴ
2775 1949 2808 2001 ό
2840 1945 3044 2014 Πατήρ
3064 1962 3077 1975 ·
3125 1945 3257 2016 παρ’
3286 1940 3347 2000 οὗ
3381 1946 3439 2000 δὲ
3470 1946 3672 2015 γνῶσις⁹
3701 1948 3831 2019 άλη-

2235 2041 2333 2113 θὴς
2361 2039 2458 2093 τοῦ
2488 2041 2849 2110 γεννήματος,
2872 2030 3027 2101 οὗτος
3057 2036 3326 2092 ἐπιθεῖναι
3356 2039 3452 2091 καὶ
3478 2036 3673 2106 κλῆσιν
3703 2054 3831 2091 κατ-

2234 2133 2466 2204 άλληλον
2513 2131 2862 2197 ἀξιόπιστοςο
2911 2130 2991 2184 διὸ
3038 2131 3132 2183 καί
3184 2146 3385 2199 φησιν’
3422 2124 3613 2195 Οὗτός
3635 2128 3769 2183 ἐστι
3797 2132 3830 2183 ὁ

2234 2226 2365 2292 Υἱός
2386 2243 2508 2295 μου
2548 2228 2580 2279 ό
2608 2224 2938 2291 ἀγαπητός.
2967 2223 3156 2275 Ἔστιν
3191 2216 3284 2277 οὖν
3324 2222 3434 2287 ἀεὶ,
3468 2223 3517 2276 εί
3558 2222 3653 2276 καλ⁵
3679 2222 3775 2275 νῦν
3796 2224 3830 2294 ή

2235 2319 2429 2390 κλῆσις
2456 2315 2605 2387 αὐτῷ
2628 2317 2708 2379 εἰς
2734 2316 3011 2386 ἡμετέραν
3033 2312 3383 2367 διδασκαλίαν
3412 2312 3826 2383 πεφανέρωται.

2236 2412 2333 2465 Διά
2376 2409 2539 2463 τοῦτο
2586 2409 2676 2463 καὶ
2727 2407 3122 2475 κληθήσεται,
3175 2404 3367 2477 φησὶν,
3416 2405 3476 2459 ού
3514 2406 3830 2475 γενήσεται.

2233 2500 2342 2557 Ἦν
2376 2503 2485 2571 γὰρ
2514 2502 2609 2555 καὶ
2644 2501 2751 2572 πρὸ
2776 2499 2990 2555 αἰώνων
3022 2499 3098 2570 τῷ
3129 2498 3404 2570 ὁμοουσίῳ
3461 2498 3833 2566 συνεδριάζων

2234 2593 2431 2665 Πατρί.
2461 2593 2665 2646 Τοῦτον
2698 2592 2967 2663 συλλήψῃ,
2989 2590 3184 2644 τούτου
3214 2591 3398 2662 μήτηρ
3427 2589 3831 2661 ἀναδειχθήσῃ,

2232 2683 2425 2739 τοῦτον
2458 2684 2486 2737 ὁ
2511 2684 2603 2747 σὸς
2634 2682 2966 2755 παρθενικὸς
2991 2682 3313 2753 ὑποδέχεται
3330 2680 3550 2745 κόλπος,
3579 2680 3638 2734 ὃν
3667 2681 3833 2752 οὐρά-

2236 2794 2348 2831 νιον
2372 2777 2473 2829 ούκ
2511 2774 2760 2847 ἐχώρησε
2786 2773 2975 2837 κῦτος.

2306 2866 2393 2939 [Ρ.
2425 2868 2511 2923 18.
2541 2866 2625 2939 α.]
2650 2868 2897 2921 Φωτίου.
2939 2866 3101 2919 Ἀλλά
3132 2865 3185 2918 τί
3225 2865 3363 2936 πρὸς
3390 2864 3566 2917 ταῦτα
3604 2865 3636 2935 ή
3699 2881 3837 2918 παν-

2239 2960 2374 3029 αγία
2413 2959 2723 3031 Παρθένος;
2756 2954 2865 3031 ἆρα
2894 2959 3058 3021 εὐθὺς
3084 2955 3537 3027 κατεμαλακίσθη
3573 2956 3691 3019 τοῖς
3744 2955 3836 3008 λό-

2235 3069 2376 3121 γοις,
2413 3051 2446 3123 ἢ
2474 3050 2573 3114 τὰς
2601 3050 2771 3114 ἀκοὰς
2792 3050 2965 3120 ἡδέως
2999 3049 3392 3104 ἀναπετάσασα
3418 3049 3530 3111 τοῖς
3546 3046 3838 3118 λογισμοῖς

2239 3144 2415 3213 ἐφῆκε
2460 3141 2648 3212 φέρειν
2696 3140 3073 3206 ἀνεξετάστως
3108 3143 3207 3210 τὴν
3243 3136 3692 3206 συγκατάθεσιν;
3735 3136 3840 3189 Ού-

2186 3221 2208 3243 ’
2244 3239 2453 3309 δαμῶς.

2317 3328 2397 3402 [Ρ.
2422 3328 2487 3384 18
2513 3328 2591 3401 a.]
2617 3329 2864 3382 Φωτίου.
2885 3323 3038 3393 Οἶδα,
3073 3326 3260 3397 φησὶν,
3294 3325 3576 3396 ἐμφανῶς,
3605 3326 3684 3388 ὡς
3721 3324 3842 3378 σύλ-

2243 3422 2405 3493 ληψιν
2445 3422 2541 3474 καὶ
2586 3423 2915 3495 κυοφορίαν,
2954 3420 3049 3475 καὶ
3091 3419 3220 3472 Υίόν
3266 3436 3380 3489 μοι,
3416 3418 3513 3471 καὶ
3539 3418 3725 3484 τόκον,
3754 3419 3840 3473 λο-

2244 3518 2565 3586 γογραφείς.
2612 3516 2773 3570 Ἀλλὰ
2804 3515 2986 3588 πολλῷ
3019 3515 3183 3568 πλέον
3205 3512 3451 3585 ηὖξησας
3469 3513 3571 3584 τήν
3599 3515 3839 3587 ἀπορίαν

2243 3601 2289 3660 ὧ
2322 3608 2543 3675 ἄγγελε.
2568 3608 2738 3673 Τόκος
2761 3607 2869 3679 γάρ
2890 3606 3057 3673 ἅπας,
3084 3604 3277 3677 ἀνδρὸς
3296 3606 3555 3676 κοινωνίᾳ
3578 3608 3838 3660 συνίστα·

2244 3715 2355 3752 ταν
2387 3702 2418 3770 ή
2449 3698 2506 3752 δὲ
2528 3699 2629 3771 τῆς
2663 3700 2802 3770 πρὸς
2831 3699 3033 3770 ἄνδρας
3060 3696 3275 3768 ὁμιλίας
3298 3696 3680 3767 ἁλλοτρίωσις,
3717 3696 3840 3752 οὐδὲ

2245 3793 2345 3862 τὴν
2368 3792 2544 3863 ἀρχὴν
2567 3794 2648 3856 εἰς
2680 3791 2852 3863 ἀκοὴν
2879 3790 3207 3861 κατέρχεται
3229 3788 3326 3859 τῆς
3350 3788 3691 3860 συλλήψεως.
3712 3790 3836 3853 Πῶς

2243 3882 2338 3937 οὖν
2386 3882 2540 3937 ἔσται
2586 3900 2681 3954 μοι
2735 3882 3005 3954 γέννημα,
3048 3875 3112 3935 οὗ
3169 3881 3456 3953 γεννήτωρ
3506 3880 3611 3934 οὐκ
3666 3880 3839 3951 ἐγνώ-

2248 3993 2466 4048 ρισται;

2316 4066 2472 4139 [Pag.
2519 4066 2583 4122 21
2620 4065 2698 4138 a.]
2732 4067 2980 4120 Φωτίου.
3024 4066 3083 4119 '0
3127 4065 3237 4138 γὰρ
3296 4068 3646 4140 πειρώσεως
3692 4066 3839 4121 λύων

537 4159 658 4228 ipse
689 4166 908 4228 partum
942 4156 1020 4211 illi
1051 4166 1233 4227 potest
1260 4165 1539 4227 prastare,
1570 4158 1777 4229 absque
1807 4156 1911 4211 viri
1935 4170 2133 4226 coope-

2241 4157 2436 4228 δεσμὰ,
2468 4157 2630 4221 αὐτὸς
2665 4158 2759 4211 καὶ
2800 4156 2959 4210 τόκον
3002 4157 3182 4229 ἑαυτῷ
3206 4158 3435 4215 δύναται
3482 4161 3841 4215 κατασκευά-

534 4251 769 4305 ratiune.
802 4250 906 4317 Qui
939 4251 1088 4304 enim
1123 4251 1384 4305 siccatam
1432 4250 1673 4306 radicem
1707 4251 1763 4306 in
1796 4248 2133 4305 fructiferam

2241 4267 2354 4315 σαι,
2373 4250 2497 4321 δίχα
2526 4250 2809 4322 μεσιτείας
2837 4249 3051 4322 ἀνδρός.
3083 4251 3142 4305 '0
3163 4253 3262 4323 τήν
3286 4253 3351 4324 ξη
3362 4253 3655 4327 ρανθεῖσαν
3679 4252 3841 4325 ῥίζαν

539 4343 783 4415 stipitem
827 4352 1127 4407 restaurat,
1160 4344 1250 4399 hic
1280 4359 1501 4414 quoque
1528 4344 1649 4399 sine
1680 4344 1912 4398 humore
1945 4356 2133 4413 agrum

2240 4346 2320 4409 είς
2348 4344 2697 4416 καρποφόρον
2739 4342 2993 4415 στέλεχος
3028 4344 3367 4413 ἀνανεώσας,
3412 4346 3577 4409 αὐτὸς
3604 4347 3709 4400 καὶ
3740 4346 3841 4415 τὴν

537 4435 593 4488 iu
647 4433 938 4490 fecundum
990 4450 1183 4489 arvum
1233 4434 1308 4488 illi
1340 4435 1649 4489 reuovabit.
1685 4434 1783 4488 Sin
1823 4442 2005 4487 autem
2037 4447 2133 4486 vo-

2238 4436 2473 4507 άνικμον
2515 4435 2759 4508 ἄρουραν
2812 4438 2893 4501 είς
2930 4435 3163 4509 εὔφορον
3192 4437 3379 4511 χώραν
3417 4438 3597 4509 ἑαυτῷ
3645 4457 3839 4493 καινο-

536 4525 704 4579 luerit
744 4540 839 4594 per
881 4526 1129 4595 exempla
1186 4525 1345 4579 ﬁdem
1408 4525 1604 4579 horum
1639 4540 1761 4595 qua:
1805 4525 2130 4579 nuntiantur

2238 4529 2479 4599 ποιήσει.
2510 4528 2608 4581 Ἂν
2640 4528 2697 4581 δὲ
2727 4527 2893 4601 βούλῃ
2921 4531 3016 4583 καὶ
3060 4530 3469 4601 παραδείγμασι
3494 4531 3604 4585 τῶν
3638 4534 3843 4602 ἀπηγ-

537 4620 809 4690 accipere,
838 4620 1022 4690 parvis
1062 4634 1259 4689 magna
1283 4633 1642 4689 componens,
1670 4628 1721 4672 et
1759 4633 1857 4687 per
1898 4629 2125 4687 praeter-

2240 4617 2523 4689 γελμένων
2555 4616 2655 4688 τὴν
2696 4617 2877 4672 πίστιν
2910 4619 3354 4690 παραδέξασθαι,
3382 4623 3603 4692 μικροῖς
3635 4623 3708 4674 τὰ
3744 4639 3842 4691 με·

537 4712 615 4768 ita
678 4710 838 4768 ﬁdem
876 4712 1082 4767 addens
1110 4712 1344 4778 tuturis;
1376 4713 1448 4766 ita
1479 4712 1737 4781 concipias
1781 4711 1836 4765 in
1885 4720 2034 4765 utero
2080 4719 2130 4763 et

2240 4706 2382 4776 γάλα
2422 4707 2749 4772 είκάζουσα,
2796 4709 2892 4762 καὶ
2931 4711 3043 4772 τοῖς
3091 4709 3329 4779 φθάσασι
3380 4711 3728 4782 πιστουμένη
3774 4712 3842 4765 τὰ

539 4808 715 4876 paries
752 4807 949 4876 ﬁlium,
1005 4816 1063 4861 ut
1097 4806 1247 4876 virga
1296 4805 1478 4860 Aaron
1525 4805 1731 4859 inculta
1779 4805 2125 4874 germinavit,

2243 4798 2524 4869 μέλλοντα,
2573 4797 2749 4863 οὕτως
2791 4800 3094 4869 eumue-7;
3145 4801 3215 4854 ἐν
3261 4802 3474 4872 γαστρὶ
3526 4803 3629 4857 καὶ
3690 4802 3840 4873 τέξῃ

540 4895 701 4965 quasi
738 4896 981 4952 radicum
1015 4912 1117 4965 ope
1150 4897 1374 4965 adjuta;
1410 4904 1469 4950 ut
1503 4910 1596 4951 ros
1622 4910 1653 4950 e
1685 4895 1824 4950 ιτωιο
1865 4894 1919 4949 ἰη
1953 4895 2129 4949 vellus

2238 4887 2392 4952 υἱὸν,
2428 4888 2504 4954 ὡς
2532 4890 2563 4960 ή
2600 4888 2797 4960 ῥάϐδος
2848 4888 3062 4961 Ἀαρὼν
3096 4893 3471 4964 ἀγεωργήτους
3504 4892 3837 4965 ὲὸλάστησε,

539 4989 902 5057 descendens,
953 4988 1131 5059 ipsum
1187 4990 1366 5044 solum
1424 4989 1643 5060 rigavit,
1686 4998 1888 5043 terram
1940 4999 2126 5043 autem

2238 4980 2303 5034 τά
2331 4980 2442 5033 τῶν
2490 4982 2879 5055 ἐρριζωμένων
2909 4984 3282 5055 ὲνεργήσασα·
3308 4984 3390 5052 ὡς
3418 4986 3448 5039 ό
3485 4986 3643 5051 ὑετὸς
3671 4989 3841 5059 ούρα-

537 5094 654 5134 ιιοη
704 5078 1076 5146 humectavit;
1108 5089 1167 5133 ut
1212 5080 1381 5135 rubus
1424 5080 1548 5151 igne
1583 5080 1739 5143 arsit,
1767 5092 1822 5135 et
1853 5077 2127 5133 ﬂammam

539 5172 794 5227 nutriens
813 5188 920 5228 non
955 5182 1321 5243 consumptus
1364 5182 1450 5229 est
1485 5195 1497 5228 :
1532 5174 1613 5228 sic
1656 5183 1713 5228 et
1747 5180 1805 5227 tu
1850 5172 2131 5241 concipies

536 5267 735 5335 ﬁlium,
786 5281 1007 5321 carnem
1056 5275 1347 5337 praestans,
1393 5266 1719 5321 alimentum
1776 5264 2125 5320 immateriali

538 5358 651 5429 igni
701 5359 973 5429 przebens,
1029 5369 1086 5413 et
1140 5359 1716 5430 incorruptibilitatem
1768 5372 2124 5414 conservans.

541 5446 673 5503 Haec
704 5449 851 5504 enim
898 5459 1046 5505 tuam
1087 5452 1295 5521 pridem
1342 5453 1767 5523 praeligurabant
1802 5452 2129 5523 pra'gnatio-

546 5556 709 5607 nem;
763 5543 1019 5598 innovata
1075 5554 1203 5598 sunt
1264 5544 1365 5601 ista
1423 5554 1479 5600 et
1541 5546 2023 5615 praeexstiterunt,
2070 5556 2129 5600 ut

540 5633 792 5702 mysterii
839 5636 892 5689 in
928 5646 981 5689 te
1012 5636 1330 5692 exsistentis
1384 5638 1781 5695 adumbrarent
1818 5639 2128 5709 incompre-

542 5720 990 5780 hensibilitatem.

2233 5072 2386 5128 νόθεν
2414 5074 2506 5128 ἐπὶ
2530 5075 2622 5127 τὸν
2644 5077 2812 5129 πόκον
2848 5076 3173 5147 φερόμενος,
3206 5077 3369 5131 αὑτὸν
3398 5079 3563 5148 μόνον
3584 5080 3838 5145 ὲπότιζε,

2233 5163 2333 5232 τὴν
2353 5163 2409 5217 δὲ
2450 5163 2555 5231 γῆν
2595 5165 2698 5217 οὐκ
2729 5164 3027 5236 ἐδρόσιζεν·
3074 5165 3151 5230 ὡς
3181 5169 3214 5237 ή
3250 5167 3410 5236 βάτος
3445 5168 3507 5221 τὸ
3559 5167 3679 5239 πῦρ
3731 5172 3839 5223 ὑπο

2233 5248 2469 5318 εδέχετο,
2490 5249 2585 5303 καὶ
2608 5252 2707 5319 τὴν
2726 5251 2902 5319 φλόγα
2922 5252 3219 5323 τρέφουσα,
3241 5257 3341 5309 οὐκ
3358 5255 3669 5329 ἐφθείρετο·
3692 5259 3840 5312 οὕτω

2234 5339 2328 5391 καὶ
2365 5340 2429 5391 σὺ
2474 5341 2723 5415 συλλήψῃ
2761 5343 2875 5397 υἱὸν
2915 5345 3095 5415 σάρκα
3123 5347 3469 5415 δανείζουσα,
3515 5352 3734 5422 τροφὴν
3762 5352 3840 5423 τῷ

2238 5431 2387 5502 ἁύλῳ
2422 5434 2559 5505 πυρὶ
2607 5436 2947 5507 παρέχουσα,
2988 5439 3083 5493 καὶ
3128 5439 3226 5511 τὴν
3276 5440 3592 5512 ἀφθαρσίαν
3639 5444 3839 5498 ἀνθέλο

2239 5541 2429 5578 κουσα.
2461 5526 2643 5580 Ταῦτα
2672 5528 2781 5598 γὰρ
2810 5526 2909 5599 τὴν
2940 5528 3040 5612 σὴν
3071 5531 3357 5602 πόρρωθεν
3404 5533 3838 5608 προεζωγράφει

2237 5617 2571 5686 κυοφορίαν·
2638 5621 3028 5693 ἑκαινοποιήθη
3079 5624 3255 5679 ταῦτα
3307 5628 3403 5679 καὶ
3465 5632 3833 5701 προῦπέστη,

2236 5706 2325 5758 ἵνα
2351 5706 2442 5759 τοῦ
2465 5711 2604 5762 κατὰ
2644 5710 2703 5763 σὲ
2747 5713 3048 5783 μυστηρίου
3091 5720 3485 5793 σκιαγραφήσῃ
3522 5721 3584 5775 τὸ
3612 5723 3834 5778 ἀκατάο

2238 5798 2465 5849 λππτον.

2272 5816 2465 5869 ηπτον.
