4132 6462
391 410 521 475 1⁶221

384 613 542 680 ἅγιον
572 612 967 669 ἐπελεύσεσθαι
999 616 1389 689 διετράνωσας,
1415 622 1601 677 οὐκέτι
1632 626 1965 696 ἀντιπίπτω,

381 703 503 757 οῦδὲ
528 705 818 773 ἀντιλέγω.
854 707 1176 776 Γενηθήτω
1208 728 1312 779 μοι
1354 712 1505 766 κατὰ
1543 714 1604 768 τὸ
1625 716 1795 786 ῥῆμά
1825 735 1964 775 σου.

380 794 444 847 Εἰ
471 793 600 859 ἀξία
626 795 706 867 τῷ
730 798 980 870 Δεσπότῃ
1013 799 1295 871 κρίνομαι,
1334 802 1668 876 ὑπουργήσω
1698 810 1966 879 χαίρουσα

378 887 458 958 τῷ
503 887 794 959 θελήματι·
823 890 871 942 εί
916 892 944 944 6
985 892 1238 965 Πλάστης
1266 893 1342 964 τῷ
1375 895 1655 968 πλάσματι
1688 902 1965 956 ἀναπαύε-

375 997 489 1045 ται,
534 981 889 1052 οίκοδομείτω
920 983 1012 1037 τὸν
1054 980 1202 1039 οἷκον
1242 987 1407 1053 αὐτὸς
1448 991 1648 1062 ἑαυτῷ,
1697 994 1775 1058 ὡς
1814 997 1964 1050 εὑδό-

378 1086 534 1138 κησε·
566 1070 986 1134 ζωοπλαστείτω
1016 1074 1073 1128 ὲν
1116 1076 1240 1145 ἐμοὶ
1270 1076 1370 1148 τὴν
1397 1080 1578 1150 σάρκα
1609 1082 1709 1154 τὴν
1743 1084 1959 1150 ἑαυτοῦ,

374 1163 449 1228 ὼς
485 1162 627 1217 οἶδεν
657 1164 820 1227 αὐτὸς
854 1165 951 1219 καὶ
977 1165 1053 1229 ὡς
1094 1166 1380 1237 βούλεται·
1410 1172 1625 1240 γένοιτό
1660 1193 1750 1247 μοι
1792 1176 1860 1230 τὰ
1892 1180 1961 1234 σὰ

376 1252 597 1324 ῥήματα
627 1253 865 1325 περατού
875 1272 1014 1325 μενα
1042 1256 1353 1327 πράγματι.

444 1343 522 1416 [p.
545 1347 636 1399 27.
674 1345 750 1418 a.]
770 1347 1037 1402 Φωτίου..
1064 1348 1124 1400 Ὀ
1155 1350 1466 1421 ἀσπασμὸς,
1492 1352 1699 1408 ἄνωθεν
1731 1358 1800 1428 ἠ
1836 1357 1963 1411 σύλ-

370 1439 531 1513 ληψις
553 1441 793 1511 ἄσπορος
813 1457 828 1471 ο
866 1441 898 1509 ἡ
929 1440 1146 1513 κύησις,
1177 1443 1471 1515 ἄφραστος
1500 1445 1710 1511 ὠδῖνες,
1737 1449 1960 1520 ἀλόχευ-

369 1547 451 1582 τοι
475 1546 489 1560 ’
522 1531 755 1602 σφραγὶς
796 1531 894 1601 τῆς
927 1532 1243 1602 παρθενίας,
1270 1534 1434 1606 ἡτῶν
1459 1536 1661 1592 ὠδίνων
1694 1538 1955 1606 διάλυσις·

367 1628 397 1678 6
444 1624 623 1689 τόκος,
668 1625 904 1696 ἅφθορος
938 1627 1071 1680 ’καὶ
1123 1626 1158 1697 ἡ
1207 1628 1471 1697 τεκοῦσα,
1533 1632 1804 1702 παρθένος
1862 1636 1959 1689 καὶ

371 1718 509 1785 μετὰ
564 1718 836 1787 γέννησιν.
898 1717 1032 1781 Θεὸς
1075 1718 1134 1773 ὲν
1193 1720 1408 1791 σαρκὶ,
1462 1721 1524 1774 τὸ
1591 1723 1971 1794 τικτόμενονον

366 1808 527 1877 χορὸς
571 1809 839 1876 ἀγγέλων,
864 1804 1017 1881 ᾆσμα
1056 1810 1119 1864 τὸ
1177 1809 1362 1882 θαῦμα
1408 1811 1741 1882 ποιούμενοι.
1785 1815 1956 1871 Ἔνθα

363 1899 632 1953 τοσούτων
670 1900 764 1954 καὶ
806 1902 1137 1971 τηλικούτων
1196 1902 1472 1975 συνδρομὴ
1502 1946 1517 1971 ,
1571 1905 1689 1971 πῶς
1741 1908 1805 1963 ἄν
1866 1926 1950 1974 τις
1978 1902 2026 1962 Β

361 1991 886 2063 διαμφισϐητήσειε,
942 1996 1048 2048 κᾶν
1087 1994 1265 2048 πάντα
1314 1997 1531 2051 ἀσεϐεῖν
1584 1998 1738 2054 ἔθετο
1790 2002 1945 2073 μελέο

360 2100 482 2153 την,
509 2086 589 2136 ὅτι
640 2085 717 2155 μὴ
772 2084 893 2156 οὐχὶ
939 2086 1271 2157 ταρθένοςὴ
1325 2088 1599 2160 Παρθένος
1643 2093 1738 2146 καὶ
1782 2093 1945 2167 μέχρι

359 2175 548 2239 τέλους
576 2176 882 2247 διέμεινεν;
914 2176 1055 2231 ὥστε
1080 2179 1112 2248 ἡ
1139 2178 1249 2232 τῶν
1292 2180 1581 2251 ἀχράντων
1612 2182 1787 2252 λόγων
1813 2186 1946 2257 ἀλή-

359 2269 481 2322 θεια
509 2270 570 2322 τὸ
601 2270 702 2340 μὲν
726 2269 1028 2337 παράδοξον
1061 2271 1153 2323 καὶ
1182 2271 1468 2342 ὑπερφυὲς
1491 2274 1586 2326 καὶ
1617 2274 1758 2346 ὑπὲρ
1784 2278 1945 2331 κατά-

355 2361 544 2432 ληψιν,
579 2361 855 2435 ἠϐουλήθη
907 2363 1275 2435 παραστῆσαι,
1306 2365 1443 2435 ὅπερ
1477 2367 1591 2418 ἐστὶ
1616 2367 1775 2432 τόκος
1814 2370 1941 2423 ἄνευ

354 2450 548 2522 ἀνδρὸς
577 2450 946 2519 ἐπιγνώσεωςσ
999 2452 1062 2504 τὸ
1093 2451 1150 2505 δὲ
1202 2453 1340 2522 μετὰ
1385 2451 1579 2518 ταῦτα,
1626 2457 1768 2507 νοεῖν
1821 2473 1943 2509 κατ-

353 2542 545 2596 έλιπεν
561 2543 635 2606 ὡς
654 2542 966 2597 ἀκόλουθον.
984 2544 1055 2596 Τὸ
1081 2543 1192 2613 γάρ
1211 2541 1310 2615 τὴν
1326 2546 1383 2597 ἐν
1406 2544 1550 2614 τόκῳ
1577 2543 1941 2616 παρθενεύου-

353 2653 478 2700 σαν,
510 2637 623 2706 καις
645 2634 707 2688 τό
747 2635 932 2690 λοιπὸν
957 2634 1043 2690 διὰ
1098 2635 1214 2706 βίου
1243 2634 1621 2706 παρθενεύειν,
1644 2634 1767 2689 οὔτε
1817 2655 1941 2691 και-

356 2729 452 2782 νὺν
487 2729 623 2791 ὅλως
654 2727 687 2797 ἢ
723 2727 1048 2798 παράδοξον,
1091 2727 1225 2781 ἀλλὰ
1255 2729 1348 2781 καὶ
1391 2730 1504 2792 τοῖς
1536 2730 1937 2800 προηγησαμέ-

349 2838 469 2885 νοις
505 2819 565 2885 ὲξ
596 2819 895 2888 ἀναγκαίου
949 2818 1151 2890 μᾶλλον
1190 2818 1479 2889 ἑπόμενον.
1512 2819 1722 2883 ’Ἄλλως
1753 2837 1813 2872 τε
1845 2819 1938 2873 καὶ

346 2911 462 2966 τῶν
521 2910 794 2965 Ἰουδαίων
843 2910 984 2974 τέως
1038 2909 1412 2979 ἐπιστομίζειν
1465 2911 1493 2963 6
1544 2910 1940 2981 εύαγγελιστὴς

345 3005 497 3073 ἔγνω
517 3004 576 3057 τὸ
598 3003 940 3076 βλάσφημον,
967 3003 1017 3057 οἳ
1055 3005 1117 3057 ὲκ
1148 3002 1405 3073 πορνείας
1450 3003 1543 3057 τὸν
1575 3003 1816 3074 ἄσπορον
1851 3005 1940 3057 τό-

342 3114 444 3151 κον
471 3095 736 3167 διέσυρον.
769 3095 860 3148 Διὸ
884 3095 978 3148 καὶ
1005 3095 1139 3166 πρὸς
1160 3094 1258 3165 τὴν
1278 3094 1502 3148 ἐκείνων
1525 3095 1741 3149 ἵσταται
1770 3097 1938 3149 κακός

340 3206 521 3253 νοιαν,
561 3188 626 3241 δι’
660 3183 735 3241 ὧν
780 3188 970 3258 τρανοί
1013 3186 1114 3257 τῆς
1168 3185 1436 3257 τεκούσης
1491 3187 1552 3241 τὸ
1604 3187 1884 3258 ἀνέπαφον
1919 3207 1932 3221 ·

1580 424 2048 491 FRAGMENTA
2077 433 2157 496 IN
2182 439 2459 505 LUCAM.

456 519 612 592 iPag.
662 518 734 574 ει
776 517 858 593 b.]
908 523 1155 579 Φωτίου.
1196 524 1350 580 Ἐπεί
1392 544 1505 596 μοι,
1535 533 1703 601 φησὶ,
1747 535 1939 608 Πνεῦμι

2042 588 2047 601 .
2150 544 2354 606 Photii.

2070 649 2218 694 ctum
2252 660 2707 714 superventurum
2739 670 2863 712 esse
2890 659 3240 732 signiﬁcasti,
3272 684 3383 726 non
3432 675 3653 741 resisto,

2069 748 2177 787 non
2206 740 2546 797 contradico.
2584 742 2630 795 F
2654 755 2708 799 at
2746 750 2875 804 mihi
2905 758 3195 812 secundum
3239 764 3453 819 verbum
3479 776 3651 834 tuum,

2068 826 2113 879 si
2148 827 2310 898 digna
2361 846 2389 885 a
2441 831 2673 891 Domino
2717 841 2970 908 judiror,
3039 863 3203 918 pareo
3253 856 3498 924 gaudens
3531 826 3653 929 ejus

2067 918 2371 985 voluntati;
2407 923 2454 977 si
2483 925 2711 982 Crantor
2738 930 2791 984 in
2826 947 3075 993 creatura
3116 954 3385 1011 moratur,
3419 950 3653 1006 adiﬁcet

2067 1009 2171 1063 sibi
2207 1010 2322 1079 ipse
2350 1013 2596 1081 domum,
2624 1031 2702 1078 ut,
2723 1021 2961 1080 libuerit.
2992 1029 3255 1089 Informet
3285 1037 3339 1091 in
3366 1054 3456 1095 me
3493 1057 3651 1096 suam

2065 1116 2314 1171 carnem,
2360 1117 2420 1161 ut
2451 1111 2558 1165 scit
2604 1112 2720 1181 ipse
2753 1124 2807 1170 et
2835 1127 2894 1172 ut
2937 1122 3085 1186 vult;
3138 1126 3272 1182 ﬁant
3304 1131 3440 1187 mihi
3482 1135 3650 1191 verba

2064 1204 2156 1250 tua
2190 1198 2369 1269 reipsa
2401 1205 2690 1274 completa.

2134 1380 2331 1439 Photii.
2402 1384 2673 1446 Salutatio
2728 1396 2998 1465 caelestis;
3053 1407 3341 1476 conceptio
3386 1412 3505 1467 sine
3556 1430 3647 1470 se-

2062 1472 2243 1541 mine;
2278 1482 2581 1550 praegnatio
2632 1485 2962 1558 inetfabilis;
3020 1472 3242 1553 dolores
3284 1501 3404 1557 sine
3447 1516 3647 1574 partu;

2063 1568 2398 1637 virginitatis
2454 1575 2696 1645 sigillum
2726 1622 2739 1646 ,
2785 1582 3039 1641 dolorum
3110 1590 3398 1661 liberatio;
3447 1568 3648 1667 paruis

2062 1660 2394 1732 inviolatus;
2427 1669 2648 1738 pariens
2678 1673 2829 1745 virgo
2860 1687 2915 1732 et
2943 1691 3066 1749 post
3108 1694 3367 1753 partum;
3401 1689 3544 1747 Deus
3589 1694 3646 1749 in

2059 1768 2264 1821 carne,
2309 1774 2472 1827 quem
2503 1766 2745 1833 peperit;
2788 1771 3108 1840 angelorum
3156 1777 3364 1836 chorus
3414 1786 3646 1842 canticis

2060 1848 2368 1918 prodigittm
2413 1853 2829 1914 celebrantium.
2868 1861 2970 1918 Hic
3010 1867 3197 1923 talium
3254 1880 3310 1925 et
3361 1882 3645 1933 tantorum

2057 1936 2160 1993 fuit
2179 1956 2511 2012 concursus;
2540 1952 2818 2017 quomodo
2831 1958 3186 2015 contenderet
3206 1962 3427 2033 aliquis,
3449 1982 3646 2037 quam-

2057 2033 2139 2089 vis
2188 2050 2352 2092 omne
2408 2038 2465 2093 in
2519 2041 2854 2113 impietatem
2909 2051 3150 2107 studium
3202 2061 3467 2125 posuerit,
3532 2079 3641 2117 non

2052 2127 2320 2198 virginem
2372 2130 2440 2186 ad
2490 2134 2654 2190 ﬁnem
2716 2143 3108 2209 permansisse,
3169 2162 3295 2201 cum
3347 2156 3639 2209 Vct'ltOt'llm

2056 2219 2508 2280 intemeratorum
2541 2228 2747 2283 veritas
2775 2235 3062 2290 ostendere
3092 2239 3329 2296 voluerit
3365 2259 3479 2299 rem
3519 2256 3640 2301 stu-

2052 2313 2285 2382 pendam
2317 2326 2373 2372 et
2413 2333 2578 2388 supra
2612 2332 2867 2379 naturam
2910 2336 2967 2383 et
3012 2328 3344 2388 intellectum
3380 2339 3637 2405 positam,

2051 2421 2175 2474 quae
2223 2417 2328 2472 est,
2380 2422 2569 2480 partus
2614 2415 2734 2471 sine
2773 2418 2873 2472 viri
2907 2422 3260 2491 cognitione?
3288 2424 3418 2492 Quae
3449 2440 3636 2485 autem

2050 2510 2377 2571 sequuntur,
2426 2506 2703 2575 explicare
2754 2510 2967 2580 inutile,
3018 2527 3208 2585 utpote
3261 2524 3632 2580 consectaria.

2053 2591 2333 2663 Virginem
2365 2598 2511 2653 enim
2550 2601 2601 2654 in
2634 2611 2792 2671 partu
2827 2604 3021 2674 fuisse,
3057 2619 3111 2665 et
3136 2613 3347 2683 reliqua
3382 2617 3495 2672 vita
3527 2621 3637 2672 vir-

2047 2686 2232 2754 ginem
2268 2703 2613 2759 permanere,
2644 2712 2822 2765 neque
2848 2713 3047 2755 novum
3079 2705 3307 2761 omnino
3340 2721 3425 2764 est
3455 2702 3637 2782 neque

2048 2780 2403 2847 stupendum,
2437 2782 2529 2837 sed
2555 2786 2738 2853 potius
2766 2792 3079 2847 necessario
3102 2810 3169 2849 ex
3200 2807 3359 2852 antea
3396 2805 3636 2861 narratis

2048 2872 2320 2941 sequitur.
2384 2873 2501 2928 lmo
2569 2875 2886 2934 Judaeorum
2952 2898 3175 2954 quoque
3234 2888 3633 2959 blasphemiam

2049 2966 2342 3021 retundere
2392 2969 2571 3037 potuit
2636 2972 2993 3041 evangelista,
3047 2976 3142 3046 qui
3182 2993 3213 3032 e
3269 2983 3635 3042 fornicatione

2045 3072 2168 3112 esse
2223 3060 2616 3117 inseminatutn
2678 3076 2897 3134 partum
2947 3068 3353 3130 obtrectabant.
3404 3076 3533 3133 Ideo
3581 3092 3637 3137 et

2045 3158 2237 3205 contra
2270 3152 2488 3207 illorum
2523 3157 2719 3210 malam
2749 3169 2985 3214 mentem
3017 3173 3357 3230 Statuuntur,
3382 3185 3479 3239 per
3509 3188 3634 3241 qua:

337 3279 487 3331 ἀλλὰ
508 3244 612 3331 ’καὶ
638 3277 698 3330 τὸ
720 3244 852 3342 ἕως,
887 3244 1082 3330 ἐνίοτε.
1093 3244 1191 3347 μὲν
1230 3276 1367 3347 πρὸς
1392 3244 1812 3351 πάντιδιαστολὴύ
1843 3277 1936 3332 τοῦ

2044 3244 2310 3313 parientis
2340 3247 2732 3307 inviolabilitas
2762 3252 3193 3327 demonstretur,
3238 3264 3334 3318 sed
3362 3274 3417 3319 et
3446 3266 3504 3318 τὸ
3530 3270 3632 3320 do-

338 3371 553 3442 ὲφεξῆς
582 3370 799 3441 χρόνου,
834 3369 910 3433 ὡς
939 3371 1177 3441 εἴρηται,
1217 3370 1733 3442 παραλαμϐάνεται,
1767 3373 1938 3425 ἐνίοτε

332 3463 393 3515 δὲ
419 3462 520 3514 ἐπὶ
550 3460 780 3532 δηλώσει
809 3460 1062 3530 μεγάλων
1090 3460 1268 3531 ἔργων
1290 3462 1385 3513 καὶ
1406 3460 1745 3532 θεοπρεπῶν,
1765 3462 1939 3515 καθά-

331 3573 448 3628 περ
498 3555 612 3616 νῦν,
657 3554 717 3607 ού
769 3553 874 3625 μὴν
905 3552 1044 3624 πρὸς
1094 3552 1502 3625 ἀντιδιαστολὴν
1558 3553 1747 3637 ἑτέρου
1808 3555 1933 3626 χρό⁹

328 3667 429 3704 νου
469 3648 635 3711 τινὸς,
667 3646 804 3700 ἀλλὰ
836 3647 931 3700 καὶ
961 3646 1276 3700 τούναντίον
1302 3649 1382 3706 εἰς
1415 3646 1756 3718 ύποδήλωσιν
1788 3650 1928 3702 ἀπε-

328 3741 544 3814 ράντου
616 3738 1006 3810 διαστήματος.
1055 3739 1167 3791 Καὶ
1219 3737 1472 3793 ἀνατελεί
1529 3738 1639 3809 γὰρ
1667 3740 1749 3809 εὲν
1813 3742 1935 3804 ταῖς

324 3834 582 3905 ἡμέραις
646 3830 809 3885 αὑτοῦ
871 3829 1209 3899 δικαιοσύνη,
1243 3830 1349 3894 ἕως
1395 3823 1456 3884 οὗ
1505 3832 1862 3903 ἀνταναιρεοῇ
1900 3833 1932 3902 ἡ

326 3926 543 3995 σελήνη
564 3942 576 3954 ·
595 3924 710 3987 καὶ,
731 3922 929 3978 Κάθου
957 3923 1023 3976 ἐκ
1050 3921 1265 3986 δεξιῶν
1284 3941 1427 3992 μου,
1447 3924 1558 3989 ἕως
1579 3924 1658 3978 ἂν
1681 3924 1760 3978 θῶ
1792 3924 1932 3991 τοὺς

325 4015 587 4086 ἐχθρούς
611 4029 727 4067 σου
749 4010 1082 4067 ὑποπόδιον
1104 4010 1224 4064 τῶν
1248 4010 1449 4064 ποδῶν
1474 4026 1614 4064 σουο
1649 4012 1763 4074 καὶ,
1792 4011 1930 4065 Μεθ’

325 4106 507 4178 ὑμῶν
531 4108 647 4175 ειμι
696 4104 808 4169 ἕως
840 4102 950 4171 τῆς
983 4102 1364 4169 συντελείας.
1393 4101 1562 4173 Δῆλον
1586 4102 1695 4174 γὰρ
1735 4103 1811 4166 ὡς
1842 4106 1927 4156 ὲν-

323 4199 514 4253 ταῦθα
559 4197 622 4250 τὸ
657 4196 768 4262 ἕως
797 4195 858 4249 οὐ
911 4195 1161 4267 κρονικόν
1208 4212 1260 4247 τι
1296 4193 1573 4264 μεθόριον,
1629 4193 1726 4247 καλ¹
1753 4193 1928 4265 πέρας

321 4289 693 4362 παρεισάγει,
727 4286 957 4360 μέγεθος
991 4287 1047 4340 δὲ
1105 4286 1265 4339 θείων
1304 4285 1650 4355 πραγμάτων
1697 4287 1731 4356 ἡ
1779 4285 1926 4349 λέξις

324 4378 859 4451 παραδηλοῦσα,λείς
889 4376 1272 4448 άπεριόριστον
1302 4376 1613 4447 παράτασιν
1662 4375 1755 4429 τὸν
1798 4375 1924 4430 νοῦν

318 4476 441 4528 τῶν
482 4473 924 4543 ἐντυγχανόντων
979 4470 1325 4540 ἀναπέμπει.
1355 4470 1466 4523 Καὶ
1504 4469 1641 4524 ἄλλα
1663 4469 1719 4522 δὲ
1751 4470 1921 4540 μυρία

317 4568 483 4619 ἔστιν
509 4562 711 4633 εὑρεῖν,
737 4561 802 4615 δι’
835 4554 910 4614 ὧν
932 4561 1089 4630 δῆλον
1125 4560 1474 4627 καθίσταται,
1507 4561 1585 4624 ὼς
1620 4562 1763 4629 {civ-ri.
1821 4561 1916 4615 τοῦ

313 4655 602 4729 διηνεκῶς
635 4654 730 4709 καὶ
758 4657 839 4716 εἰς
877 4653 969 4706 τὸν
1004 4653 1197 4719 αίῶνα,
1223 4656 1257 4724 ἡ
1301 4653 1447 4719 λέξις
1494 4653 1920 4725 παραλαμϐάνε-

314 4768 441 4804 ται.
468 4749 642 4803 Ὅταν
672 4742 764 4802 οὖν
792 4746 1041 4812 δείξωσιν
1067 4747 1119 4800 οἱ
1170 4746 1348 4800 πάντα
1379 4747 1623 4818 θρασεῖς,
1655 4748 1791 4817 μετὰ
1821 4746 1919 4817 τὴν

2045 3354 2157 3395 nec.
2205 3354 2353 3395 nunc
2396 3340 2451 3394 in
2499 3342 2817 3399 distantiam
2868 3349 3030 3404 seriei
3082 3355 3372 3423 temporis,
3410 3361 3634 3427 quando

2043 3426 2371 3494 adhibetur,
2431 3430 2789 3501 intelligitur,
2850 3452 2997 3492 nunc
3054 3439 3108 3494 in
3168 3426 3627 3511 signiﬁcationem

2044 3531 2365 3583 magnorum
2402 3528 2456 3572 et
2492 3521 2805 3578 divinorum
2839 3540 3104 3595 operum;
3139 3530 3284 3587 sicut
3314 3534 3406 3590 hic
3452 3540 3632 3593 sumi-

2042 3623 2152 3676 tur,
2198 3630 2309 3668 non
2350 3615 2404 3670 in
2456 3606 2776 3673 distantiam
2826 3621 2969 3678 alius
3001 3624 3290 3694 cujusdam
3338 3634 3628 3701 temporis,

2040 3708 2133 3761 sed
2160 3723 2191 3762 e
2229 3711 2512 3764 contrario
2539 3711 2608 3767 ad
2641 3716 3036 3771 ostendendam
3068 3718 3339 3777 inﬁnitam
3379 3724 3629 3783 duratio-

2037 3816 2183 3855 nem.
2212 3803 2423 3857 Etenim
2455 3816 2644 3876 surget
2673 3808 2727 3861 in
2770 3808 2964 3865 diebus
3011 3811 3131 3882 ejus
3182 3812 3419 3880 iustitia,
3452 3820 3631 3875 donec

2036 3892 2351 3949 destruatur
2401 3896 2567 3963 luna;
2622 3908 2697 3963 et,
2749 3898 2882 3954 Sede
2924 3920 2957 3956 a
3014 3904 3219 3960 dextris
3271 3910 3422 3976 meis,
3465 3913 3630 3967 donec

2032 4001 2225 4049 ponam
2264 3988 2508 4043 inimicos
2551 4001 2667 4043 tuos
2698 3994 2987 4048 scabellum
3018 3998 3210 4065 pedum
3244 4011 3458 4056 tuorum
3481 4006 3536 4070 ¹;
3573 4022 3629 4061 et

2044 4078 2325 4135 Vobiscum
2362 4100 2478 4136 sum
2512 4086 2680 4141 donec
2728 4091 2900 4143 veniat
2932 4099 3343 4151 consummatio.
3382 4099 3624 4156 Evidens

2030 4172 2175 4227 enim
2202 4184 2287 4229 est
2319 4176 2390 4230 ibi
2422 4178 2484 4230 τὸ
2505 4184 2692 4244 donec,
2728 4198 2833 4236 non
2866 4189 3223 4255 temporalem
3258 4191 3485 4247 limitem
3528 4206 3623 4250 aut

2032 4269 2326 4323 terminum
2381 4272 2684 4337 adducere;
2737 4274 2856 4330 haec
2893 4292 3000 4331 vox
3045 4288 3228 4333 autem
3282 4285 3622 4355 magnitudi-

2029 4377 2155 4416 nem
2208 4361 2522 4418 divinarum
2585 4380 2769 4420 rerum
2838 4371 3175 4433 ostendens,
3234 4374 3289 4427 in
3345 4376 3618 4434 inﬁnitam

2026 4457 2401 4512 extensionem
2432 4458 2608 4513 ideam
2641 4475 2823 4514 rerum
2852 4478 2976 4532 qua;
3006 4464 3080 4520 ibi
3111 4480 3413 4525 occurrunt
3443 4473 3617 4527 addu-

2025 4551 2118 4606 cit.
2155 4550 2274 4606 Alia
2300 4560 2480 4606 autem
2522 4553 2790 4621 permulta
2822 4556 3052 4612 inveniri
3086 4572 3338 4628 possunt,
3370 4579 3465 4633 per
3491 4580 3615 4635 qua

2024 4643 2305 4699 evidenter
2338 4643 2620 4709 statuitur,
2649 4644 2786 4699 hanc
2818 4661 3005 4701 vocem
3033 4664 3131 4717 pro
3160 4665 3267 4705 non
3304 4654 3613 4726 interrupto

2020 4744 2075 4791 et
2104 4735 2158 4789 in
2208 4737 2408 4791 sarcula
2441 4738 2672 4792 assumi.
2724 4736 2959 4804 Quando
3012 4732 3178 4811 igitur
3218 4744 3308 4798 isti
3353 4746 3610 4799 audacis-

2019 4829 2170 4894 simi,
2210 4830 2528 4892 ostendunt,
2562 4841 2687 4900 post
2734 4833 2877 4886 lunm
2924 4834 3356 4891 destructionem
3402 4838 3609 4895 Christi

311 4843 419 4914 τῆς
453 4839 685 4911 σελήνης
711 4839 1113 4911 ἀνταναίρεσιν,
1144 4839 1242 4909 τὴν
1274 4837 1372 4893 τοῦ
1392 4837 1631 4909 Χριστοῦ
1654 4839 1751 4891 καὶ
1780 4838 1917 4891 Θεοῦ

309 4934 491 5007 ήμῶν
539 4931 889 5003 δικαιοσύνην
951 4933 1031 4994 είς
1068 4932 1127 4984 τὸ
1165 4930 1239 5002 μὴ
1288 4927 1349 4983 ὃν
1395 4930 1791 4995 κατοδύουσαν,
1824 4930 1918 4983 καὶ

312 5025 472 5099 μετά
499 5040 563 5093 γε
589 5022 650 5076 τὸ
684 5023 1012 5094 ὑποτεθῆναι
1044 5025 1171 5086 τοὺς
1214 5022 1442 5093 ἐχθροὺς
1486 5021 1652 5075 αὑτοῦ
1701 5021 1804 5091 τῆς
1852 5024 1916 5074 ὲκ

303 5114 521 5182 δ;ξιῶν
550 5113 819 5184 καθέδρας
845 5113 940 5165 τοῦ
973 5113 1184 5184 Πατρὸς
1227 5112 1719 5185 παρακινούμενον,
1759 5112 1792 5184 ἢ
1824 5114 1916 5167 καὶ

307 5208 468 5283 μετὰ
498 5207 598 5276 τὴν
624 5204 934 5259 συντέλειαν
987 5205 1082 5258 τοῦ
1111 5204 1329 5271 αἰῶνος,
1360 5207 1449 5259 ὅτε
1500 5205 1699 5276 μᾶλλον
1731 5207 1914 5271 αὐτοῖς

300 5307 339 5375 ὴ
376 5300 669 5360 οἰκείωσις
698 5299 808 5352 τῶν
832 5297 1091 5368 μαθητῶν
1124 5298 1515 5369 ἀφιστάμενον,
1553 5298 1679 5352 τότε
1720 5299 1912 5354 διαπο-

304 5392 598 5466 ρείτωσαν
630 5391 723 5441 καὶ
758 5388 809 5440 εί
844 5386 984 5456 μετὰ
1010 5387 1100 5441 τὸν
1122 5388 1360 5460 ἄρρητον
1386 5389 1545 5442 τόκον
1573 5389 1767 5460 ἀνδρὸς
1792 5391 1914 5460 ὁμι-

296 5486 438 5546 λίας
463 5483 502 5551 ἡ
534 5479 810 5550 Παρθένος
841 5479 1192 5551 ὲμελέτησεν.

379 5576 545 5648 [ρεε.
582 5575 671 5641 39,
727 5574 803 5646 a.]
833 5574 1081 5632 Φωτίου.
1128 5575 1465 5641 Συντελέσας
1522 5581 1549 5631 6
1599 5576 1911 5650 πρεσὸύτης

293 5670 408 5739 τὴν
450 5669 539 5728 εἰς
591 5667 651 5720 τὸ
703 5667 857 5720 Θεῖον
910 5666 1243 5739 ὃοξολογῐαν,
1273 5671 1535 5743 τρέπεται
1583 5670 1769 5725 λοιπὸν
1816 5672 1910 5725 ἐπὶ

2017 4934 2072 4978 ει
2099 4922 2194 4978 Dei
2238 4924 2412 4978 nostri
2443 4924 2715 4992 justitiam
2759 4926 2814 4979 in
2848 4927 3082 4981 nihilum
3116 4928 3325 4996 reduci,
3359 4940 3416 4987 et
3454 4941 3607 5002 post-

2018 5035 2180 5089 quam
2213 5018 2380 5088 positi
2418 5021 2621 5074 fuerint
2672 5020 2776 5074 sub
2819 5022 3050 5090 pedibus
3090 5023 3210 5087 eius
3256 5026 3491 5088 inimici.
3537 5028 3608 5082 il-

2017 5109 2129 5163 lum
2177 5124 2208 5162 e
2245 5108 2373 5164 sede
2420 5109 2487 5162 ad
2539 5108 2718 5165 Patris
2754 5112 3033 5167 dexteram
3082 5114 3266 5183 dejici,
3314 5119 3605 5174 autetiam

2019 5212 2141 5272 post
2190 5203 2724 5258 consummationem
2777 5206 2986 5267 saeculi,
3018 5222 3143 5261 cum
3194 5208 3379 5277 potius
3424 5210 3526 5280 ipsi
3573 5230 3605 5267 ιι

2015 5295 2412 5365 discipulorum
2474 5296 2767 5351 mansione
2813 5298 3183 5368 repellentur;
3242 5310 3372 5358 tunc
3428 5304 3605 5359 ambi-

2014 5396 2166 5457 gam,
2218 5401 2286 5441 an
2333 5395 2456 5456 post
2491 5386 2818 5443 ineﬁ‘abilem
2863 5398 3081 5457 partum
3128 5390 3229 5444 viri
3278 5389 3603 5447 societatem

2013 5480 2169 5551 virgo
2197 5481 2494 5537 curaverit.

2082 5573 2285 5627 Pharii.
2324 5573 2460 5628 Cum
2514 5572 2839 5645 perfecisset
2893 5590 3061 5630 senex
3113 5592 3269 5632 suam
3320 5578 3376 5631 in
3428 5578 3599 5634 Deum

2013 5667 2382 5740 doxologiam,
2417 5668 2639 5725 demum
2679 5672 3018 5727 convertitur
3061 5672 3128 5727 ad
3162 5672 3600 5729 benedictionem

376 5869 395 5899 ί
424 5866 586 5921 l’sal.
616 5882 726 5933 eis,
756 5870 808 5925 1.
