4132 6446
534 394 670 456 1ΞΞ3

1694 390 1954 451 ΡΙΙΟΤΙΙ
1993 385 2500 450 ΡΑΤΒΙΛΒΟΗᾹΞ
2537 386 2643 447 CP.

3653 383 3786 448 1⁵224

531 515 723 555 eorum
767 496 856 568 qui
908 512 1132 566 puerum
1169 496 1519 553 inducebant.
1570 497 1771 554 Deinde
1818 499 1886 554 ad
1937 499 2141 559 solam,

2244 497 2310 569 ὴν
2341 494 2593 564 εὐλογίαν
2619 493 2728 547 τῶν
2765 494 3083 564 ἀγαγόντων
3120 493 3184 547 τδ
3228 493 3427 567 βρέφος
3459 512 3472 525 ·
3500 490 3620 550 εἶτα
3646 499 3790 552 ἐκεῖ⁴

531 602 761 646 matrem
828 603 1137 644 sermonem
1184 591 1371 659 dirigit
1421 590 1907 645 :benedictionem
1962 592 2110 645 enim

535 682 804 736 ambobus
868 682 1262 747 communicat,
1325 680 1420 736 sed
1474 682 1879 737 reconditorum
1939 682 2115 752 magis

536 775 948 845 praedictionem
1003 778 1103 828 soli
1157 777 1321 829 matri
1367 774 1573 846 dirigit,
1626 783 1685 829 ut
1726 790 1823 845 per
1869 789 2116 830 commu-

533 884 657 921 nem
711 866 1145 921 benedictionem
1202 864 1443 933 parentis
1494 864 1674 935 specie
1722 880 1826 918 non
1874 864 2117 935 privetur

534 956 736 1027 Josepli
760 998 774 1023 ,
825 956 917 1011 sed
948 972 1039 1025 per
1072 955 1236 1009 verba
1266 955 1467 1024 quibus
1515 963 1744 1008 matrem
1794 954 2113 1023 alloquitur,

543 1049 816 1118 Virginem
850 1050 916 1102 ab
948 1048 1053 1101 isto
1090 1048 1429 1101 discernens.
1466 1046 1610 1099 illam
1646 1055 1703 1100 ut
1732 1062 1857 1101 vere
1889 1056 2117 1101 matrem

536 1143 851 1212 compellat,
881 1156 1044 1211 quam
1107 1139 1380 1193 benedicit
1419 1150 1477 1191 nt
1503 1139 1695 1192 divinm
1731 1139 1993 1191 voluntati
2024 1139 2120 1193 ob-

539 1243 881 1303 sequentem.
913 1231 1077 1295 Tum,
1105 1230 1237 1283 dicit
1266 1230 1332 1282 ad
1374 1229 1521 1281 illam
1560 1246 1571 1281 :
1602 1226 1708 1281 Hic
1732 1232 1931 1297 positus
1954 1237 2029 1281 est
2064 1229 2121 1281 in

540 1327 755 1379 ruinam
788 1333 837 1379 et
861 1324 1301 1378 resurrectionem
1335 1320 1620 1373 multorum
1654 1322 1707 1373 in
1732 1318 1925 1373 Israel.
1957 1318 2121 1375 Vides

542 1415 823 1486 quomodo
856 1422 1024 1469 totam
1056 1413 1303 1483 mysterii
1337 1411 1705 1465 oeconomiam
1739 1409 1949 1482 Virgini
1990 1425 2122 1480 apes

542 1508 633 1572 rit,
670 1516 723 1560 et
765 1506 840 1559 illi
885 1506 1088 1575 praebat
1118 1504 1283 1574 hujus
1314 1505 1708 1558 narrationem.
1754 1503 1987 1556 Ruinam
2036 1502 2123 1557 hic

542 1600 677 1653 dicit
707 1614 897 1653 eorum
928 1598 1021 1667 qui
1064 1612 1094 1651 e
1122 1596 1229 1651 ﬁde
1265 1597 1317 1649 in
1358 1594 1636 1650 Christum
1678 1603 1733 1649 et
1770 1595 1971 1663 pietate
2001 1607 2125 1648 cor-

544 1700 731 1758 ruent;
778 1690 1215 1745 resurrectionem
1264 1698 1465 1753 autem,
1506 1702 1697 1742 eorum
1740 1689 1830 1757 qui
1873 1687 2023 1741 illum
2068 1695 2127 1740 ut

546 1781 883 1836 Salvatorem
915 1786 1213 1850 agnoscent
1241 1778 1374 1847 (t8).

622 1962 815 2016 Photii.
880 1958 1261 2014 Sanctissimae
1311 1965 1365 2010 et
1418 1969 1634 2024 semper
1675 1951 1903 2024 virginis
1946 1948 2129 2004 Maria:

546 2057 784 2111 animam
824 2052 1038 2126 gladius
1080 2050 1412 2122 pertransiit,
1457 2051 1528 2102 ob
1571 2048 1743 2116 ipsam
1791 2043 2130 2103 salutiferam

546 2146 754 2201 (Jiiristi
788 2145 1127 2215 passionem,
1163 2158 1273 2197 non
1308 2150 1368 2194 ut
1394 2138 1576 2193 dubiis
1606 2136 1895 2193 sententiis
1928 2134 2131 2204 agitata

549 2241 639 2301 sit,
697 2252 799 2292 nec
841 2234 1243 2290 incredulitatis
1287 2231 1487 2301 jaculis
1531 2229 1847 2294 vulnerata;
1895 2242 1996 2282 nec
2034 2240 2133 2295 pro

551 2332 637 2385 liis
694 2328 896 2399 quibus
954 2327 1247 2397 gaudebat,
1312 2326 1555 2379 dolorem
1615 2333 1980 2387 commntans,
2039 2322 2133 2376 sed

552 2434 799 2477 materna
848 2422 1037 2475 sinetis
1086 2419 1294 2472 viscera
1369 2416 1584 2486 propria
1643 2416 1868 2475 sentire,
1916 2422 2136 2482 propter

552 2517 857 2571 naturalem
903 2512 1291 2584 sympathiam,
1342 2509 1481 2562 Filio
1527 2508 1814 2561 cruciﬁxo.
1846 2505 2136 2571 Quomodo

552 2611 699 2663 enim
728 2615 904 2661 mater
937 2621 1042 2659 non
1074 2612 1352 2674 pateretur
1385 2602 1571 2657 videns
1601 2601 1797 2664 ﬁlium,
1828 2607 1884 2653 et
1907 2612 2138 2668 praeser-

556 2702 650 2754 tim
710 2708 909 2752 natura
970 2697 1211 2749 humana
1272 2694 1431 2763 longe
1493 2694 1798 2757 meliorem,
1846 2698 2191 2761 pravorum”-

556 2805 751 2859 poenas
785 2787 1086 2843 ferentem?
1120 2787 1222 2839 hoc
1253 2786 1451 2839 accidit
1504 2784 1777 2838 inviolatae
1806 2782 1968 2836 Verbi
2016 2796 2140 2835 ma-

558 2883 647 2941 tii,
701 2879 942 2934 amarior
996 2886 1051 2933 et
1109 2878 1357 2931 acerbior
1416 2877 1564 2931 omni
1617 2877 1796 2947 gladio
1849 2875 2024 2930 dolor.
2082 2872 2140 2928 Si

555 2975 702 3028 enim
767 2973 971 3029 multas
1038 2970 1230 3024 habuit
1298 2972 1574 3025 lirmitatis
1642 2985 1883 3034 causas,
1968 2967 2140 3021 Deum

561 3066 745 3122 sciens
798 3064 1152 3119 incarnatum
1208 3079 1368 3119 suum
1424 3062 1622 3116 Filium
1678 3075 1818 3126 esse,
1884 3059 1977 3114 sed
2030 3073 2143 3114 non

2216 590 2307 644 θεν
2332 587 2470 659 πρὸς
2503 588 2671 658 μόνην
2705 587 2805 659 τὴν
2855 588 3070 659 μητέρα
3100 587 3439 658 ἀποστρέφει
3469 588 3564 643 τὸν
3612 589 3789 658 λόγον.

2215 682 2327 751 Τῆς
2354 681 2453 751 μὲν
2500 678 2609 749 γὰρ
2667 677 2917 748 εὐλογίας
2976 679 3183 750 ἀμφοῖν
3226 680 3576 749 μεταδίδωσι,
3610 681 3710 752 τὴν
3736 681 3795 735 δὲ

2215 776 2519 847 πρόρῥησιν
2544 774 2654 828 τῶν
2691 771 3165 844 ἀπορῥητοτέρων,
3197 774 3263 842 τῇ
3315 771 3485 842 μητρὶ
3533 772 3798 843 προσάγει

2221 864 2381 936 μόνῃ,
2417 865 2505 920 ῐνα
2534 864 2624 918 διά
2646 861 2743 933 μὲν
2764 864 2863 931 τῆς
2888 860 3075 931 κοινῆς
3106 860 3357 929 εὐλογίας
3394 860 3490 914 τοῦ
3522 863 3800 932 σχήματος

2216 955 2326 1010 τῶν
2350 956 2709 1027 γεννητόρων,
2737 952 2812 1025 μὴ
2838 952 3215 1024 ἀπογυμνώσῃ
3241 953 3333 1006 τὸν
3366 952 3567 1024 Ἰωσήφ
3590 972 3606 987 υ
3630 954 3719 1008 διὰ
3745 955 3803 1009 δὲ

2217 1049 2327 1101 τῶν
2354 1049 2488 1119 πρὸς
2509 1047 2609 1117 τὴν
2650 1046 2862 1116 μητέρα
2904 1044 3098 1113 λόγων,
3130 1044 3230 1116 τὴν
3264 1044 3541 1117 Παρθένον
3593 1046 3804 1101 ἐκείνου

2218 1140 2543 1204 διαστείλας,
2578 1142 2675 1210 τὴν
2705 1142 2780 1201 ὡς
2834 1136 3050 1207 ἀληθῶς
3088 1137 3414 1209 ἀνακηρύξῃ
3470 1138 3707 1211 μητέρα,
3736 1140 3808 1211 ἢν

2220 1235 2315 1288 καὶ
2340 1233 2552 1302 εὐλογεϊ
2574 1233 2649 1297 ὡς
2694 1230 3121 1303 ὑπηρετήσασαν
3151 1229 3273 1301 θεία
3313 1231 3496 1302 βουλῇ.
3526 1232 3661 1286 Εἶτα
3714 1236 3810 1286 καὶ

2220 1324 2528 1393 διαλέγεται
2555 1323 2693 1393 πρὸς
2744 1322 2936 1392 αὐτήνο
2973 1316 3165 1388 Οὗτος
3207 1321 3394 1376 κεῖται
3452 1325 3533 1389 εἰς
3575 1322 3811 1378 πτῶσιν

2222 1415 2320 1467 καὶ
2338 1414 2680 1470 ἀνάστασιν
2698 1411 2945 1467 πολλῶν
2964 1412 3036 1467 ἐν
3058 1413 3138 1478 τῷ
3170 1410 3444 1482 Ἰσραήλ.
3472 1415 3637 1486 Ὁρᾷς
3658 1415 3809 1478 ὅπως

2222 1505 2352 1575 ὅλην
2382 1504 2477 1559 τοῦ
2507 1504 2807 1575 μυστηρίου
2837 1502 2936 1575 τὴν
2974 1503 3285 1575 οἰκονομίαν
3324 1507 3461 1576 πρὸς
3510 1507 3611 1576 τὴν
3662 1507 3813 1577 Παρ-

2226 1596 2378 1651 θένον
2404 1597 2687 1667 ἀναφέρει,
2728 1594 2955 1667 κάκείνῃ
2978 1598 3211 1649 ποιεῖται
3257 1596 3357 1667 τὴν
3393 1595 3587 1650 τούτου
3616 1596 3814 1667 διήγη-

2229 1704 2346 1756 σιν;
2377 1689 2471 1742 καὶ
2512 1687 2745 1742 πτῶσιν
2775 1687 2874 1758 μὲν
2899 1688 3049 1757 λέγει
3092 1687 3347 1752 ἐνταῦθα,
3379 1688 3487 1742 τῶν
3516 1690 3812 1742 ἐκπεπτω-

2228 1778 2403 1832 κότων
2426 1781 2525 1850 τῆς
2553 1779 2632 1842 είς
2663 1778 2898 1850 Χριστὸν
2942 1777 3178 1841 πίστεως
3206 1777 3303 1830 καὶ
3332 1776 3636 1840 εὐσεϐείας·
3665 1774 3814 1831 ἀνάο

2156 1845 2204 1905 Β
2230 1884 2458 1925 στασιν
2479 1845 2558 1935 δὲ,
2593 1869 2701 1923 τῶν
2718 1845 3118 1939 ’ἐπεγνωκότων
3138 1869 3228 1922 τὸν
3254 1869 3506 1941 Σωτῆρα.

2301 1959 2379 2033 [p.
2408 1962 2497 2017 40.
2518 1959 2599 2033 a.]
2625 1961 2873 2017 Φωτίου.
2907 1961 3020 2031 Τῆς
3052 1961 3324 2028 παναγίας
3373 1962 3470 2015 καὶ
3521 1961 3612 2014 ἀει
3670 1977 3819 2032 παρ-

2232 2053 2385 2108 θένου
2414 2054 2634 2125 Μαρίας
2692 2055 2791 2125 τὴν
2818 2053 2996 2124 ψυχὴν
3029 2052 3274 2124 ῥομφαία
3316 2052 3523 2125 διῆλθε,
3557 2053 3684 2107 κατ’
3714 2054 3817 2105 αὐ-

2232 2146 2293 2199 τὸ
2323 2145 2385 2199 τὸ
2427 2147 2695 2217 σωτήριον
2741 2144 2836 2199 τοῦ
2878 2144 3117 2218 Χριστοῦ
3158 2145 3352 2210 πάθος,
3391 2146 3491 2199 οὐκ
3535 2145 3822 2200 ἐπιδιστά-

2234 2236 2387 2301 ζουσι
2434 2236 2714 2309 λογισμοῖς
2772 2236 3130 2307 βαλλομένης,
3174 2236 3277 2290 οὐκ
3327 2236 3587 2299 ἀπιστίας
3634 2236 3821 2307 βέλεσι

2233 2328 2681 2400 τιτρωσκομένης
2700 2344 2714 2361 ·
2746 2328 2847 2382 οὐκ
2864 2329 2949 2398 ἐφ’
2970 2326 3050 2392 οἷς
3073 2328 3391 2402 ἔχαιρε,τὴν
3414 2328 3593 2398 λύπην
3620 2328 3825 2383 ἀλλασ-

2240 2421 2493 2492 σομένης,
2549 2420 2685 2474 ἀλλά
2738 2420 2982 2491 μητρικὰ
3023 2421 3305 2493 σπλάγχνα
3364 2420 3638 2491 διδούσης,
3684 2421 3825 2491 πρὸς

2237 2513 2335 2582 τὴν
2390 2512 2631 2583 ἔμφυτον
2676 2514 3044 2584 συμπάθειαν,
3097 2513 3666 2584 ἀνασκολοπιζομένου
3726 2512 3823 2566 τοῦ

2240 2603 2392 2669 Υίοῦ,
2418 2604 2674 2674 πράττειν
2696 2604 2765 2657 τὰ
2791 2606 2983 2659 οἰκεῖα.
3009 2605 3073 2657 Τί
3102 2605 3215 2675 γὰρ
3268 2604 3449 2677 μήτηρ
3476 2604 3577 2658 οὐκ
3606 2603 3677 2658 ἂν
3711 2606 3822 2659 πά·

2242 2693 2323 2747 Θοι
2355 2694 2628 2762 βλέπουσα
2654 2694 2746 2747 τὸν
2779 2694 2906 2747 Υίὸν
2929 2696 3023 2748 καὶ
3060 2696 3297 2765 μάλιστα
3343 2697 3441 2767 τῆς
3471 2696 3827 2769 ἀνθρωπίνης

2243 2785 2459 2854 φύσεως
2478 2786 2896 2857 πολιτευόμενον
2920 2789 3188 2858 κρεῖττον,
3212 2789 3311 2852 τὰς
3342 2789 3452 2843 τῶν
3491 2788 3827 2861 κακούργων

2245 2878 2515 2949 ὑπέχοντα
2545 2878 2729 2945 δίκας;
2754 2879 2924 2934 Τοῦτο
2950 2880 3140 2949 γέγονε
3168 2883 3234 2952 τῇ
3258 2880 3618 2953 παναχράντῳ
3642 2883 3832 2953 Μητρὶ

2243 2968 2340 3022 τοῦ
2403 2970 2597 3038 Λόγου,
2639 2970 2966 3043 πικρότερον
3019 2971 3117 3024 καὶ
3170 2972 3499 3046 δριμύτερον
3553 2974 3833 3044 ῥομφαίας

2248 3059 2467 3129 ἁπάσης
2496 3060 2558 3111 τὸ
2586 3059 2779 3122 πάθος.
2811 3060 2872 3113 Et
2899 3060 3009 3133 γὰρ
3029 3062 3124 3114 καὶ
3155 3063 3359 3127 πολλὰς
3394 3063 3686 3129 ὑποθέσεις
3718 3060 3834 3135 εἶχε

560 3157 786 3212 omnino
823 3156 974 3227 leges
1020 3165 1229 3211 naturae
1269 3154 1455 3220 solvit,
1502 3153 1781 3208 concessit
1809 3161 1992 3206 autem
2040 3166 2141 3205 na-

2250 3151 2383 3204 Θεὸν
2407 3150 2604 3206 εἰδέναι
2629 3150 2720 3205 τὸν
2753 3151 2882 3204 Υίδν
2937 3155 3381 3223 σεσαρκωμὲνον,
3418 3154 3533 3209 ἀλλ’
3586 3150 3685 3208 οὖν
3736 3155 3837 3207 οὐκ

559 3259 698 3303 torte
719 3256 778 3302 ut
803 3248 945 3302 intra
966 3250 1220 3319 proprios
1250 3248 1488 3301 emineat
1511 3247 1667 3301 ﬁnes.
1688 3244 1811 3299 Ideo
1840 3254 1895 3299 et
1917 3244 2145 3298 horren-

558 3342 685 3396 dam
722 3341 1029 3409 passionem
1066 3339 1325 3405 videntis,
1355 3338 1618 3392 maternis
1649 3336 1826 3391 oculis
1861 3335 2145 3404 subjectus

559 3441 836 3501 aspectus,
889 3448 986 3486 ceu
1031 3432 1193 3501 gladii
1229 3431 1474 3495 vulnere,
1521 3428 1761 3483 animam
1808 3426 1937 3497 ejus
1958 3426 2148 3481 vulne-

561 3525 703 3580 ravit
727 3533 783 3581 et
807 3525 1012 3580 divisit.

644 3695 801 3751 CAP.
842 3695 930 3750 111.
968 3696 1140 3751 Vens.
1191 3698 1245 3751 5.
1290 3696 1492 3752 Plautii.
1552 3696 1701 3752 Licet
1750 3694 1957 3765 pariter
1997 3696 2151 3764 cogi-

565 3801 680 3843 tare
709 3800 762 3844 et
796 3789 998 3852 dicere,
1039 3790 1362 3858 praestitisse
1390 3797 1734 3859 peccatorum
1767 3787 2150 3841 remissionem

562 3882 935 3937 Prmcursoris
958 3896 1181 3951 quoque
1208 3882 1502 3950 baptisma,
1528 3896 1636 3935 non
1659 3890 1840 3933 autem
1867 3879 2148 3943 omnium;

564 3976 709 4030 sicut
740 3990 842 4030 nec
864 3974 1067 4043 legales
1099 3974 1445 4029 caeremoniae
1480 3982 1535 4029 et
1577 3972 2003 4027 immolationes.
2032 3970 2151 4025 Non

564 4068 712 4121 enim
756 4066 1127 4122 admissarum
1191 4081 1319 4122 cum
1363 4066 1830 4136 praemeditatione
1882 4063 2150 4125 caedium,

568 4175 744 4230 neque
798 4160 845 4215 si
900 4160 1026 4229 quis
1080 4158 1310 4214 aliorum
1365 4157 1780 4228 coniunctiones
1841 4153 2154 4209 transfode-

566 4256 657 4321 rit,
716 4268 893 4323 neque
954 4253 1199 4319 illorum,
1258 4261 1483 4321 pr0ptcr
1531 4265 1656 4320 quae
1704 4248 2009 4303 horrendus
2051 4244 2156 4301 iste

566 4358 621 4401 et
664 4345 905 4400 cmlestis
950 4345 1089 4415 ignis
1142 4346 1196 4399 in
1242 4353 1504 4399 nocentes
1540 4341 1742 4397 invidia
1799 4340 2004 4394 missus
2048 4347 2154 4405 est,

568 4451 749 4506 neque
800 4436 1101 4490 multorum
1138 4434 1582 4489 facinorosorum
1628 4442 1683 4486 et
1732 4430 1995 4487 similium
2034 4443 2158 4497 ope-

2249 3243 2342 3297 ὲπὶ
2369 3244 2586 3297 πάντων
2616 3242 2737 3296 ἔλυε
2769 3246 2896 3308 τοὺς
2933 3248 3036 3315 τῆς
3086 3244 3301 3314 φύσεως
3343 3246 3562 3317 νόμους,
3592 3246 3831 3300 ἐνεδίδου

2247 3334 2303 3387 δὲ
2335 3334 2432 3386 καὶ
2480 3336 2546 3405 τῇ
2598 3333 2915 3404 φύσει,τοῖς
2957 3335 3178 3400 οἰκείοις
3233 3336 3617 3408 ἐνδιαπρέπειν
3669 3338 3836 3407 ὅροις.

2248 3427 2337 3479 Διὸ
2368 3426 2464 3479 καὶ
2500 3426 2671 3490 πάθος
2704 3427 2930 3496 φρικτὸν
2960 3428 3146 3497 ὁρῶσα
3174 3431 3464 3500 μητρικοῖς
3508 3427 3835 3498 ὀφθαλμοῖς,

2251 3515 2616 3586 προκείμενον
2683 3515 2886 3586 θέαμα,
2928 3519 3072 3572 κατὰ
3121 3518 3337 3588 πληγὴν
3391 3519 3697 3590 ῥομφαίας,
3743 3518 3839 3590 τὴν

2250 3604 2424 3675 ψυχὴν
2452 3606 2709 3676 ὲτέμνετό
2736 3624 2796 3659 τε
2827 3608 2921 3661 κα1⁵
2951 3608 3364 3679 κατεμερίζετο.

2329 3697 2405 3766 Ιρ.
2428 3699 2494 3752 49
2528 3696 2607 3768 a.]
2638 3699 2865 3754 Φωτίου
2894 3700 2995 3754 καί
3024 3702 3329 3768 Κυρίλνῑου
3380 3699 3837 3771 Ἱεροσολύμων.

2256 3789 2475 3853 Ἔξεστι
2516 3790 2574 3843 δὲ
2633 3790 2763 3855 ἴσως
2800 3794 3019 3864 φρονεῖν
3040 3809 3099 3845 τε
3147 3794 3237 3847 καὶ
3263 3793 3465 3861 λέγειν,
3492 3793 3567 3854 ὡς
3610 3794 3841 3863 παρεῖχε

2258 3882 2358 3953 μὲν
2419 3883 2835 3955 ἁμαρτημάτων
2892 3885 3089 3954 ἄφεσιν
3119 3886 3215 3938 καὶ⁵
3268 3885 3330 3938 τὸ
3374 3886 3469 3938 τοῦ
3519 3886 3841 3957 Προδρόμου

2256 3972 2540 4044 βάπτισμα
2574 3991 2587 4005 ·
2611 3976 2670 4027 οὐ
2698 3974 2918 4029 πάντων
2959 3976 3015 4029 δέ
3044 3991 3058 4006 ⁶
3097 3976 3286 4047 ὥσπερ
3338 3975 3447 4029 οὐδ’
3486 3975 3559 4054 ἀί
3618 3975 3843 4046 νομικαὶ

2252 4066 2467 4119 τελεταὶ
2490 4068 2583 4120 καὶ
2615 4067 2819 4123 θυσίαι.
2840 4068 2976 4121 υύδὲ
3007 4067 3117 4139 γὰρ
3134 4067 3243 4121 τῶν
3269 4069 3334 4121 ὲκ
3356 4067 3614 4138 προνοίας
3642 4069 3840 4137 φόνων.

2253 4157 2363 4211 οὐδ’
2390 4157 2443 4209 εἴ
2469 4175 2552 4222 τις
2586 4158 2898 4229 ἀλλοτρίους
2935 4160 3147 4230 γάμους
3176 4159 3461 4229 διώρυξεν,
3491 4159 3603 4211 οὐδ’
3631 4160 3736 4212 ὅσα
3787 4159 3845 4211 τὸ

2257 4247 2484 4317 φρικτὸν
2510 4249 2687 4301 ἐκεῖνο
2710 4250 2802 4301 καὶ
2822 4249 3074 4321 οὐράνιον
3103 4250 3213 4319 πῦρ
3247 4251 3362 4312 τοῖς
3396 4248 3604 4319 ἐνόχοις
3639 4247 3844 4319 ζημίας

2257 4339 2572 4405 ὲπέῦαλλον,
2606 4340 2715 4392 οὐδ’
2747 4340 2922 4393 ἄλλων
2951 4340 3162 4392 πολλῶν
3193 4340 3498 4408 ἐξαγίστων
3527 4340 3625 4393 καὶ
3666 4356 3846 4410 παρα-

2258 4431 2504 4501 πλησίων
2530 4431 2707 4501 έργων
2734 4432 2832 4501 τὴν
2860 4432 3151 4502 κάθαρσιν,
3184 4431 3307 4485 οὔτε
3341 4434 3370 4486 6
3398 4433 3561 4502 νόμος
3592 4430 3725 4485 οὔτε
3788 4431 3845 4483 τὸ

570 4543 692 4582 rum
748 4526 1201 4591 mundationem,
1271 4539 1448 4595 neque
1500 4524 1621 4589 lex,
1681 4537 1861 4592 neque
1922 4519 2141 4575 Joannis

2269 4521 2513 4575 Ἰωάννου
2539 4523 2892 4594 διεπράττετο
2944 4524 3228 4595 βάπτισμα
3246 4540 3260 4555 ο
3288 4523 3425 4578 ἀλλά
3438 4522 3648 4578 τούτων
3676 4523 3849 4577 ἁπάνο

572 4622 839 4690 baptisma
871 4620 1184 4691 praestabat.
1224 4617 1331 4673 Sed
1374 4617 1552 4672 dehis
1594 4615 1871 4680 omnibus,
1917 4628 2039 4683 quae
2064 4612 2150 4666 lex

574 4727 683 4766 non
714 4720 1068 4782 przecaverat,
1111 4720 1167 4766 et
1194 4710 1407 4780 primus
1455 4706 1737 4777 legislator
1764 4705 2152 4768 damnaverat,

572 4821 766 4876 pcenas
809 4805 1022 4875 gladius
1052 4802 1306 4874 sumpsit.
1344 4799 1574 4855 Joannis
1626 4808 1809 4852 autem
1857 4796 2155 4867 baptisma,

575 4898 832 4952 omnibus
876 4897 934 4950 in
980 4895 1252 4961 salutem,
1306 4901 1494 4963 utpote
1538 4890 1711 4945 multo
1757 4889 1938 4959 majus
1991 4886 2162 4942 fuerit

576 4991 739 5047 solita
773 4990 995 5056 virtute,
1028 4989 1269 5059 patebat.
1302 4986 1606 5043 Praestabat
1634 4986 1800 5056 igitur
1827 4993 1882 5039 et
1912 4983 2160 5039 Praecur-

576 5083 718 5137 soris
755 5081 1047 5151 baptisma,
1073 5090 1132 5134 ut
1176 5079 1382 5135 dictum
1423 5087 1530 5141 est,
1561 5086 1914 5147 peccatorum
1964 5076 2163 5129 remis-

577 5176 815 5240 sionem,
864 5188 974 5227 non
1024 5182 1210 5227 autem
1244 5172 1527 5237 omnium;
1566 5170 1666 5224 hoc
1713 5170 1858 5224 enim
1897 5165 2163 5221 Dominici

578 5266 924 5338 baptismatis
947 5264 1227 5335 proprium
1255 5270 1359 5320 est.
1387 5262 1492 5318 Sed
1522 5263 1837 5333 praestabat,
1868 5258 2165 5330 perfectio-

580 5377 701 5416 nem
733 5360 1003 5414 Salvatori
1040 5373 1392 5427 praaparans;
1421 5356 1707 5411 mundatio
1754 5362 1893 5419 erat,
1927 5352 2163 5405 munda-

582 5454 788 5504 tionem
820 5450 1169 5520 praecedens;
1220 5456 1275 5502 et
1317 5447 1573 5503 remissio
1616 5438 1717 5515 per
1726 5450 1729 5451 ⁷
1752 5450 1986 5515 partem,
2022 5442 2163 5495 inte-

582 5557 733 5609 gram
766 5543 1143 5598 remissionem
1172 5542 1454 5606 anteicns;
1485 5537 1803 5609 imperfecta
1827 5534 2162 5607 puriﬁcatio,

2257 4631 2364 4667 των
2396 4616 2425 4668 6
2452 4614 2549 4685 μὲν
2579 4615 2741 4686 νόμος
2774 4616 2874 4670 ὅσα
2916 4616 2990 4687 μὴ
3028 4613 3319 4686 προλαϐὼν
3341 4616 3369 4668 6
3420 4614 3642 4687 πρῶτος
3691 4630 3850 4685 νομο-

2257 4705 2420 4776 θέτης
2461 4707 2848 4777 εἰσεπράττετο
2909 4707 3167 4778 δικαστὴν
3197 4706 3258 4760 τὸ
3313 4706 3467 4775 ξίφος
3501 4705 3751 4769 ἐκάθιζε.
3778 4706 3849 4757 Τὸ

2257 4797 2315 4850 δὲ
2370 4798 2615 4852 Ἰωάννου
2665 4798 2947 4869 βάπτισμα
2983 4799 3063 4861 είς
3104 4800 3166 4851 τὸ
3215 4799 3394 4852 κοινὸν
3435 4800 3529 4851 καὶ
3557 4798 3845 4868 σωτήριον,

2258 4888 2334 4953 ὼς
2366 4889 2543 4959 πολλῷ
2575 4892 2759 4959 μεῖζον
2809 4891 3055 4960 ὑπάρχον
3080 4891 3182 4961 τῆς
3240 4891 3375 4953 ἰδίας
3438 4888 3646 4959 ἰσχύος,
3710 4905 3850 4958 παρ·

2268 4980 2507 5051 έπεμπε.
2542 4982 2773 5052 Παρεῖχε
2822 4982 2922 5051 μὲν
2946 4981 3038 5034 οὖν
3068 4983 3162 5035 καὶ
3192 4981 3251 5034 τὸ
3282 4980 3374 5034 τοῦ
3405 4981 3725 5051 Προδρόμου
3761 4981 3853 5050 βά-

2266 5090 2499 5143 πτισμα,
2518 5073 2667 5126 ὥσπε
2675 5092 2706 5145 ρ
2726 5075 2957 5145 εἴρηται,
2974 5074 3086 5128 τῶν
3116 5073 3529 5144 ἁμαρτημάτων
3544 5072 3744 5141 ἄφεσιν
3760 5089 3773 5101 ο
3793 5072 3849 5123 οὐ

2270 5168 2490 5220 πάντων
2515 5166 2572 5219 δέ
2615 5184 2631 5199 ο
2666 5167 2825 5220 τοῦτο
2877 5167 2986 5238 γὰρ
3020 5167 3113 5220 τοῦ
3144 5164 3476 5219 Δεσποτικοῦ
3525 5165 3586 5219 τὸ
3640 5164 3853 5234 ἐξαίρε-

2266 5274 2357 5310 τον
2393 5273 2405 5286 ·
2458 5258 2690 5327 παρεῖχε
2724 5257 2804 5321 δὲ,
2837 5256 3268 5329 προευτρεπίζον
3321 5254 3395 5324 τῷ
3455 5254 3713 5325 σωτηρίῳ
3755 5255 3851 5319 τὴν

2263 5349 2604 5420 τελειότητα·
2635 5350 2728 5402 καὶ
2756 5349 2978 5420 λουτρὸν
3008 5344 3076 5419 ἦν
3105 5347 3211 5419 πρὸ
3240 5345 3469 5417 λουτροῦ
3495 5363 3510 5379 ο
3538 5347 3635 5398 καὶ
3662 5344 3854 5412 ἄφεσις

2267 5441 2333 5493 ὲκ
2358 5440 2579 5512 μέρους,
2609 5441 2714 5512 πρὸ
2744 5444 2845 5511 τῆς
2873 5438 3177 5502 παντελοῦς
3208 5438 3475 5508 ἀφέσεως·
3510 5436 3609 5489 καὶ
3657 5432 3853 5501 ἀτελὴς

2268 5533 2534 5606 κάθαρσις
2560 5533 3027 5606 προοιμιαζομένη
3054 5533 3154 5605 τὴν
3195 5530 3527 5586 τελειοποιόν
3562 5545 3578 5563 ’
3623 5528 3720 5583 καὶ
3764 5544 3865 5595 κα·¹

2096 5674 2326 5730 NOTAE.

659 5814 769 5883 (ιδ)
808 5816 893 5871 ct.
924 5832 977 5887 q.
1015 5813 1193 5871 cun
1250 5814 1531 5871 chva.
