4132 6458
395 434 529 498 19.25

1586 438 2048 500 FRAGMENTA
2082 438 2166 498 IN
2187 439 2465 500 LUCAM.

3524 422 3656 495 19:26

394 552 582 621 θαῖρον
619 549 720 621 μὲν
750 550 816 605 τὰ
871 550 1154 622 φθάσαντα
1191 552 1301 605 τῶν
1353 552 1788 623 ἁμαρτημάτων,
1824 552 2006 609 οὐδὲν.

2109 549 2334 605 ιονΐεοιθε
2362 549 2506 603 viam
2543 548 2875 621 disponens;
2914 546 3187 602 mundans
3210 542 3427 616 quidem
3461 562 3490 601 a
3526 562 3653 616 pec-

393 644 437 695 δ’
460 643 703 712 ἀσφαλὲς
752 643 862 697 οὐδ’
889 644 1151 714 ἐχέγγυον
1180 645 1308 715 περὶ
1337 643 1446 697 τῶν
1482 644 1787 714 μελλόντων
1816 662 1976 715 χαρι-

396 732 643 802 ζόμενον.
681 732 755 786 Τὸ
808 734 1140 787 Δεσποτικὸν
1187 733 1244 787 δὲ
1290 733 1386 787 καὶ
1447 735 1716 804 σωτήριον
1762 734 1979 788 πάντων

400 823 501 893 μὲν
529 823 637 877 τῶν
669 823 1048 895 προλαϐόντων
1103 825 1312 896 ῥύσιον,
1348 824 1540 895 ῥώμης
1567 825 1624 878 δὲ
1646 826 1980 897 παρεκτικὸν

398 913 495 966 καὶ
525 913 728 983 ίσχύος,
757 914 993 986 μὴκατὰ
1023 918 1122 979 τὰς
1152 917 1378 988 πρώτας
1398 917 1704 988 ὀλισθήσεις
1734 918 1815 971 ἔτι
1842 917 1983 989 πρὸς

398 1007 469 1059 τά
493 1005 642 1074 πάθη
683 1005 1083 1077 κατασύρεσθαι
1114 1022 1128 1037 ’
1178 1008 1275 1061 καὶ
1328 1008 1388 1062 τὸ
1443 1010 1562 1079 μὲν,
1600 1011 1681 1073 είς
1733 1009 1832 1082 τὴν
1872 1010 1985 1064 τῶν

401 1098 647 1169 οὐρανῶν
668 1100 929 1170 ἀναφέρει
958 1100 1258 1172 βασιλείαν,
1291 1100 1386 1156 καὶ
1410 1101 1472 1155 τὸ
1505 1102 1689 1173 μεῖξον
1741 1102 1980 1169 πάντων,

403 1188 674 1244 υἱοθεσίαν
696 1189 980 1261 χαρίζεται
1015 1209 1030 1225 ο
1058 1193 1121 1245 τὸ
1154 1193 1212 1246 δὲ
1242 1192 1407 1247 τινῶν
1451 1195 1551 1263 μὲν
1598 1194 1793 1263 ἄφεσιν
1843 1213 1984 1267 παρ-

406 1274 540 1347 έχει,
592 1275 718 1330 οὐτε
747 1278 805 1332 δὲ
854 1280 1185 1352 κληρουχίαν
1232 1281 1477 1354 οὐρανῶν
1529 1283 1829 1353 βασιλείας,
1863 1285 1985 1339 οὐδὲ

405 1365 588 1437 πολλῷ
625 1369 823 1438 μᾶλλον
852 1371 991 1442 πρὸς
1028 1372 1303 1438 υἱοθεσίας
1352 1374 1672 1441 ἀναϐιϐάζει
1720 1374 1937 1447 ἀξίωμα
1969 1393 1983 1407 ·

407 1456 782 1528 ὲντελέστερον
802 1460 861 1513 δὲ
891 1462 1020 1533 περὶ
1047 1462 1251 1517 τούτων
1281 1464 1338 1517 ὲν
1386 1465 1464 1535 τῷ
1514 1466 1738 1539 Ἰωάννῃ
1791 1469 1886 1521 καὶ
1911 1466 1989 1538 τῷ

407 1548 462 1603 Μ
472 1551 676 1618 ατθαίῳ
701 1552 939 1621 εἴρηται.
978 1555 1188 1608 Ἐκεῖσε
1214 1555 1308 1609 οὖν
1322 1557 1448 1621 τοὺς
1469 1557 1785 1628 φιλολόγους
1811 1576 1989 1632 παρα-

410 1639 751 1710 πέμψαντες,
781 1644 943 1713 ἡμεῖς
971 1644 1066 1698 ὲπὶ
1095 1645 1163 1699 τά
1190 1647 1426 1717 ἐχόμενα
1452 1648 1645 1719 ἴωμεν.

483 1732 733 1787 ψωτίου.
776 1735 890 1788 Οὐκ
917 1732 1026 1788 οἵδε
1058 1737 1277 1791 σύνοδον
1308 1739 1554 1811 ἀλλήλων
1584 1738 1868 1804 πλεονεξία
1898 1740 1992 1794 καὶ

411 1824 795 1896 φιλανθρωπία
817 1844 831 1857 ·
859 1828 1079 1899 μακρὰν
1103 1830 1299 1901 ἀπέχει
1327 1832 1467 1904 ἀνὴρ
1483 1832 1732 1905 ἐλεήμων
1756 1834 1857 1903 τῆς
1880 1833 1991 1888 τῶν

412 1917 787 1973 πλουτούντων
840 1922 1216 1992 μισαδελφίας.
1279 1925 1377 1978 Διά
1438 1924 1599 1979 τοῦτο
1628 1967 1643 1991 ,
1690 1927 1785 1980 καὶ
1840 1927 1997 1999 μέγα

412 2006 620 2078 χάσμα
647 2011 968 2083 ἐστήρικται
996 2015 1201 2082 μεταξὺ
1227 2017 1450 2089 γεέννης
1475 2017 1569 2071 καὶ
1599 2018 1896 2089 βασιλείας.

488 2186 566 2261 [ρ.
608 2190 737 2246 228.
768 2191 851 2265 b.]
880 2195 1129 2251 Φωτίου.
1160 2190 1321 2251 Ἧλοι
1348 2200 1447 2263 τὰς
1493 2202 1835 2269 Δεσποτικάς
1884 2206 2000 2261 δια-

418 2283 692 2353 περονῶσι
719 2284 1003 2356 παλάμας,
1033 2289 1127 2341 καὶ
1154 2291 1281 2353 τούς
1314 2291 1414 2361 τῆς
1445 2294 1647 2358 κακίας
1696 2296 1856 2368 ήμῶν
1887 2301 2001 2365 τοῖς

420 2371 610 2442 μέλεσι
638 2376 1034 2446 παρεμφύντας
1060 2379 1239 2447 ὄζους,
1272 2383 1366 2451 ὑφ’
1410 2377 1487 2437 ὧν
1536 2386 1873 2459 ὲξερημοῦτο
1905 2392 2002 2445 καὶ

418 2466 721 2522 ὲκακύνετο
759 2469 820 2522 τὸ
845 2469 1210 2541 ἀνθρώπινον,
1242 2475 1435 2539 αὐταῖς
1460 2478 1749 2533 ἀνασπῶσι
1801 2479 1997 2553 ῥίζαις.

418 2554 690 2624 Στέφανος
719 2559 780 2623 ἐξ
799 2559 1050 2615 ἀκανθῶν
1078 2566 1143 2633 τῇ
1176 2564 1384 2636 κεφαλῇ
1434 2568 1882 2638 περισφίγγεται,
1910 2574 2005 2626 καὶ

416 2649 449 2701 ὁ
493 2648 834 2715 πολυώδυνος
877 2652 980 2722 τῆς
1035 2654 1275 2719 παλαιᾶς
1300 2659 1547 2730 κατάρας
1590 2662 1774 2726 κλοιὸς
1820 2666 2000 2719 ἀπαυ-

417 2739 691 2810 χενίζεται
719 2758 735 2773 ·
778 2742 945 2816 λόγχῃ
993 2745 1207 2819 πλευρά
1262 2747 1632 2821 διορύσσεται,
1681 2755 1777 2809 καὶ
1824 2759 1857 2827 ὴ
1906 2759 2006 2830 τῆς

420 2834 695 2905 σωτηρίας
722 2837 882 2908 ἡμῶν
907 2839 1311 2911 ἀναστομοῦται
1338 2846 1514 2916 πηγή.

492 2922 570 2997 [p.
587 2923 713 2981 306.
735 2925 815 2998 b.]
848 2929 1095 2985 Φωτιου.
1121 2932 1337 2987 Μᾶλλον
1353 2934 1409 2988 δὲ
1430 2936 1726 3005 ῥήγνυται
1746 2944 2005 2998 καταπέ-

416 3032 621 3086 τασμα
634 3019 742 3073 τοῦ
756 3021 931 3085 ναοῦ,
950 3021 1092 3095 ξύλῳ
1113 3024 1207 3079 τοῦ
1232 3028 1502 3081 Δεσπότου
1527 3033 1899 3103 κρεμαμένου,
1918 3036 2006 3092 διὰ

417 3108 643 3177 πολλὰς,
662 3106 955 3181 οἵμαι,τὰς
972 3115 1170 3179 αἰτίας.
1203 3117 1276 3171 Τὸ
1308 3118 1409 3188 μὲν
1438 3120 1546 3191 γὰρ
1576 3121 1674 3194 τὴν
1695 3125 1800 3195 γῆν
1832 3127 2007 3200 κλόνῳ

2079 642 2220 697 catis
2271 640 2587 712 prmteritis,
2626 640 2720 696 sed
2752 639 2889 694 nihil
2923 642 3232 703 tutamenti,
3282 639 3415 693 nihil
3447 626 3661 695 roboris

2081 738 2150 795 ad
2174 737 2353 793 futura
2378 737 2639 807 largiens.
2667 736 2881 790 Domini
2911 745 3089 790 autem
3137 745 3190 789 et
3222 734 3520 789 Salvatoris
3558 736 3662 790 ha-

2081 832 2301 903 ptisma,
2332 831 2517 885 omnia
2549 828 2823 899 praeterita
2853 827 3064 891 lavans,
3095 827 3355 880 virtutem
3396 834 3452 881 et
3484 826 3658 881 robur

2083 930 2327 995 praestat,
2377 937 2445 976 ne
2500 922 2554 975 in
2603 919 2812 988 priores
2862 917 3050 986 lapsus
3093 917 3206 986 jam
3259 918 3324 971 ad
3374 916 3664 987 passiones

2084 1013 2453 1085 abripiamur;
2508 1012 2618 1065 imo
2650 1010 2705 1065 in
2756 1009 3022 1065 caelorum
3068 1024 3295 1077 regnum
3339 1007 3661 1072 introducit,

2084 1115 2139 1163 et
2176 1106 2319 1177 quod
2358 1105 2616 1160 omnibus
2645 1103 2827 1175 majus
2877 1112 2981 1166 est,
3028 1102 3262 1157 ﬁliorum
3314 1102 3665 1171 adoptionem

2085 1200 2335 1268 largitur.
2366 1196 2596 1252 Joannis
2627 1206 2811 1251 autem
2856 1194 3127 1265 baptisma
3159 1203 3510 1264 peccatorum
3544 1192 3667 1261 qui-

2087 1294 2213 1349 dem
2246 1290 2626 1347 remissionem
2671 1289 2899 1360 praebet,
2943 1288 3036 1343 sed
3084 1303 3192 1340 non
3244 1286 3482 1340 etelestis
3516 1284 3668 1352 regni

2088 1384 2484 1448 haereditatem,
2536 1395 2713 1451 neque
2775 1379 2951 1435 multo
3006 1378 3181 1445 magis
3239 1377 3302 1430 ad
3359 1374 3672 1451 adoptionis

2089 1475 2406 1545 dignitatem
2455 1442 2673 1528 attollit.
2723 1468 2977 1540 Apertius
3017 1442 3213 1522 dc'his
3259 1467 3312 1520 in
3363 1442 3573 1519 Joanne
3616 1442 3677 1519 ct

2090 1565 2345 1620 Matthaao
2396 1564 2616 1634 legitur,
2668 1562 2734 1616 ad
2773 1574 2913 1629 quos
2962 1558 3268 1629 philologos
3309 1557 3672 1619 remittentes,

2092 1673 2195 1715 nos
2224 1658 2289 1712 ad
2327 1655 2666 1726 propositum
2698 1653 3005 1707 volvamus.

2161 1746 2316 1802 CAP.
2346 1744 2486 1800 XVI.
2524 1743 2687 1799 Vens.
2724 1743 2813 1797 3|.
2850 1741 3053 1795 Photii.
3095 1739 3214 1793 Non
3258 1737 3492 1792 invicem
3542 1751 3677 1792 con—

2095 1841 2323 1895 veniunt
2353 1838 2583 1895 avaritia
2634 1844 2690 1891 et
2738 1833 3076 1897 liberalitas;
3130 1830 3364 1885 multum
3408 1830 3563 1883 abest
3598 1828 3679 1881 vir

2100 1931 2415 1987 misericors
2446 1929 2514 1983 ab
2548 1926 2670 1981 odio
2692 1926 2923 1979 divitum
2953 1924 3009 1977 in
3032 1922 3265 1991 fratres;
3284 1932 3592 1991 propterea,
3623 1928 3680 1973 et

2102 2038 2349 2092 magnum
2378 2022 2650 2090 ﬁrmatum
2696 2027 2779 2072 est
2819 2014 3168 2070 intervallum
3211 2013 3515 2085 gehennam
3541 2011 3682 2066 inter

2098 2124 2153 2170 et
2192 2129 2440 2183 regnum.

2170 2205 2326 2261 CAP.
2354 2203 2519 2261 XVII.
2550 2201 2717 2260 Vens.
2745 2202 2836 2258 55.
2866 2200 3067 2257 ΡΙιοιὶἰ.
3097 2199 3251 2256 Clavi
3300 2197 3519 2255 Domini
3563 2198 3684 2268 ροι-

2103 2311 2220 2350 mas
2255 2294 2602 2363 transtigunt,
2634 2300 2689 2347 et
2720 2290 2947 2345 malitiae
2989 2299 3191 2344 nosu'a:
3217 2286 3481 2341 membris
3509 2286 3683 2339 inhae-

2101 2397 2284 2442 rentes
2323 2387 2499 2441 nodos
2526 2428 2542 2454 ,
2580 2400 2675 2455 per
2705 2399 2847 2455 quos
2870 2392 3146 2438 vastatum
3184 2388 3237 2435 et
3261 2386 3574 2449 corruptum
3599 2387 3687 2441 est

2104 2481 2401 2534 humanum
2439 2491 2630 2550 genus,
2680 2476 2815 2546 ipsis
2861 2474 3103 2530 evelluut
3132 2470 3431 2526 radicibus.
3465 2469 3683 2523 Corona

2102 2586 2133 2627 e
2167 2572 2340 2641 Spiuis
2382 2570 2545 2639 capiti
2576 2569 3047 2631 circumducitur,
3083 2574 3139 2620 et
3162 2578 3510 2621 aerumnosus
3542 2564 3687 2617 anti-

2104 2679 2230 2733 quae
2261 2661 2663 2717 maledictiouis
2694 2669 2917 2729 torques
2955 2659 3267 2728 rumpitur;
3305 2656 3499 2712 lancea
3534 2654 3684 2709 latus

2104 2756 2391 2822 dividitur,
2432 2762 2489 2811 et
2514 2753 2675 2809 nobis
2700 2751 2890 2808 salutis
2916 2749 3042 2806 fons
3073 2748 3336 2820 aperitur.

2176 2939 2331 2997 CAP.
2363 2936 2555 2994 XXIII.
2587 2934 2753 2991 Vsus.
2788 2934 2881 2990 45.
2918 2932 3119 2987 Photii.
3147 2928 3336 2986 Potius
3388 2938 3520 2979 vero
3559 2923 3693 2977 scis-

2106 3048 2222 3087 sum
2242 3040 2319 3086 est
2348 3030 2517 3085 velum
2547 3027 2745 3098 templi,
2772 3027 2920 3097 ligno
2952 3040 3076 3080 cum
3102 3021 3372 3079 Dominus
3406 3016 3692 3087 penderet,

2106 3125 2177 3180 ob
2210 3122 2499 3193 plurimas,
2538 3130 2690 3192 puto,
2731 3133 2946 3173 causas.
2980 3116 3138 3185 Quod
3173 3114 3317 3168 enim
3351 3120 3491 3166 terra
3540 3118 3698 3162 motu

420 3200 633 3304 μικροῦί
645 3203 755 3304 δεῖν
784 3207 1297 3280 ωγκατενεχθῆναι,
1320 3210 1542 3267 δυνατόν
1569 3215 1686 3268 ἐστι
1707 3218 1817 3281 τοῖς
1836 3199 2006 3289 ἀγνω-

2114 3232 2309 3286 parum
2327 3214 2569 3286 oportuit
2590 3213 2809 3282 agitari,
2835 3209 3102 3281 possibile
3129 3216 3214 3262 est
3239 3201 3538 3260 incredulis
3562 3199 3698 3255 illud

420 3293 644 3364 μονοῦσι
667 3294 761 3348 καὶ
787 3297 867 3361 είς
895 3298 964 3352 τὰ
986 3298 1127 3353 κατὰ
1150 3300 1310 3370 φύσιν
1335 3303 1558 3372 ἀνάγειν
1588 3308 1699 3361 τῶν
1734 3313 2006 3384 στοιχείων

2114 3311 2513 3365 elementorum
2531 3304 2766 3361 naturali
2789 3298 3190 3373 perturbationi
3213 3296 3536 3359 attribuere,
3559 3293 3701 3347 scis-

420 3384 568 3457 πάθη
579 3426 592 3440 .
608 3385 681 3439 Τὸ
696 3386 752 3439 δὲ
770 3389 1005 3459 ῥαγῆναι
1022 3392 1083 3444 τὸ
1096 3394 1519 3467 καταπέτασμα,
1537 3401 1766 3470 μηδενὸς
1780 3404 2015 3473 μάλιστα

421 3477 781 3544 διασπῶντος,
814 3480 923 3534 άπὸ
948 3482 1156 3537 ἄνωθεν
1184 3485 1290 3550 ἕως
1321 3488 1494 3554 κάτω,
1518 3491 1814 3563 θεομηνίαν
1841 3497 1904 3551 τὸ
1928 3499 2017 3552 τέο

425 3582 525 3659 ρας
560 3567 853 3627 δείκνυσιν.
891 3565 998 3625 Ἦν
1020 3572 1077 3626 δὲ
1114 3575 1209 3628 καὶ
1240 3576 1525 3647 σύμϐολον]
1546 3583 1644 3636 καὶ
1676 3587 2017 3659 προμήνυμα

421 3657 525 3728 τῆς
553 3659 642 3712 ἀεὶ
674 3664 1062 3735 καταστροφῆς
1113 3683 1174 3719 τε
1232 3670 1327 3722 καλ¹
1380 3669 1781 3744 ἐξερημώσεως
1822 3678 1916 3732 τοῦ
1942 3657 2019 3733 ἣτε

423 3751 778 3823 περιωνύμου
835 3754 965 3808 ναοῦ
1004 3755 1315 3814 Ἰουδαϊκῶν
1361 3762 1614 3820 τελετῶν.
1646 3768 1758 3822 Καὶ
1814 3770 2017 3840 τρίτον,

427 3842 505 3907 ὡς
555 3845 746 3899 οὐκέτι
813 3847 973 3918 μέρει
1038 3850 1269 3922 τινὶτῆς
1312 3853 1643 3926 οἰκουμένης
1686 3860 1720 3929 ἡ
1769 3861 2022 3917 εὐσέϐεια

424 3933 930 4010 συγκλεισθήσεταισ
948 3940 1061 3994 ἀλλ’
1082 3942 1298 3998 ἅπαντα
1317 3945 1386 3998 τὰ
1411 3945 1641 4019 πέρατα,
1659 3952 1768 4004 τῶν
1779 3952 2022 4025 ἀπορρή-

424 4043 536 4080 των
550 4028 609 4081 ὲν
630 4028 931 4084 ἀπολαύσει
954 4033 1264 4103 γενήσεται.
1300 4036 1421 4089 Ἔτι
1441 4039 1475 4107 ἠ
1498 4039 1730 4104 κιϐωτὸς
1764 4042 1857 4097 καὶ
1871 4045 1938 4097 τὰ
1965 4045 2023 4097 ἐν

426 4122 591 4193 αὐτῇ,
618 4123 760 4177 κατά
786 4124 881 4179 τὸν
924 4125 1095 4181 τύπον
1120 4128 1313 4197 γέγονε
1346 4132 1457 4195 τοῦ,
1485 4133 1775 4204 ἀνθρώπου
1796 4138 1891 4189 καὶ
1914 4136 2023 4191 τῶν

427 4213 535 4267 ὑπὸ
587 4213 681 4267 τὸν
732 4216 1002 4288 οὐρανὸν,
1065 4219 1205 4292 αὐτη
1263 4222 1321 4275 δὲ
1379 4223 1650 4295 διείργετο
1708 4226 1786 4297 τῷ
1849 4245 2025 4283 κατα-

428 4306 773 4378 πετάσματι,
820 4312 916 4365 καὶ
969 4313 1356 4383 ἀπεκρύπτετο
1383 4332 1398 4347 ·
1450 4317 1640 4388 ἐδήλου
1696 4318 1755 4372 δὲ
1797 4318 1897 4391 τὴν
1943 4322 2025 4384 εὶς

428 4401 696 4473 οὐρανοὺς
724 4403 953 4470 εἴσοδον,
992 4405 1304 4477 ἀνθρώποις
1337 4408 1540 4463 ἄϐατον
1588 4412 2023 4483 συντετηρῆσθαι

427 4493 590 4555 τέως.
631 4493 1035 4564 Ῥήγνυταιούν
1053 4497 1115 4551 τὸ
1151 4500 1549 4572 καταπέτασμα
1578 4502 1819 4573 Χριστοῦ
1862 4520 2022 4557 σταυ-

2116 3419 2237 3460 sum
2256 3416 2386 3458 vero
2416 3414 2542 3456 esse
2567 3397 2773 3463 velum,
2805 3394 3023 3450 nemine
3047 3390 3351 3462 praesertim
3385 3385 3698 3446 divellcnte,

2117 3512 2149 3551 a
2180 3506 2397 3549 summo
2426 3506 2603 3560 usque
2635 3490 2916 3547 deorsum,
2946 3484 3039 3539 Dei
3078 3484 3214 3537 iram
3254 3481 3359 3536 hoc
3388 3478 3701 3548 prodigium

2120 3582 2382 3646 ostendit.
2414 3580 2546 3635 Erat
2580 3589 2762 3632 autem
2820 3573 3133 3647 symbolum
3167 3579 3222 3625 et
3276 3568 3539 3624 indicium
3576 3580 3702 3635 per-

2122 3687 2300 3747 petuae
2334 3669 2726 3729 destruetionis
2762 3676 2817 3722 et
2849 3662 3176 3720 vastationis
3228 3658 3416 3731 inclyti
3444 3656 3699 3712 Judaieo-

2121 3782 2245 3823 rum
2276 3766 2483 3821 rituum
2504 3762 2714 3831 templi.
2746 3758 2813 3813 Et
2835 3757 3016 3821 tertio,
3044 3756 3190 3826 quod
3215 3768 3320 3807 non
3352 3759 3504 3821 parte
3526 3749 3707 3817 aliqua

2124 3860 2274 3917 orbis
2302 3859 2492 3929 religio
2513 3853 2899 3918 concludetur;
2928 3849 3024 3905 sed
3050 3860 3247 3902 omnes
3268 3845 3405 3898 lines
3422 3845 3478 3896 tn
3506 3850 3709 3912 myste-

2124 3954 2333 4010 riorum
2370 3948 2847 4021 participationem
2891 3943 3258 3998 adducentur.
3315 3935 3435 3991 Jam
3484 3949 3608 3989 arca
3657 3941 3712 3988 ct

2124 4060 2245 4116 qua:
2272 4043 2607 4107 includebat,
2648 4036 2954 4095 secundum
2991 4035 3224 4104 ﬁguram
3278 4029 3421 4084 facta
3471 4035 3556 4083 est
3607 4026 3712 4079 ho-

2124 4136 2293 4192 minis
2310 4144 2365 4190 et
2384 4148 2569 4189 eorum
2599 4146 2721 4203 quae
2745 4129 2848 4185 sub
2878 4126 3018 4181 c0310
3044 4134 3207 4189 sunt;
3244 4121 3359 4175 haec
3381 4129 3562 4172 autem
3591 4116 3712 4169 velo

2127 4228 2487 4301 separabatur
2511 4224 3005 4284 etoccultabatur;
3069 4212 3393 4271 ostendebat
3444 4211 3709 4263 hactenus

2125 4323 2389 4378 cmlorum
2415 4320 2725 4389 ingressum
2757 4312 3075 4372 hominibus
3101 4304 3428 4379 impervium
3455 4315 3711 4370 perman-

2128 4412 2304 4477 sisse;
2336 4408 2604 4463 scinditur
2630 4421 2761 4475 ergo
2793 4403 2998 4465 velum,
3030 4415 3155 4455 cum
3186 4394 3438 4451 Christus
3462 4400 3546 4447 est
3582 4406 3711 4445 cru-

2130 4501 2346 4564 ciﬁxus,
2378 4499 2643 4555 ccelorum
2683 4496 2994 4567 ingressum
3047 4487 3306 4543 omnibus
3335 4481 3713 4554 praeconizans

428 4585 719 4656 ρουμένου,
750 4586 851 4658 τὴν
888 4589 969 4653 είς
1022 4589 1251 4659 οὐρανὸν
1285 4564 1489 4646 εἴσοδον
1533 4564 1699 4647 πᾶσιν
1725 4595 1859 4666 ημῖν
1887 4595 2006 4649 ὑπο·

2126 4600 2178 4647 et
2204 4588 2543 4645 annuntians
2569 4585 2704 4657 (I9).

433 4677 697 4742 σαλπίζον
721 4679 816 4732 καὶ
852 4680 1366 4753 εὐαγγελιζόμενον.

503 4771 751 4825 Φωτίου.
786 4767 896 4825 ’Ἦν
944 4790 1075 4826 ποτε
1134 4776 1366 4845 κρύφιος
1412 4776 1566 4844 φίλος
1600 4776 1629 4829 ὁ
1668 4777 1887 4848 Ἰωσὴφ,
1930 4777 2025 4833 καὶ

428 4864 744 4935 νυκτερινὸς
806 4865 1047 4936 Χριστοῦ
1102 4867 1372 4939 μαθητήςο
1426 4868 1543 4922 ἀλλ’
1602 4866 1837 4941 ὕστερον
1891 4872 2024 4935 τούς

427 4955 665 5025 δεσμοὺς
691 4956 1011 5029 ἀπορρήξας
1037 4957 1139 5029 τῆς
1171 4959 1395 5027 δειλίας,
1426 4960 1536 5015 τῶν
1570 4962 1651 5025 είς
1685 4962 1743 5015 τὸ
1790 4961 2025 5033 φανερὸν

431 5047 734 5117 φιλούντων
764 5047 1098 5122 θερμότερός
1119 5068 1180 5104 τε
1206 5053 1302 5105 καὶ
1331 5052 1778 5126 θαρῥαλεώτερος
1806 5055 2022 5123 γέγονεο

431 5142 618 5197 καὶτὸ
648 5143 978 5198 Δεσποτικὸν
1023 5145 1081 5199 ἐν
1120 5144 1278 5216 ὕϐρει
1326 5145 1676 5218 κρεμάμενον
1726 5147 1886 5218 σῶμα
1932 5146 2025 5202 τοῦ

431 5233 595 5301 ξύλου
625 5235 893 5302 καθελὼν,
917 5236 1015 5306 τῆς
1042 5237 1275 5308 δυνατῆς
1298 5238 1595 5311 θεραπείας
1617 5240 1719 5294 οὐκ
1747 5239 2018 5311 ἠμέλησε,

437 5326 703 5397 ῥημάτων
770 5328 1119 5402 μετριότητι,
1170 5330 1262 5385 τὸν
1323 5330 1592 5401 πολυτελῆ
1679 5332 2027 5404 μαργαρίτην

433 5418 877 5489 ἐμπορευόμενος
908 5459 924 5485 ,
970 5421 1067 5475 καὶ
1112 5420 1373 5493 κρύπτων
1424 5422 1631 5479 τούτων
1688 5425 1749 5478 τὸ
1790 5424 2026 5478 σπουδα-

432 5509 683 5581 ζόμενον.
723 5512 859 5566 Οὐδὲ
887 5511 997 5585 γὰρ
1035 5514 1111 5578 ὡς
1155 5515 1220 5587 δή
1252 5532 1303 5569 τι
1345 5515 1486 5586 μέγα
1538 5516 1752 5587 φρονῶν
1788 5517 1822 5587 ἣ
1870 5517 2029 5586 φθεγ-

2202 4772 2366 4826 Vens.
2400 4770 2493 4826 50.
2539 4769 2736 4823 Pliotii.
2770 4765 2901 4820 Erat
2929 4765 3071 4820 [orte
3097 4762 3347 4818 occultus
3380 4758 3592 4813 amicus
3622 4754 3715 4809 Ju-

2133 4864 2290 4932 seph,
2328 4870 2383 4918 et
2409 4869 2711 4916 nocturnus
2741 4856 2946 4912 Christi
2979 4852 3286 4923 discipulus
3314 4867 3330 4917 ;
3364 4849 3459 4903 sed
3494 4847 3715 4916 tandem

2128 4968 2308 5014 metus
2361 4967 2623 5024 rumpens
2672 4948 2891 5005 vincula
2916 4989 2932 5015 ,
2992 4945 3251 5000 omnibus
3283 4942 3376 5012 qui
3411 4940 3587 5009 palam
3627 4953 3716 4993 se—

2128 5052 2438 5124 quebantur
2468 5044 2769 5101 ferventior
2793 5050 2847 5096 et
2880 5038 3143 5095 audacior
3168 5035 3346 5091 laetus
3376 5043 3479 5088 est.
3514 5033 3580 5087 Et
3608 5030 3718 5083 Do-

2129 5143 2266 5200 mini
2314 5155 2516 5211 corpus
2562 5138 2620 5193 iu
2660 5134 2991 5192 contumelia
3050 5142 3423 5199 suspensum,
3480 5137 3509 5176 a
3572 5123 3719 5193 ligno

2130 5235 2449 5299 demittens,
2490 5230 2639 5302 quod
2696 5226 2879 5299 potuit
2932 5222 3261 5293 obsequium
3312 5234 3423 5273 non
3459 5214 3720 5285 neglexit,

2133 5332 2431 5387 verborum
2484 5323 2887 5385 moderatione,
2939 5318 3238 5390 ptetiosam
3273 5326 3464 5369 emens
3505 5323 3721 5378 marga-

2136 5425 2323 5491 ritam,
2358 5433 2412 5479 et
2438 5421 2635 5477 horum
2653 5416 2899 5473 valerem
2928 5412 3131 5470 celans.
3156 5406 3275 5463 Non
3303 5406 3448 5461 enim
3472 5412 3531 5456 ut
3558 5402 3723 5455 homo

2139 5528 2321 5573 mente
2350 5524 2404 5572 et
2467 5525 2721 5569 sermone
2762 5505 3035 5579 superbus
3061 5541 3074 5567 ,
3106 5514 3309 5572 corpus
3348 5496 3589 5567 expetit,
3627 5492 3719 5547 Sed

1963 5714 2195 5773 NOTAE.

503 5854 614 5925 (l9)
645 5853 731 5912 Cf.
765 5871 819 5927 q.
855 5856 1057 5915 CCXII.
