4132 6438
520 402 657 468 1227

1610 384 1615 391 ’
1674 398 1938 460 PIIOTII
1967 397 2474 467 PATRIARCHIE
2514 400 2623 460 CP.

3618 396 3753 460 12-38

514 524 573 569 nt
604 509 996 568 misericordiae
1028 517 1083 564 et
1113 506 1425 564 liberalitati
1454 507 1670 563 deditus
1691 551 1707 576 ,
1738 510 1792 564 in
1842 512 2083 581 sepultu-

2184 509 2435 580 γόμενος,
2470 510 2639 573 οὕτως
2667 508 2728 562 τὸ
2760 507 2920 579 σῶμα
2954 504 3225 579 ἐπιζητεῖ,
3264 505 3381 561 ἀλλ’
3404 504 3479 571 ὡς
3508 504 3575 559 ἂν
3604 506 3765 579 ἐλαίῳ

517 616 635 655 iam
670 608 947 655 mortuum
981 598 1147 668 petit;
1183 607 1237 652 et
1277 598 1479 652 accedit
1518 598 1586 651 ad
1630 596 1890 667 Pilatum,
1925 601 2090 655 timo-

514 706 631 745 rem
661 699 715 745 et
745 703 1005 760 pavorem
1058 688 1364 751 excutiens,
1397 688 1555 757 quasi
1588 688 1817 743 consilio
1851 703 2087 743 consen-

514 785 674 845 tiens,
718 781 918 838 deferri
954 795 1154 851 corpus
1199 780 1401 835 mortui
1435 780 1721 847 hortatur;
1776 780 1888 851 jam
1941 781 2090 835 enim

514 890 812 945 parasceve
850 874 1132 929 occidente
1159 873 1274 928 sole
1305 871 1611 936 desinebat,
1643 882 1696 927 et
1741 873 1828 927 lex
1867 871 2089 928 Sabbati

512 968 767 1037 praesenti
796 966 1182 1033 illucescebat;
1225 976 1278 1021 et
1330 966 1658 1036 persuadere
1706 965 1883 1035 magis
1937 975 2090 1022 ratus

510 1067 614 1124 cst,
646 1059 818 1129 legem
844 1059 1048 1128 pariter
1078 1056 1420 1128 praetendens
1445 1097 1459 1121 ,
1497 1073 1603 1127 qua
1639 1058 1923 1113 vetabatur
1959 1073 2082 1115 sus-

511 1167 678 1220 pensa
730 1166 953 1206 manere
1003 1165 1233 1220 corpora
1284 1150 1696 1205 crucifixorum.
1736 1151 1907 1207 Judaei
1941 1153 2087 1207 enim

510 1242 617 1295 alia
646 1250 836 1295 contra
887 1240 1058 1308 legem
1101 1246 1339 1309 agentes,
1368 1248 1421 1294 et
1463 1250 1650 1308 aperta
1681 1239 1860 1294 fronte
1906 1241 2086 1310 patria

510 1330 763 1385 instituta
819 1327 1325 1395 transgredientes,
1379 1327 1427 1380 si
1486 1327 1616 1396 quid
1673 1327 1939 1381 voluntati
1977 1343 2087 1382 non

510 1421 847 1475 contrarium
879 1420 1225 1485 occurrebat,
1248 1427 1302 1473 et
1330 1417 1652 1474 facillimum
1681 1421 1978 1489 completu,
2008 1421 2086 1475 le-

510 1515 593 1583 gis
617 1515 672 1567 in
703 1513 809 1568 hoc
840 1513 1204 1567 reverentiam
1231 1511 1520 1566 curabant.
1571 1510 1647 1566 Da
1688 1512 1822 1567 mihi
1849 1552 1865 1576 ,
1910 1512 2088 1582 inquit

509 1603 711 1674 Joseph
737 1647 751 1669 ,
799 1603 844 1659 si
879 1604 1002 1669 vis,
1037 1603 1268 1672 sepelire
1317 1616 1517 1670 corpus
1557 1600 1689 1657 .Iesu
1752 1616 1914 1670 quem
1970 1603 2085 1657 noti

510 1709 705 1749 omnes
734 1693 1179 1762 derelinquentes
1213 1691 1507 1758 abierunt;
1558 1688 1718 1759 cujus
1757 1690 1914 1743 multi
1955 1703 2088 1744 con-

509 1787 806 1841 currebant
832 1785 884 1839 in
909 1784 1165 1855 passione
1193 1790 1553 1854 spectatores,
1580 1796 1726 1838 nunc
1752 1791 1933 1837 autem
1958 1781 2085 1836 nul-

511 1879 595 1932 lus
628 1878 951 1948 permansit,
994 1892 1061 1931 ne
1093 1875 1394 1930 amicorum
1426 1874 1669 1944 quidem,
1708 1874 1775 1928 ad
1813 1874 2084 1944 sepelien-

508 1969 663 2036 dum,
700 1969 854 2024 abest
879 1983 910 2022 a
938 1975 990 2021 te
1011 1968 1079 2021 de
1108 1981 1277 2034 regno
1318 1972 1498 2019 metus
1526 1981 1542 2026 ς
1590 1974 1838 2046 mortuus
1874 1972 1957 2019 est
1988 1965 2084 2034 qui

508 2069 835 2130 potestatem
880 2058 1234 2129 magistratus
1288 2066 1656 2127 occupaturus
1702 2056 2081 2111 incusabatur.

507 2151 589 2206 Ad
624 2152 796 2220 ipsam
833 2150 1210 2221 apparentiam
1239 2164 1435 2219 expers
1461 2149 1615 2203 visus
1645 2156 1731 2202 est
1783 2148 1962 2203 omnis
2000 2149 2084 2202 in-

504 2238 767 2306 justitiaez
796 2252 958 2308 quem
990 2238 1382 2308 prophetarum
1428 2237 1767 2292 interfectrix
1810 2237 1996 2308 lingua
2030 2250 2084 2292 et

507 2344 615 2383 vox
648 2340 701 2385 et
731 2344 950 2396 manus,
972 2338 1026 2384 te
1066 2328 1209 2385 ferre
1237 2337 1496 2385 censente
1542 2328 1924 2384 humaniorem
1953 2345 2082 2384 sen-

508 2421 759 2485 tentiam,
796 2420 900 2475 sub
927 2420 1334 2475 damnationem
1370 2420 1565 2475 mortis
1597 2420 1948 2475 induxerunt.
2007 2421 2083 2474 Da

508 2509 641 2564 mihi
669 2524 912 2565 annuere
939 2510 1192 2582 gratiam,
1227 2524 1323 2579 per
1365 2524 1530 2580 quam
1564 2509 1702 2563 alios
1735 2510 1956 2564 minime
1986 2512 2079 2565 lae-

507 2601 636 2655 dere
661 2586 856 2671 potes;
908 2616 1015 2655 non
1046 2600 1193 2655 enim
1224 2598 1537 2656 Iuda-torum
1586 2600 1744 2655 turba
1778 2616 1919 2671 aegre
1947 2601 2083 2656 feret

508 2693 554 2747 si
583 2702 726 2748 terra
751 2693 1363 2750 noveritabsconditum
1388 2695 1692 2750 inimicum.
1718 2693 1887 2764 Magis
1916 2695 2083 2763 igitur

506 2784 787 2850 dolebunt,
837 2786 884 2841 si
917 2796 1195 2840 mortuum
1237 2802 1400 2857 quem
1429 2787 1656 2841 oderant
1706 2787 1967 2849 viderint,
2026 2788 2080 2843 ld

510 2886 619 2940 est,
645 2891 836 2932 eorum
872 2876 1155 2932 victimam
1199 2893 1362 2933 cruce
1405 2879 1828 2948 triumphantem
1851 2894 2082 2933 cernen-

2189 604 2285 658 καὶ
2307 603 2689 674 φιλανθρωπίᾳ
2721 600 2913 665 διδοὺς,
2948 602 3027 665 είς
3061 600 3239 671 ταφὴν
3283 600 3513 652 αἰτεῖται
3548 598 3639 651 τὸν
3678 615 3764 652 νε-

2188 695 2342 765 κρόνο
2371 696 2466 747 καὶ
2496 695 2776 764 πρόσεισι
2803 692 2918 762 μὲν
2946 692 3027 758 τῷ
3049 690 3307 758 Πιλάτφ,
3342 689 3501 744 δκνον
3552 689 3763 743 ἅπαντα

2188 787 2283 840 καὶ
2317 785 2482 855 φόϐον
2540 784 3008 855 άπορῤιψάμενος,
3037 778 3127 837 οἷα
3165 782 3221 835 δὲ
3250 783 3444 853 βουλῆς
3474 781 3761 849 κοινωνῶν,

2188 878 2582 948 κατενεχθῆναι
2606 878 2666 930 τὸ
2693 877 2855 947 σῶμα
2891 876 2985 930 τοῦ
3024 875 3346 946 τεθνηκότος
3387 873 3759 944 συμϐουλεύει.

2193 971 2333 1037 Ἤδη
2366 972 2475 1041 γάρ
2502 970 2599 1039 τῆς
2629 970 2985 1039 παρασκευῆς
3025 969 3145 1027 ταῖς
3180 965 3274 1020 τοῦ
3331 965 3486 1037 ήλίου
3533 965 3763 1036 δυσμαῖς

2188 1059 2687 1132 συνυποληγούσης,
2713 1059 2849 1112 καὶὸ
2868 1058 2963 1111 τοῦ
2989 1056 3267 1111 Σαϐϐάτου
3289 1058 3453 1127 νόμος
3480 1058 3546 1127 τῇ
3576 1054 3763 1109 ἐπιού-

2188 1167 2259 1224 σῃ
2284 1148 2723 1217 συνανεφαίνετο⁶
2767 1147 2860 1199 καὶ
2904 1144 3275 1216 πιθανώτερος
3306 1144 3502 1210 ἐδόκει,
3532 1144 3627 1198 καὶ
3673 1144 3763 1197 τὸν

2186 1244 2351 1313 νόμον
2379 1244 2509 1304 ἴσως
2564 1238 2879 1307 ὑποφαίνων
2904 1276 2920 1302 ,
2949 1238 3015 1291 δι’
3061 1238 3121 1291 ὃν
3148 1239 3248 1291 ούκ
3293 1238 3461 1309 ἐχρῆν
3514 1237 3762 1307 μετέωρα

2188 1336 2371 1406 μένειν
2406 1333 2577 1387 ἐτιτά
2603 1331 2833 1403 σώματα
2868 1331 2975 1383 τῶν
3006 1329 3388 1401 ἀνῃρημένων.
3416 1327 3499 1382 Τά
3526 1328 3623 1399 μὲν
3656 1328 3762 1399 γάρ

2185 1425 2321 1481 ἄλλα
2344 1426 2453 1478 τῶν
2499 1424 2767 1478 Ἰουδαίων
2798 1422 3082 1492 ὲκθέσμως
3124 1421 3489 1490 πραττόντων,
3515 1420 3609 1472 καὶ
3638 1420 3765 1473 ἀπε-

2189 1516 2506 1589 ρικαλύπτῳ
2532 1517 2600 1586 τῇ
2632 1514 2840 1585 κεφαλῇ
2870 1514 2978 1567 τῶν
3008 1511 3252 1583 πατρίων
3292 1511 3759 1580 ὲκδιαιτωμένων,

2185 1610 2243 1663 ἐν
2267 1604 2347 1673 οίς
2376 1608 2530 1660 οὐδὲν
2568 1605 2861 1660 ἀντίπαλον
2914 1604 3009 1658 τοῦ
3057 1604 3361 1675 θελήματος
3385 1603 3621 1673 ἀπήντα,
3667 1602 3765 1655 καὶ

2187 1702 2381 1772 ῥᾷστον
2436 1695 2505 1770 ἦν
2561 1698 2864 1765 ἐκτελέσαι,
2889 1699 2924 1767 ή
2966 1698 3104 1767 περιέ
3135 1697 3261 1759 τοὺς
3294 1695 3492 1766 νόμους
3514 1692 3766 1749 εὐλάϐεια

2185 1788 2609 1853 κατεσπούδαζε.
2639 1790 2751 1843 Καὶ
2769 1789 2857 1853 δός
2892 1805 3003 1859 μοι,
3035 1788 3199 1857 φησὶν
3230 1789 3259 1841 6
3298 1786 3519 1858 Ἰωσὴφ,
3546 1786 3595 1838 εί
3640 1784 3767 1856 βού-

2114 1873 2156 1929 Β
2183 1883 2286 1946 λει,
2316 1882 2481 1952 θάψαι
2502 1882 2593 1935 τὸν
2616 1880 2809 1953 νεκρὸν
2836 1879 2931 1933 τοῦ
2972 1879 3172 1948 Ἰησοῦ,
3196 1878 3255 1931 ὃν
3284 1877 3598 1948 οίλγνωστοὶ
3627 1876 3761 1931 πάνυ

2183 1990 2273 2038 τες
2308 1972 2508 2044 ᾤχοντο
2542 1971 2962 2037 καταλιπόντες,
2991 1966 3052 2026 οὖ
3084 1970 3272 2023 πολλοὶ
3322 1969 3424 2040 μὲν
3474 1969 3769 2039 συνέρρεον

2185 2066 2278 2118 ἐπὶ
2302 2065 2381 2134 τῷ
2410 2065 2575 2118 πάθει
2610 2064 2802 2118 θεαταὶ
2860 2062 2955 2116 νῦν
2986 2062 3029 2115 δ’
3077 2062 3253 2124 οὐδεὶς
3305 2062 3617 2130 ὑπέμεινεν,
3642 2058 3771 2112 οὐδὲ

2184 2153 2293 2208 τῶν
2342 2154 2532 2223 φίλων,
2576 2154 2959 2223 ὲνταφιαστής.
2994 2150 3225 2204 Ἀπεστί
3274 2166 3355 2203 σοι
3395 2148 3558 2218 φόϐος
3610 2148 3771 2219 βασι-

2184 2244 2352 2309 λείας·
2382 2245 2647 2315 τέθνηκεν
2673 2247 2700 2299 6
2726 2245 2785 2298 τὸ
2810 2244 3012 2316 κράτος
3046 2242 3146 2314 μὲν
3174 2245 3274 2315 τῆς
3312 2242 3562 2307 ἐξουσίας
3588 2241 3771 2311 ἀρπά-

2187 2354 2277 2390 σαι
2312 2336 2809 2407 κατηγορούμενος,
2852 2336 3014 2406 μέχρι
3040 2335 3096 2389 δὲ
3121 2335 3215 2389 καὶ
3247 2334 3415 2405 αὐτῆς
3442 2334 3771 2405 προφάσεως

2183 2428 2360 2490 άθῶος
2403 2428 2592 2497 ὀφθεὶς
2636 2427 2837 2491 παντὸς
2866 2428 3222 2497 ἀδικήματος
3254 2425 3312 2479 ὃν
3335 2425 3771 2496 προφητοκτόνος

2183 2517 2406 2586 γλῶσσα
2432 2518 2527 2570 καὶ
2556 2517 2708 2586 φωνή
2742 2516 2839 2570 καὶ
2875 2518 3079 2586 χεῖρες,
3133 2512 3225 2566 σοῦ
3272 2511 3555 2574 δοκοῦντος
3580 2510 3771 2580 φέρειν

2184 2609 2699 2681 φιλανθρωποτέραν
2750 2608 2949 2679 ψῆφον,
3001 2607 3107 2660 ὑπὸ
3143 2606 3326 2677 κρίσιν
3372 2605 3577 2675 ’ήγαγον
3605 2603 3773 2657 θανά-

2181 2721 2297 2757 του.
2332 2704 2430 2766 Δός
2460 2720 2549 2773 μοι
2580 2703 2737 2773 χάριν
2791 2703 3099 2773 ὁμολογεῖν,
3145 2701 3213 2754 δι’
3256 2696 3323 2773 ἦς
3347 2700 3567 2771 ἐτέρους
3615 2699 3772 2751 οὐδὲν

2182 2794 2422 2865 ζημιοῖς.
2458 2794 2593 2849 Οὐδὲ
2620 2795 2749 2866 γὰρ,
2784 2795 2891 2848 οὐδ’
2916 2797 2944 2848 6
2975 2794 3083 2847 τῶν
3127 2792 3397 2847 Ἰουδαίων
3425 2792 3579 2862 ὄχλος
3616 2792 3773 2845 ἀνιά-

2184 2904 2336 2940 σεται
2365 2889 2436 2958 γῇ
2465 2887 2728 2956 μαθόντες
2751 2888 2843 2940 τὸν
2874 2887 3074 2957 ἐχθρὸν
3100 2886 3526 2955 καλυπτόμενον.
3550 2885 3773 2939 Μᾶλλον

505 2968 643 3022 tium
685 2967 1097 3022 miserationem
1128 2968 1512 3034 adducentem,
1560 2978 1614 3024 et
1643 2970 2077 3040 cruciﬁgentium

2193 2978 2292 3049 μὲν
2318 2977 2843 3049 οῦνυδυσχεραίνουσι
2869 2980 2961 3032 καὶ
2999 2977 3188 3049 νεκρὸν
3227 2976 3317 3029 τὸν
3352 2977 3443 3029 ὑπ’
3472 2975 3650 3028 αὐτῶν
3685 2992 3775 3045 μισ

504 3059 883 3115 crudelitatem
904 3060 1239 3131 exprobrare
1256 3060 1640 3130 inspirantem;
1662 3033 2084 3131 neque'Caesaris

2189 3070 2454 3140 σούμενον
2486 3070 2796 3141 βλέποντες
2842 3070 3001 3124 τοῦτο
3048 3071 3145 3142 μὲν
3192 3070 3292 3139 τὴν
3326 3066 3505 3123 αὐτῶν
3550 3082 3775 3136 μιαιφο-

504 3150 812 3207 amicitiam
848 3167 959 3221 prae
989 3168 1049 3208 se
1071 3151 1274 3206 ferent.
1312 3150 1429 3207 Non
1461 3167 1542 3219 es,
1575 3153 1838 3219 dicentes,
1875 3154 2084 3209 amicus

2184 3163 2304 3215 νίαν
2333 3162 2412 3233 τῷ
2446 3162 2664 3234 σταυρῷ
2695 3163 3097 3234 θριαμϐεύοντα
3124 3200 3139 3226 ,
3170 3161 3328 3215 τοῦτο
3367 3159 3425 3213 δὲ
3457 3158 3567 3211 τῶν
3599 3157 3773 3226 ὁρών-

502 3243 758 3309 Caesaris,
787 3243 833 3298 si
864 3244 1096 3299 cadaver
1134 3242 1350 3298 dederis
1373 3251 1516 3297 terra
1547 3244 1795 3313 sepeliri;
1820 3245 1941 3300 sine
1974 3246 2084 3299 hae-

2184 3272 2291 3308 των
2314 3255 2406 3307 τὸν
2434 3254 2582 3308 ἔλεον
2611 3256 2859 3319 ἕλκοντα,
2886 3257 2980 3309 καὶ
3014 3254 3122 3308 τῶν
3155 3252 3587 3325 σταυρωσάντων
3605 3253 3777 3303 ἐκκα-

505 3333 783 3397 sitalione,
819 3334 865 3388 si
902 3334 981 3388 vis
1003 3343 1239 3398 tantum,
1268 3334 1581 3403 implebitur
1616 3351 1735 3390 mea
1766 3337 2081 3405 postulatio.

2184 3345 2443 3417 λούμενον
2494 3347 2862 3418 μυσάττεσθαι
2904 3349 3001 3417 τὴν
3029 3346 3307 3416 ὠμότητα·
3343 3344 3463 3398 οὐδε
3496 3343 3596 3411 τὴν
3636 3344 3779 3396 Καί-

506 3421 731 3478 Talibus
752 3422 913 3477 Pilati
933 3431 1171 3478 mentem
1199 3423 1487 3478 incantans
1508 3424 1712 3489 verbis,
1740 3426 2083 3495 propositum

2189 3454 2359 3506 σαρος
2410 3440 2748 3493 ὲπισείσουσι
2790 3439 2974 3508 φιλίαν
2998 3479 3014 3503 ,
3051 3440 3165 3493 υύκ
3186 3434 3237 3492 εί
3287 3436 3461 3508 φίλος,
3494 3436 3774 3504 λέγοντες.

503 3515 733 3581 obtinet,
762 3525 816 3571 et
854 3516 1024 3570 sumit
1048 3516 1301 3571 avulsum
1332 3530 1536 3586 corpus
1565 3514 1721 3583 Jesu,
1748 3526 1802 3572 et
1846 3518 2081 3574 assuetis

2186 3528 2279 3581 τοῦ
2316 3530 2620 3601 Καίσαρος,
2652 3531 2700 3583 εί
2727 3531 2917 3603 νεκρὸν
2940 3530 3095 3595 δίδως
3121 3533 3187 3600 τῇ
3219 3533 3289 3601 γῇ
3320 3525 3774 3600 κατορύττεσθαι.

502 3605 740 3661 honorat
771 3607 939 3662 curis.

2202 3619 2659 3692 Ἀπροφάσιστος,
2683 3626 2738 3677 εί
2773 3623 2950 3693 βούλει
2984 3624 3166 3694 μόνον,
3194 3624 3229 3693 ή
3255 3621 3532 3692 πλήρωσις
3562 3621 3661 3688 τῆς
3690 3620 3779 3671 ai-

500 3702 732 3770 τήσεως·
764 3700 989 3763 Τούτοις
1008 3699 1108 3772 τὴν
1138 3699 1232 3753 τοῦ
1256 3699 1493 3754 Πιλάτου
1528 3700 1850 3771 κατεπᾴδων
1910 3703 2111 3778 ψυχὴν,
2150 3714 2411 3785 τυγχάνει
2448 3716 2543 3769 τοῦ
2580 3715 2785 3769 σκοποῦ
2806 3758 2823 3781 ,
2866 3716 2960 3769 καὶ⁹
3010 3713 3281 3784 λαμϐάνει
3355 3710 3685 3782 καθαιρεθὲν
3711 3726 3779 3783 τδ

505 3793 666 3866 σῶμα
702 3794 797 3848 τοῦ
839 3794 1039 3866 Ἰησοῦ,
1066 3794 1272 3864 καὶτῆς
1295 3795 1559 3866 συνήθους
1600 3795 1741 3861 άξιοῖ
1774 3799 2078 3869 φροντίδος.

573 3888 849 3958 Ejusdem.
893 3887 1113 3959 Myrrha
1151 3888 1320 3959 igitur
1348 3905 1559 3959 ungens
1609 3902 1663 3947 et
1707 3895 1826 3950 aloe
1877 3911 2081 3965 corpus

508 3980 746 4047 Domini,
777 3982 922 4051 quod
949 3982 1181 4037 mortuis
1213 3981 1356 4050 apud
1382 3981 1599 4041 Iudaeos
1634 3986 1812 4041 honor
1841 3986 2086 4044 funebris

502 4084 644 4139 erat,
680 4084 732 4129 et
766 4074 1090 4129 mortuariis
1119 4076 1508 4147 circumligans
1542 4077 1727 4134 fasciis
1757 4120 1772 4145 ,
1828 4081 1882 4134 in
1942 4096 2085 4135 novo

505 4167 731 4236 deponit
762 4176 1136 4220 monumento.
1183 4165 1396 4221 Novum
1443 4179 1624 4222 autem
1666 4181 2081 4226 monumentum

503 4259 747 4328 paravit',
782 4268 841 4311 nt
887 4257 990 4327 ipsi
1036 4258 1265 4313 Domina
1294 4261 1569 4328 quomodo
1602 4263 1779 4331 potuit
1817 4264 2082 4317 honorem

505 4348 707 4420 Joseph
740 4359 1103 4419 expromeret.
1167 4349 1489 4421 Sepulcrum
1535 4354 1679 4408 enim
1728 4371 1929 4410 novum
1972 4364 2091 4411 erat

506 4453 561 4496 et
599 4443 903 4512 proprium,
962 4457 1071 4496 non
1121 4451 1299 4497 autem
1340 4460 1676 4511 commune,
1730 4457 1784 4502 et
1837 4448 2091 4518 plurimis

2265 3896 2376 3953 Τοῦ
2407 3897 2616 3953 αὐτοῦ.
2648 3895 2900 3967 Σμύρνης
2941 3888 3036 3948 οὖν
3089 3892 3438 3947 ἒπιπλάσσων
3485 3892 3578 3945 καὶ¹
3607 3888 3779 3962 ἀλόης

2189 3992 2251 4045 τὸ
2282 3992 2440 4062 σῶμα
2466 3990 2526 4044 τὸ
2552 3987 2900 4054 Δεσποτικδν,
2946 3986 2977 4040 δ
3023 3987 3137 4050 τοῖς
3184 3983 3476 4038 τελευτῶσι
3525 3983 3679 4053 παρά
3707 4000 3775 4052 γε

2190 4086 2306 4142 τοῖς
2335 4082 2617 4146 Ἰουδαίοις
2640 4082 2774 4152 τιμὴ
2791 4080 3097 4144 τελευταία,
3119 4078 3210 4131 καὶ
3236 4079 3346 4140 τοῖς
3376 4075 3779 4146 νεκροστολίοις

2189 4173 2553 4245 περιελίσσων
2608 4171 2871 4235 ὀθονίοις,
2901 4170 3038 4241 πρὸς
3085 4166 3164 4237 τῷ
3215 4166 3390 4236 καινῷ
3439 4164 3776 4235 κατατίθησι

2195 4266 2465 4338 μνημείῳ·
2506 4264 2693 4319 καινὸν
2722 4263 2781 4317 δὲ
2804 4262 2865 4316 τὸ
2908 4263 3172 4333 μνημεῖον
3196 4257 3635 4329 παρεσκεύαστο,
3667 4258 3778 4311 αύ-

2189 4357 2270 4429 τῷ
2302 4374 2364 4410 τε
2389 4356 2468 4428 τῷ
2504 4355 2753 4427 Δεσπότῃ
2797 4353 2889 4407 τὸν
2926 4352 3148 4406 δυνατὸν
3180 4350 3383 4421 τρόπον
3430 4347 3524 4402 τοῦ
3568 4347 3777 4416 Ἰωσὴφ

2192 4448 2358 4519 τιμὴν
2412 4447 2821 4518 ὲξευρίσκοντος
2851 4464 2865 4479 ’
2893 4448 3065 4517 τάφος
3096 4446 3206 4518 γὰρ
3253 4444 3436 4508 καινὸς
3467 4444 3562 4497 καὶ
3613 4442 3776 4507 ἴδιος,

516 4532 940 4587 mutantiaatum
972 4534 1325 4602 corporibus,
1377 4545 1436 4590 ut
1490 4536 1542 4590 in
1595 4539 1827 4595 mortuis
1874 4541 2084 4610 sepulto

2194 4541 2330 4596 ἀλλά
2362 4540 2438 4612 μὴ
2466 4539 2643 4603 κοινὸς
2673 4539 2768 4593 καὶ
2796 4539 3012 4603 πολλοῖς
3029 4535 3500 4607 ὲκλελυμασμένος
3525 4533 3775 4605 σώμασι,

514 4625 873 4680 reverentiam
903 4633 1154 4694 praestet;
1203 4636 1259 4680 et
1288 4626 1559 4696 duplicem
1602 4630 1671 4683 ob
1702 4630 1862 4684 aliam
1899 4631 2085 4702 diSpo-

506 4716 669 4769 sitam
695 4732 725 4770 a
750 4714 862 4771 Deo
892 4732 1115 4771 causam
1140 4734 1154 4771 :
1177 4718 1352 4787 primo
1373 4720 1615 4789 quidem,
1650 4737 1715 4776 ne
1746 4738 1870 4778 cum
1904 4739 2089 4779 resur—

508 4807 767 4863 rectionis
825 4809 1146 4863 miraculum
1209 4812 1570 4881 contigisset,
1636 4814 1705 4868 ab
1756 4815 2085 4870 audentibus

505 4897 688 4950 omnia
712 4895 915 4953 Iudaeis
943 4907 999 4953 et
1020 4913 1129 4953 non
1169 4901 1622 4958 erubescentibus
1654 4904 1796 4958 alius
1855 4906 2083 4974 quidam

505 4990 951 5061 consepultorum
987 4992 1299 5063 divulgatus
1327 4993 1510 5061 foret,
1579 5012 1689 5050 non
1746 4998 1836 5052 ille
1867 5000 1957 5068 qui
2017 4999 2086 5054 ab

506 5085 616 5140 illis
644 5085 713 5138 ad
736 5100 957 5141 crucem
992 5086 1390 5143 condemnatus
1412 5098 1549 5154 erat,
1579 5100 1942 5158 mortuorum,
1967 5108 2087 5146 snr-

507 5175 746 5239 rexisse;
786 5172 880 5228 sed
901 5181 962 5227 ut
981 5174 1089 5228 illis
1108 5175 1473 5246 undequaque
1497 5178 1884 5247 przecideretur
1904 5181 2084 5235 omnis

505 5263 771 5318 mendacii
808 5274 863 5317 et
890 5264 945 5318 in
972 5263 1140 5319 Deum
1172 5266 1285 5321 odii
1319 5269 1558 5323 occasio.
1598 5269 1851 5326 Secundo
1876 5281 2081 5336 autem,

504 5371 572 5409 ne
603 5356 915 5412 viderentur
965 5358 1077 5413 sola
1121 5358 1211 5414 illa
1246 5376 1276 5415 e
1319 5363 1571 5431 sepulcro
1604 5365 1915 5420 surrexisse
1951 5380 2080 5419 cor-

504 5462 657 5514 pura,
695 5449 898 5516 quibus
941 5448 1156 5505 Domini
1198 5467 1397 5522 corpus
1430 5456 1761 5525 applicatum
1808 5465 1861 5511 et
1891 5458 2082 5512 admo-

505 5544 622 5589 tum
684 5537 915 5605 luisset;
971 5541 1119 5611 quod
1172 5544 1336 5597 etiam
1400 5546 1469 5600 ab
1529 5547 1714 5615 aliquo
1765 5558 2079 5603 sanctormn

504 5641 733 5696 rorpore
763 5631 977 5686 vivente
1001 5633 1183 5688 adhuc
1210 5634 1515 5703 differebat,
1550 5646 1605 5691 et
1632 5654 1662 5691 a
1688 5638 1898 5693 fortiori
1929 5656 2079 5694 mor-

507 5728 620 5772 tuo.
656 5716 761 5775 Sed
802 5732 885 5785 ut,
936 5731 1196 5794 tanquam
1234 5742 1399 5797 super
1445 5730 1632 5783 omnia
1690 5730 1855 5786 fuerit
1889 5742 2079 5785 contra

504 5806 778 5865 infernum
836 5815 1076 5883 potentia
1131 5816 1346 5872 Domini
1398 5820 1779 5887 manifestata,
1838 5824 2077 5879 nondum

2185 4630 2283 4702 τὴν
2311 4630 2387 4693 ὡς
2418 4632 2474 4682 ἐν
2492 4631 2705 4700 νεκροῖς
2730 4628 2808 4700 τῷ
2831 4629 3156 4699 ϐαπτομένῳ
3180 4628 3476 4699 προσνέμει
3504 4642 3561 4677 σε
3570 4626 3779 4694 μνότηο

2184 4736 2275 4774 τα*
2324 4720 2418 4773 καὶ
2445 4719 2640 4789 διπλῆς
2686 4719 2853 4789 ἄλλης
2898 4718 3355 4789 οίκονομουμένης
3383 4717 3559 4778 αἰτίας
3579 4714 3774 4777 ἕνεκα,

2190 4814 2322 4883 μιᾶς
2356 4812 2474 4882 μὲν,
2523 4811 2610 4864 ἵνα
2649 4810 2726 4884 μὴ
2753 4811 2847 4865 τοῦ
2885 4812 2985 4881 τῆς
3016 4812 3362 4872 ἀναστάσεως
3408 4808 3775 4875 ἐπιτελουμέ-

2186 4922 2280 4960 νου
2311 4904 2591 4974 θαύματος
2619 4906 2734 4966 τοῖς
2762 4904 2941 4957 πάντα
2976 4903 3217 4973 τολμῶσι
3252 4903 3345 4954 καὶ
3372 4896 3776 4969 ἀναισχυντοῦ-

2187 5014 2271 5050 σιν
2312 4995 2612 5061 Ἰουδαίοις,
2646 4996 2801 5060 άλλος
2833 5013 2915 5059 τις
2944 4996 3052 5049 τῶν
3081 4992 3534 5063 συντεθαμμένων
3560 4992 3775 5060 ὲπιφη-

2188 5087 2377 5160 μισθῇ,
2403 5088 2502 5158 οὐχ
2547 5089 2576 5140 ὁ
2599 5088 2730 5158 παρ’
2760 5087 2938 5140 αὐτῶν
2958 5085 3034 5157 τῷ
3058 5085 3277 5155 σταυρῷ
3300 5082 3780 5152 καταδεδικασμέ-

2186 5196 2297 5243 νος,
2337 5179 2445 5231 τῶν
2475 5179 2686 5249 νεκρῶν
2710 5179 3089 5248 ἀνιστάμενος,
3120 5177 3233 5230 ἀλλ’
3261 5176 3347 5229 ἴνα
3386 5177 3570 5237 αὐτοῖς
3623 5192 3775 5227 παν-

2182 5265 2466 5344 ταχόθενῇ
2494 5272 2641 5323 πᾶσα
2666 5270 3018 5340 ψευδολογίας
3072 5270 3165 5322 καὶ
3196 5267 3491 5340 θεομαχίας
3540 5283 3777 5337 περικε-

2186 5367 2440 5437 κομμένη
2472 5367 2745 5438 πρόφασις
2771 5383 2783 5397 ·
2813 5367 3006 5436 έτέρας
3049 5367 3127 5431 δὲ,
3161 5364 3255 5418 τοῦ
3300 5364 3376 5435 μή
3422 5363 3574 5428 δόξαι
3624 5362 3776 5415 τισὶν

2183 5462 2366 5514 ἐκεῖνα
2405 5461 2541 5530 μόνα
2596 5460 2705 5513 τῶν
2734 5460 3001 5530 σωμάτων
3030 5458 3388 5526 ἐξαναστῆναι
3418 5454 3516 5509 τοῦ
3560 5456 3769 5523 τάφου,

2181 5547 2261 5616 οἷς
2290 5552 2350 5606 τὸ
2380 5552 2708 5605 Δεσποτικὸν
2737 5551 3075 5622 ὲπεχωρίαζε
3105 5551 3262 5619 σῶμα
3291 5547 3387 5602 καὶ
3408 5545 3771 5617 ἐπλησίαζεν·

2182 5642 2244 5695 δν
2278 5644 2372 5697 καί
2410 5660 2554 5705 τινος
2585 5642 2693 5695 τῶν
2739 5641 2910 5709 ἁγίων
2962 5640 3129 5694 πάλαι
3184 5639 3278 5691 καὶ
3308 5636 3509 5702 ζῶντος
3552 5636 3632 5688 ἔτι
3683 5637 3772 5689 δι-

2183 5733 2535 5805 επέπρακτο,
2571 5736 2666 5789 καὶ
2712 5732 2776 5789 αὖ
2814 5734 3256 5805 τελευτήσαντος·
3295 5732 3431 5785 ἀλλὰ
3481 5732 3548 5785 ῐν⁹
3572 5730 3773 5803 ὥσπερ

2182 5823 2321 5896 ὑπὲρ
2357 5826 2569 5882 πάντων
2605 5825 2691 5897 εἴη
2721 5823 2782 5880 τὸ
2813 5825 2954 5880 κατὰ
2981 5825 3074 5879 τοῦ
3113 5824 3238 5894 ᾆδον
3272 5824 3470 5895 κράτος
3498 5824 3527 5875 6
3554 5822 3772 5875 Δεσπό-
