4132 6456
349 424 486 489 1229
1541 403 2005 467 FRAGMENTA
2026 400 2107 459 IN
2141 399 2422 460 LUCAM.
3482 384 3621 449 1230

345 559 445 612 της
468 536 914 608 ἀναδεδεγμένος,
949 533 1091 588 οὕτω
1125 532 1221 586 καὶ
1240 528 1347 584 τῶν
1372 523 1651 596 πανταχοῦ
1692 524 1796 593 γῆς
1837 521 1933 574 καὶ
1964 528 2002 582 Α

2106 517 2245 587 iique
2305 530 2398 587 per
2434 523 2608 569 terras
2656 521 2712 569 et
2772 511 2947 567 maria
2986 507 3207 579 agitatis
3263 505 3616 576 corporibus,

350 601 630 703 θαλάσσης
661 601 1068 702 διερριμμένων
1098 624 1391 694 σωμάτων,
1416 622 1510 675 καὶ
1536 619 1671 687 πυρὶ
1699 618 1795 670 καὶ
1820 615 1943 684 ἀέρι

2106 624 2225 679 :qne
2254 609 2310 663 in
2339 608 2464 678 igne
2500 616 2554 661 et
2590 622 2715 662 aere
2767 602 3056 675 dispersis,
3118 601 3266 656 clare
3313 606 3639 654 nosceretur

348 690 857 795 διεσκεδασμένωνξ
870 690 1144 791 λαμπρῶς
1175 690 1489 786 ἐπιγνωσθῇ
1516 713 1594 783 τῷ
1624 710 1809 781 οἰκείῳ
1837 708 1945 762 πά-

2106 704 2275 773 'opria
2310 702 2513 756 virtute
2552 699 3011 755 resurrectionem
3064 692 3393 766 patravisse.
3431 690 3643 757 Quibus

355 781 439 875 θει
495 781 979 888 διαπεπραγμένος
1028 781 1488 883 τὴνήάνάστασινῖ
1521 781 1602 870 of;
1634 805 1741 876 γὰρ
1788 802 1950 857 τινῶν

2106 794 2201 848 tim
2237 809 2348 848 non
2400 792 2755 860 consepultus
2786 798 2904 845 erat
2943 785 3291 857 corporibus,
3328 781 3485 837 multi
3517 795 3638 834 san-

363 913 463 983 μὲν
494 911 558 965 οὐ
602 875 973 962 συνετέθιαπτο
1016 875 1256 975 arb-pact,
1302 898 1491 954 πολλοὶ
1531 898 1590 951 δέ
1627 875 1739 950 τῶν
1771 893 1952 964 ἁγίων

2106 901 2277 942 .orum
2315 892 2690 953 resurgentes,
2729 880 2803 935 ibi
2834 888 2888 935 et
2919 877 3053 934 alibi
3089 884 3144 931 et
3192 875 3396 945 passim
3453 878 3506 925 et
3536 885 3648 923 non

356 964 712 1065 ἁναστάντες,
741 996 924 1054 ἄλλοθί
947 1014 1051 1049 που
1088 964 1184 1048 καὶ
1211 964 1396 1047 ἄλλοθι
1420 990 1514 1043 καὶ
1538 987 1817 1057 σποράδην
1850 984 1949 1039 καὶ

2106 988 2223 1035 txta
2249 977 2468 1033 Domini
2502 981 2920 1031 monumentum
2943 970 3214 1041 iacentes,
3257 964 3448 1022 multis
3477 976 3650 1033 appa-

353 1057 416 1149 οὐ
446 1094 589 1148 κατὰ
610 1057 1033 1146 τδλεσποτικδν
1083 1084 1276 1157 μνῆμα
1313 1081 1579 1151 κείμενοι,
1618 1078 1829 1140 πολλοῖς
1861 1071 1959 1147 ἦλ-

2106 1080 2314 1127 terunt.
2368 1068 2469 1123 Per
2506 1068 2624 1123 haec
2672 1072 2858 1135 aperte
2914 1060 3093 1132 magis
3130 1057 3478 1119 ostenditur,
3536 1069 3651 1107 non

365 1187 458 1242 θον
491 1143 919 1255 είςνέμφὰνειαν·
950 1178 1041 1234 διὰ
1070 1143 1279 1231 τούτων
1336 1143 1537 1246 μᾶλλον
1565 1143 1778 1243 τρανῶς
1836 1143 1961 1221 ἐπι-

2106 1176 2283 1227 orum,
2328 1173 2509 1228 neque
2552 1158 2807 1221 illorum,
2859 1151 2959 1208 sed
3004 1151 3389 1204 universorum
3419 1143 3653 1199 Domino

362 1281 662 1342 δείκνυται,
701 1276 777 1348 μὴ
806 1275 915 1329 τῶν
948 1273 1069 1344 μὲν,
1096 1270 1206 1325 τῶν
1225 1270 1283 1324 δέ
1326 1269 1421 1340 μὴ,
1473 1267 1591 1322 ἁλλ’
1624 1264 1762 1335 ὑπὲρ
1814 1262 1955 1316 πάν-

359 1389 468 1425 των
496 1370 575 1442 τῷ
595 1370 841 1439 Δεσπότῃ
862 1367 977 1436 δετε
1009 1364 1241 1427 θάνατος
1263 1359 1630 1431 γεγενημένος
1659 1357 1755 1410 καὶ
1778 1355 1811 1426 ὴ
1833 1353 1966 1410 ἀνά-

364 1480 573 1528 στασις·
606 1462 694 1516 διὰ
743 1458 920 1515 ταῦτα
948 1456 1057 1529 γὰρ
1081 1451 1174 1510 οὖν
1208 1454 1300 1508 καὶ
1324 1451 1569 1515 τοιαῦτα,
1615 1449 1801 1511 καινὸς
1827 1447 1856 1499 ὁ
1875 1448 1971 1498 Asc

364 1555 624 1619 σποτικὺς
650 1553 822 1622 τάφος
854 1550 933 1621 τῷ
969 1548 1167 1619 Ἰωσὴφ
1188 1543 1461 1611 ἐλάξευτο⁹
1480 1541 1690 1595 ἐκείνου
1729 1541 1829 1611 μὲν
1870 1536 1967 1608 μὴ,

370 1648 707 1719 συνορῶντος
736 1646 865 1707 ἴσως
895 1642 1135 1706 ἅπαντα,
1168 1636 1307 1692 ἁλλὰ
1339 1635 1477 1706 πρὸς
1525 1634 1585 1687 ἓν
1610 1649 1696 1702 γε,
1732 1632 1833 1701 τὴν
1889 1645 1972 1681 τι-

370 1739 498 1809 μὴν,
526 1734 947 1796 ἀποϐλέποντος·
980 1731 1079 1801 τῆς
1122 1728 1271 1790 θείας
1302 1726 1385 1792 δέλ
1405 1726 1498 1779 καὶ
1529 1721 1701 1776 ταῦτα
1730 1735 1975 1790 προκατ-

367 1827 696 1900 αρτιζούσης
732 1825 829 1879 καὶ
886 1819 1386 1891 συνοικονομούσης
1442 1813 1829 1887 προγνώσεως.

445 1874 523 1993 [ρῖ
542 1920 601 1974 δι
614 1874 1035 1989 δί’δξῖὧωὲὶου.
1060 1874 1135 1968 οὐ
1158 1874 1264 1984 ρὴν
1283 1874 1623 1977 ῡτέᾇληςὲτέὸν
1642 1906 1722 1959 ὅτι
1738 1905 1772 1975 ή
1791 1902 1969 1973 παρά·
1999 1928 2002 1934 ‹

2147 1918 2299 1974 CAP.
2331 1915 2525 1973 XXIV.
2565 1915 2729 1973 Vens.
2767 1916 2859 1971 5L
2899 1913 3103 1969 Photii.
3138 1910 3257 1966 Non
3285 1907 3544 1979 equidem
3580 1904 3669 1959 in-

2066 1254 2266 1309 factam
2287 1267 2410 1307 esse
2433 1258 2667 1305 mortem
2689 1256 2743 1303 et
2767 1243 3252 1301 resurrectionem.
3283 1239 3511 1307 Propter
3530 1251 3656 1305 qua:

2067 1342 2234 1413 igitur
2259 1350 2313 1396 et
2348 1340 2499 1406 talia,
2537 1352 2740 1392 novum
2766 1335 3002 1391 Domino
3041 1332 3355 1403 sepulcrum
3390 1343 3422 1382 a
3451 1324 3657 1394 Josepb

2067 1434 2314 1490 excisum
2346 1440 2465 1498 est;
2521 1431 2616 1501 qui
2674 1428 2898 1499 quidem
2951 1441 3061 1482 non
3107 1424 3295 1480 omnia
3337 1422 3455 1477 haec
3493 1419 3661 1475 simul

2071 1524 2316 1587 videbat,
2347 1522 2444 1578 sed
2482 1536 2676 1585 unum,
2714 1519 2981 1575 honorem
3011 1515 3247 1580 scilicet,
3303 1509 3661 1575 intendebat;

2073 1616 2403 1689 praevisione
2440 1622 2622 1668 autem
2648 1611 2833 1667 divina
2866 1619 3066 1667 cuneta
3095 1612 3438 1679 praeparante
3467 1610 3522 1657 et
3548 1598 3668 1655 dis-

2076 1718 2330 1781 ponente.

371 2011 528 2073 ϐασις
548 2010 675 2072 τοὺς
691 2007 1004 2078 ὀφθαλμοὺς
1031 2005 1255 2058 ἐκείνων
1288 1999 1574 2072 διήνοιξεν,
1605 1998 1808 2065 ἄπαγε.
1833 1994 1969 2048 Οὐδὲ

372 2104 506 2175 γὰρ,
536 2103 645 2156 οὐδ’
666 2104 724 2155 ἐν
755 2102 893 2169 αὐτῇ
928 2097 1240 2168 παραϐάσει
1270 2096 1587 2165 γέγραπται
1616 2090 1743 2155 τοὺς
1772 2086 1971 2157 ὀφθαλο

378 2196 512 2266 μους
545 2193 724 2247 αὐτῶν
764 2190 1086 2262 διηνοῖχθαι,
1132 2186 1270 2242 ἁλλὰ
1305 2184 1443 2257 μετὰ
1481 2183 1582 2255 τὴν
1633 2180 1969 2252 παράϐασιν.

378 2287 558 2353 Ὅπερ
572 2281 814 2336 τοιοῦτόν
836 2283 974 2336 ἐστι.
1002 2277 1159 2334 Μετὰ
1185 2277 1281 2347 τήν
1313 2275 1591 2346 ἁμαρτίαν
1617 2273 1694 2337 ὡς
1713 2272 1783 2327 τὰ
1804 2272 1974 2326 πολλὰ

378 2376 674 2445 ἐπίγνωσις
705 2371 801 2426 τοῦ
831 2372 1231 2443 ἁμαρτήματος
1259 2367 1496 2437 γίνεται,
1527 2365 1623 2419 καὶ
1651 2365 1711 2419 τὸ
1746 2364 1974 2436 μέγεθος

379 2467 477 2522 τοῦ
530 2467 886 2537 τολμήματος
932 2464 1057 2517 τότε
1107 2460 1313 2532 μᾶλλον
1358 2457 1821 2527 ἐπιγινώσκεται.ἱ
1865 2454 1973 2511 Τοῦ

379 2561 492 2632 γὰρ
527 2557 995 2631 ἐπιπροσθοῦντος
1043 2553 1251 2616 πάθους
1300 2552 1393 2606 καὶ
1423 2549 1703 2613 κινοῦντος
1756 2548 1976 2617 οῐστρου

382 2653 524 2725 πρὸς
555 2652 653 2724 τὴν
673 2649 970 2721 ἁμαρτίαν,
1002 2649 1146 2719 μετὰ
1186 2647 1286 2715 τήν
1320 2643 1589 2713 ἔκθεσμον
1635 2639 1835 2712 πρᾶξιν
1875 2655 1976 2692 πε-

384 2747 691 2816 παυμένου,
728 2744 852 2799 τότε
882 2741 1071 2810 ὥσπερ
1094 2738 1364 2808 διακύψας
1393 2738 1492 2807 τῆς
1525 2733 1729 2803 πολλῆς
1760 2730 1981 2800 ἐκείνης

385 2840 589 2911 ἀχλύος
617 2841 646 2893 ὁ
673 2837 933 2907 λογισμὸς
956 2836 1051 2889 καὶ
1080 2831 1363 2903 ἀνανήψας
1388 2830 1564 2901 ἐφορᾷ
1594 2829 1664 2882 τὰ
1724 2842 1981 2897 πεπραγ-

394 2931 533 3002 μένα
564 2930 660 2983 καὶ
711 2929 792 2991 εἰς
843 2926 962 2979 οἵαν
1013 2925 1347 2978 κατάστασιν
1389 2918 1449 2984 ἐξ
1475 2919 1593 2982 οἵας
1652 2914 1980 2989 μετηνέχθη,

394 3024 599 3094 μᾶλλον
645 3019 916 3092 λαμϐάνει
964 3018 1065 3089 τήν
1100 3015 1478 3084 συναίσθησιν,
1511 3010 1697 3064 καὶτὸ
1744 3007 1985 3071 συνειδὸς

393 3136 476 3171 τιτ
488 3117 700 3188 ρῶσκον
726 3114 890 3168 αὐτὸν
920 3114 1014 3166 καὶ
1043 3110 1311 3180 διεγεῖρον
1340 3107 1463 3177 ἕχον
1486 3145 1500 3171 ,
1535 3102 1817 3157 διαϐλέπει
1848 3119 1984 3172 spot-

396 3209 502 3271 νῶς
534 3208 570 3263 ἃ
598 3206 694 3260 τοῦ
723 3204 928 3268 πάθους
961 3198 1441 3274 ἐπιπροσθοῦντος,
1464 3197 1561 3268 οὐχ
1605 3194 1807 3264 ὁμοίως
1834 3193 1983 3246 ἔϐλε-

398 3320 523 3357 πεν·
558 3301 734 3364 ἄλλως
764 3299 823 3352 δὲ
851 3298 987 3369 πρὸς
1007 3297 1106 3365 τὴν
1124 3293 1398 3367 ἁμαρτίαν
1418 3291 1647 3348 ἕκαστος
1676 3287 1893 3359 χωρῶν,
1925 3282 2007 3348 οἷς

400 3397 431 3447 ὁ
460 3394 693 3465 πονηρὸς
750 3388 1195 3461 διαγαργαλίζων
1252 3402 1314 3438 τε
1348 3385 1444 3438 καὶ
1482 3381 1802 3449 ὑποθέλγων
1861 3379 2009 3449 ἡμᾶς

2077 2010 2428 2080 telligendum
2473 2023 2667 2064 eorum
2711 2006 2906 2062 oculos
2959 2002 3400 2072 transgressione
3450 2006 3673 2068 apertos

2076 2100 2274 2167 fuisse,
2320 2102 2484 2156 absit.
2522 2098 2711 2170 Neque
2745 2100 2893 2153 enim
2954 2098 3011 2152 in
3074 2097 3192 2166 ipsa
3228 2091 3673 2162 transgressione

2079 2194 2345 2264 scriptum
2377 2201 2461 2248 est
2492 2200 2711 2262 apertos
2743 2190 2912 2244 fuisse
2934 2203 3126 2244 eorum
3164 2185 3379 2249 oculos,
3421 2182 3515 2237 sed
3549 2187 3671 2249 post

2081 2285 2596 2355 transgressionem.
2676 2282 2823 2339 Idem
2880 2290 2965 2336 est
3014 2279 3158 2350 quod
3212 2284 3336 2347 post
3388 2280 3674 2344 peccatum

2081 2380 2259 2450 major
2299 2378 2543 2450 cognitio
2566 2375 2791 2432 offensa:
2807 2376 2992 2439 datur,
3015 2381 3071 2427 et
3089 2370 3333 2425 audaciae
3356 2362 3677 2435 magnitudo

2084 2480 2215 2526 tunc
2244 2470 2422 2541 magis
2457 2468 2830 2539 cognoscitur.
2886 2466 3025 2520 Nam
3078 2462 3381 2517 oﬂ‘useante
3429 2456 3679 2510 animum

2084 2540 2431 2629 passioneet
2460 2558 2513 2612 in
2540 2564 2824 2627 peccatum
2856 2554 3063 2608 furiose
3100 2540 3682 2615 movente,postnefa-

2088 2653 2225 2706 riam
2246 2661 2427 2707 autem
2448 2651 2723 2706 actionem
2743 2648 3052 2711 desinente,
3075 2656 3232 2710 tunc,
3254 2646 3399 2695 velut
3421 2640 3488 2692 ab
3510 2651 3683 2704 opaea

2089 2742 2181 2796 illa
2214 2742 2363 2796 nube
2394 2748 2449 2796 et
2488 2739 2650 2811 quasi
2698 2738 2968 2794 ebrietate
3010 2736 3191 2792 soluta
3242 2731 3384 2786 ratio
3412 2728 3685 2781 actionem

2091 2834 2360 2897 intuetur,
2404 2842 2458 2888 et
2491 2847 2618 2886 cum
2654 2832 2708 2885 in
2743 2831 2906 2884 alium
2941 2843 3007 2883 ex
3039 2827 3149 2881 alio
3201 2832 3406 2879 statum
3450 2819 3690 2873 adducta

2093 2933 2201 2989 est,
2242 2926 2417 2997 magis
2464 2923 2865 2979 conscientiam
2904 2920 3079 2985 audit,
3112 2933 3237 2987 quae
3275 2914 3428 2969 velut
3480 2908 3691 2965 aculeis

2093 3031 2283 3085 pressa
2320 3025 2377 3071 et
2406 3015 2644 3070 excitata
2702 3013 2849 3068 clare
2901 3010 3219 3081 conspicit,
3261 3021 3384 3077 quae
3431 3000 3693 3073 passione

2094 3107 2399 3162 otl‘uscante
2426 3119 2535 3158 non
2563 3104 2755 3159 eadem
2784 3102 3012 3157 viderat.
3049 3099 3221 3153 Aliter
3251 3104 3433 3150 autem
3465 3091 3533 3146 ad
3560 3103 3692 3159 pec-

2106 3209 2288 3257 catum
2325 3197 2558 3268 quisque
2591 3196 2781 3261 tendit,
2810 3208 2935 3249 eum
2966 3191 3261 3259 malignus,
3305 3185 3510 3257 quibus
3537 3182 3695 3236 blan-

2110 3295 2267 3350 diens
2295 3304 2350 3349 et
2380 3292 2669 3347 incantatus
2693 3304 2794 3343 nos
2812 3286 3059 3341 debilitat
3087 3294 3143 3340 et
3169 3280 3410 3338 tenebris
3439 3275 3697 3344 complet,

2112 3390 2449 3462 soporiferas
2488 3388 2729 3443 rationes
2769 3384 3015 3448 adducit,
3077 3389 3133 3435 et
3181 3376 3405 3433 oculum
3461 3368 3704 3426 occludit

403 3460 714 3558 EXGQKD‘VSt,
746 3486 843 3539 xci.
868 3460 1069 3553 γνόφου
1118 3480 1339 3552 πληροῖ,
1369 3475 1792 3547 κεκαρωμένους
1817 3474 2002 3543 ὥσπερ

2113 3460 2485 3541 conscientiae.
2520 3479 2626 3535 Sed
2660 3486 2785 3547 post
2813 3475 3111 3536 actionem,
3159 3477 3290 3525 ante
3325 3468 3517 3521 oculos
3551 3460 3707 3532 ponit

407 3553 566 3654 φέρει
609 3580 739 3643 τοὺς
785 3578 1101 3649 λογισμοὺς,
1134 3577 1232 3630 καὶ
1272 3572 1675 3644 πεπηρωμένον
1701 3569 1761 3622 τὸ
1788 3569 2002 3622 ὀπτικδκ

2116 3576 2262 3648 quod
2299 3589 2496 3630 ausum
2529 3580 2633 3633 est,
2670 3579 2725 3624 et
2759 3580 2945 3622 amare
2971 3562 3170 3634 aperit,
3195 3558 3344 3631 quod
3380 3556 3533 3628 prius
3558 3553 3706 3606 mul-

408 3643 509 3743 τῆς
533 3643 883 3743 διακρίσεως.
904 3643 1061 3723 Μετὰ
1076 3667 1133 3720 δὲ
1158 3666 1258 3738 τὴν
1300 3662 1501 3737 πρᾶξιν
1530 3660 1624 3716 ὑπ’
1653 3660 1776 3731 bal/tv
1803 3661 1925 3728 ἄγει
1955 3658 2002 3711 τί

2118 3643 2189 3724 tis
2221 3665 2435 3721 artibus
2468 3664 2781 3724 velaverat;
2810 3656 3029 3724 deinde,
3067 3662 3128 3709 ut
3175 3648 3531 3706 manifestam
3574 3643 3709 3698 faei-

408 3761 704 3834 τολμηθέν,
733 3761 827 3813 καὶ
850 3757 1221 3813 ἁνακαλύπτει
1248 3755 1486 3827 πικρῶς,
1517 3752 1546 3805 ὂ
1572 3752 1838 3823 πρότερον
1884 3749 2016 3802 πολ-

412 3858 535 3921 λαῖς
575 3850 843 3925 μηχαναῖς
878 3850 1304 3905 συνεκάλυπτεψ
1342 3843 1483 3912 εἶτα,
1520 3846 1600 3899 δι’
1628 3838 1705 3900 ὧν
1750 3843 2013 3913 κατάφω-

418 3969 515 4024 ρον
540 3951 633 4003 τὸν
662 3948 825 4017 ὄγκον
859 3946 1114 4001 ἀποτελεῖ
1146 3944 1241 3998 τοῦ
1281 3944 1655 4015 τολμήματος,
1693 3940 1831 4011 πρὸς
1882 3938 2014 3993 ἁπό-

416 4057 622 4111 γνωσιν
659 4038 823 4093 ὠθεῖν
869 4038 1130 4109 πειρᾶται
1158 4036 1250 4088 τὸν
1294 4034 1712 4105 ἁμαρτήσαντα.
1752 4030 1821 4083 Τὸ
1866 4029 2019 4099 γοῦν,

419 4133 875 4202 Διηνοίχθησαν
924 4126 1125 4184 αὐτῶν
1172 4128 1227 4181 οἱ
1273 4125 1592 4196 ὀφθαλμοὶ,
1620 4124 1682 4177 οὐ
1740 4123 1875 4195 πρὸς
1929 4121 2023 4175 τὸν

422 4224 740 4299 ἔμπροσθεν
785 4222 1001 4293 χρόνον,
1026 4220 1148 4273 οὐδὲ
1198 4218 1329 4289 πρὶν
1362 4217 1395 4289 ἢ
1426 4219 1525 4287 τῆς
1554 4214 1774 4284 ἐντολῆς
1824 4213 2025 4276 αὐτοὺς

2123 3759 2273 3815 noris
2303 3758 2626 3830 gravitatem
2653 3757 3022 3815 consummet,
3059 3747 3115 3801 in
3142 3740 3585 3815 desperationem
3627 3737 3713 3789 in-

2119 3852 2291 3922 jicere
2312 3829 2521 3904 nititur
2551 3854 2920 3916 peccatorem.
2955 3837 3091 3893 Illud
3121 3835 3291 3906 igitur
3324 3851 3337 3888 :
3373 3829 3557 3900 Aperti
3589 3834 3716 3882 sunt

2125 3944 2265 3999 oculi
2284 3957 2488 4006 eorum,
2522 3954 2632 3994 non
2678 3932 3007 4007 praecedenti
3040 3940 3304 3999 tempore,
3351 3938 3527 3993 neque
3562 3928 3718 3975 ante-

2124 4050 2287 4105 quam
2312 4034 2363 4085 in
2392 4030 2711 4084 mandatum
2740 4025 3137 4095 peeeavissent,
3160 4013 3573 4085 intelligendum
3595 4016 3712 4066 est:

2128 4125 2362 4195 Quando
2393 4124 2539 4179 enim
2574 4120 2769 4175 oculos
2807 4114 3083 4170 habebant
3108 4117 3328 4179 apertos
3356 4104 3552 4173 magis,
3579 4115 3721 4156 non-

2128 4226 2259 4282 dutn
2287 4219 2560 4291 serpentis
2590 4213 2800 4283 decepti
2832 4206 3147 4268 fraudibus,
3202 4212 3256 4256 et
3305 4201 3373 4255 ad
3421 4196 3717 4251 videndum

424 4284 703 4382 ἐκπέσεῖν,
738 4284 1149 4386 παραληπτέον.
1175 4284 1311 4365 Τότε
1336 4284 1445 4380 γάρ
1472 4284 1855 4380 ήνεῳγμένους
1881 4302 2002 4376 εῐχοι

2130 4314 2261 4387 quid
2293 4284 2563 4381 agendum
2586 4315 2754 4369 esset,
2776 4300 2995 4370 vigilem
3021 4296 3285 4368 gerebant
3302 4299 3559 4346 mentem.
3581 4284 3721 4339 Cum

431 4411 655 4486 μᾶλλον,
677 4381 847 4482 μήπω
864 4381 958 4461 tofi
990 4405 1168 4476 ὄφεως
1180 4407 1291 4467 τοῖς
1315 4403 1668 4474 ψιθυρισμοῖς
1684 4399 2002 4454 ὑποκλαπέν

2136 4381 2301 4480 igitur
2328 4404 2512 4459 videre
2539 4415 2647 4455 non
2672 4403 2945 4468 poterant,
2980 4392 3037 4446 in
3073 4396 3357 4461 peccatum
3387 4381 3721 4436 inciderunt.

429 4472 545 4569 τες,
562 4472 658 4556 καῖ
677 4472 915 4572 συνορᾷν
942 4498 1004 4551 τὺ
1026 4472 1340 4567 πρακτέον,
1360 4472 1666 4565 ἐγρήγορον
1692 4490 1889 4562 ἔφερον
1926 4490 2002 4561 τὴε

2139 4504 2181 4557 Ε
2211 4496 2490 4555 contrario
2544 4500 2728 4548 autem
2760 4489 2856 4561 qui
2905 4488 2960 4543 in
3003 4492 3289 4557 peceatum
3340 4475 3554 4547 agendo
3591 4472 3725 4528 caeci

430 4564 694 4652 διάνοιαν.
711 4564 923 4647 Οὐκοιῖν
940 4591 1004 4644 τὸ
1026 4564 1241 4661 βλέπειν
1259 4588 1359 4643 οὐκ
1379 4564 1613 4657 ἔχοντες,
1633 4584 1726 4637 ἐπὶ
1742 4583 1840 4655 τῆς
1854 4584 2002 4654 ἁμαρ

2106 4594 2321 4660 lerant,
2354 4600 2579 4664 peracto
2611 4592 2840 4659 peccato
2884 4581 3064 4636 visum
3111 4575 3597 4644 recuperaverunt.
3645 4564 3729 4621 lbi

433 4689 557 4752 τίας
620 4684 903 4739 ἀνέλαϐον·
934 4657 1247 4736 τούναντίον
1282 4678 1470 4750 δὲτὴν
1520 4674 1799 4748 ἁμαρτίαν
1842 4675 1900 4727 ἐν
1951 4674 2002 4728 τί

2144 4699 2278 4753 ergo
2303 4657 2504 4737 dicitur
2532 4700 2545 4735 :
2575 4657 2757 4747 Aperti
2780 4681 2905 4729 sunt
2936 4684 3120 4726 eorum
3154 4664 3316 4728 oculi,
3345 4673 3605 4731 tanquam
3640 4657 3728 4711 di-

436 4783 705 4851 πράττειν
748 4775 1152 4848 τυφλώττοντες
1190 4817 1204 4840 ,
1268 4770 1628 4841 πεπαυμένης
1674 4768 1775 4841 τὴν
1841 4770 2035 4839 ὅρασιν

442 4873 819 4943 ἀνεκτήσαντο
859 4886 873 4903 ·
928 4866 1163 4921 ἐνταῦθα
1200 4865 1385 4935 μέντοι
1412 4863 1493 4930 τὸ,
1524 4861 1971 4929 Διηνοιχθησαν
1990 4859 2045 4911 ol

442 4963 764 5039 ὀφθαλμοὶ,
798 4962 920 5015 ἀντὶ
952 4960 1069 5026 τοῦ,
1112 4958 1173 5011 τὸ
1198 4957 1415 5029 βλέμμα
1443 4953 1623 5009 αὐτῶν
1666 4951 1879 5023 ὠξύνθη
1910 4948 2046 5021 πρὸς

444 5063 766 5131 ἐπίγνωσινο
793 5057 1065 5130 ᾠκονόμει
1094 5054 1200 5126 γὰρ
1223 5052 1360 5116 τέως
1381 5054 1410 5105 ὁ
1447 5048 1654 5121 Κύριος
1694 5047 1756 5101 τὸ
1789 5046 1865 5119 μὴ
1903 5063 2044 5116 γνω-

449 5153 648 5223 σθῆναι
675 5152 883 5215 αὐτοῖς,
918 5149 1081 5219 μέχρι
1109 5146 1209 5215 τῆς
1236 5142 1333 5196 τοῦ
1358 5141 1527 5214 ἄρτου
1553 5141 1819 5201 κλάσεως.

2148 4775 2568 4839 ceretur,-\isus
2597 4783 2791 4825 eorum
2823 4764 2998 4835 magis
3030 4762 3096 4817 ad
3133 4757 3499 4830 cegnitionem
3536 4761 3733 4805 acutus

2148 4867 2327 4923 factus
2368 4876 2471 4921 est.
2503 4862 2754 4933 Disponit
2784 4858 2929 4915 enim
2970 4854 3235 4911 Dominus
3265 4850 3632 4907 nebactenus
3663 4843 3733 4897 ab

2150 4961 2257 5015 illis
2292 4966 2573 5020 noscatur,
2598 4967 2774 5026 usque
2796 4951 2863 5007 ad
2892 4947 3220 5005 fractionem
3270 4942 3449 5015 panis.

2222 5225 2390 5281 Vens.
2418 5221 2508 5286 '56,
2540 5219 2821 5291 Ejusdem.
2875 5213 3303 5269 Promissionem
3350 5207 3605 5270 reducit,
3666 5206 3740 5258 ob

2154 5317 2553 5388 discipulorum
2603 5308 3111 5383 pusillanimitatem
3167 5312 3224 5359 et
3282 5310 3572 5373 propterea
3630 5311 3743 5367 pne

2156 5409 2378 5467 Galilaea
2407 5406 2543 5477 ipsis
2568 5400 2926 5472 Jerosolymis
2949 5398 3059 5454 illis
3089 5402 3338 5467 apparet,
3364 5402 3419 5449 et
3441 5392 3495 5447 id
3515 5392 3746 5447 minime

2158 5513 2246 5561 est
2276 5498 2537 5573 promissi
2564 5494 2788 5551 violatio
2816 5510 2831 5559 ;
2883 5490 3081 5548 celeris
3108 5488 3292 5561 potius
3330 5496 3414 5542 est
3452 5501 3519 5540 ex
3546 5498 3746 5553 magna

2160 5596 2430 5654 charitate
2456 5588 2724 5662 impletio.
2755 5584 2921 5641 Visus
2966 5591 3051 5639 est
3108 5590 3289 5636 autem
3326 5577 3561 5649 posthac
3598 5583 3654 5629 et
3688 5574 3746 5627 in

526 5248 602 5321 [p.
641 5245 747 5301 517
782 5241 859 5314 a.]
900 5242 1012 5297 Τοῦ
1044 5237 1253 5294 αὐτοῦ.
1283 5234 1576 5306 Συντέμνει
1604 5232 1702 5303 τὴν
1733 5232 2048 5301 ὑπόσχεσιν,

451 5344 542 5397 διὰ
571 5340 670 5410 τὴν
694 5334 1045 5405 ὀλιγοψυχίαν
1060 5332 1169 5385 τῶν
1200 5328 1487 5401 μαθητῶν·
1517 5327 1614 5381 καὶ
1643 5326 1731 5379 διά
1755 5323 1915 5379 τοῦτο
1945 5324 2053 5396 πρὸ

457 5434 558 5505 τῆς
575 5426 863 5490 Γαλιλαίας
884 5428 942 5479 ἐν
962 5424 1148 5484 αὐτοῖς
1182 5418 1596 5493 Ἰεροσολύμοις,
1614 5418 1795 5480 αὐτοῖς
1817 5415 2053 5487 ἐμφανί-

460 5526 634 5593 ζεται,
671 5523 765 5577 καὶ
799 5520 862 5574 οὐ
892 5519 1067 5589 δήπου
1095 5514 1256 5568 τοῦτο
1302 5513 1400 5583 τῆς
1429 5509 1763 5579 ἐπαγγελίας
1797 5508 2054 5581 παράϐα-

464 5635 572 5681 σις.
615 5616 822 5685 Ταχεῖα
841 5611 899 5666 δὲ
934 5608 1138 5679 μᾶλλον
1164 5607 1230 5659 ἐκ
1264 5603 1466 5674 πολλῆς
1514 5599 1928 5671 φιλανθρωπίας
1961 5600 2055 5651 ἐκ-

2163 5686 2405 5751 Galilaza,
2431 5683 2560 5755 quia
2597 5681 2704 5738 huc
2750 5679 3016 5735 abierant.
3060 5674 3204 5731 Dicit
3240 5673 3387 5729 enim
3422 5688 3434 5726 :
3467 5668 3621 5726 Abite
3647 5706 3662 5733 ,
3697 5676 3748 5721 et

2163 5778 2403 5838 videbitis
2434 5792 2533 5832 me.

468 5710 771 5776 πλήρωσις·
811 5702 967 5773 ὤφθη
993 5701 1050 5755 δὲ
1083 5698 1223 5771 μετὰ
1242 5696 1416 5751 ταῦτα
1455 5694 1550 5749 καὶ
1580 5695 1638 5746 ἐν
1668 5695 1735 5763 τῇ
1776 5690 2056 5762 Γαλιλαίᾳ,

469 5803 558 5857 ὅτε
569 5799 813 5871 ἀπῆλθον
826 5798 958 5850 ἐκεῖ’
980 5795 1026 5850 Ἀ
1035 5791 1223 5847 πελθό
1228 5806 1362 5857 ντες
1380 5787 1450 5858 γὰ
1459 5804 1510 5858 ρ,
1524 5804 1599 5859 φη
1606 5787 1709 5854 civ,
1724 5783 1951 5856 ὄψεσθέ
1959 5799 2056 5854 με.
