4132 6468
493 405 621 472 1231

1081 567 1515 580 Μ

1626 410 1886 472 Ρῐ-ΙΟΤΙΙ
1916 412 2411 472 PATRIARCII/E
2449 411 2559 472 CP.

3611 413 3758 479 1232

1303 725 2016 816 FRAGMENTA
2115 725 2242 812 IN
2336 725 2953 818 JOANNEM.

1810 890 1889 946 Ex
1920 891 2126 949 Catena
2154 890 2427 950 Corderii.

490 1132 645 1188 CAP.
702 1129 788 1184 IV.
839 1125 1124 1202 sts._15.
1171 1121 1457 1202 Respondit
1502 1121 1756 1202 Jesus_,_et
1801 1123 1937 1202 dixit
1987 1126 2110 1193 ei;

2195 1130 2498 1202 Ἀπεκρίθη
2544 1134 2578 1186 ὁ
2632 1131 2894 1199 Ἰησοῦς,
2954 1132 3054 1188 καί
3103 1130 3272 1187 εἷπεν
3315 1130 3509 1202 αὐτῇ·

567 1202 750 1256 Omnis
791 1199 881 1267 qui
929 1196 1080 1267 bibit
1113 1210 1178 1248 ea:
1253 1192 1393 1262 aqua
1426 1192 1546 1259 hac,
1622 1194 1761 1247 sitiet
1814 1195 2005 1267 iterum
2047 1212 2076 1267 7:

562 1273 651 1341 qui
702 1264 876 1341 autem
921 1265 1107 1320 biberit
1140 1279 1204 1317 ea:
1251 1280 1389 1336 aqua
1438 1279 1597 1333 quam
1653 1280 1745 1334 ego
1801 1264 1938 1318 dabo
2006 1266 2078 1334 ei,

563 1337 665 1394 itan
678 1341 819 1394 sitiet
853 1337 908 1390 in
929 1347 1202 1390 (etei-num.

572 1431 775 1487 l’hotii.
807 1429 1033 1484 Dicente
1073 1427 1160 1482 illa
1196 1445 1208 1481 :
1236 1424 1497 1497 Nunquid
1530 1435 1586 1482 tu
1627 1425 1804 1497 major
1819 1443 1878 1484 es
1909 1427 2078 1485 Patre

493 1535 686 1578 nostro
726 1519 935 1577 Jacob?
964 1533 1074 1573 non
1126 1517 1436 1586 respondit:
1469 1517 1632 1572 Certe
1679 1518 1857 1588 major
1907 1533 2029 1573 sum
2062 1534 2077 1572 :

493 1617 644 1671 visus
687 1614 834 1669 enim
875 1611 1072 1667 fuisset
1114 1625 1236 1666 sese
1268 1617 1474 1664 tantum
1506 1609 1784 1678 jaclitare,
1836 1611 2080 1666 nondum

495 1708 580 1762 sui
617 1707 761 1761 iacta
794 1704 1138 1776 probatione.
1190 1699 1268 1755 Ex
1305 1701 1470 1757 dictis
1532 1713 1712 1757 autem
1773 1703 1826 1757 id
1862 1703 2078 1758 astruit.

493 1799 615 1854 Non
664 1798 809 1854 enim
838 1796 1163 1866 simpliciter
1195 1793 1370 1850 dixit:
1399 1792 1550 1848 Dabo
1577 1795 1671 1848 tibi
1702 1810 1904 1864 aquam
1944 1794 2080 1862 ;sed

497 1893 650 1963 prius
677 1889 768 1945 illa
797 1887 966 1944 Jacob
997 1887 1267 1956 neglecta,
1291 1902 1445 1944 suam
1480 1887 1685 1951 laudat,
1708 1903 1738 1940 ιι
1783 1901 2079 1942 munerum

495 1994 720 2047 natura,
786 1982 1035 2037 dantium
1065 1981 1256 2036 volens
1293 1979 1651 2035 diﬂ‘erentiam
1683 1979 1996 2057 ostendere,
2025 1986 2081 2033 et

494 2085 760 2146 quantum
813 2073 930 2144 ipse
960 2073 1332 2142 patriarclzam
1357 2072 1647 2127 excelleret
1682 2089 1694 2124 :
1733 2085 1862 2124 nam
1904 2069 1950 2125 si
1978 2069 2079 2123 mi-

499 2168 661 2230 raris.
699 2167 897 2237 inquit,
946 2163 1115 2220 Jacob
1159 2165 1300 2219 hanc
1357 2180 1556 2233 aquam
1618 2163 1856 2231 dedisse,
1909 2163 2079 2218 haece

494 2260 670 2315 multo
699 2259 1132 2330 praestantiorem
1165 2257 1306 2312 dabo
1333 2257 1428 2311 tibi
1452 2257 1586 2328 (21).

499 2374 665 2429 Vens.
699 2371 790 2426 20.
819 2370 1011 2425 Patres
1037 2369 1205 2424 nostri
1252 2369 1303 2422 in
1352 2379 1525 2423 monte
1567 2369 1662 2423 hoc
1693 2370 2075 2436 ador-atterunt,

566 2455 613 2497 et
645 2459 733 2497 vos
755 2443 958 2506 dicitis,
986 2442 1111 2510 quia
1138 2438 1486 2509 Jerosolymis
1516 2449 1594 2493 est
1630 2443 1795 2504 locus,
1829 2441 1920 2494 ubi
1946 2442 2077 2497 ado-

575 2529 697 2566 rare
719 2522 942 2582 oportet.

572 2601 777 2657 Pliotii.
809 2600 984 2656 Judaei
1021 2598 1388 2656 crassioribus
1407 2599 1474 2654 de
1499 2600 1680 2654 divina
1715 2601 2080 2670 corporisque

497 2705 720 2765 experte
749 2702 946 2749 natura
977 2693 1327 2763 opinionibus
1350 2693 1568 2757 imbuti,
1589 2691 1947 2764 Jerosolymis
1977 2693 2082 2747 du—

510 2797 662 2842 taxat
689 2788 756 2842 ab
785 2786 1044 2841 omnibus
1075 2785 1247 2841 Deum
1309 2784 1650 2840 adorandum
1679 2799 1803 2840 esse
1851 2793 2081 2839 conten-

511 2880 740 2945 debant,
773 2878 931 2948 quasi
980 2877 1149 2932 semel
1195 2884 1307 2932 tota
1367 2877 1564 2932 ibidem
1627 2877 2087 2946 incomprehensa

502 2974 592 3027 illa
646 2980 698 3026 et
751 2970 1043 3026 ineﬂ'abilis
1097 2977 1314 3034 natura,
1365 2969 1420 3022 in
1459 2984 1628 3023 unum
1683 2968 2087 3038 quodammodo

501 3074 785 3135 eompacla
823 3074 876 3119 et
905 3061 1320 3132 circumscripta
1352 3059 1510 3116 foret.
1542 3060 1927 3126 Quamobrem
1965 3068 2090 3112 tan-

501 3175 667 3231 quam
726 3159 952 3213 omnino
1003 3157 1166 3210 rudes
1235 3154 1340 3209 bac
1379 3154 1431 3208 in
1479 3169 1540 3208 re
1595 3168 1767 3223 arque
1827 3152 2086 3222 imperiti,

504 3265 638 3304 voce
667 3247 1060 3317 prophetarum
1116 3243 1429 3315 reprehensi
1460 3251 1609 3310 sunt,
1637 3243 1852 3298 dicente
1908 3241 2089 3296 Domi-

503 3355 577 3395 no
609 3357 623 3394 :
650 3338 850 3394 Caelum
876 3338 1008 3392 mihi
1055 3337 1226 3400 sedes,
1259 3346 1403 3390 terra
1441 3346 1633 3388 autem
1664 3333 1960 3389 scabellum
2001 3350 2090 3404 pe-

505 3435 634 3488 dum
683 3449 937 3487 meorum.
1003 3428 1227 3495 Qualem
1273 3429 1485 3482 domum
1531 3428 1872 3497 wdiﬁcabitis
1928 3427 2088 3490 mihi,

504 3521 636 3575 dicit
664 3520 964 3574 Dominus?
1001 3518 1093 3573 νει
1127 3520 1244 3588 quis
1276 3517 1424 3571 locus
1469 3518 1659 3587 quietis
1689 3518 1860 3572 mete?
1900 3516 2092 3572 Sama-

506 3611 673 3666 ritaui
700 3625 829 3665 vero
851 3623 1093 3672 rursum,
1143 3615 1224 3661 ut-
1247 3607 1367 3662 loco
1387 3616 1441 3660 et
1483 3605 1722 3676 regione,
1755 3607 1838 3660 sic
1900 3615 1955 3661 et
2008 3605 2092 3658 in-

507 3702 669 3756 scitia
702 3700 1046 3769 ruditathue
1071 3697 1234 3752 vicini
1282 3696 1507 3761 Judaeis,
1539 3697 1593 3750 in
1653 3709 1839 3750 monte
1869 3697 2090 3752 Garizin

507 3793 677 3860 dicto,
710 3791 987 3846 orationes
1021 3804 1086 3844 ac
1131 3802 1322 3859 preces
1351 3787 1650 3845 faciendas.
1675 3787 2076 3851 existimantes,

510 3882 712 3938 merito
738 3883 907 3934 risum
962 3894 1070 3932 non
1107 3877 1394 3948 effugiunt.
1427 3875 1602 3946 Hujus
1657 3885 1836 3932 autem
1883 3879 2092 3934 stolida:

511 3967 925 4039 superstitionis
981 3966 1330 4021 occasionem
1370 3966 1476 4021 illis
1521 3965 1752 4036 praebuit
1807 3966 1897 4021 illa
1928 3967 2092 4022 bene-

512 4062 704 4127 dictio,
738 4076 901 4131 quam
935 4059 991 4113 in
1012 4057 1193 4114 Garizi
1231 4069 1419 4117 monte
1451 4057 1631 4112 datam
1661 4074 1726 4112 ex
1750 4057 2088 4115 Deuterono-

511 4155 626 4209 mio
654 4151 1063 4223 c0gnoscimus.
1095 4149 1315 4205 Hanccc
1351 4149 1711 4220 quaestionem
1763 4150 1866 4204 ista
1897 4151 2091 4204 mulier

517 4243 786 4299 Salvatori
819 4253 1078 4312 tanquam
1134 4241 1413 4310 problema
1467 4239 1848 4295 dillicillimurn
1883 4254 2091 4310 propo-

513 4337 618 4401 nit,
669 4335 858 4390 diceus
891 4352 904 4388 :
943 4332 1134 4387 Patres
1175 4332 1341 4384 nostri
1373 4333 1429 4385 in
1457 4341 1632 4386 monte
1685 4331 1780 4385 hoc
1833 4338 2091 4384 adorave-

515 4439 662 4495 runt,
695 4435 750 4481 et
785 4440 907 4495 quae
932 4436 1257 4495 sequuntur.
1293 4425 1372 4478 Ad
1402 4423 1548 4494 quod
1572 4425 1856 4494 respondit
1903 4426 2096 4479 Salva-

516 4528 604 4574 tor
634 4519 784 4575 :Non
806 4518 917 4588 jam
949 4517 1184 4586 amplius
1231 4516 1524 4585 qumsitum
1563 4517 1628 4570 iri
1660 4516 1860 4581 locum,
1893 4516 1946 4570 in
1983 4531 2094 4586 quo

516 4611 734 4682 proprie
766 4609 910 4665 Deus
948 4618 1167 4678 putetur
1217 4607 1496 4673 habitare;
1540 4608 1636 4663 sed
1684 4617 1744 4662 ut
1775 4607 1870 4677 qui
1907 4609 2093 4662 omnia

517 4704 763 4774 impleat,
821 4712 875 4757 et
918 4702 1172 4756 universa
1219 4699 1516 4764 contineat,
1553 4713 1622 4753 ex
1681 4713 2094 4769 suo,quemque

520 4796 640 4848 loco
674 4793 958 4848 Dominum
1019 4792 1398 4856 adoraturum,
1458 4789 1918 4860 quemadmodum
1971 4792 2095 4860 qui—

517 4888 644 4942 dam
677 4897 995 4941 sanctorum
1027 4883 1418 4954 prophetarum
1452 4884 1548 4937 ait.
1585 4881 1787 4936 Horam
1834 4892 2008 4937 autem
2041 4894 2095 4938 et

519 4991 736 5050 tempus
783 4979 1112 5049 ejuscemodi
1181 4979 1385 5032 rituum
1439 4977 1900 5047 abrogandorum,
1938 4986 2096 5033 vocat

2259 1137 2498 1198 πεκρίθη
2544 1137 2578 1186 ὁ
2632 1137 2894 1199 Ἰησοῦς,
2954 1137 3054 1188 καί
3103 1137 3272 1187 εἶπεν
3315 1137 3509 1202 αὐτῇ·
3561 1137 3697 1202 Πᾶς
3736 1137 3770 1189 ὁ

2259 1202 2455 1273 {ria-tur:
2474 1201 2544 1255 ἐκ
2582 1201 2688 1273 τοῦ
2721 1201 2948 1273 ὕδαλτοςᾲ
2975 1203 3218 1273 τούτου,
3247 1203 3499 1273 διψήσει
3543 1205 3767 1258 πάλιν

2259 1269 2327 1345 ὃς
2352 1269 2504 1345 δ’,ἂις
2522 1271 2630 1345 πίῃ
2657 1271 2724 1324 ἐκ
2752 1271 2857 1345 τοῦ
2883 1271 3122 1345 ὕδατος,
3146 1269 3218 1332 οὔ
3241 1269 3355 1345 ἐγὼ
3383 1269 3560 1329 δώσω
3579 1273 3768 1341 αὐτῷ,

2257 1341 2330 1394 οὐ
2355 1340 2440 1408 μὴ
2473 1339 2708 1410 διψήσῃ
2736 1343 2825 1408 είς
2851 1343 2958 1396 τὸν
2987 1343 3194 1398 αίῶνα.

2257 1429 2501 1483 Φωτίου.
2555 1430 2838 1499 Λεγούσης
2877 1431 3068 1500 αὐτῆς,
3103 1432 3198 1500 Μὴ
3223 1429 3306 1485 σὺ
3329 1428 3543 1501 μείζων
3577 1425 3640 1484 εἷ
3661 1426 3772 1482 τοῦ

2186 1522 2410 1592 πατρὸς
2436 1519 2605 1592 ἡμῶν
2634 1520 2879 1585 Ἰακώ6;
2908 1523 3022 1578 Οὐκ
3042 1520 3213 1589 εἶπεν,
3243 1525 3354 1577 Καὶ
3383 1522 3588 1594 μείζων
3617 1521 3770 1592 εἰμί’

2187 1613 2332 1679 ἔδοξε
2364 1613 2472 1683 γὰρ
2523 1613 2589 1668 ἂν
2623 1613 2930 1684 κομπάζειν
2962 1615 3142 1686 μόνον,
3187 1615 3287 1686 τῆς
3320 1613 3651 1678 ἀποδείξεως
3691 1613 3771 1684 μὴ

2187 1706 2538 1777 φαινομένης.
2565 1707 2643 1759 Δι’
2672 1699 2748 1760 ὧν
2771 1706 2828 1760 δὲ
2855 1705 3024 1776 λέγει,
3055 1705 3212 1760 τοῦτο
3236 1705 3665 1768 κατασκευάζει.
3691 1703 3772 1757 Οὐ

2186 1796 2295 1867 γὰρ
2329 1795 2515 1858 ἁπλῶς
2561 1791 2738 1861 εἶπεν,
2780 1797 2948 1850 Δώσω
2991 1814 3074 1850 σοι
3118 1796 3283 1867 ὕδωρ,
3327 1795 3467 1849 ἀλλὰ
3493 1797 3773 1867 πρότερον

2186 1889 2404 1959 ἀμελῶν
2432 1889 2493 1943 τὸ
2520 1889 2614 1943 τοῦ
2659 1889 2879 1954 Ἰακὼϐ,
2923 1891 3044 1943 τότε
3078 1890 3296 1961 ἐπαίρει
3321 1891 3383 1944 τὸ
3411 1888 3629 1955 ἑαυτοῦ,
3660 1888 3774 1944 ἀπὸ

2184 1984 2283 2053 τῆς
2309 1982 2416 2036 τῶν
2449 1983 2669 2054 δωρεῶν
2697 1982 2932 2053 φύσεως,
2965 1982 3027 2035 τὺ
3057 1982 3313 2053 διάφορον
3345 1983 3453 2035 τῶν
3471 1982 3802 2052 διδομένων-

2186 2074 2534 2145 παραστῆσαι
2563 2072 2908 2145 βουλόμενος,
2942 2073 3033 2125 καὶ
3059 2072 3157 2143 τὴν
3193 2073 3468 2144 ὑπεροχὴν
3497 2073 3595 2144 τὴν
3626 2071 3774 2141 πρὸς

2183 2166 2276 2221 τὸν
2297 2167 2661 2238 πατριάρχην.
2684 2167 2746 2219 Εἰ
2769 2166 2877 2236 γάρ
2902 2165 3222 2236 θαυμάζεις,
3249 2167 3408 2235 φησι,
3430 2165 3522 2219 τὸν
3541 2164 3770 2230 Ἰακὼϐ,

2185 2259 2268 2314 ὅτι
2284 2257 2444 2312 τοῦτο
2469 2257 2635 2311 ἔδωκε
2650 2257 2710 2311 τὸ
2731 2257 2894 2328 ὕδωρ,
2913 2257 3046 2311 πολὺ
3063 2257 3250 2310 τούτου
3273 2255 3465 2326 βελτίω
3489 2255 3650 2309 δώσω
3664 2273 3770 2312 σοι.

2159 2375 2254 2427 »οί
2272 2371 2519 2442 πατέρες
2537 2373 2706 2441 ἡμῶν
2724 2373 2794 2426 ἐν
2815 2371 2894 2437 τῷ
2915 2373 3034 2440 ὄρει
3058 2373 3246 2439 τούτῳ
3270 2371 3770 2442 προσεκύνησαν,

2256 2444 2355 2497 καί
2387 2440 2570 2512 ὗμεῖςί
2593 2443 2836 2512 λέγετε,
2876 2443 2962 2496 ὅτι
3003 2443 3073 2495 ἐν
3123 2443 3564 2510 Ἰεροσολύμοις
3590 2440 3773 2496 ἐστίν

2117 2493 2160 2549 Β
2255 2517 2288 2568 ό
2315 2493 2706 2580 τόπρςξόποί)
2746 2493 2839 2566 δεῗ
2874 2493 3263 2582 προσκυνεῆκ

2259 2604 2504 2658 Φωτίου.
2555 2604 2618 2656 Οἱ
2643 2602 2894 2656 Ἰουδαῖοι
2924 2601 3236 2672 παχυτέρας
3264 2601 3342 2656 ἔτι
3369 2601 3471 2666 τὰς
3499 2602 3632 2673 περὶ
3670 2601 3773 2671 τῆς

2189 2694 2339 2758 θείας
2365 2712 2423 2748 τε
2449 2694 2541 2748 καὶ
2577 2695 2867 2765 ἀσωμάτου
2909 2697 3122 2763 φύσεως
3152 2693 3432 2764 διαλήψεις
3464 2693 3770 2764 δεχόμενοι,

2187 2789 2245 2841 ὲν
2277 2786 2462 2856 μόνοις
2499 2788 2613 2850 τοῖς
2665 2785 3060 2857 Ἱεροσολύμοις
3101 2787 3298 2856 χρῆναι
3344 2785 3775 2857 προσκυνεῖσθαι

2187 2879 2280 2933 τὸν
2314 2878 2410 2931 ἐπὶ
2452 2877 2661 2940 πάντας
2693 2877 2826 2931 Θεὸν
2857 2877 3192 2941 διετείνοντο,
3231 2877 3306 2940 ὡς
3338 2877 3485 2943 ἆπαξ
3515 2877 3644 2946 ὅλης
3669 2875 3774 2945 τῆς

2189 2971 2429 3042 ἀῤῥήτου
2453 2971 2546 3024 καί⁵
2574 2969 2962 3041 ἀκαταλήπτου
2995 2969 3208 3038 φύσεως
3235 2969 3610 3039 καταλυούσης
3634 2969 3772 3033 ἐκεῖ,

2189 3064 2286 3116 καὶ
2333 3062 2838 3133 περιγραφομένης.
2881 3061 2972 3115 Διὸ
2999 3062 3064 3133 δὴ
3095 3063 3188 3116 καὶ
3229 3061 3348 3115 λίαν
3377 3059 3774 3123 ἁσυνετοῦντες

2190 3154 2282 3207 ἐπὶ⁸
2316 3152 2492 3224 τούτῳ
2519 3153 2604 3206 διὰ
2636 3152 2735 3220 τῆς
2769 3151 2876 3206 τῶν
2908 3151 3204 3222 προφητῶν
3238 3151 3530 3221 ἠλέγχοντο
3562 3149 3773 3220 φωνῆς,

2190 3243 2284 3298 τοῦ
2319 3241 2453 3296 Θεοῦ
2500 3243 2750 3312 λέγοντος
2774 3258 2790 3273 ·
2835 3242 2899 3295 '0
2931 3243 3188 3310 οὐρανός
3223 3259 3324 3310 μοι
3357 3242 3590 3309 θρόνος,
3629 3242 3669 3310 ἠ
3709 3239 3777 3293 δὲ

2190 3332 2267 3404 γῆ
2305 3334 2640 3389 ὑποπόδιον
2679 3333 2798 3386 τῶν
2827 3332 3029 3386 ποδῶν
3050 3350 3190 3402 μου.
3221 3332 3404 3387 Ποῖον
3429 3329 3774 3387 οἷκονοίκο-

2191 3424 2488 3493 δομήσετέ
2510 3442 2633 3494 μοι,
2677 3426 2840 3494 λέγει
2883 3425 3128 3493 Κύριος;
3158 3427 3236 3479 ’Ἡ
3262 3425 3354 3491 τίς
3381 3424 3414 3476 ὁ
3451 3424 3637 3488 τόπος
3666 3420 3777 3489 τῆς

2193 3515 2626 3583 καταπαύσεώς
2644 3533 2800 3586 μου;
2836 3518 3173 3587 Σαμαρεῖται
3203 3516 3260 3569 δὲ
3290 3514 3450 3569 πάλιν
3490 3516 3550 3567 ού
3586 3515 3776 3585 πὸρῤω

2193 3611 2294 3678 τῆς
2321 3608 2592 3662 Ἰουδαίων
2621 3607 2864 3678 ἀμαθίας
2899 3608 3166 3679 κείμενοι,
3203 3608 3390 3678 χώραν
3418 3624 3479 3659 τε
3513 3606 3651 3675 ὁμοῦ
3683 3605 3777 3658 καὶ

2195 3701 2552 3755 ἀπαιδευσίαν
2597 3701 2796 3772 ὅμορον
2842 3700 3077 3770 ἔχοντες,
3133 3701 3192 3754 ὲν
3235 3700 3352 3770 ὄρει
3387 3698 3465 3769 τῷ
3497 3697 3772 3768 Γαριζεὶν,

2194 3793 2336 3848 οὕτω
2379 3791 2723 3864 καλουμένῳ,
2772 3793 2866 3846 καὶ
2902 3791 3302 3864 προσεύχεσθαι
3339 3791 3449 3844 δεῖν
3479 3789 3576 3844 καὶ
3603 3805 3775 3860 προσ-

2193 3889 2376 3941 κυνεῖν
2400 3886 2660 3958 οἰὸμενοι,
2683 3886 2742 3939 τὺ
2769 3885 3031 3954 γελᾶσθαι
3057 3884 3280 3948 δικαίως
3305 3883 3368 3937 οὐ
3397 3881 3774 3950 διαφεύγουσι.

2193 3978 2392 4046 Γέγονε
2437 3977 2495 4032 δὲ
2541 3977 2635 4031 καὶ
2685 3977 2869 4041 αὐτοῖς
2913 3977 3013 4048 τῆς
3059 3977 3245 4038 ἀνοίας
3291 3977 3324 4047 ἡ
3377 3975 3677 4045 πρόφασις,
3718 3973 3777 4026 τὸ

2191 4069 2435 4123 δεδόσθαι
2486 4071 2586 4139 τὴν
2632 4069 2883 4137 εὐλογίαν
2930 4070 2990 4123 ὲν
3034 4069 3152 4138 ὄρει
3188 4066 3463 4137 Γαριζεὶν,
3500 4065 3687 4129 καθὼς
3720 4069 3777 4117 ὲν

2191 4157 2598 4230 Δευτερονομίῳ
2642 4157 3028 4229 γεγραμμένον
3075 4156 3422 4226 εὑρίσκομεν.
3476 4154 3696 4224 Ταύτην
3741 4155 3775 4224 ἡ

2193 4250 2331 4321 γυνὴ
2383 4249 2460 4321 τῷ
2509 4251 2720 4321 Σωτῆρι
2761 4250 2862 4320 τὴν
2912 4248 3162 4320 ζήτησιν,
3200 4247 3275 4309 ὡς
3318 4245 3778 4316 δυσκατάληπτον

2192 4342 2401 4414 πρόϐλη
2411 4360 2484 4414 μα
2503 4343 2840 4414 προΐσχεται,
2865 4341 3114 4410 λέγουσα,
3142 4343 3220 4394 ὅτι
3253 4345 3318 4395 Ol
3338 4339 3590 4408 πατέρες
3611 4338 3779 4408 ἡμῶν

2194 4435 2263 4490 ἐν
2287 4435 2367 4502 τῷ
2383 4435 2504 4504 ὄρει
2519 4436 2706 4499 τούτῳ
2729 4436 3223 4502 προσεκύνησαν,
3242 4435 3334 4488 καὶ
3361 4433 3431 4487 τὰ
3456 4433 3604 4502 ἑξῆς.
3635 4432 3780 4500 Πρὸς

2197 4531 2226 4583 ὅ
2254 4546 2418 4600 φησιν
2452 4530 2479 4581 ὁ
2516 4527 2726 4598 Σωτὴρ,
2764 4527 2962 4580 Οὐκέτι
3017 4525 3314 4596 ζητήσεται
3342 4526 3508 4588 τόπος
3552 4526 3610 4577 ὲν
3639 4516 3684 4591 ᾧ
3716 4522 3780 4592 δὴ

2198 4621 2406 4692 κυρίως
2435 4620 2710 4688 οἰήσονται
2737 4619 3010 4671 κατοικεῖν
3041 4619 3132 4670 τὸν
3161 4617 3316 4682 Θεὸν,
3346 4616 3461 4671 ἀλλ’
3492 4615 3567 4678 ὡς
3602 4616 3780 4670 πάντα

2202 4711 2519 4782 πληροῦντι,
2557 4710 2651 4763 καὶ
2688 4709 2933 4780 συνέχειν
2965 4709 3222 4779 ἰσχύοντι,
3258 4705 3780 4779 προσκυνήσωσιτῷ

2201 4801 2413 4874 Κυρίῳ,
2463 4801 2692 4864 ἕκαστος
2734 4801 2799 4854 ὲκ
2838 4801 2935 4853 τοῦ
2970 4801 3138 4852 τόπου
3170 4799 3357 4867 αὐτοῦ,
3413 4799 3667 4868 καθάπερ
3698 4797 3781 4860 τίς

2203 4911 2336 4963 φησι
2369 4893 2478 4945 τῶν
2507 4891 2676 4961 ἁγίων
2702 4890 3016 4963 προφητῶν.
3053 4891 3224 4961 Ὥραν
3253 4889 3312 4943 δὲ
3341 4889 3436 4942 καὶ
3471 4889 3663 4958 καιρὸν
3686 4889 3781 4955 τῆς

2200 4986 2308 5039 τῶν
2339 4983 2594 5038 τοιούτων
2622 4983 2760 5036 ἐθῶν
2810 4983 3224 5053 μεταστάσεως,
3276 4981 3374 5053 τὴν
3405 4979 3599 5036 ἑαυτοῦ
3643 4978 3784 5049 μετὰ

519 5085 847 5140 corporeum
897 5084 1057 5126 suum
1091 5068 1145 5122 in
1178 5069 1325 5123 hunc
1349 5067 1613 5122 mundum
1644 5066 1934 5122 adventum
1956 5067 2090 5140 (2'2).

2199 5077 2453 5147 σώματος
2478 5075 2772 5146 ἐπιδημίαν
2798 5077 2857 5129 ὲν
2886 5074 3075 5146 κόσμῳ
3105 5073 3290 5145 φησιν.

1757 5206 1837 5261 Ex
1874 5216 2099 5276 catena,
2133 5219 2175 5267 t.
2208 5213 2274 5279 ll,
2305 5229 2358 5283 p.
2393 5215 2519 5271 444.

596 5395 752 5452 CAP.
785 5394 949 5450 XVI-1.
995 5394 1162 5450 Vens.
1209 5394 1388 5449 15η...
1437 5393 1633 5449 Dicens
1674 5412 1687 5448 :
1747 5393 1816 5450 Ut
1868 5397 2093 5450 habeant

526 5490 782 5561 gaudium
812 5504 983 5542 meum
1011 5487 1304 5556 impletum,
1337 5487 1576 5542 ostendit
1608 5487 1774 5555 clare,
1817 5490 1962 5560 quod
2002 5504 2099 5544 voc

2273 5397 2476 5464 Εἰπὼν,
2514 5398 2638 5452 Ἵνα
2664 5397 2850 5466 ἔχωσι
2878 5394 2993 5462 τὴν
3021 5391 3212 5462 χαρὰν
3234 5391 3349 5460 τὴν
3375 5389 3530 5460 ἐμὴν
3557 5392 3783 5457 πεπλη-

2199 5492 2495 5562 ρωμένην,
2521 5491 2788 5561 ἐδήλωσεν
2820 5487 3006 5558 σαφῶς
3040 5489 3122 5541 ὃτι
3150 5486 3318 5540 θέλων
3341 5485 3536 5548 αὐτοὺς
3559 5483 3667 5538 ἀπὸ
3685 5484 3785 5550 τῆς

529 5587 650 5640 lens
679 5583 801 5638 illos
829 5583 1049 5637 amulta
1098 5582 1332 5637 liberare
1377 5579 1698 5650 afﬂictione,
1736 5582 2102 5654 praecedenter

2209 5587 2411 5658 πολλῆς
2443 5583 2856 5656 ἀνακτήσασθαι
2878 5581 3136 5652 θλίψεως,
3161 5579 3230 5635 τὰ
3258 5578 3639 5654 προειρημένα
3663 5576 3784 5633 ιλιι·

2053 5717 2280 5775 NOTAE.

605 5814 722 5885 (ιιι)
750 5815 836 5872 cr.
859 5816 925 5886 Q.
957 5814 1191 5872 Lxxw.

2286 5813 2400 5885 (εει)
2436 5812 2520 5868 ει.
2557 5812 2618 5881 Q.
2649 5809 2882 5866 Lxxw.
