4132 6438
389 446 522 514 1Ξ33

1188 444 1650 506 FRAGMENTA
1712 443 1793 504 IN
1845 442 2275 504 EPISTOLAM
2328 443 2430 504 AD
2466 441 2846 504 ROMANOS.

3519 440 3655 504 1234

387 562 570 634 λησεν,
606 561 685 617 διὸ
712 564 804 617 καὶ
832 561 966 632 πρὸς
996 562 1093 632 τὴν
1133 561 1353 616 ἐκείνων
1380 557 1827 628 συγκαταϐαίνων
1853 557 1971 610 διά-
1998 594 2010 617 λ

2089 556 2216 608 licia
2257 555 2475 609 locutus
2513 562 2619 621 est,
2663 562 2947 624 propterea
2999 551 3065 608 ad
3120 566 3311 607 eorum
3351 549 3658 623 intelligen-

384 672 532 708 νοιαν
575 654 1061 725 (παραμυθεῖσθαι
1088 655 1195 724 γὰρ
1226 653 1421 715 αὐτοὺς
1456 650 1573 706 ἀλλ’
1605 651 1665 703 οὐ
1696 649 1967 703 διδάσκειν

384 746 478 801 νῦν
508 747 606 819 τὴν
631 749 729 818 τῆς
760 747 1038 816 οεολογίας
1071 746 1357 814 ἀκρίϐειαν
1407 742 1716 812 ἐϐούλετο),
1756 742 1967 813 ἀνθρω-

384 838 708 908 πινώτερον,
740 841 834 892 καὶ
866 838 941 901 ὡς
967 839 1165 891 ἐκεῖνοι
1195 837 1454 907 ἠδύναντο
1500 834 1967 905 παραμυθεῖσθαι,

383 927 711 996 διαλέγεται,
754 931 1030 998 Τήρησον
1074 928 1315 994 αὐτοὺς,
1360 927 1552 995 λέγων,
1603 926 1718 989 καὶ,
1760 926 1861 980 Ἐν
1893 920 1972 993 τῷ

384 1021 631 1089 ὀνόματί
649 1036 787 1075 σουο
813 1022 928 1085 καὶ,
953 1022 1082 1073 Ὅτε
1102 1019 1265 1090 ἥμην
1283 1019 1352 1073 ἐν
1370 1015 1449 1083 τῷ
1470 1020 1695 1085 κόσμῳ,
1717 1016 1972 1085 ἐτήρουν

384 1113 629 1178 αὐτοὺς,
678 1113 771 1166 ml.
804 1112 871 1165 τὰ
912 1113 1097 1182 ὅμοια.
1143 1111 1335 1182 Χαρὰν
1366 1110 1423 1163 δὲ
1453 1110 1551 1180 τὴν
1589 1109 1751 1178 ἐμὴν,
1783 1109 1970 1177 φησὶν,

384 1198 496 1257 οἷον
523 1204 621 1274 τὴν
647 1202 1053 1275 πνευματικὴν,
1082 1202 1180 1273 τὴν
1228 1200 1589 1271 στηρίζουσαν
1618 1198 1819 1269 ψυχὰς,
1855 1197 1972 1250 ἀλλ’

382 1297 507 1367 οὐχὶ
532 1300 789 1369 τοιαύτην
838 1293 957 1352 οἷαν
989 1299 1017 1351 ὁ
1050 1297 1256 1367 κόσμος
1306 1295 1439 1365 ἔχει,
1489 1292 1579 1347 διὰ
1612 1293 1825 1364 τρυφῆς
1875 1291 1974 1345 καὶ

382 1388 588 1459 ἡδονῶν
623 1390 717 1444 καὶ
752 1389 1080 1459 σωματικῶν
1111 1387 1412 1450 εὐπαθείας
1443 1385 1864 1455 συνισταμένην.

2066 648 2200 702 tiam
2225 646 2608 713 descendens;
2648 646 2923 702 consolari
2959 647 3107 699 enim
3159 661 3278 708 eos,
3308 660 3419 701 non
3474 656 3655 700 autem

2068 740 2266 796 docere
2296 754 2444 794 nunc
2477 739 2764 809 theologia:
2818 739 3105 794 veritatem
3138 738 3376 792 volebat.
3436 735 3657 791 Huma—

2072 847 2202 887 num
2240 833 2412 903 magis
2436 830 2732 899 quoddam,
2760 831 2973 899 etquod
3009 830 3132 884 illos
3162 829 3434 885 consolari
3461 828 3655 897 possit,

2071 924 2382 994 exponitur.
2421 921 2584 977 Serva
2610 922 2749 985 illos,
2795 922 2970 991 inquit
2997 938 3012 987 ;
3038 931 3093 977 et
3125 940 3149 976 :.
3177 921 3242 975 In
3275 923 3484 975 nomine
3536 929 3656 984 tuo;

2074 1024 2127 1070 et
2155 1032 2171 1069 :
2208 1015 2342 1069 Cum
2369 1031 2535 1069 essem
2561 1014 2615 1068 in
2642 1012 2859 1080 mundo,
2910 1013 3185 1067 servabam
3214 1029 3322 1079 eos,
3355 1021 3408 1067 et
3433 1011 3656 1067 similia.

2076 1108 2346 1165 Gaudium
2380 1119 2561 1165 autem
2603 1124 2812 1174 meum,
2854 1109 3055 1179 inquit,
3087 1120 3149 1165 ut
3201 1109 3501 1179 spirituale,
3537 1108 3659 1162 ani-

2074 1218 2193 1256 mas
2254 1202 2500 1266 lirmans,
2524 1202 2622 1257 sed
2679 1216 2790 1256 non
2820 1202 2981 1272 quale
3033 1201 3279 1256 mundus
3340 1202 3528 1265 habet,
3561 1215 3661 1253 vo-

2073 1294 2297 1362 luptate,
2354 1293 2567 1350 deliciis
2622 1302 2679 1351 et
2708 1294 3091 1366 corporalibus
3168 1291 3474 1348 commodis
3521 1306 3660 1347 con—

2077 1398 2251 1443 SlallS.

383 1503 510 1559 lianc
540 1503 702 1558 habet
742 1503 804 1571 Β,
834 1502 929 1560 sed
965 1501 1167 1557 [ursam
1198 1499 1374 1554 Pholii
1412 1506 1560 1584 sinit,
1593 1508 1656 1584 ut
1690 1497 1871 1584 millia.
1899 1497 2031 1584 alia,
2068 1498 2285 1584 scholia'
2311 1514 2435 1584 quae
2471 1498 2871 1584 interiecit'iste
2901 1499 3049 1564 cod.,
3074 1496 3171 1555 sed
3204 1495 3425 1551 nomine
3452 1495 3573 1566 ejus
3607 1494 3664 1550 in

1115 1588 1290 1641 marg.
1350 1570 1559 1639 scripto
1589 1568 1667 1624 sic
1694 1566 1801 1638 φῶ.
1828 1566 1968 1624 Huic
1997 1578 2181 1623 autem
2210 1566 2419 1625 schelio
2450 1585 2560 1625 non
2592 1566 2913 1624 ascribitur.

439 1760 587 1775 *ρ

2055 1753 2370 1770 β.-

707 1898 1428 1992 FRAGMENTA
1475 1898 1598 1988 IN
1676 1892 2335 1986 EPISTOLAS
2405 1894 2822 1983 SANCTI
2927 1892 3332 1983 PAULI.

1676 2069 1756 2126 Ex
1780 2068 1988 2127 Catena
2008 2064 2388 2123 Crameriana.

1385 2286 1439 2347 Ι.
1482 2284 1565 2347 ΙΝ
1598 2282 2061 2345 EPISTOLAM
2095 2281 2204 2340 AD
2251 2274 2666 2338 ROMANOS.

1796 2409 2061 2480 (CRAMER.
2092 2416 2131 2463 t.
2153 2405 2270 2477 1V.)

402 2651 566 2710 Ἀλλ’
616 2647 1021 2705 ἐϐασίλευσεν
1052 2646 1086 2699 ὁ
1130 2641 1387 2708 θάνατος
1426 2640 1547 2698 ἀπὸ
1584 2639 1761 2710 Ἀδὰμ
1800 2639 1970 2710 μέῖρι
2002 2644 2010 2703 Ῑ

2089 2636 2228 2694 ΞΑΡ.
2264 2634 2326 2690 ν.
2381 2631 2550 2688 Vens.
2588 2631 2674 2686 14.
2749 2626 2859 2710 Sed.
2903 2625 3153 2710 regnavit
3201 2640 3343 2678 mors
3384 2624 3448 2677 ab
3493 2620 3673 2676 Adam

1031 2714 1351 2779 Μωῠσέως.

464 2815 713 2869 Φωτίου.
747 2811 888 2882 Τρία
920 2810 1069 2863 ἐστὶν
1100 2809 1159 2862 ἐν
1194 2806 1408 2871 τούτοις
1447 2805 1562 2870 τοῖς
1597 2802 1981 2877 παραϐολικῶς

388 2908 649 2979 ἀλλήλοις
698 2902 1113 2975 παρατεθεῖσιν,
1175 2900 1434 2972 ὁμοιότης
1481 2916 1586 2965 τις,
1642 2896 1978 2967 ἐναντιότης,

388 2998 697 3071 ὑπερϐολή.
752 2996 911 3050 Κατὰ
968 2994 1066 3066 τὴν
1120 2992 1418 3061 ὁμοιότητα
1466 2988 1782 3059 ἐναντιότης
1841 2987 1978 3059 μὲν,

391 3091 665 3163 ἁμαρτία,
684 3087 1095 3160 ἀναμάρτητοψ
1125 3083 1297 3156 ἔχθρα
1323 3083 1460 3153 πρὸς
1481 3083 1634 3148 Θεὸν,
1660 3078 1981 3150 καταλλαγὴ

390 3185 533 3257 πρὸς
558 3182 712 3237 Θεόν·
733 3180 1077 3253 κατάκριμα,
1102 3177 1379 3247 δικαίωμα
1404 3192 1418 3205 ·
1444 3175 1693 3229 ἀπώλεια
1716 3172 1809 3227 καὶ
1841 3172 1984 3226 πτῶ-

394 3294 476 3347 μα
506 3275 600 3329 καὶ
633 3274 883 3339 θάνατος,
915 3270 1161 3341 σωτηρία
1190 3269 1282 3323 καὶ
1309 3267 1423 3339 ζωὴ
1454 3268 1548 3320 καὶ
1578 3266 1897 3330 ἀνάστασις.
1918 3266 1985 3319 Ἡ

397 3369 499 3437 μὲν
518 3366 610 3420 οὖν
642 3365 953 3435 ἐναντιότης
977 3365 1034 3416 ἐν
1064 3361 1295 3425 τούτοις·
1328 3363 1361 3431 ή
1393 3360 1453 3413 δὲ
1485 3358 1763 3429 ὁμοιότης,
1795 3357 1985 3428 ὥσπερ

392 3464 465 3517 δι’
507 3463 627 3526 ἐνὸς
650 3463 765 3526 τοῖς
798 3462 968 3515 πᾶσιν
998 3459 1324 3527 ἐπιγέγονεν
1348 3472 1363 3486 ⁸
1386 3456 1443 3528 ’ἡ
1484 3456 1540 3509 δὲ
1571 3453 1868 3526 ὑπερϐολὴ,
1901 3454 1984 3507 ὅτι

395 3557 491 3611 ἐπὶ
519 3556 619 3626 μὲν
654 3556 769 3609 τῶν
797 3553 1062 3625 χειρόνων
1101 3550 1469 3619 συνέπραξαν,
1501 3548 1581 3620 τῷ
1615 3549 1696 3601 ἐνὶ
1718 3550 1766 3601 οἱ
1802 3546 1986 3600 πολλοὶ

395 3651 492 3702 ἐπὶ
539 3648 600 3701 τὸ
654 3647 949 3718 μετασχεῖν
1002 3643 1189 3707 αὐτοῖς
1226 3643 1337 3695 τῶν
1378 3639 1596 3706 κακῶν,
1643 3640 1737 3692 ἐπὶ⁵
1783 3639 1839 3692 δὲ
1878 3639 1986 3693 τῶν

396 3741 701 3811 ἀμεινόνων
735 3736 933 3804 οὐδεὶς,
980 3733 1320 3805 συνέπραξεν
1360 3731 1497 3787 ἀλλὰ
1532 3731 1692 3802 μόνον
1729 3731 1824 3784 τοῦ
1871 3730 1989 3792 ἐνὸς

396 3828 639 3905 Χριστοῦ
668 3831 730 3884 τὸ
776 3832 1023 3901 χάρισμα
1062 3827 1311 3897 γέγονεν.
1344 3826 1511 3879 Ὥστε
1544 3824 1643 3894 οὐχ
1664 3824 1866 3895 ὁμοίως
1895 3822 1991 3877 καὶ

400 3922 625 3992 ἐπίσης,
662 3920 800 3974 ἀλλὰ
841 3919 966 3973 καθ’
994 3915 1305 3987 ὑπερϐολὴν
1345 3914 1445 3969 καὶ
1489 3915 1555 3967 ἐκ
1604 3912 1925 3983 περισσείας
1952 3914 1986 3982 ἡ

399 4013 677 4085 ὁμοιότης.
693 4012 865 4067 Πάλιν
880 4010 968 4065 διὰ
982 4010 1077 4063 τοῦ
1107 4007 1280 4078 Ἀδὰμ
1298 4006 1408 4061 τῶν
1428 4006 1689 4076 χειρόνων
1708 4003 1987 4074 εἰσαχθέν-

2566 2710 2571 2715 ’
2587 2717 2752 2772 usque
2789 2699 2859 2754 ad
2894 2696 3136 2767 Maysen.

2153 2795 2356 2851 Photii.
2399 2793 2528 2849 Tria
2560 2790 2776 2849 suntin
2810 2790 2896 2845 his
2942 2786 3256 2859 parabolice
3298 2784 3441 2839 inter
3484 2798 3545 2839 se
3587 2782 3674 2838 in-

2079 2887 2257 2943 vicem
2288 2881 2504 2939 collatis
2524 2920 2539 2947 ,
2570 2878 2877 2936 similitudo
2907 2875 3156 2947 quaedam
3178 2914 3194 2940 ,
3230 2871 3538 2943 oppositio,
3573 2870 3675 2941 hy—

2081 2977 2323 3050 perbole.
2349 2974 2663 3031 Secundum
2692 2968 3111 3026 similitudinem
3145 2965 3421 3036 oppositio
3447 2962 3673 3034 quidem

2083 3071 2177 3135 ﬁt,
2210 3083 2354 3125 noxa
2375 3107 2391 3133 ,
2424 3067 2723 3130 innocens;
2754 3060 2943 3117 odium
2986 3060 3038 3113 in
3070 3060 3266 3121 Deum,
3290 3056 3575 3111 conversio
3606 3053 3677 3107 ad

2083 3163 2296 3227 Deum;
2338 3156 2658 3220 damnatio,
2695 3151 3059 3223 justiﬁcatio;
3103 3147 3375 3219 perditio,
3424 3144 3679 3199 interitus

2085 3262 2140 3309 et
2170 3267 2350 3315 mors;
2384 3249 2556 3312 salus,
2586 3246 2693 3300 vita
2724 3252 2780 3298 et
2812 3240 3163 3297 resurrectio.
3193 3236 3290 3293 Est
3311 3235 3477 3307 igitur
3508 3247 3680 3303 Oppo-

2084 3346 2209 3401 sitio
2241 3344 2296 3397 in
2331 3340 2457 3398 istis
2489 3358 2504 3394 :
2555 3334 2859 3393 similitudo
2905 3340 3087 3387 autem
3114 3370 3129 3395 ,
3181 3330 3330 3384 sicut
3376 3341 3472 3397 per
3505 3339 3678 3379 unum

2086 3435 2140 3490 in
2177 3448 2369 3488 omnes
2398 3427 2775 3501 pertransiit:
2832 3422 3127 3496 hyperbole
3178 3431 3398 3484 autem,
3448 3417 3577 3489 quia
3624 3416 3678 3470 in

2088 3526 2301 3585 delictis
2352 3523 2515 3580 simul
2567 3520 2776 3593 operati
2828 3526 2989 3582 sunt,
3035 3515 3092 3570 in
3135 3528 3247 3569 uno
3292 3511 3449 3567 multi
3479 3549 3494 3575 ,
3534 3507 3684 3580 quod

2088 3619 2190 3689 ipsi
2225 3619 2281 3672 in
2310 3616 2473 3670 malis
2526 3611 2785 3684 operibus
2813 3607 3378 3669 communicaverunt,
3409 3603 3462 3657 in
3488 3600 3683 3656 melio-

2089 3713 2242 3768 ribus
2273 3725 2404 3765 vero
2438 3706 2620 3763 nullus
2667 3712 2926 3775 operatus
2968 3710 3057 3773 est
3077 3742 3093 3767 ,
3126 3698 3245 3766 {sed
3278 3704 3489 3751 tantum
3518 3692 3683 3747 unius

2093 3801 2301 3859 Christi
2326 3801 2497 3872 gratia
2534 3797 2679 3852 facta
2711 3804 2816 3851 est.
2840 3794 2919 3849 Ita
2944 3809 3055 3849 non
3088 3789 3343 3847 similiter
3370 3801 3471 3841 nec
3499 3798 3688 3855 aequa-

2095 3897 2259 3962 liter,
2294 3895 2392 3951 sed
2423 3889 2776 3963 hyperbolice
2811 3897 2866 3943 et
2894 3902 2959 3941 ex
2995 3879 3496 3955 snperabundantia
3531 3874 3690 3931 simi-

2093 3984 2289 4038 litudo.
2346 3981 2562 4037 Rursus
2597 3994 2724 4034 cum
2770 3992 2865 4047 per
2904 3974 3079 4029 Adam
3130 3972 3332 4027 delicta
3374 3968 3688 4024 introducta

399 4063 533 4171 τῶν,
571 4063 676 4160 ora;
696 4063 956 4177 Evr—ivpéeq
1006 4101 1166 4173 μόνον
1205 4063 1402 4168 ταῦτα,
1429 4063 1579 4169 ’ὁπερ
1620 4096 1695 4161 ὡς
1723 4063 1989 4158 ἐναντίοις

2095 4076 2276 4131 forent
2300 4112 2315 4138 ,
2349 4090 2461 4129 non
2490 4071 2669 4127 solum
2703 4069 2885 4125 ablata
2918 4076 3049 4123 sunt
3076 4065 3168 4119 illa
3191 4106 3207 4129 ,
3253 4063 3399 4133 quod
3432 4063 3487 4115 in
3518 4074 3689 4128 oppo-

2130 4170 2140 4177 .
2174 4167 2184 4177 .
2285 4167 2296 4177 .
2365 4165 2438 4177 ο...
2504 4164 2535 4177 ιο
2753 4169 2764 4177 .
2828 4176 2837 4177 ,
2899 4159 3123 4177 -1A_:-__-
3163 4170 3272 4177 --__.
3307 4169 3361 4177 ...ι
3396 4152 3495 4177 1⁸η...
3592 4150 3684 4177 ...με

302 4198 316 4208 ’
402 4200 590 4271 ὅμοιον
619 4196 717 4250 καὶ
754 4196 1039 4264 ἀνάλογον,
1070 4192 1208 4247 ἀλλὰ
1249 4192 1344 4245 καὶ
1384 4189 1613 4260 ἐπεδόθη
1661 4186 1814 4258 παρὰ
1859 4187 1996 4257 Χρι-

404 4289 534 4344 στοῦ
562 4289 632 4343 τὰ
657 4288 888 4359 ἀμείνω·
921 4288 1061 4358 ὅπερ
1088 4285 1187 4357 τὴν
1212 4280 1517 4355 ὑπερϐολὴν
1550 4280 1647 4334 καὶ
1670 4277 1768 4351 τὴν
1799 4294 1994 4349 περισ-

405 4382 562 4437 σείαν
582 4380 939 4453 παρίστησιν.

406 4497 636 4565 Ὥσπερ
673 4493 785 4567 γὰρ
814 4492 914 4549 διὰ
941 4491 1051 4563 τῆς
1085 4491 1399 4562 παρακοῆς
1438 4488 1545 4545 τοῦ
1569 4486 1729 4553 ἐνὸς,
1764 4502 1820 4539 κ.
1846 4501 1899 4537 τ.
1940 4481 1992 4539 λ.

478 4652 727 4707 Φωτίου.
782 4650 968 4704 Εἰπὼν
1006 4650 1093 4703 ὅτι
1131 4648 1302 4712 τύπος
1340 4622 1410 4717 ἦν
1444 4647 1473 4700 ὁ
1519 4644 1696 4715 Ἀδὰμ
1734 4641 1827 4697 τοῦ
1863 4642 1998 4712 Χρι-

407 4744 571 4801 στοῦο
596 4743 767 4807 τύπος
813 4743 869 4796 δὲ
919 4740 1163 4813 δηλονότι
1202 4741 1267 4792 ἐκ
1314 4737 1408 4791 τοῦ
1451 4737 1721 4790 ἐναντίου.
1762 4734 1849 4799 Ὠς
1888 4733 1996 4803 γὰρ

407 4838 615 4900 ἐκεῖνος
650 4837 823 4898 αἴτιος
847 4832 1156 4904 ἀνθρώποις
1178 4844 1204 4873 ει
1228 4831 1481 4894 θανάτου,
1513 4828 1686 4891 οὕτως
1712 4829 1739 4881 ὁ
1762 4824 2000 4897 Χριστὸς

408 4930 583 4991 αἴτιος
616 4925 930 4998 ἀνθρώποις
971 4922 1341 4984 ἀναστάσεως.
1377 4918 1561 4973 Εἰπὼν
1592 4917 1708 4982 οὖν,
1741 4917 1816 4979 ὡς
1864 4914 2000 4985 ἔφη·

412 5038 534 5093 μεν,
563 5020 646 5073 ὁτι
675 5017 846 5081 τύπος
870 5012 939 5087 ἦν
967 5017 995 5069 ὁ
1029 5014 1202 5083 Ἀδὰμ
1234 5011 1328 5066 τοῦ
1352 5009 1620 5082 Χριστοῦ⁶
1652 5007 1840 5078 ἐπειδὴ
1871 5006 2000 5076 μὲλ-

409 5115 519 5168 λων
552 5111 682 5165 αὐτὸ
704 5107 1159 5171 κατασκευάζειν,
1186 5106 1247 5159 οὐ
1272 5104 1432 5175 μόνον
1454 5103 1551 5174 τὴν
1579 5101 1874 5172 ὁμοιότητα
1898 5116 2002 5152 κα-

409 5202 746 5275 τασκευάζει
795 5200 891 5254 καὶ
926 5200 1118 5265 τύπον,
1167 5196 1304 5251 ἀλλὰ
1355 5197 1451 5251 καὶ
1494 5195 1594 5265 τὴν
1633 5194 1692 5247 ἐν
1718 5192 1796 5264 τῷ
1843 5192 2001 5263 τύπῳ

411 5299 510 5354 καὶ
537 5297 824 5368 ὁμοιότητι
858 5291 1129 5364 ὑπεροχὴν
1174 5290 1270 5344 καὶ
1308 5288 1644 5361 περισσείαν.
1678 5286 1847 5339 Τοῦτο
1891 5286 2001 5357 γὰρ

413 5392 753 5446 ἐνδείκνυται
795 5385 885 5440 διὰ
923 5386 1018 5439 τοῦ
1055 5384 1257 5452 λέγειν,
1289 5381 1404 5436 ἀλλ’
1428 5382 1527 5452 οὐχ
1569 5379 1645 5444 ὼς
1707 5379 1767 5432 τὸ
1814 5378 1998 5451 παρά-

413 5498 642 5554 πτωμα·
674 5481 771 5535 καί⁵
792 5479 975 5546 πάλιν,
1013 5459 1229 5547 καὶόὐχ
1270 5475 1346 5540 ὡς
1383 5473 1503 5539 ἐνὸς
1557 5474 1996 5546 ἁμαρτήσαντος.

428 5578 585 5633 Ἐπεὶ
615 5573 708 5630 οὖν
732 5574 988 5630 σύνθετον
1012 5570 1161 5641 αὐτῷ
1185 5588 1302 5635 πως
1332 5570 1523 5641 γέγονε
1552 5567 1614 5621 τὸ
1640 5568 1999 5640 ἐπιχείρημα,

418 5666 789 5741 ἀνομοιότητὰ
843 5683 961 5728 πως
1018 5665 1077 5719 ἐν
1128 5653 1409 5734 ὁμοιότητι
1461 5660 1847 5715 διαπλέκοντι·
1909 5659 2003 5713 νῦν

2097 4167 2219 4224 sitis
2254 4164 2671 4222 similitudinem
2717 4169 2773 4217 et
2819 4159 3129 4229 analogiam
3162 4170 3275 4226 pra:
3306 4169 3365 4209 se
3394 4152 3537 4217 fert,
3592 4150 3689 4205 sed

2096 4260 2223 4315 data
2259 4265 2388 4313 sunt
2424 4270 2520 4326 per
2548 4252 2833 4309 Christum
2870 4249 3138 4315 meliora;
3173 4246 3321 4317 quod
3355 4242 3687 4316 hyperbolen

2098 4359 2152 4405 et
2187 4342 2742 4418 superabundantiam
2774 4347 3010 4411 praestat.

2096 4464 2263 4521 Vens.
2305 4461 2396 4517 l9.
2429 4457 2891 4528 Quemadmodum
2942 4454 3083 4509 enim
3130 4468 3225 4524 per
3275 4446 3691 4505 inobedientiam

2725 4552 2881 4606 unius
2901 4589 2916 4614 ,
2951 4558 3058 4604 etc.

2170 4649 2375 4704 Photii.
2434 4646 2647 4720 Typum
2688 4644 2820 4699 dicit
2872 4642 3047 4697 fuisse
3094 4638 3267 4695 Adam
3304 4633 3557 4701 Christi;
3609 4643 3693 4705 ty-

2102 4760 2207 4814 pus
2246 4753 2426 4798 autem
2478 4741 2760 4795 evidenter
2811 4744 2896 4791 est
2938 4750 3007 4788 ex
3053 4730 3419 4804 Oppositione.
3443 4727 3515 4784 Ut
3545 4727 3693 4783 enim

2102 4838 2192 4893 ille
2224 4850 2393 4891 causa
2437 4830 2758 4888 hominibus
2804 4828 3002 4883 mortis
3039 4825 3171 4889 fuit,
3216 4825 3297 4879 sic
3340 4831 3395 4877 et
3436 4820 3694 4877 Christus

2101 4942 2270 4983 causa
2314 4923 2635 4979 hominibus
2687 4917 3136 4976 resurrectionis.
3194 4914 3339 4969 Dicit
3387 4912 3595 4984 igitur,
3635 4921 3697 4965 ut

2102 5019 2452 5083 notavimus,
2504 5026 2689 5089 typum
2740 5011 2912 5068 fuisse
2958 5011 3130 5065 Adam
3166 5007 3407 5073 Christi;
3455 5022 3580 5061 cum
3640 5003 3696 5058 id

2100 5110 2457 5181 expositurus
2499 5115 2585 5162 est
2610 5147 2624 5171 ,
2666 5119 2775 5159 non
2807 5102 2984 5158 solum
3019 5098 3437 5157 similitudinem
3471 5097 3699 5166 exponit

2102 5211 2157 5258 et
2186 5211 2370 5273 typum
2395 5239 2410 5265 ,
2455 5198 2549 5255 sed
2579 5198 2746 5253 etiam
2782 5197 2835 5250 in
2873 5207 3000 5266 typo
3030 5202 3082 5248 et
3111 5189 3475 5247 similitudine
3502 5203 3697 5243 exces-

2105 5307 2225 5349 sum
2259 5300 2315 5347 et
2372 5287 2959 5361 superabundantiam.
3005 5283 3117 5339 Hoc
3146 5282 3291 5337 enim
3329 5278 3573 5335 ostendit
3614 5276 3698 5331 di-

2106 5382 2277 5437 cendo
2301 5420 2317 5447 ,
2355 5358 2457 5435 sed
2481 5393 2592 5432 non
2622 5377 2767 5431 sicut
2795 5375 3057 5429 delictum
3078 5413 3093 5437 ,
3144 5379 3198 5425 et
3230 5383 3423 5424 rursus
3446 5408 3462 5433 ,
3505 5376 3560 5421 et
3588 5358 3699 5419 non

2108 5475 2253 5531 sicut
2295 5488 2406 5527 uno
2428 5478 2709 5543 peccante.
2745 5467 2883 5524 Cum
2915 5466 3082 5535 igitur
3106 5461 3412 5531 composita
3454 5458 3529 5514 illi
3558 5472 3701 5528 quo-

2110 5566 2407 5622 dammodo
2446 5563 2592 5619 facta
2627 5562 2699 5619 sit
2739 5559 3012 5630 expositio
3042 5596 3059 5622 ,
3114 5552 3604 5612 absimilitudinem
3628 5549 3704 5605 si-

2116 5655 2415 5711 militudini
2433 5652 2697 5712 inserenti
2722 5668 2738 5721 ;
2764 5666 2907 5708 nunc
2936 5650 3079 5706 idem
3108 5646 3404 5705 reassumit
3423 5683 3441 5710 ,
3468 5658 3704 5701 meram-

1698 5783 1941 5841 VARIIE
1995 5778 2403 5840 LECTIONES.

499 5871 526 5903 ⁸
562 5860 702 5919 Cod.
742 5860 1051 5935 ἅνθρωπος,
1089 5860 1182 5919 sed
1214 5876 1389 5933 marg.
1426 5877 1516 5933 γρ.
1548 5855 1877 5929 ἀνθρώποις.
