4132 6426
523 391 662 457 1235
1691 390 1950 453 PIIOTII
1990 388 2502 449 PATRIARCH/E
2532 391 2642 453 CP.
3678 398 3817 466 1236

517 518 627 580 'que
669 502 1090 564 similitudinem
1144 494 1427 568 Ostendit,
1479 515 1580 555 nec
1630 500 1828 555 miscet
1878 498 2102 567 aliquan

2225 496 2746 568 ἐπαναλαμϐάνεται
2771 498 2872 571 μὲν
2891 500 2951 555 τὸ
2980 501 3133 568 αὐτὸ,
3158 503 3418 575 καθαρῶς
3439 506 3495 560 δὲ
3522 505 3621 578 τὴν
3637 511 3821 579 ὁμοιό-

518 619 586 657 ex
635 599 875 656 dictione
918 596 1371 652 absimilitudinis
1416 591 1864 663 repugnantiam.
1899 590 2102 645 Deinde

2217 607 2357 659 τητα
2382 591 2623 646 δείκνυσι
2645 610 2657 621 ·
2692 595 2789 646 καὶ
2820 594 3004 648 οὐκέτι
3052 593 3271 649 πλέκων
3313 596 3438 650 ὅσον
3467 599 3576 651 ἀπὸ
3603 600 3703 669 τῆς
3728 602 3820 655 λέ-

517 701 705 764 aperte
734 698 789 746 et
828 689 972 745 nude
995 689 1381 744 demonstrans
1409 726 1422 749 ,
1465 686 1593 755 quia
1631 684 1772 739 sicut
1813 698 1908 752 per
1938 696 2102 735 unum

2218 681 2354 747 ξεώς
2373 701 2498 737 τινα
2526 686 2916 757 ἀνομοιότητος
2946 688 3150 758 μάχην’
3179 682 3300 741 εἶτα
3322 690 3512 757 σαφῶς
3538 690 3701 744 τοῦτο
3724 696 3821 746 καὶ

517 797 672 837 mors
718 779 1011 851 regnavit,
1071 777 1245 831 multo
1285 777 1460 845 magis
1498 776 1553 829 in
1586 774 1693 828 vita
1742 771 1989 843 regnabit
2020 786 2102 841 pel

2217 775 2476 846 καθαρῶς
2519 776 2912 849 ἐνδειξάμενος,
2946 780 3028 833 ὅτι
3061 780 3250 853 ὥσπερ
3285 782 3354 836 δι’
3385 782 3506 845 ἐνὸς
3531 783 3820 837 ἐΰασίλευ-

517 885 688 925 unum
737 840 1061 932 (Ibi-istum,
1124 866 1316 936 adjicit
1373 875 1632 933 tanquam
1694 862 2102 917 conclusionem

2220 884 2314 921 σεν
2342 840 2379 921 δ’
2400 868 2649 933 θάνατος,
2670 840 2885 942 ’τέθλλῷ
2899 840 3117 943 ’μᾶλλον
3155 840 3232 928 ἐν.
3263 875 3375 947 ζωῇ
3405 840 3721 946 βασιλεύσει
3747 877 3817 930 δι’

518 964 748 1025 ducens,
778 972 832 1017 et
862 961 913 1014 in
946 961 1275 1030 apertiorem
1318 958 1497 1012 adhuc
1526 966 1579 1012 et
1615 956 1942 1026 prcssiorem
1979 968 2102 1023 pro-

2225 958 2347 1022 ἐνὸς
2406 961 2670 1031 Χριστοῦ,
2704 964 2899 1033 ἐπάγει
2921 964 3111 1038 ὥσπερ
3151 969 3683 1039 συμπεραινόμενος,
3724 971 3819 1023 καὶ

520 1057 727 1109 ducens
755 1068 1097 1118 sermonem,
1131 1064 1186 1106 et
1216 1050 1349 1105 dicit
1384 1068 1397 1104 :
1432 1049 1608 1120 Igitur
1633 1048 1769 1101 sicut
1815 1062 1906 1116 per
1949 1060 2102 1099 unum

2220 1050 2302 1114 εἰς
2348 1050 2409 1105 τὸ
2450 1052 2532 1106 ἔτι
2583 1057 2921 1126 σαφέστερον
2970 1058 3067 1111 καὶ
3109 1059 3543 1131 συνεσταλμένον
3589 1061 3817 1130 ἀνάγων

514 1147 772 1202 delictum
830 1148 886 1201 in
933 1161 1111 1200 omnes
1167 1144 1403 1198 homines
1450 1141 1860 1205 condemnatio,
1899 1148 1952 1194 et
1991 1154 2115 1208 quae

517 1248 844 1309 sequuntur.
882 1238 1085 1293 Deinde
1130 1252 1253 1292 cum
1298 1235 1352 1289 in
1389 1235 1567 1305 primo
1599 1233 1907 1303 composita
1941 1246 2114 1301 expo-

517 1332 718 1386 sitione
751 1332 958 1398 utitur,
983 1332 1038 1385 in
1072 1330 1315 1385 secundo
1346 1328 1615 1399 explicata
1652 1337 1707 1382 et
1748 1326 1977 1397 repetita
1998 1366 2012 1390 ,
2058 1332 2115 1379 et

514 1426 570 1480 in
602 1440 736 1479 voce
766 1428 942 1489 sicut,
1000 1424 1345 1479 conclusioni
1395 1423 1629 1493 abjecta.
1677 1421 1943 1476 Delictum
1988 1419 2104 1490 qui-

514 1517 637 1571 dem
672 1525 727 1570 et
753 1517 957 1571 donum
999 1526 1053 1569 et
1097 1516 1610 1570 condemnationem
1638 1555 1652 1579 ,
1680 1520 1733 1566 et
1754 1510 2111 1566 donationem

511 1618 569 1663 et
605 1609 1058 1679 justilicationem
1107 1617 1375 1663 memorat
1414 1625 1429 1662 :
1480 1606 1626 1662 unde
1671 1605 1836 1659 etiam
1894 1604 2112 1657 initium

511 1703 771 1772 sumpsit.
806 1701 966 1756 Nullo
1009 1705 1171 1756 modo
1209 1701 1615 1756 contrariorum
1648 1698 1936 1765 utriusque
1965 1709 2115 1749 con-

512 1794 679 1847 nexio
728 1794 965 1848 indicata
1010 1803 1116 1848 est.
1164 1790 1321 1847 Nunc
1370 1792 1501 1845 illud
1556 1789 1782 1859 exponit
1828 1795 1885 1843 et
1936 1785 2113 1856 aperit

512 1884 723 1950 dicens,
766 1885 913 1954 quod
944 1900 1115 1938 unum
1149 1899 1214 1937 ex
1251 1882 1621 1938 inobedientia
1657 1878 1942 1942 manavit,
1970 1880 2111 1931 alte-

512 1987 635 2026 rum
685 1982 867 2026 autem
916 1988 983 2027 ex
1031 1972 1342 2027 obedientia
1395 1970 1611 2034 ﬂoruit;
1662 1967 1736 2021 ita
1781 1976 1840 2020 ut
1883 1965 2112 2019 demon-

510 2063 707 2117 stratio
734 2064 868 2118 illud
912 2064 983 2119 sit
1009 2062 1375 2133 expositionis
1406 2062 1460 2115 in
1498 2076 1607 2130 qua
1635 2057 1889 2113 exhibuit
1925 2067 2111 2128 typum

510 2158 567 2204 et
615 2151 1069 2214 similitudinem,
1102 2152 1267 2221 quale
1306 2159 1390 2205 est
1430 2147 1597 2213 illud,
1643 2145 1705 2201 Si
1755 2147 1896 2200 enim
1952 2146 2110 2198 unius

508 2239 703 2293 delicto
736 2257 877 2294 mors
896 2280 911 2306 ,
941 2250 1045 2297 etc.

2221 1142 2314 1196 τὸν
2346 1143 2529 1209 λόγον,
2570 1147 2664 1199 καί
2696 1164 2883 1218 φησιν·
2930 1167 2951 1200 ι
2990 1150 3134 1222 Ἀρα
3159 1147 3275 1206 οὖν
3302 1152 3382 1218 ὡς
3421 1152 3498 1207 δι’
3527 1153 3666 1221 ἐνὸς
3700 1171 3818 1208 πα-

2216 1235 2610 1307 ραπτώματος
2660 1241 2747 1305 εὶς
2802 1240 3036 1307 πάντας
3092 1242 3447 1312 ἀνθρώπους
3502 1246 3570 1300 τὸ
3621 1248 3819 1302 κατά-

2216 1342 2420 1395 κριμα,
2467 1346 2486 1379 ι
2522 1328 2618 1381 καὶ
2664 1329 2731 1383 τὰ
2771 1330 2921 1402 ἑξῆς.
2963 1328 3097 1387 Εἶτα
3136 1334 3232 1388 καὶ
3279 1336 3473 1409 ἐπειδὴ
3518 1340 3614 1393 καὶ
3649 1342 3710 1394 ἐν
3738 1341 3818 1413 τῷ

2218 1418 2423 1490 πρώτῳ
2461 1420 2556 1473 καὶ⁵
2594 1422 2834 1494 συνθέτῳ
2882 1426 3299 1498 ἐπιχειρήματι,
3334 1429 3432 1483 καὶ
3476 1433 3538 1484 ἐν
3574 1431 3655 1503 τῷ
3695 1432 3820 1487 δευ-

2213 1509 2362 1582 τέρῳ
2392 1510 2489 1564 καὶ
2512 1511 3005 1587 διακεκαθαρμένῳ
3035 1519 3126 1571 καὶ
3155 1520 3610 1594 ἐπαναληπτικῷο
3637 1526 3734 1579 καὶ
3760 1528 3824 1579 ἐν

2214 1601 2294 1673 τῷ
2339 1600 2543 1675 ὥσπερ
2608 1607 3039 1679 συμπεράσματι
3090 1613 3461 1685 ἐπενεχθέντι.
3499 1616 3822 1689 Παραπτώ-

2219 1709 2388 1763 ματος
2438 1694 2538 1765 μὲν
2590 1697 2685 1750 καὶ
2733 1699 3075 1770 χαρίσματος
3130 1702 3226 1756 καὶ
3268 1706 3685 1778 κατακρίματος
3722 1713 3823 1763 καὶ

2222 1784 2552 1856 δωρήματος
2602 1789 2700 1843 καὶ
2744 1790 3118 1863 δικαιώματος
3159 1798 3255 1849 καὶ
3298 1798 3557 1853 τοιούτων
3605 1818 3825 1872 μνημο-

2221 1874 2390 1929 νεύει·
2443 1878 2568 1932 ὅθεν
2624 1881 2719 1934 καὶ
2763 1882 2864 1953 τὴν
2908 1884 3084 1956 ἀρχὴν
3127 1885 3371 1957 εἴληφεν·
3423 1891 3663 1964 ἑκάτερα
3708 1895 3825 1948 τῶν

2222 1966 2484 2023 ἐναντίων
2524 1972 2558 2042 ή
2614 1975 2898 2045 συστοιχία
2946 1977 3086 2048 αὕτη
3144 1979 3358 2035 οὐδέπω
3403 1983 3821 2057 ἐπεσημήνατο.

2224 2060 2341 2114 Νῦν
2390 2064 2525 2118 αὐτὸ
2576 2065 2738 2121 τοῦτο
2793 2069 3052 2140 διασαφεῖ
3098 2072 3194 2125 καὶ
3250 2072 3669 2143 ἀποκαλύπτει,
3723 2076 3820 2132 καὶ

2224 2170 2415 2225 φησιν,
2433 2157 2516 2212 ὅτι
2541 2158 2611 2212 τὰ
2643 2161 2743 2231 μὲν
2772 2163 2837 2217 ἐκ
2864 2164 3153 2234 παρακοῆς
3179 2164 3376 2238 ἐρρύη,
3395 2168 3465 2221 τὰ
3493 2168 3550 2223 δὲ
3602 2171 3665 2238 ἐξ
3711 2171 3824 2224 ὐπ-

2216 2248 2392 2319 ακοῆς
2430 2251 2665 2323 ἤνθησεν
2694 2269 2708 2282 ·
2735 2253 2879 2309 ὥστε
2918 2261 3425 2316 κατασκευαστικὸν
3451 2263 3518 2317 ἂν
3546 2265 3631 2335 εἴη
3656 2264 3823 2320 τοῦτο

508 2328 604 2383 τοῦ
652 2332 1085 2403 ἐπιχειρήματος
1113 2332 1211 2387 τοῦ
1256 2330 1767 2395 κατασκευάζοντος
1801 2327 1894 2381 τὸν
1921 2325 2099 2379 τύπον
2138 2336 2231 2389 καὶ
2295 2340 2396 2412 τὴν
2445 2344 2767 2418 ὁμοιότητα,
2799 2341 2913 2401 οἷον
2955 2348 3069 2416 τοῦ,
3115 2352 3187 2405 El
3226 2351 3337 2422 γὰρ
3405 2351 3489 2419 τῷ
3526 2325 3637 2409 toi.)
3676 2354 3819 2422 ἐνὸς

506 2423 937 2492 παραπτώματι
963 2429 997 2479 ό
1028 2425 1309 2492 θάνατος.
1351 2444 1369 2477 ι
1406 2425 1504 2480 καὶ
1530 2424 1678 2495 ἑξῆς.

582 2539 699 2595 Non
735 2542 987 2598 eumdem
1018 2559 1327 2599 sermonem
1354 2544 1572 2614 repetit,
1603 2552 1665 2599 ut
1692 2545 1875 2614 putari
1902 2556 2109 2616 posset,

506 2630 729 2688 divinus
782 2634 1081 2705 Apostolus
1125 2637 1176 2690 in
1233 2637 1393 2701 istis,
1442 2636 1538 2691 sed
1602 2636 1749 2692 clare
1785 2638 2018 2692 multum
2057 2648 2113 2695 et

508 2734 659 2779 recte
687 2728 964 2782 connectit
991 2739 1044 2782 et
1072 2729 1317 2799 disponit
1347 2729 1455 2783 vim
1490 2730 1690 2785 horum
1723 2731 1987 2801 capitum.
2013 2732 2111 2789 Est

509 2818 677 2888 igitur
712 2819 891 2873 illud:
942 2818 1047 2874 Sed
1091 2838 1195 2876 non
1235 2823 1373 2875 sicut
1402 2822 1695 2888 delictum,
1744 2833 1800 2878 et
1849 2841 1970 2893 qua:
2018 2840 2106 2880 se-

508 2922 779 2982 quuntur,
822 2930 997 2985 usque
1022 2916 1090 2970 ad
1124 2933 1138 2970 :
1178 2916 1263 2969 Ea:
1296 2917 1481 2972 multis
1508 2918 1719 2973 delictis
1753 2919 1808 2972 in
1832 2918 2109 2990 justiﬁca-

2282 2546 2357 2601 Ού
2396 2548 2719 2618 ταυτολογεῖ
2738 2550 2942 2616 τοίνυν,
2974 2552 3050 2616 ὡς
3082 2551 3149 2613 ἄν
3183 2570 3273 2619 τις
3315 2554 3553 2628 οἰηθείη,
3593 2559 3622 2612 ὁ
3668 2557 3817 2624 θεῖος

2222 2639 2549 2705 Ἀπόστολος
2579 2641 2639 2694 ἐν
2667 2641 2902 2707 τούτοις,
2930 2644 3067 2699 ἀλλὰ
3100 2647 3288 2716 σαφῶς
3312 2647 3434 2703 λίαν
3468 2651 3565 2704 καὶ
3590 2650 3813 2723 διηκριο

2216 2727 2482 2799 ϐωμένως
2531 2732 2854 2805 ἁλληλουχεϊ
2892 2737 2988 2790 καὶ¹
3035 2737 3280 2792 ἐντάττει
3327 2740 3440 2795 τῶν
3490 2743 3811 2811 κεφαλαίων

2205 2820 2305 2893 τὴν
2338 2821 2571 2894 δύναμιν
2593 2838 2607 2853 °
2643 2824 2760 2878 ἐστι
2798 2826 2895 2897 μὲν
2920 2821 3015 2881 οὖν
3043 2828 3105 2881 τὸ
3134 2829 3254 2899 μὲν,
3286 2830 3455 2887 Ἀλλ’
3492 2836 3605 2904 οὐχ
3626 2836 3711 2903 ὠς
3743 2836 3813 2891 τὸ

2206 2913 2597 2986 παράπτωμα,
2665 2919 2759 2972 καὶ
2795 2920 2943 2992 ἑξῆς,
3000 2921 3104 2987 ἕως
3157 2924 3275 2991 τοῦ,
3300 2926 3369 2979 ἐκ
3412 2927 3665 2981 πολλῶν
3690 2946 3813 2983 πα-

509 3007 749 3071 tionem,
795 3006 1070 3076 expositio
1114 3006 1357 3076 quidem,
1410 3018 1470 3062 ut
1516 3009 1781 3075 diximus,
1820 3020 2002 3081 typum
2053 3020 2102 3066 et

2206 3005 2611 3075 ραπτωμάτων
2662 3011 2750 3077 είς
2811 3010 3122 3084 δικαίωμα,
3179 3016 3514 3090 ἐπιχείρημα
3554 3022 3677 3090 μὲν,
3732 3022 3813 3088 ὡς

508 3098 925 3153 similitudinem
971 3099 1301 3167 ostendens;
1350 3102 1535 3155 deerat
1577 3116 1709 3170 ergo
1747 3103 1998 3159 claritate
2054 3114 2109 3159 et

507 3189 890 3259 explicatione.
919 3188 1056 3246 Illud
1103 3201 1328 3261 praestat
1365 3208 1486 3263 qua:
1513 3195 1767 3264 sequitur
1793 3195 2061 3265 expositio
2089 3233 2106 3260 ,

509 3286 761 3348 repetens
790 3280 903 3349 jam
932 3281 1077 3336 dicta
1100 3323 1115 3349 ,
1148 3291 1204 3338 et
1234 3284 1516 3355 explicans
1544 3295 1599 3341 et
1628 3286 1681 3340 in
1712 3299 1900 3358 aperto
1937 3304 2107 3359 expo-

506 3386 668 3428 nens.
717 3369 821 3427 Sed
854 3375 1142 3444 oportebat
1178 3386 1232 3431 ct
1264 3378 1392 3433 huic
1437 3396 1658 3451 quoque
1686 3382 2101 3439 conclusionem

504 3462 647 3529 dari,
675 3474 736 3518 ut
758 3480 867 3520 non
892 3481 958 3520 ex
989 3466 1273 3538 bypothesi
1305 3478 1516 3526 tantum
1544 3474 1796 3529 videatur
1824 3484 2103 3532 constare.

507 3548 623 3605 Iloc
648 3567 757 3607 non
780 3554 1009 3620 omittit,
1028 3558 1123 3611 sed
1146 3566 1407 3628 tanquam
1433 3564 1846 3619 conclusionem
1870 3565 2103 3634 ducens,

500 3653 560 3696 et
589 3644 863 3700 sermonis
892 3646 1122 3703 veritate
1156 3648 1331 3705 fidens
1358 3691 1375 3717 ,
1408 3668 1534 3709 cum
1583 3653 1945 3711 adirmatione
1975 3671 2106 3727 pro-

506 3732 613 3788 fcrt
656 3749 672 3788 :
714 3733 894 3805 Igitur
939 3738 1077 3793 sicut
1119 3754 1211 3808 per
1242 3743 1398 3796 unius
1443 3744 1720 3812 delictum,
1773 3757 1881 3802 etc.
1935 3747 2103 3803 Dein-

507 3826 576 3878 de
604 3864 619 3889 ,
677 3840 802 3881 cum
845 3827 1012 3897 igitur
1053 3830 1280 3886 minime
1310 3834 1367 3888 in
1418 3836 1619 3893 talibus
1660 3839 2102 3908 expositionibus

503 3917 648 3973 dixit
677 3920 821 3976 unde
856 3922 1110 3979 habuerit
1138 3926 1473 3998 principium
1502 3930 1829 4001 justiﬁeatio
1868 3941 1923 3987 et
1965 3947 2102 3988 con-

503 4010 825 4076 demnatio,
871 4028 1050 4085 neque
1104 4016 1237 4072 illud
1285 4022 1698 4089 praetermittit,
1745 4024 1841 4080 sed
1874 4022 2103 4095 exponit

504 4102 733 4161 dicens:
771 4104 923 4163 Sicut
960 4110 1100 4163 enim
1132 4126 1224 4178 per
1253 4111 1668 4169 inobedientiam
1689 4157 1704 4181 ,
1746 4125 1853 4173 etc.

501 4307 658 4366 CAP.
686 4310 798 4367 VII.
835 4312 1003 4372 Vens.
1046 4316 1121 4396 8.”
1140 4316 1270 4375 Sine
1306 4323 1446 4376 enim
1479 4323 1588 4396 lege
1622 4336 1899 4396 peccatum
1945 4344 2093 4383 mor-

1108 4394 1289 4459 [tuum
1318 4403 1455 4447 erat.

571 4471 866 4531 Peccatum
907 4479 1129 4548 quidem
1172 4494 1452 4540 mortuum
1486 4495 1635 4555 erat;
1689 4505 1790 4560 ego
1822 4499 2006 4546 autem
2038 4491 2095 4547 in

504 4564 611 4618 vita
639 4580 788 4622 eram
817 4608 833 4635 ,
876 4580 1065 4642 utpote
1097 4589 1207 4629 non
1240 4577 1492 4634 turbatus
1515 4620 1531 4645 ,
1580 4594 1689 4635 non
1724 4592 2048 4638 vulneratus
2076 4622 2092 4646 .

2207 3095 2441 3167 ἔφημεν,
2484 3098 2759 3154 δεικτικὸν
2800 3103 2895 3156 τοῦ
2947 3105 3119 3160 τύπου
3171 3109 3267 3162 καὶ
3311 3112 3411 3181 τῆς
3459 3111 3807 3185 ὁμοιότητος.

2221 3188 2422 3242 Ἔδεῖτο
2477 3190 2572 3245 οὖν
2630 3195 2933 3266 σαφηνείας
2991 3199 3085 3251 καὶ
3140 3198 3576 3273 διακαθάρσεως.
3632 3205 3813 3261 Τοῦτο

2210 3283 2357 3334 ποιεί
2380 3282 2441 3335 τὸ
2461 3283 2660 3355 ἐφεξῆς
2682 3287 3039 3360 ἐπιχείρημα,
3073 3291 3532 3364 ἐπαναλαμϐάνον
3569 3296 3631 3349 τὸ
3667 3315 3810 3369 προ-

2130 3347 2175 3409 C
2208 3347 2514 3444 ειρημεένον⁷
2532 3347 2628 3429 καί
2650 3347 3005 3451 διακᾶθσὶῖρὸν
3021 3347 3115 3436 καὶ
3142 3384 3224 3447 εἰς
3244 3383 3305 3438 τὺ
3326 3347 3499 3456 σαφὲς

2208 3465 2320 3519 λον·
2356 3467 2473 3521 ἀλλ’
2511 3468 2621 3524 ἔδει
2671 3471 2767 3525 καὶ
2796 3472 2956 3527 τοῦτο
2986 3475 3173 3531 λαϐεῖν
3216 3478 3462 3551 ἀξίωμα,
3506 3482 3601 3538 καὶ
3636 3485 3715 3556 μὴ
3746 3484 3811 3551 ἐξ

2211 3556 2526 3626 ὑποθέσεως
2557 3564 2940 3634 προτείνεσθαι
2982 3568 3166 3639 μόνον.
3201 3570 3337 3625 Οὐδὲ
3365 3573 3528 3627 τοῦτο
3556 3579 3807 3649 παρορᾷ,

2207 3646 2325 3701 ἀλλ’
2354 3648 2544 3723 ῶσπερ
2570 3658 3105 3730 συμπεραινόμενος,
3130 3662 3225 3715 καὶ
3250 3667 3318 3735 τῇ
3346 3664 3443 3719 τοῦ
3477 3646 3651 3737 λόγου
3666 3646 3806 3740 θαρ-

2212 3739 2323 3827 ρῶν
2358 3740 2608 3815 ἀληθεία,
2651 3748 2791 3815 μετὰ
2830 3747 3176 3819 βεϐαιώσεως
3216 3754 3613 3824 ἀποφαίνεται’
3652 3739 3810 3827 Ἀρα

2207 3826 2323 3886 οὖν
2372 3834 2453 3900 ὡς
2494 3834 2569 3889 δι’
2611 3836 2750 3905 ἐνὸς
2799 3844 3294 3914 παραπτώματος,
3371 3848 3466 3902 καὶ
3510 3852 3578 3903 τὰ
3647 3826 3803 3920 ἑξῆς.

2206 3919 2361 3988 Εἶτα,
2387 3925 2511 3979 ἐπεὶ
2545 3924 2639 3981 οὖν
2669 3925 2737 3999 ἦν
2773 3930 2946 3986 είπὼν
2976 3936 3036 3987 ἐν
3069 3937 3346 4001 τοσούτοις
3369 3919 3808 4012 ἐπιχειρήμασιν

2204 4014 2446 4086 οὐδαμοῦ
2471 4019 2637 4071 πόθεν
2677 4021 2836 4092 ἔσχεν
2862 4026 3040 4097 ἀρχὴν
3086 4027 3147 4080 τὸ
3174 4028 3455 4100 δικαίωμα
3487 4034 3581 4085 καὶ
3611 4034 3675 4085 τὸ
3702 4051 3807 4088 κα-

2203 4107 2470 4178 τάκριμα,
2521 4112 2640 4165 οὐδὲ
2689 4113 2848 4169 τοῦτο
2905 4120 3142 4191 παρορᾷ,
3191 4119 3329 4175 ἀλλά
3369 4121 3555 4191 τίθησι
3596 4124 3805 4194 λέγων,

2205 4198 2434 4271 Ὥσπερ
2463 4201 2573 4272 γὰρ
2597 4202 2695 4260 διὰ
2729 4206 2842 4277 τῆς
2866 4211 3201 4281 παρακοῆς,
3269 4216 3365 4269 καλ⁵
3399 4214 3550 4287 ἐξῆς.

2448 4337 2637 4405 Χωρὶς
2670 4339 2783 4408 γὰρ
2817 4341 3008 4410 νόμου
3035 4342 3292 4411 ἁμαρτία
3324 4345 3534 4414 νεκρά.

2275 4503 2523 4559 Φωτίου.
2565 4506 2629 4559 Ἦ
2672 4507 2772 4576 μὲν
2814 4508 3058 4580 ἁμαρτία
3102 4511 3307 4581 νεκρὸν
3336 4512 3448 4581 ἐγὼ
3477 4513 3533 4566 δέ
3569 4516 3629 4569 ἐν
3656 4516 3799 4589 ζωῇ,

2201 4597 2297 4651 ἆτε
2330 4597 2405 4670 μή
2448 4599 2834 4671 ἐνοχλούμενος
2863 4604 3001 4674 μηδὲ
3023 4605 3379 4675 νυττόμενος,
3406 4609 3542 4679 μηδέ
3569 4611 3803 4681 νεκρού-

504 4674 613 4712 non
645 4661 864 4716 occisus
892 4663 963 4717 ab
988 4663 1102 4719 illo.
1131 4664 1421 4732 Quomodo
1452 4685 1582 4741 ergo
1612 4673 1808 4727 revixit
1834 4674 1967 4729 illud
2000 4690 2095 4744 per

2207 4661 2366 4761 {sevo};
2391 4661 2484 4745 i‘m’
2741 4661 2987 4759 Hdig'oiav
3032 4661 3299 4769 ἀνέζησεν
3336 4661 3526 4771 ἐῑκείῦη
3564 4661 3798 4757 διὰιτοῦ

504 4752 720 4820 legem?
767 4751 1096 4818 Quomodo?
1130 4757 1288 4823 Quod
1312 4799 1327 4824 ,
1355 4760 1481 4815 data
1513 4761 1665 4833 lege,
1702 4766 1872 4836 magis
1903 4767 1970 4820 ad
1995 4767 2097 4820 im-

503 4845 862 4914 pugnaudum
894 4846 1190 4903 incitatum
1221 4860 1306 4906 est
1329 4893 1345 4919 ,
1383 4862 1437 4907 et
1461 4855 1727 4925 quidquid
1763 4871 1961 4912 nocere
1999 4874 2099 4928 po-

502 4946 642 4990 terat
680 4952 878 4992 ausum
924 4951 1038 5007 est,
1070 4954 1331 5012 tanquam
1370 4950 1750 5002 coronamlum
1798 4947 1917 5005 fore
1951 4951 2099 5008 hunc

501 5030 598 5099 qui
648 5032 971 5087 mandatum
1023 5038 1327 5092 servaverit
1380 5040 1739 5097 considerans
1773 5082 1789 5108 ,
1848 5052 1904 5098 et
1972 5043 2097 5098 ideo

503 5122 681 5192 magis
704 5124 1036 5181 invidiosum
1058 5127 1285 5184 factum.
1308 5131 1375 5186 Et
1404 5146 1504 5203 ego
1536 5149 1733 5191 rursus
1757 5150 2097 5206 cognoscens

500 5229 598 5284 per
628 5215 801 5287 legem
827 5231 1133 5288 peccatum,
1159 5231 1214 5276 et
1240 5223 1367 5294 quia
1398 5224 1451 5278 in
1484 5225 1588 5280 hac
1621 5228 1934 5299 cognitione
1961 5243 2086 5299 age-

502 5304 627 5358 bam
660 5322 784 5377 quze
808 5309 982 5364 vitare
1010 5314 1319 5381 oportebat,
1356 5315 1532 5386 magis
1570 5328 1861 5388 propterea
1900 5335 2095 5389 pecca-

498 5399 670 5468 bam;
710 5413 765 5458 et
793 5405 970 5477 magis
1015 5406 1148 5463 illud
1181 5420 1374 5465 contra
1414 5429 1504 5468 me
1547 5416 1733 5473 valens
1768 5418 2091 5489 elﬁciebam,

500 5493 668 5547 robur
714 5494 792 5550 illi
840 5498 1049 5555 addens
1102 5516 1201 5570 per
1241 5506 1613 5574 cognitionem
1654 5520 1812 5567 actus
1863 5513 2091 5583 injusti,

498 5594 556 5642 et
589 5587 756 5645 debili
782 5599 838 5646 et
884 5602 1106 5649 mortuo
1138 5596 1284 5653 vires
1326 5607 1382 5653 et
1407 5601 1574 5656 vitam
1612 5604 1912 5660 suscitans.
1945 5606 2085 5662 Cum

500 5689 682 5735 autem
711 5681 890 5747 vixit,
936 5700 1022 5738 me
1053 5687 1273 5743 occidit.
1308 5690 1614 5762 Antequam
1652 5694 1786 5749 illud
1822 5695 1890 5751 ad
1921 5700 2086 5752 vitam

2197 4784 2403 4853 νόμους
2438 4783 2571 4837 Τίνα
2604 4788 2806 4856 τρόπον
2831 4805 2846 4854 ;
2874 4788 2957 4840 ὅτι
2978 4788 3072 4842 τοῦ
3108 4790 3271 4860 νόμου
3306 4792 3551 4856 δοθέντος
3588 4796 3799 4865 μᾶλλον

2196 4876 2379 4947 ἐκείνη
2428 4878 2569 4948 πρὸς
2596 4877 2843 4934 ἐπίθεσιν
2872 4880 3229 4954 παρωξύνθη,
3262 4883 3356 4937 καὶ
3395 4880 3509 4937 οἷον
3548 4886 3797 4958 ἐπηρεά-

2197 4984 2289 5021 σαι
2315 4966 2596 5040 ὥρμησεν·
2623 4970 2721 5025 ἆτε
2749 4971 2814 5042 δὴ
2849 4975 2946 5027 καὶ
2977 4975 3376 5042 στεφανοῦσθαι
3411 4976 3678 5047 μέλλοντα
3700 4979 3795 5033 τὸν

2196 5059 2508 5130 φυλάξαντα
2528 5061 2630 5134 τὴν
2659 5063 2879 5135 ἐντολὴν
2908 5066 3364 5139 ὁπολογιζομένη,
3397 5070 3490 5122 καὶ
3518 5069 3605 5124 διὰ
3630 5071 3795 5125 τοῦτο

2202 5153 2405 5223 μᾶλλον
2451 5155 2941 5213 διαϐασκαίνουσα.
2990 5159 3102 5214 Καὶ
3137 5160 3250 5229 ἐγὼ
3292 5162 3454 5216 πάλιν
3504 5164 3671 5233 γνοὺς
3703 5168 3795 5221 διὰ

2196 5246 2295 5317 τῆς
2328 5247 2549 5317 ἐντολῆς
2575 5249 2673 5321 τὴν
2694 5251 2996 5322 ἁμαρτίαν,
3021 5254 3098 5315 ὡς
3137 5253 3196 5306 ἐν
3238 5255 3437 5323 γνώσει
3469 5258 3731 5326 πράττων
3756 5258 3794 5314 ἃ.

2196 5331 2423 5402 φεύγειν
2468 5335 2598 5402 ἔδει,
2655 5338 2860 5408 μᾶλλον
2911 5340 3053 5396 κατὰ
3097 5342 3255 5397 τοῦτο
3298 5345 3636 5416 ἡμάρτανον·
3694 5350 3795 5401 καὶ

2198 5427 2402 5498 μᾶλλον
2430 5428 2602 5501 αὐτὴν
2628 5431 2749 5485 κατ’
2779 5432 3021 5503 ἐμαυτοῦ
3060 5434 3423 5507 ἐπερώννυον,
3460 5438 3616 5508 ἰσχὺν
3648 5441 3792 5510 αὐτῇ

2193 5518 2282 5573 διὰ
2304 5520 2407 5590 τῆς
2451 5522 2596 5576 κατὰ
2623 5523 2828 5593 γνῶσιν
2867 5526 3073 5581 ἀτόπου
3115 5528 3369 5599 πράξεως
3410 5531 3787 5603 ἐπιχορηγῶν,

2194 5610 2289 5662 καὶ
2329 5605 2441 5664 οἷον
2470 5610 2675 5685 ἀσθενῆ
2721 5615 2815 5668 καὶ
2843 5619 3260 5690 νενεκρωμένην
3302 5615 3469 5674 οὖσαν
3517 5622 3791 5691 ἐνισχύων

2191 5702 2288 5755 καὶ
2319 5702 2721 5776 ἀναζωπυρῶν.
2765 5706 2831 5759 Ἦ
2862 5707 2918 5760 δὲ
2946 5707 3163 5778 ζήσασα
3189 5711 3291 5781 ἐμὲ
3334 5711 3629 5782 ἐνέκρωσε.
3669 5714 3788 5784 Πρὸ

499 5783 853 5827 revocaretur
873 5815 888 5840 ,
917 5774 1167 5832 vivebam
1194 5794 1296 5849 ego
1332 5783 1532 5853 magis.
1582 5784 1718 5841 Illud
1747 5797 1929 5843 autem
1966 5799 2087 5844 erat

2206 5794 2245 5846 se
2267 5794 2362 5847 τοῦ
2411 5774 2682 5866 ἀναζῆσαι
2713 5798 2949 5870 ἐκείνην,
2986 5774 3098 5869 ἐγὼ
3144 5774 3282 5866 ἕξων
3335 5774 3558 5874 μᾶλλον.
3609 5774 3785 5860 Τοῦτο

496 5874 623 5919 ante
658 5864 832 5935 legem
864 5878 916 5924 ct
942 5868 1290 5939 mandatum;
1343 5874 1417 5930 ita
1457 5885 1535 5943 ut,
1570 5880 1821 5949 quamvis
1858 5880 1941 5936 lex
1976 5898 2082 5937 non

2191 5886 2248 5939 δέ
2278 5882 2346 5959 ἧν
2378 5888 2484 5959 πρὸ
2531 5890 2624 5943 τοῦ
2672 5891 2837 5961 νόμου
2880 5894 2974 5947 καὶ
3004 5894 3102 5964 τῆς
3134 5894 3355 5965 ἐντολῆς
3376 5912 3389 5926 ·
3432 5894 3574 5950 ὥστε
3607 5898 3653 5950 εἰ
3688 5900 3782 5951 καὶ
