4132 6440
327 424 459 490 1237

1114 434 1584 497 FRAGMENTA
1635 436 1720 497 IN
1774 436 2199 498 EPISTOLAM
2252 439 2354 497 AD
2420 437 2799 499 ROMANOS.

3463 432 3602 495 19.38

328 544 401 614 μὴ
431 545 459 596 δ
487 542 651 613 νόμος
679 542 946 615 ἁμαρτία,
975 543 1090 599 ἀλλ’
1118 540 1213 599 οὖν
1230 547 1440 601 ἐκείνου
1468 546 1735 611 δοθέντος,
1760 549 1904 601 κατά
1934 592 1941 610 .

2024 549 2080 603 sit
2110 558 2389 619 peccatum
2414 590 2428 614 ,
2478 552 2581 603 hac
2630 557 2809 602 tamen
2866 545 3018 610 data,
3063 542 3275 599 duobus
3308 543 3484 597 modis
3522 560 3601 597 re-

324 637 416 689 δύο
448 638 682 706 τρόπους
715 638 749 709 ἡ
782 636 1030 707 ἁμαρτία
1076 638 1361 708 ἀνέζησεν,
1404 640 1573 710 αὐτῆς
1604 657 1661 693 τε
1693 640 1910 711 ἐκείνης

330 728 532 798 μᾶλλον
559 727 697 799 πρὸς
727 730 974 783 ἐπίθεσιν
1013 730 1464 799 ἀνακινηθείσης⁹
1484 731 1578 783 καὶ
1615 731 1916 802 διεγερθεί-

327 835 446 887 σης,
496 819 591 871 καὶ
630 820 791 890 ἡμῶν
816 824 883 892 τῇ
907 822 1051 876 κατὰ
1082 824 1285 893 γνῶσιν
1330 825 1547 896 ἐκτόπῳ
1580 824 1777 896 πράξει
1827 826 1912 877 ἐν·

328 911 663 980 ισχυσάντων
694 913 886 984 αὐτήν·
912 914 1008 968 καὶ
1026 914 1124 985 τὴν
1149 916 1273 969 καθ’
1311 915 1471 987 ήμῶν
1496 915 1792 984 ἐπιϐουλὴν
1818 918 1917 969 σὺν

327 1004 615 1075 παρρησίᾳ
643 1005 1091 1075 παρασχομένην.
1134 1005 1297 1061 Ἀλλ’
1325 1005 1527 1073 ἐκείνη
1558 1004 1677 1075 μὲν
1704 1004 1914 1074 ἀνέζη-

327 1107 459 1156 σεν,
493 1094 608 1162 ἐγὼ
638 1093 707 1147 δὲ
734 1094 1062 1149 ἀπέθανον.

410 1185 479 1239 Ἠ
518 1186 632 1255 γὰρ
662 1187 918 1255 ἁμαρτία
968 1187 1251 1256 ἀφορμὴν
1294 1188 1591 1244 λαϐοῦσα.
1629 1187 1919 1260 Ἀνωτέρω

329 1275 495 1329 εἰπὼν
537 1277 642 1343 ὃτι,
687 1277 993 1347 Ἀφορμὴν
1022 1279 1300 1333 λαϐοῦσα
1326 1280 1365 1347 ἠ
1390 1281 1665 1351 ἁμαρτία,
1688 1296 1920 1347 κατειρ-

327 1367 555 1436 γάσατο
584 1367 656 1421 ἐν
691 1367 823 1437 ἐμοὶ
867 1366 1075 1424 πᾶσαν
1111 1367 1451 1438 ἐπιθυμίαν,
1478 1370 1674 1439 ἐπάγει
1709 1370 1811 1435 ὅτι,
1839 1368 1918 1423 Οὐ

331 1457 492 1528 μόνον
542 1459 841 1530 ἐπιθυμίαν
893 1462 1071 1514 πᾶσαν
1124 1461 1569 1531 κατειργάσατο,
1630 1461 1770 1515 ἀλλά
1824 1463 1917 1514 καὶ

329 1549 642 1604 ἐθανάτωσε
676 1568 767 1621 με.
800 1549 949 1621 Αὕτη
993 1552 1220 1621 γέγονεν
1257 1555 1337 1616 εἰς
1377 1553 1628 1608 θάνατον.
1660 1549 1793 1606 Εἶτα
1844 1552 1920 1615 ὡς

330 1638 449 1703 ἐθος
479 1640 628 1711 αὐτῷ
659 1642 841 1705 αἰτίας
867 1642 1068 1706 αἰτίαις
1095 1644 1402 1715 συνείρειν,
1437 1646 1535 1699 καὶ
1554 1644 1653 1716 τὴν
1686 1645 1919 1699 ἀκολου-

332 1732 453 1786 θίαν
485 1732 789 1789 ἐνδεικύναι
830 1734 925 1787 καὶ
955 1734 1065 1789 τῶν
1094 1736 1439 1807 πραγμάτων
1481 1739 1541 1791 ἐν
1575 1738 1690 1801 τοῖς
1714 1736 1917 1805 λόγοις,

331 1823 619 1894 ἀνατρέχει
652 1825 751 1879 καὶ
800 1823 983 1895 τίθησί
1030 1842 1171 1889 πωςσ
1226 1826 1669 1897 Κατειρτάσατο
1711 1825 1921 1884 πᾶσαν

329 1912 672 2023 ἐπιθυμίαν·
706 1913 807 2023 καί
834 1930 968 1985 φησι
981 1931 1020 1982 ι,
1062 1917 1196 1969 Ὀτι
1215 1916 1495 1985 ἀφορμὴν
1525 1916 1802 1971 λαϐοῦσα
1823 1916 1922 1981 ἓξ-
1954 1969 1995 2023 Β

328 2003 605 2073 ηπάτησέ
619 2022 715 2074 με.
740 2003 873 2060 Εῐτα
890 2006 1072 2077 ἀφῆκε
1093 2011 1151 2061 τὸ
1168 2008 1481 2079 προρρηθὲν
1504 2011 1645 2062 νοεῖν
1664 2007 1921 2074 ἐνταῦθα,

330 2096 412 2150 ὅτι
450 2097 547 2151 Ἐκ
579 2096 769 2150 τούτου
790 2096 849 2152 δέ
865 2098 1162 2169 εἰργάσατο
1182 2097 1280 2170 τὴν
1309 2097 1624 2169 ἐπιθυμίαν,
1649 2098 1745 2153 καὶ
1770 2096 1928 2151 τοῦτο

331 2190 529 2257 ἀφεὶς
578 2189 938 2243 ἐπισυνάπτει
984 2189 1046 2243 τὺ
1118 2189 1305 2257 τέλος,
1368 2191 1467 2244 καὶ
1529 2189 1927 2244 ἀπέκτεινεν·

331 2276 479 2352 ἶν’·ιῇ
516 2280 664 2335 κατὰ
717 2280 1023 2351 συνέχειαν,
1045 2282 1099 2335 et
1140 2299 1225 2345 τις
1266 2280 1548 2346 ἀναλάϐοι,
1571 2279 1745 2345 οὕτως
1774 2281 1926 2353 αὐτῷ

330 2371 645 2443 εἰρημένον·
691 2371 1000 2442 Ἀφορμὴν
1024 2373 1304 2428 λαϐοῦσα
1327 2374 1366 2441 ἠ
1401 2373 1658 2442 ἁμαρτία
1688 2389 1923 2441 κατειρ-

330 2461 564 2531 γάσατο
595 2461 667 2515 ἐν
695 2461 826 2531 ἐμοὶ
868 2461 1079 2519 πᾶσαν
1120 2462 1470 2532 ἐπιθυμίαν·
1500 2461 1598 2532 τὴν
1627 2461 1685 2515 δὲ
1731 2463 1924 2517 ἐπιθυ-

334 2553 470 2624 μίαν
500 2554 901 2625 κατειργάσατο
937 2555 1300 2627 ἀπατήσασαο
1333 2554 1691 2625 ἐργασαμένη
1735 2555 1792 2608 δέ
1822 2555 1921 2627 τὴν

330 2645 658 2716 ἐπιθυμίαν,
711 2646 1001 2700 ἀπέκτεινέ
1036 2664 1127 2717 με.
1162 2648 1350 2701 Ἔστιν
1390 2646 1484 2701 οὖν
1534 2646 1719 2718 ἀπάτη
1772 2649 1925 2702 αἰτία

328 2738 433 2809 τῆς
456 2737 773 2809 ἐπιθυμίας.
816 2739 881 2793 Ἦ
920 2739 978 2792 δὲ
1010 2738 1275 2809 ἐπιθυμία
1314 2739 1408 2792 τοῦ
1436 2739 1667 2792 θανάτου
1692 2756 1707 2769 ο
1740 2739 1837 2811 τὴν
1865 2740 1923 2795 δὲ

330 2828 550 2898 ἀπάτην
594 2830 889 2900 εἰργάσατο
928 2832 1017 2885 διὰ
1048 2831 1150 2900 τῆς
1191 2830 1475 2901 ἐντολῆς-η
1519 2830 1800 2900 ἁμαρτία·
1835 2832 1923 2885 ἵνα

334 2923 477 2990 φανῇ
506 2918 567 2972 τὸ
600 2919 940 2991 ὑπερϐάλλον
964 2920 1063 2991 τῆς
1089 2921 1288 2986 κακίας
1319 2922 1511 2993 αὐτῆς,
1544 2921 1632 2975 διὰ
1656 2921 1749 2975 τοῦ
1780 2924 1920 2992 ἀγα-

333 3009 429 3062 θοῦ
458 3007 521 3060 τὸ
552 3008 813 3063 κάκιστον
838 3011 1236 3082 ἐργαζομένης.

405 3101 653 3155 Φωτίου.
705 3101 799 3155 Ἐκ
835 3101 1089 3174 δευτέρου
1135 3103 1191 3156 δέ
1226 3103 1329 3175 ἔφη
1377 3104 1459 3171 τὸ,
1522 3106 1809 3162 Λαϐοῦσα
1864 3108 1905 3175 ἡ

2025 643 2162 697 vixit
2193 651 2498 712 peccatum.
2529 640 2666 694 Illud
2692 640 2868 707 magis
2901 638 2967 692 ad
3002 632 3429 707 impugnandum
3466 636 3605 689 incl-

2018 739 2193 785 tatum
2232 741 2285 785 et
2317 733 2620 785 animatum
2671 729 2832 783 nobis
2864 728 3044 781 alieno
3084 727 3385 781 secundum
3419 725 3607 792 cogni-

2018 822 2220 877 tionem
2253 832 2375 876 actu
2404 821 2674 876 valentius
2698 820 2829 874 illud
2857 818 3240 883 eilicientibus,
3276 825 3469 871 contra
3501 829 3604 868 nos

2016 914 2071 969 in
2103 915 2362 983 impetum
2409 911 2795 973 audacissime,
2827 910 3007 963 irruit.
3040 908 3143 964 Sed
3190 917 3465 978 peccatum
3515 920 3602 959 re-

2015 1007 2145 1061 vixit
2172 1047 2188 1073 ,
2214 1021 2306 1075 ego
2329 1013 2510 1058 autent
2538 1010 2780 1057 mortuus
2813 1017 2951 1056 sum.

2093 1186 2235 1241 Nam
2280 1193 2555 1256 peccatum
2597 1183 2872 1238 occasione
2904 1190 3139 1248 accepta.
3183 1179 3363 1248 Supra
3412 1177 3550 1232 dixit
3584 1195 3598 1231 :

2014 1283 2301 1337 Occasione
2356 1288 2571 1348 accepta
2635 1286 2908 1347 peccatum
2963 1283 3237 1345 operatum
3283 1283 3361 1327 est
3416 1275 3472 1326 in
3522 1288 3603 1326 me

2021 1389 2223 1429 omnem
2254 1371 2753 1440 concupiscentiam.
2819 1367 3020 1430 Addit‘,
3074 1364 3222 1435 quod
3269 1379 3378 1417 non
3425 1362 3600 1416 solum

2020 1482 2239 1524 omnem
2274 1461 2781 1533 concupiscentiam
2818 1464 3105 1528 operatum
3138 1464 3261 1519 est,
3303 1454 3395 1509 sed
3422 1462 3476 1507 et
3503 1466 3603 1506 oc-

2020 1560 2153 1615 cidit
2180 1574 2286 1613 me.
2327 1556 2461 1610 Illud
2498 1554 2705 1608 factum
2735 1560 2821 1605 est
2854 1551 2905 1603 in
2938 1559 3196 1603 mortem.
3221 1545 3445 1609 Deinde,
3475 1558 3603 1597 cum

2022 1664 2143 1705 mos
2178 1655 2263 1703 est
2290 1645 2371 1700 illi
2401 1658 2598 1699 causas
2626 1640 2818 1697 causis
2848 1652 3161 1702 conserere,
3202 1647 3256 1691 et
3285 1636 3482 1689 seriem
3516 1648 3604 1687 re-

2022 1757 2144 1796 rum
2174 1738 2463 1795 ostendere
2491 1738 2542 1791 in
2569 1735 2772 1799 verbis,
2800 1733 2992 1801 relegit
3021 1738 3076 1783 et
3098 1730 3253 1799 ponit
3283 1726 3559 1797 quomodo
3586 1740 3604 1781 :

2025 1830 2317 1901 Operatum
2361 1837 2439 1881 est
2486 1841 2691 1879 onmem
2745 1821 3264 1891 concupiscentiam;
3321 1827 3376 1871 et
3422 1817 3553 1870 dicit
3591 1832 3606 1869 :

2026 1922 2167 1987 Quia
2223 1918 2499 1973 occasione
2551 1926 2766 1985 accepta
2818 1914 3028 1969 seduxit
3080 1928 3179 1965 me.
3229 1909 3399 1969 Dein.
3441 1908 3609 1961 mittit

2026 2012 2099 2069 ibi
2141 2009 2596 2082 signiﬁcationem
2619 2021 2809 2061 eorum
2843 2020 2968 2075 quae
2994 2013 3153 2057 antea
3185 2002 3434 2062 dixerat,
3457 1997 3607 2067 quod

2025 2122 2093 2161 ex
2133 2106 2239 2160 hoc
2279 2113 2567 2174 operatum
2606 2108 2692 2155 est
2717 2113 2936 2155 omnem
2973 2092 3475 2163 concupiscentiam
3502 2130 3517 2153 ,
3553 2096 3610 2141 et

2025 2199 2157 2254 illud
2188 2198 2414 2252 mittens
2439 2194 2602 2249 ﬁnem
2634 2192 2865 2257 intexit,
2909 2198 2958 2243 ει
2985 2187 3209 2253 occidit,
3261 2192 3319 2238 ut
3349 2190 3609 2253 appareat

2024 2291 2313 2355 connexio,
2343 2289 2388 2345 si
2418 2288 2543 2358 quis
2570 2287 2672 2341 hoc
2700 2285 2862 2338 modo
2890 2282 3033 2336 dicta
3065 2278 3185 2349 ejus
3210 2277 3470 2348 perlegat.
3500 2271 3608 2328 0c-

2025 2383 2489 2450 casionejaccepta,
2517 2385 2791 2448 peccatum
2815 2382 3087 2444 operatum
3105 2379 3181 2424 est
3209 2371 3266 2423 in
3298 2384 3380 2422 me
3403 2381 3611 2420 omnem

2023 2466 3044 2543 concupiscentiam.Concupiscentiam
3062 2478 3191 2518 vero
3220 2470 3503 2529 Operatum
3526 2465 3612 2511 est

2024 2563 2374 2626 seducendo,
2435 2571 2491 2615 et
2534 2557 2814 2629 Operando
2875 2552 3375 2625 concupiscentiam
3406 2547 3613 2603 occidit

2024 2671 2134 2710 me.
2204 2651 2464 2706 Seductio
2554 2648 2721 2718 igitur
2766 2660 2933 2708 causa
2983 2652 3069 2699 est
3119 2639 3610 2710 concupiscentiae;

2025 2743 2467 2815 concupiscentia
2508 2750 2691 2794 autem
2748 2737 2962 2793 mortis.
3014 2734 3402 2789 Seductionern
3478 2746 3611 2785 vero

2024 2846 2308 2910 operatum
2336 2846 2419 2889 est
2440 2848 2535 2903 per
2556 2831 2871 2886 mandatum
2909 2836 3193 2897 peccatum
3220 2842 3235 2891 ;
3277 2834 3337 2878 ut
3362 2824 3611 2877 ostende-

2024 2939 2175 2985 retur
2237 2928 2460 2982 malitiae
2497 2925 2617 2994 ejus
2666 2919 3048 2984 immensitas,
3084 2931 3209 2972 cum
3263 2930 3359 2985 per
3407 2914 3613 2969 bonum

2021 3021 2321 3092 pessimum
2354 3026 2632 3087 Operetur.

2095 3111 2294 3165 Photii.
2328 3107 2584 3163 Secundo
2610 3113 2792 3159 autem
2842 3100 2982 3156 dixit
3011 3118 3025 3155 :
3064 3096 3357 3151 Occasione
3395 3102 3615 3163 accepta

330 3194 588 3263 ἁμαρτία
628 3194 911 3264 ἀφορμὴν
965 3194 1063 3250 διὰ
1113 3195 1226 3263 τῆς
1282 3196 1562 3266 ἐντολῆςο
1630 3198 1701 3252 τά
1777 3198 1919 3252 αὐτά

2024 3220 2114 3274 per
2136 3202 2472 3263 mandatum,
2509 3203 2802 3265 peccatum.
2863 3191 3064 3246 Eadem
3109 3188 3260 3242 vario
3315 3186 3481 3242 modo
3517 3200 3612 3239 ex-

328 3283 596 3375 ποικίλως
623 3285 1051 3351 κατασκευάζων
1071 3303 1083 3316 ·
1107 3288 1202 3341 καὶ
1230 3289 1457 3354 εἰκότως
1476 3307 1491 3322 ο
1524 3289 1771 3361 μεγάλην
1801 3290 1911 3359 γὰρ
1938 3333 1941 3359 ,

2024 3312 2267 3375 ponens;
2317 3300 2372 3347 et
2398 3293 2635 3345 merito:
2678 3298 2930 3355 magnam
2987 3282 3133 3337 enim
3172 3277 3363 3333 habuit
3394 3276 3612 3331 laudem

328 3369 447 3445 εἶχε
505 3374 666 3442 δόξαν
716 3377 744 3430 ὁ
793 3376 980 3446 νόμος.
1043 3378 1326 3433 Δείκνυσιν
1373 3376 1466 3435 οὖν
1519 3381 1683 3436 αὐτὸν
1743 3381 1912 3452 μηδὲν

2024 3368 2136 3448 iex.
2181 3383 2436 3442 Ostendit
2478 3381 2648 3451 igitur
2693 3392 2814 3432 eam
2864 3375 2998 3429 nihil
3033 3371 3343 3444 profuisse,
3394 3368 3489 3425 sed
3545 3381 3615 3421 ex

329 3465 671 3535 ὠφελοῦντα,
699 3468 815 3522 ἀλλ’
846 3471 911 3523 ἐκ
934 3472 1312 3542 περιστάσεως
1348 3474 1445 3527 καὶ
1471 3474 1755 3545 βλάψαντα
1774 3491 1789 3505 ο
1822 3473 1912 3527 ἵνα

2024 3474 2435 3539 circumstantia
2480 3472 2645 3527 etiam
2677 3467 2963 3532 nocuisse;
3003 3473 3065 3518 ut
3107 3463 3292 3520 clarus
3324 3460 3613 3523 videatur,

329 3558 747 3628 εὐπαράδεκτος
797 3562 1047 3632 γένηται,
1098 3564 1393 3635 κηρύσσων
1439 3566 1501 3619 τὸ
1532 3567 1751 3635 ἀφεῖναι
1813 3564 1915 3636 μὲν

2024 3572 2244 3645 quando
2289 3564 2552 3638 praedicat
2582 3562 2732 3616 illam
2763 3558 2992 3615 desiisse
3017 3556 3144 3612 ﬁdei
3176 3554 3386 3611 Christi
3414 3566 3618 3623 praece-

328 3648 519 3717 αύτὺν,
545 3652 914 3725 προσδραμεῖν
942 3655 1001 3710 δὲ
1030 3659 1096 3728 τῇ
1130 3658 1311 3710 πίστει
1331 3658 1589 3728 Χριστοῦ.

589 3745 770 3799 Ὥστε
796 3748 830 3799 d
856 3745 976 3816 μὲν
1001 3748 1191 3816 νόμος
1222 3748 1415 3818 ἅγιος,
1448 3766 1502 3804 κ.
1528 3767 1581 3805 τ.
1610 3749 1664 3805 λ.

398 3839 648 3893 Φωτίου.
693 3836 766 3889 Σὺ
808 3837 865 3889 δέ
900 3837 1088 3901 άπλῶς
1131 3839 1358 3893 δύνασαι
1404 3839 1564 3907 ἅγιον
1611 3841 1705 3897 τὸν
1753 3842 1918 3913 νόμον

327 3931 509 3985 εἰπεῖν
531 3945 546 3961 ο
580 3931 663 3984 δτι
690 3928 985 3999 ἐφύλαττεν
1020 3930 1129 3983 ἀπὸ
1166 3930 1509 4003 ἀκαθαρσίας
1542 3933 1669 3996 τοὺς
1709 3934 1917 4003 φυλάτ-

327 4038 522 4084 τοντας
564 4021 729 4075 αὐτόν
748 4034 765 4051 ⁸
792 4019 1023 4088 δίκαιον,
1064 4021 1148 4074 ὅτι
1193 4021 1322 4084 τοὺς
1353 4021 1455 4091 μὲν
1484 4022 1913 4094 κατορθοῦντας,

328 4113 595 4185 ἠμείϐετο
632 4113 891 4185 δωρεαῖς·
927 4114 1041 4176 τοῖς
1083 4112 1141 4165 δὲ
1182 4114 1637 4184 παραϐαίνουσιν,
1672 4115 1915 4168 ἐπετίθει

327 4204 432 4267 τὰς
466 4203 759 4275 τιμωρίας.
802 4203 1051 4271 Ἀγαθὸν,
1083 4204 1163 4258 ὅτι
1189 4196 1288 4274 οὐχ
1311 4203 1574 4274 ἡδόμενος
1598 4208 1714 4269 ταῖς
1745 4223 1919 4276 τιμω-

333 4294 480 4364 ρίαις
515 4293 548 4357 ἢ
580 4294 720 4365 ὀργῇ
761 4293 1043 4365 χρώμενος
1088 4294 1381 4360 ἐκόλαζε-ι’
1414 4296 1553 4349 ἀλλά
1599 4299 1699 4366 τῆς
1732 4297 1917 4351 αὐτῶν

328 4383 522 4438 ἕνεκεν
552 4384 845 4455 σωτηρίας.
877 4385 987 4438 Καὶ
1025 4386 1106 4439 ἐτι
1134 4387 1217 4440 ὅτι
1251 4388 1425 4459 μικρά
1463 4387 1790 4459 κατορθοῦσι
1819 4406 1917 4460 με-

330 4475 479 4545 γάλα
524 4475 841 4546 ἐχαρίζετοο
889 4480 984 4530 καὶ
1016 4479 1433 4549 ἁμαρτάνοντας
1478 4482 1765 4550 περιεῖπε⁹
1818 4481 1915 4534 καὶ

331 4567 398 4621 οὐ
430 4568 562 4621 κατ’
592 4566 751 4634 ἀξίαν
778 4568 888 4622 τῶν
911 4568 1404 4640 πλημμελημάτων
1429 4571 1709 4635 ἐκόλαζεν.
1739 4570 1916 4634 Αὐτὸς

2025 3665 2339 3805 demeritas.
2371 3747 2461 3802 1‘2.
2494 3744 2685 3815 Itaque
2707 3742 2792 3796 lea:
2812 3740 3023 3811 quidem
3053 3738 3279 3802 sancta‘,
3310 3744 3418 3790 etc.

2095 3845 2300 3901 Photii.
2334 3840 2417 3895 Tu
2434 3839 2687 3894 absolute
2711 3835 2919 3907 poteris
2932 3842 3180 3890 sanctam
3209 3831 3383 3901 legem
3410 3827 3616 3888 dicere,

2025 3936 2175 4007 quod
2211 3934 2281 3988 ab
2313 3928 2664 3987 immunditia
2713 3924 3055 3981 custodiebat
3084 3930 3371 3978 servantes
3421 3918 3571 3973 illam
3598 3956 3616 3981 ,

2022 4030 2268 4100 justam,
2317 4024 2465 4093 quod
2510 4029 2655 4074 recte
2701 4026 2925 4087 agentes
2977 4014 3136 4069 donis
3181 4010 3619 4072 remunerabat,

2028 4128 2467 4187 transgressores
2531 4119 2715 4165 autem
2775 4107 2952 4177 poenis
3007 4104 3318 4169 multabat;
3382 4101 3616 4164 bonam,

2026 4210 2176 4282 quod
2216 4222 2325 4262 non
2355 4204 2537 4274 poenis
2571 4210 2627 4256 et
2660 4201 2740 4254 ira
2774 4196 3019 4269 gaudens
3060 4196 3264 4265 quibus
3312 4193 3573 4247 utebatur
3601 4230 3619 4256 ,

2026 4300 2328 4373 puniebat,
2376 4294 2472 4350 sed
2502 4293 2569 4347 ad
2596 4287 3000 4362 procurandam
3025 4300 3216 4340 eorum
3251 4284 3480 4340 salutem
3506 4319 3524 4345 ,
3564 4290 3621 4336 et

2027 4399 2264 4468 amplius
2286 4436 2301 4460 ,
2328 4393 2474 4464 quod
2508 4405 2675 4462 parva
2702 4390 2840 4444 bene
2866 4395 3086 4455 agentes
3116 4383 3330 4454 magnis
3357 4381 3623 4438 donabat;

2028 4499 2083 4547 et
2113 4496 2428 4561 peccatores
2448 4526 2463 4550 ,
2498 4499 2678 4553 neque
2711 4482 2903 4551 dignas
2935 4479 3156 4533 illorum
3187 4474 3401 4529 delictis
3430 4488 3618 4545 premas

2028 4584 2303 4639 sumebat.
2338 4577 2432 4633 Ille
2465 4585 2648 4630 autem
2680 4574 2785 4628 ista
2822 4583 3147 4641 percurrens
3176 4583 3243 4621 ex
3279 4566 3366 4620 his
3397 4565 3621 4620 conclu-

327 4663 389 4716 δὲ
418 4661 593 4715 ταῦτα
622 4661 1000 4733 παραδραμὼν
1024 4664 1089 4715 ἐκ
1116 4662 1323 4715 τούτων
1350 4663 1713 4733 συμπεραίνει
1759 4662 1915 4731 ἆγιον

2024 4675 2104 4730 dit
2130 4681 2398 4735 sanctam,
2419 4669 2628 4738 justam
2659 4675 2715 4721 et
2738 4666 2942 4720 bonam
2971 4675 3094 4717 esse
3128 4661 3301 4731 legem
3334 4668 3431 4712 aut
3459 4672 3615 4711 man-

330 4755 432 4807 καὶ
458 4753 667 4808 δίκαιον
691 4753 787 4806 καὶ
829 4753 1033 4821 ἀγαθὸν
1061 4750 1200 4806 εἶναι
1246 4753 1340 4809 τὸν
1372 4754 1535 4823 νόμον
1571 4752 1603 4825 ἢ
1630 4753 1730 4822 τὴν
1771 4756 1922 4805 ἐντο-

330 4845 458 4915 λήν.
516 4844 606 4911 Ἐξ
647 4845 767 4907 ἐνὸς
801 4845 918 4915 μὲν,
968 4846 1051 4898 ὅτι
1086 4842 1297 4909 ἐδίδαξὲ
1352 4862 1420 4914 με
1461 4845 1560 4915 τὴν
1608 4845 1918 4915 ἁμαρτίαν·

331 4939 432 4992 καὶ
464 4936 696 5002 ἐπέταξε
733 4940 925 5006 φυγεῖν
962 4940 1155 5010 αὑτήν.
1216 4939 1306 5005 Ἐξ
1338 4937 1530 5007 ἐτέρου
1568 4938 1648 5003 δὲ,
1698 4938 1782 4991 ὅτι
1814 4955 1920 5007 κη-

330 5032 557 5101 δύμενος
583 5030 679 5084 καὶ
720 5032 1022 5101 φροντίζων
1055 5032 1215 5085 τοῦτο
1244 5032 1524 5102 ἐποίησεν.
1577 5032 1769 5099 ’Ἄγιος
1801 5026 1917 5097 οῦν,

331 5125 419 5176 ὅτι
438 5122 666 5189 ἐδίδαξε,
688 5124 784 5176 καὶ
813 5124 1042 5186 ἐπέταξε
1070 5127 1263 5191 φυγεῖν
1282 5123 1391 5176 ἀπὸ
1421 5122 1523 5192 τῆς
1546 5121 1910 5187 ἀκαθαρσίας.

333 5212 580 5276 Δίκαιος,
614 5213 698 5266 ὅτι
726 5213 946 5278 διδάξας
977 5214 1139 5279 οὕτω,
1170 5213 1269 5283 τὴν
1298 5214 1569 5284 τιμωρίαν
1591 5212 1720 5274 τοὺς
1740 5213 1915 5281 ἁμαρ·

336 5301 601 5365 τάνοντας
621 5303 846 5356 ἀπαιτεῖ
865 5319 879 5333 ο
906 5303 1107 5371 ἀγαθὸς
1129 5303 1207 5367 δὲ,
1235 5304 1319 5356 ὅτι
1354 5303 1448 5357 καὶ⁵
1483 5302 1631 5373 ζωήν
1664 5319 1757 5371 μοι
1778 5318 1919 5371 προ-

338 5392 462 5446 νοού
472 5410 631 5463 μενος
657 5392 829 5446 ταῦτα
852 5395 1118 5449 ἐπετέλει.

523 5483 596 5536 Τὸ
626 5478 741 5537 οὖν
761 5483 988 5553 ἀγαθόν
1028 5484 1158 5554 ἐμοὶ
1194 5483 1402 5554 γέγονε
1451 5484 1729 5551 θάνατος.

414 5574 662 5630 Φωτίου.
698 5576 773 5629 Τὸ
809 5576 1037 5646 μέγεθος
1071 5577 1129 5630 δέ
1159 5576 1392 5650 ἠθέλησε
1415 5576 1587 5644 δεῖξαι
1616 5580 1713 5649 τῆς
1738 5578 1923 5648 ἁμαρ·-

338 5666 497 5730 τίας·
539 5667 635 5722 καὶ
663 5667 854 5740 ἐπειδὴ
902 5668 1106 5739 ταύτης
1152 5671 1232 5733 εἰς
1261 5669 1461 5723 κακίαν
1499 5669 1684 5738 μεῖζον
1718 5671 1820 5721 οὐκ
1855 5664 1924 5739 ἦν

342 5760 560 5833 εὐρείνο
595 5760 663 5815 δι’
695 5760 868 5832 αὐτῆς
913 5762 1120 5833 ταύτης
1152 5760 1559 5833 ἐνδεικνύμενος
1590 5759 1653 5813 τὸ
1686 5759 1921 5831 μέγεθος

345 5852 513 5920 φησίν
531 5851 692 5907 ’Ἵνα
713 5850 876 5921 φανῇ
905 5852 1179 5921 ἀμαρτίω
1199 5852 1476 5906 τουτέστιν
1499 5852 1589 5905 ἵνα
1610 5850 1927 5919 ἐκκαλυφθῇ

346 5944 519 6018 αὐτῆς
547 5948 575 6000 ὁ
606 5946 711 6011 πᾶς
741 5944 840 6017 τῆς
878 5945 1070 6008 κακίας
1116 5944 1364 6011 πλοῦτος,
1395 5944 1487 5999 καὶ
1517 5943 1551 6014 ἡ
1579 5941 1731 6013 ἰσχὺς
1758 5941 1929 6013 αὐτῆς

2031 4771 2218 4820 datum
2261 4780 2276 4816 :
2320 4777 2387 4816 ex
2429 4774 2540 4814 uno
2572 4757 2818 4829 quidem,
2855 4753 3003 4824 quod
3042 4751 3234 4808 didicit
3260 4749 3395 4805 mihi
3426 4762 3620 4819 pecca-

2030 4866 2170 4920 tum,
2200 4867 2253 4910 ct
2276 4851 2532 4923 prasrepit
2560 4859 2619 4905 ut
2648 4847 2779 4903 illud
2812 4846 3056 4918 fugerem
3081 4861 3097 4910 ;
3121 4858 3189 4898 ex
3215 4842 3386 4898 altero
3412 4850 3623 4903 autem,

2029 4948 2175 5018 quod
2199 4948 2374 5000 libens
2400 4951 2454 4997 et
2479 4942 2772 4996 consulens
2798 4938 2903 4992 hoc
2920 4936 3047 5006 egit.
3075 4933 3275 4989 Sancta
3299 4946 3449 5002 ergo,
3472 4932 3624 4999 quod

2018 5040 2251 5104 didicit,
2307 5046 2360 5091 et
2386 5033 2643 5106 pmcepit
2696 5040 2757 5087 ut
2810 5030 3057 5100 fugerem
3104 5027 3174 5081 ab
3227 5023 3619 5099 immunditia,

2016 5133 2198 5203 justa,
2222 5127 2388 5198 quod,
2421 5134 2712 5195 postquam
2748 5124 2830 5179 sic
2856 5120 3092 5187 didicit,
3139 5133 3329 5190 poenas
3373 5116 3441 5171 de
3486 5131 3622 5185 pec-

2022 5222 2277 5278 cantibus
2335 5217 2544 5283 sumit,
2604 5218 2747 5270 hona
2793 5224 3014 5278 autem,
3067 5209 3214 5281 quod
3271 5208 3439 5264 vitam
3482 5206 3623 5264 mihi

2031 5313 2325 5385 providens
2356 5310 2472 5364 haec
2497 5306 2751 5379 perfecit.

2142 5473 2295 5543 Quod
2328 5489 2452 5544 ergo
2486 5473 2678 5526 bonum
2701 5481 2811 5536 est,
2845 5469 2976 5522 mihi
3006 5468 3209 5537 factum
3238 5476 3311 5519 est
3348 5478 3512 5516 mors.

2104 5568 2308 5623 Photii.
2351 5563 2783 5634 Magnitudinem
2830 5561 3003 5616 voluit
3038 5558 3330 5614 ostendere
3370 5553 3623 5626 peccati;

2032 5668 2088 5714 et
2120 5660 2387 5730 quoniam
2419 5655 2559 5711 nihil
2586 5654 2819 5710 inveniri
2850 5661 3032 5723 posset
3062 5652 3157 5705 illo
3187 5650 3367 5719 majus
3396 5649 3464 5703 avl
3502 5664 3621 5701 ina-

2034 5751 2149 5808 lum
2181 5748 2586 5820 procurandum
2613 5788 2629 5814 ,
2656 5761 2754 5816 per
2777 5745 2909 5799 illud
2938 5746 3118 5815 ipsum
3154 5743 3329 5813 ipsius
3356 5740 3622 5797 exhibens

2040 5840 2474 5912 magnitudinem
2541 5838 2677 5895 dicit
2739 5853 2753 5889 :
2833 5835 2899 5890 Ut
2977 5844 3232 5906 appareat
3311 5839 3621 5903 peccatum,

2037 5937 2092 5993 id
2132 5944 2248 6005 est,
2291 5942 2348 5991 ut
2380 5933 2689 5994 revelentur
2723 5931 2873 5989 illius
2900 5929 3171 5987 malorum
3197 5927 3447 5983 omnium
3478 5923 3619 5980 divi-
