4132 6448
499 427 637 495 1239

1671 431 1932 492 PHOTII
1966 432 2471 494 PATRlARClLE
2510 435 2617 495 (ΣΡ.

3626 438 3765 505 1240

497 547 620 611 tiae,
653 552 709 598 et
738 540 886 596 illius
933 540 1102 595 robur
1128 539 1274 611 quod
1322 540 1377 594 in
1426 539 1547 610 ipso
1575 548 1700 607 est;
1732 549 1992 611 tanquam
2023 550 2082 595 ut

2200 545 2213 613 ᾗ
2254 543 2312 597 ἐν
2346 544 2509 614 αὐτῇ.
2543 538 2671 597 Οἷον
2702 543 2769 597 ἵν’
2800 545 2937 617 ὅπερ
2972 545 3122 599 ἐστὶν
3169 546 3265 619 ὅλη
3300 547 3377 613 ὡς
3416 549 3513 621 ὅλη
3545 552 3777 623 γένηται

495 637 645 710 quod
691 645 866 691 totum
905 644 1023 701 est,
1076 644 1251 689 totum
1295 634 1581 691 manifeste
1617 646 1898 707 appareat.
1948 638 2084 692 Cum

495 735 643 787 enim
696 730 968 785 malorum
1010 728 1242 783 aliorum
1289 729 1723 799 magnitudinem
1770 743 2090 798 comparare

496 821 789 886 volumus,
844 833 1142 889 possumus
1182 818 1332 871 aliud
1364 818 1494 886 quid
1531 817 1769 888 adjicere
1816 817 1893 872 illi
1941 817 2089 886 quod

501 910 837 981 aﬂligimur;
884 917 945 963 ut
993 909 1258 964 scelestus
1289 916 1408 961 erat
1432 908 1485 961 in
1522 916 1729 962 tantum
1762 908 1927 974 Cain,
1959 907 2091 977 quia

504 998 752 1052 latricida
788 997 966 1053 factus
992 1007 1076 1053 est
1117 1039 1132 1064 ,
1191 1006 1244 1052 et
1287 996 1398 1052 Deo
1434 999 1644 1067 primus
1677 998 1941 1053 mentitus
1984 1005 2088 1052 est.

505 1087 569 1141 Et
598 1103 807 1152 rursus,
834 1103 945 1143 non
980 1103 1075 1157 per
1106 1089 1481 1159 prodigiorum
1514 1088 1883 1144 ostensionem
1912 1089 2090 1144 addu-

505 1190 626 1233 ctus
666 1187 753 1234 cst
788 1179 1005 1234 Pharao
1036 1180 1104 1234 ad
1135 1179 1477 1235 liberandum
1515 1178 1811 1247 lsraelitas,
1847 1189 1906 1235 ut
1935 1180 2094 1235 exhi-

506 1275 698 1327 beatur
759 1272 906 1327 illius
971 1273 1255 1327 sententia:
1313 1271 1611 1326 crudelitas
1665 1280 1721 1325 et
1784 1272 1969 1326 odium
2026 1272 2080 1326 in

507 1369 714 1431 Deum;
763 1375 818 1419 et
874 1365 929 1418 in
975 1365 1187 1419 caeteris
1239 1365 1406 1419 idem.
1471 1362 1607 1419 Nam
1648 1363 1881 1419 inveniri
1921 1371 2095 1431 potest

507 1473 536 1511 ε
561 1457 715 1525 iquid
766 1456 1018 1526 praesenti
1070 1455 1217 1509 malo
1267 1456 1425 1525 pejus
1452 1495 1467 1521 ,
1500 1457 1663 1524 cujus
1693 1454 2098 1525 perpetratione

506 1544 601 1614 qui
643 1544 834 1614 inique
877 1552 1178 1613 operantur
1197 1543 1529 1599 conveniens
1551 1543 1874 1614 malignitati
1898 1559 2098 1600 nomen

507 1635 804 1705 accipiunt.
836 1635 1128 1690 Peccatum
1156 1645 1337 1689 autem
1368 1676 1384 1702 ,
1420 1650 1545 1689 cum
1572 1634 1668 1689 illo
1688 1675 1702 1699 ,
1741 1644 1799 1689 ut
1824 1635 2095 1705 diximus,

510 1727 647 1782 nihil
676 1728 834 1797 pejus
874 1727 1106 1781 inveniri
1150 1735 1368 1796 potest,
1403 1726 1583 1798 ipsum
1634 1742 1694 1783 se
1726 1743 1822 1798 per
1854 1744 1915 1784 se
1953 1731 2101 1788 desi-

508 1829 674 1891 gnat;
708 1834 945 1873 amaram
981 1828 1035 1872 et
1066 1820 1321 1874 acerbam
1355 1819 1518 1873 simul
1546 1819 1889 1887 gravitatem,
1918 1830 2102 1892 tyran-

2195 635 2459 705 ἐκφανής.
2517 634 2641 688 Ἐπὶ¹
2682 634 2782 705 μὲν
2818 637 2926 707 γὰρ
2962 636 3071 689 τῶν
3105 636 3279 691 ἄλλων
3318 638 3627 710 ὑπερϐολήν
3654 659 3778 695 τινα

2193 724 2441 787 θέλοντες
2487 727 2860 796 παραστῆσαι,
2904 725 3184 797 δυνάμεθα
3232 727 3362 781 ἄλλο
3399 746 3453 782 τι
3486 731 3777 801 ἐπιφέρειν

2189 816 2268 885 τῷ
2291 816 2670 888 διασυρομένῳ
2704 817 2795 888 ὑφ’
2825 818 3021 888 ἡμῶνθ
3047 814 3160 874 οἷον
3192 820 3391 891 μιαρὸς
3433 816 3503 892 ἦν
3535 822 3629 875 ἐπὶ
3651 840 3779 876 τεσ-

2190 906 2349 961 οὖτον
2415 909 2443 960 ὁ
2474 907 2644 961 Κάῖν·
2692 908 2776 961 ὅτι
2815 907 2911 963 zeal
2939 908 3328 977 ἀδελφοκτόνος
3377 910 3631 978 ἐγένετο·
3681 912 3780 966 zeal

2193 995 2328 1048 Θεὸν
2357 996 2577 1067 πρῶτος
2616 995 2905 1066 ἐψεύσατο.
2947 997 3061 1051 Kal
3089 999 3273 1063 πάλιν,
3319 999 3443 1052 οὑδὲ
3485 998 3630 1069 μετὰ
3677 1001 3781 1072 τὴν

2192 1086 2303 1141 τῶν
2332 1087 2631 1157 τεραστίων
2660 1088 2920 1156 ἐπίδειξιν
2943 1090 3264 1163 παρεκλήθη
3288 1092 3491 1165 Φαραὼ
3509 1092 3781 1148 ἀπολῦσαι

2195 1178 2326 1241 τοὺς
2387 1177 2765 1249 Ἰσραηλίταςο
2817 1180 2904 1235 ἵνα
2952 1184 3096 1253 φανῇ
3148 1180 3315 1237 αὑτοῦ
3382 1186 3444 1239 τὸ
3476 1185 3627 1257 ὠμὸν
3680 1186 3785 1257 τῆς

2194 1269 2422 1341 γνώμης
2457 1269 2554 1323 zeal
2601 1270 2856 1342 θεομισές
2877 1286 2892 1301 ⁶
2945 1274 3041 1326 zeal
3074 1274 3169 1327 ἐπὶ
3196 1273 3306 1327 τῶν
3332 1276 3511 1330 ἄλλων
3550 1278 3780 1347 ὁμοίως.

2200 1359 2357 1412 Ἐστι
2393 1359 2504 1431 γὰρ
2551 1359 2733 1430 εὑρεῖν
2778 1377 2831 1415 τι
2882 1364 3065 1432 χεῖρον
3111 1362 3220 1415 τῶν
3260 1364 3662 1435 ὑποκειμένων,
3718 1359 3783 1421 οὗ

2200 1451 2564 1521 μετασχόντες
2594 1453 2644 1505 oi
2675 1457 3104 1524 πονηρευόμενοι
3134 1455 3235 1520 τὰς
3258 1458 3378 1511 κατ’
3407 1459 3586 1513 ἐκεῖνο
3608 1476 3786 1530 προσ-

2198 1542 2427 1611 ηγορίας
2461 1541 2819 1612 ἐπιδέχονται.
2898 1543 3025 1596 Ἐπὶ
3065 1543 3121 1597 δέ
3162 1545 3262 1615 τῆς
3308 1545 3624 1616 ἁμαρτίας,
3660 1548 3789 1602 ἐπεὶ

2197 1633 2424 1706 ταύτης,
2444 1634 2521 1698 ὡς
2567 1635 2801 1707 ἔφημεν,
2833 1635 2934 1689 οὑκ
2971 1636 3089 1690 ἐστι
3140 1639 3324 1709 χεῖρον
3379 1639 3583 1707 εὑρεῖν·
3613 1638 3791 1709 αὑτῆς

2202 1724 2289 1793 ἐφ’
2324 1723 2522 1795 ἐαυτῆς
2556 1725 2924 1798 κατηγόρησε.
2964 1724 3187 1796 Πικρῶς
3243 1725 3358 1796 ἅμα
3403 1726 3788 1798 καὶδριμέως

2201 1814 2294 1868 τὸν
2340 1814 2506 1884 ὄγκον
2553 1816 2745 1886 αὐτῆς,
2784 1815 2881 1870 zeal
2920 1815 2982 1869 τὸ
3022 1804 3344 1886 τυραννικὸν
3385 1817 3503 1887 ἅμα
3541 1819 3637 1870 zeal
3685 1818 3788 1870 άν-

510 1912 799 1980 nicamq’ue
849 1920 903 1964 et
940 1910 1201 1965 invictam
1239 1910 1347 1964 vim
1389 1912 1649 1967 ostendit.
1705 1911 1843 1966 Cum
1891 1915 2095 1970 certius

2201 1903 2544 1975 υπέρόλητον
2588 1905 3027 1977 ἐνδεικνύμενος.
3081 1905 3238 1959 Ἐπεὶ
3286 1906 3345 1960 δὲ
3377 1907 3791 1978 ἀσφαλέστερόν

508 2000 790 2055 censuerit
849 1999 957 2054 dici
1012 2015 1107 2069 per
1172 2000 1415 2056 nominis
1474 2002 1849 2071 tautologiam,
1898 2006 2095 2060 iterum

510 2103 707 2143 nomen
739 2087 1037 2141 rcassumit
1059 2125 1073 2150 ,
1105 2087 1238 2141 dicit
1259 2089 1406 2142 enim
1438 2089 1730 2157 epithetice
1790 2106 1810 2144 :
1858 2089 2094 2149 Peccans

507 2184 799 2247 peccatum.
879 2178 1205 2232 Acerbitatis
1284 2178 1592 2249 designatio
1674 2181 1924 2237 absoluta
1988 2192 2092 2239 est.

504 2269 867 2340 Cognominat
896 2282 950 2324 et
984 2284 1093 2324 non
1133 2271 1363 2326 omnino
1394 2286 1426 2327 a
1473 2272 1693 2328 nomine
1729 2275 2005 2343 abscedit;
2038 2277 2094 2333 in

505 2376 614 2431 quo
660 2369 843 2415 autem
895 2360 1095 2415 solutio
1138 2376 1261 2416 esse
1316 2362 1550 2426 videtur,
1596 2362 1705 2417 vim
1756 2364 1910 2419 addit
1954 2367 2093 2438 adji-

502 2455 659 2509 ciens
678 2491 693 2516 ,
744 2468 905 2523 supra
933 2452 1186 2519 modum;
1244 2463 1298 2508 et
1328 2453 1402 2509 ita
1432 2455 1675 2523 apertius
1702 2457 1867 2511 simul
1896 2465 1950 2512 et
1983 2457 2095 2513 lor-

505 2544 616 2600 tius
637 2588 653 2611 ,
709 2544 1061 2611 acerbitatem
1091 2560 1311 2617 quoque
1336 2547 1676 2616 exprimente
1704 2562 1959 2606 sermone
1992 2552 2095 2607 uti-

509 2645 596 2691 tur
620 2637 809 2693 dicens
853 2636 991 2706 :jUt
1028 2638 1127 2706 ﬁat
1159 2654 1323 2708 supra
1375 2638 1592 2693 modum
1632 2655 1858 2710 peccans
1914 2659 2094 2714 pecca-

508 2738 646 2782 tum.

577 2907 746 2964 Vens.
778 2908 866 2963 16.
901 2909 961 2964 Si
993 2918 1170 2964 autent
1198 2910 1337 2981 quod
1365 2911 1509 2978 nolo,
1543 2912 1679 2967 illud
1711 2913 1875 2983 facio.

581 2999 788 3055 Photii.
826 3000 909 3056 Tu
942 3016 1069 3057 vero
1101 3002 1231 3055 mihi
1266 3001 1345 3057 sic
1377 3003 1538 3058 verba
1571 3003 1890 3070 patefacias.
1930 3006 2092 3062 Post-

509 3108 675 3163 quam
708 3095 1063 3148 venu'idatus
1096 3103 1149 3148 et
1178 3094 1281 3149 sub
1310 3105 1536 3163 peccato
1566 3095 1743 3152 factus
1788 3105 1872 3151 est
1905 3097 2090 3163 homo,

510 3201 620 3241 non
649 3187 935 3257 cognoscit
968 3187 1115 3257 quod
1164 3196 1446 3257 operatur,
1503 3188 1647 3257 turpi
1691 3190 2093 3245 consuetudine

510 3278 738 3331 omnino
770 3277 849 3331 illi
885 3278 1227 3343 dominante,
1294 3293 1470 3336 neque
1501 3278 1874 3333 consentiente
1917 3289 1978 3335 ut
2005 3280 2092 3335 vi-
2120 3259 2163 3318 θ

512 3369 636 3425 deat
698 3369 905 3423 malum
961 3384 1083 3424 esse
1132 3368 1279 3439 quod
1337 3370 1468 3440 agit.
1516 3370 1887 3436 Quamobrem
1945 3373 2094 3441 quod

512 3460 740 3525 odisset,
777 3460 823 3515 si
859 3460 1115 3515 innoxius
1141 3470 1197 3515 et
1227 3461 1364 3515 liber
1397 3472 1564 3528 esset,
1598 3471 1653 3517 et
1681 3463 1826 3532 quod
1858 3479 1966 3518 non
1997 3464 2098 3518 eli-

515 3557 691 3619 geret,
748 3550 884 3604 illud
931 3550 1102 3619 eligit.
1153 3548 1271 3604 Jam
1324 3552 1670 3606 venundatus
1725 3559 1780 3605 et
1819 3566 1929 3605 non
1962 3567 2097 3607 suus

517 3642 650 3711 agit.
684 3640 738 3695 Si
774 3656 905 3696 vero
937 3642 1075 3697 liber
1109 3649 1165 3696 et
1199 3642 1463 3697 innoxius
1492 3651 1545 3696 et
1573 3657 1728 3698 meus
1761 3642 1954 3708 forem,
1988 3659 2097 3697 non

516 3733 775 3802 eligerem
824 3748 947 3801 quae
985 3746 1134 3786 nunc
1183 3732 1346 3796 facio,
1392 3734 1657 3787 consentio
1706 3733 1807 3803 legi
1850 3734 2099 3803 quoniam

517 3823 654 3877 bona
680 3834 779 3877 est.
808 3823 904 3876 Illa
919 3822 1065 3878 enim
1100 3831 1164 3879 ut.
1202 3821 1408 3893 fugiam
1450 3823 1583 3877 mihi
1615 3824 1911 3888 consentit,
1952 3840 2095 3893 quze,

516 3917 647 3973 dum
682 3930 782 3987 ego
817 3915 872 3969 in
918 3915 1139 3985 propria
1187 3925 1394 3969 natura:
1447 3914 1700 3969 libertate
1740 3930 1957 3981 versor,
2008 3915 2099 3970 fu-

519 4008 714 4081 gienda
747 4010 940 4065 censui
972 4016 1026 4064 et
1062 4007 1290 4062 odibilia
1321 4022 1464 4063 esse.
1496 4005 1622 4061 Non
1644 4006 1882 4077 intelligo
1912 4008 2097 4078 igitur,

518 4102 800 4156 evidenter
826 4101 1180 4163 venundatus,
1204 4116 1308 4153 non
1327 4100 1463 4154 enim
1483 4098 1621 4169 quod
1646 4098 1781 4164 volo,
1807 4102 1933 4154 dum
1964 4101 2101 4155 liber

519 4210 663 4259 sum,
713 4193 810 4246 hoc
857 4192 995 4262 facio
1050 4208 1218 4258 nunc,
1272 4208 1395 4247 cum
1446 4193 1775 4245 venundatus
1821 4208 1974 4259 sum;
2009 4194 2099 4247 sed

519 4288 662 4357 quod
714 4286 823 4351 odi,
871 4287 1000 4339 dum
1032 4287 1171 4340 liber
1206 4302 1350 4350 sum,
1390 4286 1523 4339 illud
1571 4287 1709 4355 facio
1739 4287 1865 4340 dum
1903 4303 2100 4341 venun-

2203 2013 2324 2059 πως
2369 1995 2547 2061 ἔδοξεν
2588 1997 2844 2068 εἰρῆσθαι
2882 1999 2949 2069 τῇ
2999 1996 3328 2069 ταυτολογίᾳ
3357 1997 3450 2051 τοῦ
3483 1997 3788 2067 ὀνόματος·

2201 2089 2365 2144 πάλιν
2397 2090 2455 2143 δὲ
2488 2089 3040 2161 μεταλαμϐανομένου
3067 2089 3163 2143 τοῦ
3192 2089 3477 2161 ὀνόματος.
3505 2090 3654 2159 Ἔφη
3677 2090 3791 2161 γὰρ

2202 2182 2551 2253 παρωνύμως
2598 2182 2949 2251 ἁμαρτωλὸς
3005 2182 3045 2252 ἠ
3095 2184 3373 2251 ἁμαρτία.
3401 2184 3479 2235 Ἥ
3529 2182 3631 2251 τῆς
3669 2182 3791 2252 ὅρι’·

2204 2273 2441 2345 μύτητος
2494 2273 2722 2341 ἔνδειξις
2781 2274 3054 2338 ἐξελύετο.
3110 2273 3493 2344 Παρονομάζει
3545 2273 3646 2345 μὲν
3694 2275 3791 2328 καὶ

2199 2366 2261 2418 οὑ
2308 2365 2530 2429 τελείως
2604 2366 2899 2435 ἀφίσταται
2955 2364 3051 2419 τοῦ
3113 2365 3398 2437 ὀνόματος.
3464 2366 3554 2419 Ἐν
3623 2358 3670 2433 ᾧ
3728 2366 3790 2419 δὲ

2200 2456 2519 2511 ἐκλελΰσθαι
2552 2457 2751 2524 ἐδόκει,
2799 2456 2954 2510 τόνον
2999 2456 3197 2525 ἐπάγει
3230 2459 3300 2529 τῇ
3346 2456 3639 2531 προσθήκῃ
3691 2455 3788 2511 τοῦ

2200 2550 2331 2605 καθ’
2354 2548 2699 2617 ὑπερϐολήν
2720 2564 2736 2579 ο
2769 2550 2867 2602 zeal
2894 2546 3066 2610 οὑτως
3096 2548 3191 2601 ἐπὶ
3217 2547 3279 2601 τὸ
3308 2549 3642 2620 σαφέστερον
3672 2549 3792 2616 ἅμα

2200 2640 2297 2694 καὶ
2340 2639 2575 2705 ἔντονον,
2632 2640 2727 2694 zeal
2758 2639 2855 2693 τοῦ
2904 2638 3143 2709 δριμέως
3174 2638 3510 2709 ἐμφαντικὸν
3540 2638 3788 2710 μεταλα-

2200 2730 2310 2784 ϐὼν
2340 2730 2432 2784 τὸν
2462 2730 2620 2800 λόγον
2644 2730 2835 2802 φησιν·
2862 2730 2998 2785 Ἵνα
3016 2727 3260 2800 γένηται
3286 2729 3415 2786 καθ’
3437 2730 3793 2801 ὑπερϐολὴν

2199 2821 2552 2891 ἁμαρτωλὸς
2585 2822 2624 2891 ἡ
2657 2822 2933 2891 ἁμαρτία.

2514 2916 2586 2969 El
2615 2913 2683 2967 δὲ
2715 2913 2747 2968 ὃ
2778 2913 3057 2981 octauo,
3095 2913 3467 2971 τοῦτο’ποιῶ.

2269 3007 2517 3061 Φωτίου.
2551 3006 2625 3059 Σὺ
2672 3006 2730 3059 δέ
2762 3024 2852 3078 μοι
2890 3005 3035 3060 οὓτω
3078 3005 3435 3061 διαλεύκανον
3487 3006 3562 3060 τὰ
3617 3005 3790 3078 ρητάο

2198 3099 2353 3154 Μετὰ
2386 3098 2448 3152 τὸ
2480 3097 2761 3169 πραθῆναι
2801 3099 2897 3153 καὶ
2924 3099 3179 3169 γενέσθαι
3213 3099 3320 3154 ὑπὸ
3361 3100 3462 3172 τὴν
3506 3098 3794 3171 ἁμαρτίαν

2198 3190 2291 3243 τὸν
2322 3188 2629 3261 ἄνθρωπον,
2686 3189 2750 3243 ού
2794 3189 3053 3259 γινώσκει
3101 3190 3131 3245 ὃ
3176 3191 3620 3263 κατεργάζεταιο
3680 3190 3792 3261 τῆς

2198 3279 2486 3348 συνηθείας
2505 3279 2607 3350 τὴς
2624 3277 3179 3350 αἱσχρᾶς,ἷπαντελῷς
3198 3278 3364 3333 αὑτοῦ
3385 3276 3786 3349 κυριευσάσης,

2198 3370 2294 3424 zeal
2341 3369 2418 3441 μὴ
2446 3368 2836 3440 συγχωρούσης
2863 3368 3061 3422 εἰδέναι
3090 3368 3172 3422 ὅτι
3196 3368 3367 3423 κακόν
3388 3367 3587 3428 ἐστιν,ὂ
3614 3368 3798 3438 πράσ-

2199 3476 2301 3515 σει.
2327 3459 2419 3513 Διὸ
2464 3459 2560 3513 zeal
2588 3459 2617 3512 ὃ
2672 3459 2857 3529 ἐμίσει
2889 3457 2977 3525 ἂν,
3017 3459 3066 3512 εί
3103 3458 3351 3530 ἄπρατος
3382 3458 3475 3513 καὶ
3503 3457 3797 3530 ἐλεύθερος

2196 3547 2286 3624 ἦν,
2324 3552 2418 3607 καὶ
2451 3551 2481 3604 ὃ
2526 3551 2627 3605 οὑκ
2677 3550 2746 3604 ἂν
2813 3550 3009 3617 εἵλετο,
3049 3550 3206 3604 τοῦτο
3238 3550 3333 3605 zeal
3386 3552 3649 3623 αἱρεῖται,
3689 3566 3795 3603 πε-

2199 3644 2480 3717 πραμένος
2507 3643 2606 3714 ἤδη
2656 3641 2732 3696 ὢν
2764 3642 2860 3696 zeal
2890 3643 3145 3712 πράττει.
3181 3644 3244 3697 El
3278 3643 3336 3697 δὲ
3370 3640 3660 3715 ἐλεύθερος
3711 3641 3794 3695 ὢν

2200 3737 2295 3790 zeal
2348 3737 2591 3806 ἄπρατος
2633 3735 2727 3788 zeal
2749 3733 2891 3788 κατὰ
2913 3734 3098 3801 φύσιν,
3123 3736 3225 3789 οὐκ
3252 3735 3319 3789 ἂν
3344 3735 3572 3806 εἱλόμην
3612 3735 3651 3788 ἃ
3686 3735 3787 3789 νῦν

2202 3827 2360 3895 ποιῶ,
2386 3826 2791 3897 Συμμαρτυρῶ
2820 3825 2903 3892 τῷ
2956 3827 3120 3896 νόμῳ
3166 3827 3256 3880 ὅτι
3300 3828 3510 3893 καλός.
3563 3826 3798 3880 Ἐκεῖνα

2200 3920 2308 3990 γάρ
2337 3935 2427 3988 μοι
2452 3918 2862 3989 συμψηφίζεται
2885 3920 3079 3988 φυγεῖν
3105 3956 3119 3981 ,
3146 3916 3181 3971 δι
3208 3916 3301 3971 zeal
3328 3916 3441 3984 ἐγὼ
3463 3919 3521 3971 ὲν
3552 3919 3619 3987 τῇ
3649 3914 3800 3970 κατὰ

2201 4011 2365 4081 φύσιν
2391 4010 2673 4083 ἐλευθερίᾳ
2694 4010 3001 4081 τυγχάνων,
3037 4009 3227 4079 ἔκρινα
3256 4007 3499 4078 φευκτέα
3531 3999 3800 4062 εἶναικαὶ

2206 4102 2435 4174 μισητά.
2471 4104 2554 4156 Οὐ
2581 4103 2853 4172 γινώσκω
2874 4096 2989 4167 οὖν,
3018 4100 3262 4169 πραθεὶς
3284 4100 3558 4169 δηλονότι·
3582 4101 3657 4153 οὐ
3684 4100 3803 4170 γὰρ

2202 4194 2235 4249 ὃ
2266 4194 2419 4249 θέλω
2444 4192 2725 4264 ἐλεύθερος
2756 4191 2853 4258 ὣν,
2900 4191 3078 4247 τοῦτο
3116 4191 3373 4260 πράσσω
3411 4190 3525 4254 νῦν,
3558 4192 3800 4258 πεπρα-

2196 4288 2383 4357 μένος
2411 4285 2487 4340 ὢν
2506 4302 2520 4317 ⁶
2548 4285 2687 4341 ἀλλ’
2715 4285 2748 4339 ὃ
2773 4283 2933 4356 μισῶ
2962 4284 3247 4353 ἐλεύθερος
3280 4283 3379 4349 ὢν,
3416 4284 3597 4337 τοῦτο
3640 4282 3802 4337 ποιῶ

521 4379 682 4432 datus
714 4393 859 4433 sum.
897 4378 957 4433 Si
992 4395 1111 4432 vero
1141 4377 1281 4447 quod
1303 4379 1444 4442 nolo,
1476 4379 1604 4432 dum
1636 4378 1771 4432 liber
1798 4394 1941 4443 sum,
1966 4380 2097 4432 illud

2202 4377 2584 4446 πεπραμένος
2617 4375 2721 4431 ὢν.
2780 4377 2852 4430 El
2891 4374 2961 4428 δὲ
2989 4374 3021 4429 ὃ
3051 4376 3123 4429 οὐ
3165 4375 3318 4429 θέλω
3356 4374 3643 4443 ἐλεύθερος
3696 4373 3800 4437 ὢν,

500 4473 687 4541 facio,
725 4471 855 4525 dum
904 4471 1255 4525 venundatus
1290 4486 1438 4534 sum,
1489 4471 1758 4524 consentio
1804 4469 1928 4540 legi,
1973 4471 2097 4525 dum

2203 4470 2380 4524 τοῦτο
2459 4469 2715 4536 πράσσω
2802 4467 3158 4539 πεπραμένος
3214 4464 3312 4531 ὣν,
3386 4464 3805 4535 συμμαρηιρῶ

522 4562 661 4618 liber
693 4578 839 4626 sum,
876 4564 1000 4631 quia
1029 4562 1164 4616 bona
1189 4571 1291 4616 est.
1324 4561 1501 4631 Opera
1532 4561 1678 4616 enim
1709 4560 1844 4631 legis
1873 4561 2015 4624 volo.
2048 4569 2097 4617 et

2210 4560 2501 4632 ἐλεύθερος
2552 4559 2650 4627 ὢν,
2688 4560 2773 4613 ὃτι
2828 4558 3020 4624 καλὸς
3069 4561 3102 4612 ό
3153 4559 3362 4627 νόμος.
3402 4558 3484 4611 Τὰ
3514 4557 3626 4629 γὰρ
3657 4558 3804 4611 αὐτὰ

521 4670 632 4710 non
668 4670 790 4724 qua}
816 4669 962 4708 nunc
992 4654 1150 4708 facio.

2207 4652 2401 4723 ἐκείνῳ
2454 4651 2741 4723 βούλομαι,
2766 4651 2863 4705 zeal
2882 4651 2981 4720 οὑχ
3013 4648 3050 4703 ἃ
3082 4648 3179 4704 νῦν
3206 4650 3367 4704 ποιῶ.

524 4745 692 4800 Vens.
723 4745 817 4799 2i.
851 4743 1067 4798 Invenio
1107 4746 1276 4867 igitur
1307 4746 1489 4816 legem,
1525 4746 1720 4801 volenti
1755 4747 1885 4801 mihi
1930 4747 2097 4817 facere

1172 4833 1327 4867 onum
1350 4856 1365 4867 .
1396 4827 1501 4867 etc.

2203 4747 2480 4816 Εὑρίσκω
2505 4744 2622 4815 ἄρα
2656 4743 2766 4799 τὸν
2797 4743 2985 4867 vagor
3126 4741 3365 4796 θέλοντι
3414 4738 3545 4810 ἐμοὶ
3600 4736 3804 4794 ποιεῖν

2836 4831 2868 4867 τ
2944 4829 3022 4865 κα
3102 4829 3161 4866 ν.

2836 4829 2904 4867 το
2944 4829 3161 4866 καλον.

2274 4907 2521 4962 Φωτίου.
2567 4904 2849 4969 Ἐκλάϐοις
2871 4903 2916 4958 δ’
2944 4904 3012 4959 ἂν
3029 4902 3126 4957 zeal
3152 4900 3352 4966 οὕτως·
3393 4900 3487 4966 Ἐξ
3511 4893 3588 4956 ὧν
3617 4893 3796 4965 εἷπον,

2208 5002 2363 5072 φησι,
2389 4998 2552 5053 τοῦτό
2585 5015 2673 5068 μοι
2709 4994 3171 5067 συμπεραίνεται,
3202 4993 3300 5048 zeal
3321 4992 3477 5046 τοῦτο
3508 4993 3802 5061 εὑρίσκω,

528 5093 701 5162 legem
730 5091 785 5146 in
815 5092 1019 5147 bonum
1050 5092 1243 5147 volenti
1282 5092 1411 5145 mihi
1440 5091 1614 5160 facere
1644 5092 1873 5156 bonum;
1894 5102 1947 5146 ει
1973 5090 2097 5145 illud

2207 5093 2269 5146 τὸ
2318 5089 2457 5144 εἶναι
2488 5089 2596 5143 τὸν
2626 5089 2837 5157 νόμον,
2862 5086 3025 5157 νόμον
3053 5087 3133 5149 είς
3162 5085 3223 5137 τὸ
3250 5084 3419 5138 καλὸν
3448 5083 3530 5149 τῷ
3559 5084 3803 5138 θέλοντι

527 5186 707 5241 solum
755 5195 967 5255 gratum
1020 5194 1123 5240 est.
1156 5184 1358 5239 Malum
1393 5186 1540 5239 enim
1587 5184 1826 5249 invenio,
1854 5185 2097 5253 quoniam

2206 5182 2337 5253 ἐμοὶ
2378 5181 2570 5235 ποιεῖν
2612 5179 2677 5233 τὸ
2719 5178 2945 5233 καλόν·
2977 5178 3073 5230 zeal
3100 5176 3260 5229 τοῦτο
3292 5175 3452 5244 μόνον
3493 5174 3799 5245 χαριζόμε-

1136 4818 1365 4878 bonum,
1396 4827 1501 4870 etc.

598 4905 799 4963 Photii.
840 4907 1117 4978 Intelligas
1137 4917 1317 4962 autem
1362 4909 1461 4963 sic.
1489 4907 1563 4961 Ex
1600 4908 1686 4963 his
1728 4924 1849 4978 qua:
1880 4908 2016 4975 dixi,
2052 4910 2106 4963 in

525 4999 663 5069 quit,
684 5000 788 5054 hoc
806 5000 937 5054 mihi
957 5000 1319 5064 concluditur,
1340 4999 1539 5055 etillud
1561 5001 1765 5053 invenio
1788 5000 1949 5069 legem
1962 5014 2102 5065 esse,

529 5275 781 5332 similiter
808 5277 942 5330 mihi
973 5276 1218 5344 adjacet;
1248 5285 1301 5330 et
1334 5292 1443 5330 non
1474 5276 1667 5331 melior
1702 5275 1879 5331 factus
1927 5290 2103 5329 essem

526 5384 596 5424 ex
646 5369 784 5440 lege,
839 5369 949 5424 nisi
1005 5370 1177 5438 magis
1229 5369 1510 5424 damnum.
1731 5369 2103 5438 recepissem,

529 5463 678 5532 quia,
710 5470 770 5516 ut
818 5462 1068 5530 adjaceat
1102 5462 1236 5517 mihi
1283 5473 1338 5517 et
1368 5461 1527 5531 quasi
1574 5460 1801 5531 propius
1853 5460 1988 5515 mihi
2036 5460 2106 5515 sit

531 5555 759 5619 malum,
789 5554 905 5609 haec
935 5555 1164 5624 praebuit
1179 5554 1545 5610 occasionem.
1574 5553 1682 5608 Lex
1707 5553 1894 5623 igitur,
1926 5552 2104 5608 solum

530 5645 619 5702 lex
650 5646 795 5703 facta
827 5658 914 5702 est
957 5649 1091 5703 mihi
1146 5650 1199 5703 in
1252 5649 1481 5715 bonum,
1515 5646 1660 5701 aliud
1713 5656 1894 5702 autem
1947 5644 2107 5701 nihil.

535 5735 693 5793 Unde
726 5738 946 5795 evidens
976 5748 1080 5803 est,
1106 5738 1251 5809 quod
1285 5741 1484 5793 malum
1519 5737 1653 5793 mihi
1680 5738 1773 5794 tali
1818 5737 1980 5791 modo
2011 5736 2109 5789 ad-

2210 5289 2318 5329 νον.
2356 5273 2428 5327 Τὸ
2451 5272 2562 5342 γὰρ
2602 5270 2771 5324 κακὸν
2809 5268 3067 5339 εὑρίσκω,
3094 5267 3185 5320 ὅτι
3212 5266 3413 5337 ὁμοίως
3440 5264 3571 5335 ἐμοὶ
3604 5266 3803 5333 παρά-

2209 5380 2427 5420 κειται·
2487 5363 2582 5416 zeal
2626 5361 2780 5414 οὐδὲν
2827 5358 3157 5429 ἐδελτιώθην
3189 5359 3252 5410 ἐκ
3274 5356 3367 5410 τοῦ
3396 5356 3589 5427 νόμου.
3622 5357 3685 5409 El
3724 5355 3801 5427 μὴ

2211 5456 2307 5513 zeal
2352 5454 2550 5526 μᾶλλον
2579 5452 2832 5524 βλάϐηνὶ)
2856 5450 3143 5520 ἐδεξάμην,
3182 5450 3263 5502 ὅτι
3298 5448 3669 5521 παρακεῖσθαι
3706 5466 3801 5518 μοι

2212 5550 2306 5603 zeal
2354 5543 2464 5602 οἷον
2510 5545 2749 5616 ἐγγίζειν
2797 5560 2886 5614 μοι
2914 5543 2975 5596 τὸ
3024 5542 3192 5597 κακὸν
3215 5543 3486 5612 παρέσχεν
3515 5539 3796 5609 ἀφορμήν.

2227 5641 2285 5693 Ὀ
2320 5641 2482 5710 νόμος
2528 5634 2622 5692 οὖν
2670 5637 2831 5709 μόνον
2859 5636 3023 5707 νόμος
3065 5633 3283 5702 ἐγένετό
3329 5650 3420 5703 μοι
3451 5634 3533 5695 εἰς
3564 5632 3625 5684 τὸ
3656 5633 3800 5700 ἀγα·

2216 5732 2338 5786 θόν⁶
2372 5730 2500 5787 ἄλλο
2543 5730 2602 5784 δὲ
2653 5729 2837 5784 οὐδέν’
2872 5727 3038 5783 πόθεν
3066 5726 3248 5797 δῆλον,
3286 5726 3369 5779 ὅτι
3401 5724 3460 5778 τὸ
3496 5724 3665 5777 κακόν
3702 5741 3799 5794 μοι

1828 5853 2057 5910 VARUS
2097 5850 2497 5909 LECTIONES.

612 5949 643 5991 ιι
681 5946 780 6004 llic
804 5958 886 6005 cst
921 5950 975 6005 in
1005 5951 1126 6007 cod.
1161 5965 1372 6006 rasura.
