4132 6512
421 383 552 451 1241

1266 386 1735 448 FRAGMENTA
1773 386 1854 447 ΙΝ
1889 383 2314 446 EPISTOLAM
2354 385 2452 444 AD
2490 385 2875 448 ROMANOS.

3573 375 3712 442 1242

419 495 686 560 ὡσαύτως
714 493 1072 564 παράκειται.
1104 492 1175 546 Ἢ
1215 494 1311 547 καὶ
1355 493 1528 555 οὕτως
1558 509 1572 524 ·
1596 493 1876 560 Εὑρίσκω
1907 491 2022 558 ἄρα
2049 542 2051 548 ,

2133 487 2298 558 jacet,
2328 499 2474 544 certe
2503 499 2557 546 et
2584 491 2655 546 ita
2689 503 2793 547 est.
2826 489 3044 546 Invenio
3091 487 3260 558 igitur
3288 486 3474 558 legem,
3506 486 3560 542 id
3604 497 3710 546 est.

421 588 530 640 τόν
557 588 766 656 νόμον,
803 587 1071 651 τουτέστι,
1109 585 1418 654 κατενόησα
1469 586 1567 638 καὶ
1604 583 2023 654 κατελάμϐανον

422 679 523 744 τὴν
558 677 714 746 ἰσχὺν
751 677 847 731 καὶ
875 676 976 746 τὴν
1007 674 1170 746 φύσιν
1199 673 1293 728 τοῦ
1334 674 1528 744 νόμου.
1571 671 1822 744 Ἐξεῦρον
1857 671 2022 725 αὑτὸν

424 768 704 837 ἀκριϐῶςο
743 769 827 822 ὅτι
877 769 1036 823 οὐδέν
1105 785 1197 839 μοι
1264 765 1532 838 βοηθῆσαι
1588 766 1807 835 ῐσχυσεο
1858 763 2024 817 πόθεν

426 859 622 928 δῆλον;
654 861 738 914 ὅτι
770 861 1014 916 θέλοντί
1044 877 1142 930 μοι
1171 858 1364 914 ποιεῖν
1392 861 1458 912 τὸ
1493 857 1876 924 καλόν,οὑδὲν
1903 857 2024 909 ἐπι-

427 957 616 1023 κουρεῖ
637 967 650 982 ⁶
681 953 796 1007 ἁλλ’
828 953 1030 1024 ὁμοίως
1052 953 1110 1006 τὸ
1162 952 1332 1005 κακὸν
1376 951 1708 1023 παράκειται
1740 947 2025 1021 ἄπρακτόν

433 1061 526 1114 μοι
564 1043 627 1096 τδ
677 1043 853 1096 θέλειν
887 1042 1096 1098 ποιοῦν.
1137 1042 1226 1096 Ἐν
1257 1043 1436 1113 τούτῳ
1465 1038 1558 1095 οὖν
1591 1035 1750 1112 εὗρον
1781 1040 2027 1111 ἀκριϐῶς

430 1135 542 1189 τὸν
563 1135 756 1205 νόμον
782 1136 906 1189 ὅσον
941 1135 1137 1203 ίσχύει,
1169 1132 1267 1186 καὶ
1293 1132 1378 1197 τίς
1410 1135 1560 1186 ἐστιν
1586 1133 1619 1203 ἡ
1646 1130 1809 1200 φύσις
1845 1131 2024 1200 αὑτῷ,

433 1228 494 1280 ἐν
532 1227 611 1297 τῷ
650 1227 777 1297 ἐμοὶ
805 1225 886 1292 τῷ
917 1226 1158 1280 θέλοντι
1181 1225 1377 1280 ποιεῖν
1402 1225 1470 1278 τὸ
1499 1225 1714 1288 καλὸν,
1748 1223 2027 1294 εὑρίσκειν

431 1317 514 1370 ἐτι
543 1317 607 1371 τό
635 1317 824 1372 κακόν.
881 1316 1221 1387 Παρὰκειται
1259 1315 1371 1385 γὰρ
1413 1315 1508 1370 καὶ
1552 1315 1651 1369 οὑκ
1691 1313 2029 1383 ἀπελήλαται

433 1410 526 1463 ὑπ’
557 1408 723 1464 αὑτοῦ
755 1409 814 1476 ἐξ
850 1408 1008 1478 ἐμοῦ.
1051 1409 1286 1462 Δυνατὸν
1313 1407 1371 1461 δὲ
1402 1407 1494 1461 καὶ
1524 1406 1697 1470 οὕτως
1727 1406 2026 1476 ἐγγύτερον

431 1502 532 1572 τῆς
561 1501 760 1568 λέξεως
789 1500 1064 1556 ἐκλαϐεῖν.
1089 1501 1370 1569 Εὑρίσκω
1393 1499 1508 1568 ἄρα
1529 1500 1612 1565 τῷ
1636 1499 1875 1553 θέλοντι
1894 1496 2026 1566 ἐμοὶ

434 1593 631 1648 ποιεῖν
658 1593 726 1649 τὸ
749 1593 943 1648 καλὸν
965 1592 1107 1646 κατὰ
1133 1592 1225 1647 τὸν
1257 1593 1444 1663 νόμον,
1470 1591 1553 1645 ὅτι
1585 1590 1714 1660 ἐμοὶ
1741 1589 1806 1643 τὸ
1839 1588 2031 1642 κακὸν

435 1681 806 1750 παράκειται.
827 1682 936 1737 Καὶ
955 1682 1064 1754 γὰρ
1084 1682 1132 1736 οἱ
1166 1681 1308 1736 κατὰ
1337 1681 1402 1735 τὸ
1428 1680 1761 1751 Εὑαγγέλιον
1787 1679 2032 1742 θέλοντες

434 1777 613 1828 ποιεῖν
674 1775 735 1828 τὸ
785 1775 974 1844 καλὸν,
1029 1774 1130 1846 οὑχ
1170 1773 1522 1846 εὑρίσκουσιν
1558 1774 1641 1828 ὅτι
1691 1773 2030 1844 παράκειται

2130 580 2316 636 notavi
2352 591 2406 637 et
2454 582 2694 638 intellexi
2729 583 2841 638 vim
2889 592 2944 638 et
2985 592 3240 637 naturam
3278 581 3436 650 legis.
3469 578 3713 649 Cognovi

2122 671 2270 726 illam
2318 671 2578 740 perfecte,
2625 674 2770 743 quod
2819 673 2958 728 nihil
3013 673 3278 744 adjuvare
3327 672 3520 726 valuit.
3557 669 3717 727 Unde

2123 773 2336 820 certum
2369 765 2642 835 est?quia
2696 764 2888 820 volenti
2937 767 3066 818 milii
3113 765 3288 835 facere
3329 757 3544 825 bonum,
3601 779 3713 816 non

2124 857 2448 913 auxiliatur.
2481 856 2588 912 Sed
2623 858 2879 913 similiter
2927 857 3135 912 malum
3189 859 3401 928 adjacet
3448 856 3717 912 inutiliter

2125 950 2262 1004 mibi
2293 951 2431 1006 velle
2487 950 2723 1007 faciens.
2774 949 2829 1005 ln
2887 950 2995 1005 boc
3042 952 3206 1022 igitur
3251 953 3426 1007 inveni
3478 949 3716 1021 perfecte

2128 1039 2288 1109 legem
2318 1049 2588 1110 quantum
2611 1041 2812 1108 valeat,
2843 1048 2899 1097 et
2921 1057 3045 1112 quae
3076 1043 3147 1098 sit
3170 1041 3291 1112 ejus
3323 1053 3539 1108 natura,
3567 1040 3716 1112 quod

2126 1131 2259 1184 mihi
2293 1132 2490 1186 volenti
2519 1133 2692 1202 facere
2729 1133 2925 1188 bonum
2945 1172 2961 1199 ,
3020 1132 3242 1188 invenio
3273 1133 3453 1188 adhuc
3485 1132 3713 1187 malum.

2124 1222 2353 1294 Adjacet
2378 1226 2526 1280 enim
2557 1233 2611 1281 et
2635 1240 2745 1280 non
2775 1227 2842 1280 ab
2878 1225 2970 1280 illa
2997 1241 3064 1280 ex
3097 1240 3183 1281 me
3220 1237 3495 1280 movetur.
3529 1225 3719 1280 Potest

2127 1325 2308 1370 autem
2340 1318 2421 1372 sic
2454 1317 2680 1388 propior
2708 1317 2967 1373 dictionis
2997 1332 3196 1373 sensus
3219 1316 3470 1388 intelligi.
3499 1314 3719 1370 Invenio

2127 1407 2296 1477 igitur
2324 1407 2518 1463 uolenti
2560 1409 2693 1462 mihi
2724 1410 2902 1478 facere
2933 1408 3130 1464 bonum
3163 1409 3466 1463 secundum
3520 1409 3718 1478 legem,

2127 1499 2378 1569 quoniam
2396 1500 2599 1554 malum
2646 1501 2779 1555 mihi
2809 1501 3042 1570 adjacet.
3068 1500 3281 1557 Etenim
3300 1500 3392 1570 qui
3417 1501 3720 1555 secundum

2128 1589 2483 1662 Evangelium
2534 1593 2727 1650 volunt
2776 1592 2960 1649 facere
2991 1594 3221 1660 bonum,
3271 1607 3381 1647 non
3432 1592 3721 1648 inveniunt

2134 1683 2397 1750 quoniam
2431 1685 2645 1756 adjacet
2680 1686 2788 1741 illis
2843 1686 3092 1753 malum;
3123 1701 3222 1756 per
3261 1684 3533 1756 baptisma
3572 1683 3720 1738 enim

2131 1775 2374 1830 ablatum
2405 1785 2459 1831 et
2485 1787 2731 1833 amotum
2779 1789 2899 1844 est;
2945 1780 3020 1833 ita
3069 1788 3125 1834 ut
3160 1789 3414 1848 oporteat
3464 1777 3530 1833 ad
3561 1776 3724 1834 Citri-

433 1866 621 1930 αὑτοῖς
647 1867 708 1920 τὸ
739 1867 930 1924 κακόν.
984 1865 1091 1921 Διά
1128 1867 1224 1920 τοῦ
1273 1866 1647 1937 βαπτίσματος
1675 1865 1786 1937 γὰρ
1815 1864 2024 1935 ἐξώσθη

2136 1873 2286 1923 stum
2316 1885 2413 1939 per
2442 1871 2714 1940 baptisma
2751 1871 2985 1938 ingredi,
3015 1871 3186 1942 legem
3213 1872 3550 1928 deserentes.

431 1960 532 2013 καὶ
572 1959 898 2032 ἀπελήλατο.
943 1960 1108 2013 ’Ὥστε
1161 1959 1244 2013 δεῖ
1288 1958 1514 2031 Χριστῷ
1555 1959 1877 2031 προσελθεῖν
1928 1957 2017 2012 διὰ
2057 1958 2152 2012 τοῦ
2186 1961 2581 2034 βαπτίσματος,
2621 1964 3021 2028 καταλιπόντας
3050 1965 3142 2018 τὸν
3167 1964 3350 2034 νόμον.

447 2052 513 2106 '0
541 2051 687 2120 Θεὸς
726 2053 837 2107 τὸν
883 2051 1100 2106 ἑαυτοῦ
1145 2052 1389 2120 πέμψας
1425 2052 1565 2106 Υῐὸν
1610 2052 1682 2106 ἐν
1721 2051 2039 2122 ὁμοιώματι

2141 2053 2276 2110 CAP.
2324 2055 2456 2112 Vlll.
2491 2058 2659 2112 Vens.
2701 2058 2754 2112 '5.
2786 2059 2928 2112 Deus
2964 2056 3172 2110 Filium
3201 2073 3355 2110 suum
3400 2055 3613 2110 mittens
3665 2055 3724 2109 in

944 2122 1174 2191 σαρκὸς
1210 2123 1525 2193 ἁμαρτίας.

506 2214 756 2268 Φωτίου.
810 2214 1046 2268 Δυνατὺν
1083 2213 1192 2284 γὰρ
1241 2215 1339 2269 καὶ
1390 2215 1534 2270 οὓτω
1573 2214 1851 2280 στίξαντα,
1897 2215 2034 2270 ἀνα-

432 2307 659 2378 γνῶναι⁹
679 2307 740 2360 '0
763 2308 906 2373 Θεὸς
928 2308 1037 2363 τὸν
1053 2308 1272 2364 ἑαυτοῦ
1299 2306 1544 2378 πέμψας
1576 2310 1714 2363 Υἰόν
1738 2308 1808 2361 ἐν
1833 2305 2034 2376 ὁμοιώ-

428 2417 574 2470 ματι
617 2399 846 2468 σαρκὸς
887 2401 1196 2470 ἁμαρτίας,
1229 2400 1331 2455 καὶ
1377 2400 1510 2469 περὶ
1557 2399 1878 2470 ἁμαρτίαςο
1915 2395 2034 2456 εἶτα

432 2494 761 2561 ἐπαγαγεῖν,
797 2491 1107 2561 κατέκρινε
1141 2492 1257 2560 τὴν
1288 2493 1585 2562 ἁμαρτίαν
1613 2492 1684 2546 ἐν
1708 2489 1783 2559 τῇ
1814 2491 1996 2560 σαρκί
2018 2506 2033 2521 ο

429 2583 681 2637 τουτέστι
720 2582 812 2636 τὸν
837 2581 965 2635 Υίδν
1004 2583 1133 2654 περὶ
1183 2581 1492 2654 ἁμαρτίας·
1529 2585 1698 2654 ἤγουν
1742 2581 1904 2634 ἕνεκα
1933 2580 2036 2650 τῆς

2497 2128 2906 2183 similitudinem
2939 2128 3116 2181 carnis
3145 2127 3367 2197 peccati.

2221 2215 2428 2273 Pltotii.
2465 2219 2654 2276 Potest
2709 2221 2853 2276 enim
2904 2219 3123 2290 punctis
3176 2219 3254 2274 ita
3309 2217 3517 2273 notatis
3568 2216 3724 2287 legi:

2142 2309 2284 2366 Deus
2336 2311 2540 2367 Filium
2589 2329 2743 2367 suum
2790 2314 3005 2366 mittens
3052 2313 3108 2366 in
3149 2309 3506 2377 similitudine
3547 2309 3725 2363 carnis

2138 2405 2364 2474 peccati,
2401 2413 2450 2458 et
2487 2405 2551 2458 de
2582 2415 2834 2473 peccato;
2865 2403 3063 2459 deinde
3093 2401 3345 2457 addendo
3383 2415 3397 2453 :
3438 2397 3727 2452 Damnavit

2136 2505 2411 2566 peccatum
2443 2497 2496 2550 in
2529 2513 2709 2550 carne.
2758 2497 2816 2551 Id
2868 2504 2972 2562 est,
3003 2494 3206 2549 Filium
3254 2493 3322 2548 de
3353 2502 3596 2562 peccato,
3631 2498 3728 2544 aut

2136 2605 2302 2644 causa
2326 2590 2558 2660 peccati,
2594 2597 2656 2644 ut
2693 2589 2828 2643 illud
2860 2589 3095 2653 tolleret,
3131 2594 3185 2642 et
3221 2601 3322 2640 nos
3352 2585 3423 2640 ab
3467 2584 3561 2638 illo
3586 2584 3727 2638 libe-

430 2675 735 2746 ἁμαρτίας,
768 2673 864 2726 τοῦ
905 2672 1099 2740 ἐξᾶραι
1126 2674 1330 2744 αὑτήν·
1371 2673 1465 2728 καὶ
1493 2673 1853 2744 ἐλευθερῶσαι
1879 2674 2028 2744 ἡμᾶς

2139 2694 2308 2738 raret.
2359 2683 2645 2750 Quomodo
2693 2698 2823 2753 ergo
2879 2681 3041 2738 tulit?
3078 2681 3348 2736 damnans
3401 2677 3560 2743 illud,
3616 2692 3725 2730 non

433 2767 548 2820 ἀπὸ
605 2767 832 2838 ταύτης.
882 2767 1008 2830 Πῶς
1054 2765 1146 2819 οὖν
1192 2765 1394 2839 ἐξῆρες
1425 2766 1780 2837 Κατακρίνας
1837 2765 2033 2836 αὑτήν.

2141 2775 2470 2846 simpliciter
2499 2785 2554 2830 et
2587 2775 2926 2839 facultative,
2978 2773 3072 2830 sed
3104 2771 3160 2827 in
3187 2771 3281 2843 jus
3315 2770 3473 2834 illud,
3521 2784 3729 2823 vocans

432 2859 512 2912 Θὺ
550 2859 661 2928 γὰρ
697 2858 886 2922 ἁπλῶς
937 2857 1032 2913 καὶ
1079 2858 1538 2924 ἐξουσιαστικῶς·
1572 2859 1690 2914 ἀλλ’
1722 2858 1826 2913 ὑπὸ
1877 2859 2034 2930 δίκην

2140 2878 2194 2923 ει
2223 2866 2538 2922 convictum
2563 2866 2884 2922 Ostendens.
2911 2862 3205 2931 Quomodo
3226 2862 3393 2933 igitur
3416 2861 3728 2917 convictum

431 2951 662 3021 ἀγαγὼν
713 2951 902 3020 αὑτὴν,
955 2952 1052 3005 καὶ
1093 2951 1277 3018 δείξας
1308 2951 1567 3008 ἀλοῦσαν.
1599 2952 1726 3017 Πῶς
1767 2951 1860 3005 οὖν
1891 2952 2036 3007 ἑάλω

2137 2969 2193 3014 et
2221 2959 2495 3015 devictum
2533 2958 2655 3012 est?
2689 2955 2758 3012 In
2789 2973 2949 3011 carne
2981 2957 3167 3022 illius;
3206 2968 3346 3017 cum_
3373 2952 3521 3009 enim
3569 2951 3732 3007 intel-

429 3045 528 3098 καὶ
569 3045 841 3116 ἦττηται;
882 3045 951 3098 ἐν
998 3042 1077 3112 τῇ
1133 3042 1313 3113 σαρκί
1350 3043 1540 3098 αὑτοῦ.
1579 3045 1870 3116 Προσιέναι
1921 3047 2033 3118 γὰρ

2137 3050 2308 3122 ligere
2341 3050 2614 3107 voluisset
2640 3056 2695 3105 et
2731 3065 2840 3105 non
2885 3048 3172 3116 valuisset,
3209 3044 3525 3102 convictum
3549 3055 3601 3100 et
3631 3042 3733 3100 de-

432 3135 762 3207 βουληθεῖσα
789 3135 884 3190 καὶ
908 3135 984 3206 μὴ
1012 3135 1302 3206 ἰσχύσασα,
1328 3135 1473 3189 ἐάλω
1509 3135 1605 3189 καὶ
1625 3135 1882 3206 ἥττηται.

508 3228 581 3282 Τὸ
613 3227 685 3280 δὲ
713 3228 999 3297 φρόνημα
1021 3225 1131 3294 τῆς
1159 3226 1390 3295 σαρκὸς
1411 3226 1596 3297 ἐχθρὰ
1621 3231 1710 3294 εις
1736 3232 1904 3283 Θεόν.

502 3316 752 3371 Φωτίου.
786 3315 984 3378 Καλῶς
1013 3312 1106 3368 οὖν
1140 3333 1343 3386 φησιν,
1393 3316 1475 3370 ὅτι
1517 3315 1581 3371 τὺ
1625 3316 1881 3388 φρόνημα
1931 3319 2030 3388 τῆς

433 3408 638 3478 σαρκὸς
664 3405 744 3477 τῷ
784 3406 936 3478 νόμῳ
966 3405 1060 3459 τοῦ
1093 3404 1331 3476 Χριστοῦ
1372 3407 1473 3478 οὐχ
1505 3408 1897 3463 ὑποτάσσεται.
1941 3409 2031 3460 Ἐν

432 3501 543 3570 ὅσῳ
605 3500 704 3570 μὲν
756 3497 867 3569 γὰρ
918 3498 1062 3561 ἐστι,
1112 3498 1269 3569 δῆλον
1301 3498 1383 3552 ὅτι
1410 3499 1509 3568 οὑχ
1538 3498 1936 3553 ὑποτάσσεται·
1974 3501 2032 3552 ἐν

430 3594 545 3662 ὅσῳ
570 3592 627 3645 δὲ
661 3591 910 3662 παρέλθῃ
941 3591 1035 3643 καὶ
1063 3591 1399 3660 ἀπογένηται
1446 3588 1542 3644 τοῦ
1589 3589 1902 3662 ἀνθρώπου,
1937 3591 2031 3644 οὑ-

430 3685 600 3747 δὸλως
628 3683 776 3737 ἐστιν
798 3699 814 3715 ο
847 3681 989 3736 ὥστε
1023 3682 1133 3736 οὐδ’
1166 3681 1555 3737 ὑποτάσσεται.
1576 3681 1703 3746 Πῶς
1736 3682 1845 3754 γὰρ
1873 3681 1941 3737 ἂν
1973 3682 2033 3736 τὸ

434 3777 511 3846 μὴ
562 3775 702 3846 ὃν,ῆ
748 3774 1167 3846 ἀντιστήσεται,
1203 3773 1236 3844 ἢ
1276 3774 1524 3844 ὑποταγῇ
1587 3790 1732 3840 τινι;
1786 3773 1884 3838 Τίς
1940 3774 2035 3828 οὖν

433 3869 836 3935 ὑποτάσσεται;
875 3867 934 3921 Ὀ
966 3866 1255 3938 ἄνθρωπος
1287 3868 1345 3920 ἐν
1375 3859 1420 3934 ᾧ
1439 3867 1501 3919 τὸ
1530 3866 1795 3937 σαρκικδν
1831 3869 2033 3939 φρόνη-

435 3977 514 4032 μα
564 3958 780 4031 [SuppL
830 3958 931 4012 οὑκ
968 3957 1143 4029 ἐστι];
1179 3956 1294 4011 ἀλλ’
1336 3956 1418 4009 ἐτι
1470 3956 1568 4027 μὲν
1601 3963 1696 4010 τοῦ
1764 3959 2030 4025 σαρκικοῦ

433 4053 705 4120 παρόντος
741 4051 1126 4122 φρονήματος,
1171 4047 1295 4101 οὑδὲ
1321 4048 1550 4110 ἐκεῖνος.
1577 4048 2032 4119 Καταϐληθέντος

431 4146 493 4200 δὲ
540 4144 628 4199 διὰ
665 4143 971 4213 μετανοίαςξ
992 4141 1091 4197 καὶ
1123 4141 1584 4214 ὑποχωρήσαντος
1606 4182 1621 4209 ,
1653 4141 1778 4194 τότε
1823 4141 2033 4204 ἐκεῖνος

431 4239 785 4310 ἀγαθοεργεῖ,
814 4237 912 4291 καὶ
935 4234 1304 4290 ὑποτάσσεται
1332 4233 1413 4306 τῷ
1441 4233 1592 4305 νόμῳ
1613 4233 1708 4289 τοῦ
1731 4233 1888 4288 Θεοῦ.

590 4330 804 4396 Ἐλπὶς
829 4329 897 4383 δὲ
923 4326 1280 4397 βλεπομένη
1328 4327 1442 4382 οὐκ
1472 4327 1647 4382 ἐστιν
1682 4327 1881 4392 ἐλπίς.

507 4425 757 4478 Φωτίου.
794 4423 860 4476 Τί
893 4421 1004 4494 γὰρ
1033 4422 1135 4476 οὑκ
1167 4420 1433 4492 ἐλάϐομεν
1463 4419 1666 4491 ταύτην
1695 4419 1784 4474 διὰ
1807 4418 1902 4474 τοῦ
1935 4419 2032 4489 βα·
2065 4462 2110 4517 D

436 4517 771 4588 πτίσματοςς
823 4515 946 4586 οὐχὶ
986 4514 1084 4569 καὶ
1135 4513 1300 4577 αὐτὸς
1345 4511 1455 4584 πρὸ
1507 4512 1709 4584 μικροῦ
1752 4512 1911 4582 ἔφης,
1946 4512 2028 4567 ὅτι

435 4608 681 4678 Πνεῦμα
707 4604 1015 4671 υἱοθεσίας
1043 4604 1319 4667 adolere;
1349 4603 1480 4670 Ναὶ,
1525 4601 1711 4674 φησίν.
1738 4601 1905 4656 Ποίαν
1942 4602 2034 4658 οὑν

435 4700 891 4773 ἀπεκδεχόμεθα;
922 4699 1034 4771 Τὴν
1071 4699 1502 4770 φανερουμένην,
1535 4698 1720 4767 φησὶν,
1761 4697 1902 4751 κατὰ
1933 4696 2032 4757 τὴν

435 4793 819 4865 ἀπολύτρωσιν
852 4790 946 4846 τοῦ
982 4788 1237 4861 σώματος
1280 4788 1459 4860 ἡμῶν.
1504 4788 1709 4857 ’Δλλην
1755 4787 1907 4860 παρά
1933 4788 2032 4859 τὴν

437 4886 769 4958 εἰρημένηνς
797 4883 890 4954 Μὴ
917 4881 1148 4950 γένοιτο.
1197 4881 1340 4935 Ἀλλ’
1367 4879 1541 4953 αὐτὴν
1581 4880 1799 4946 ἐκείνην
1827 4880 2031 4934 τελειό-

435 4995 595 5051 τερον
634 4975 1070 5048 φανερουμένην,
1098 4975 1195 5030 καὶ
1221 4974 1309 5029 διὰ
1339 4974 1537 5045 πείρας
1570 4975 1745 5043 αὐτῆς
1776 4974 2034 5043 ἐπιγινω-

440 5068 738 5141 σκομένην.
769 5066 928 5121 Μετὰ
957 5065 1065 5136 γὰρ
1097 5065 1198 5136 τὴν
1234 5063 1616 5136 ἀπολύτρωσιν
1637 5063 1730 5116 τοῦ
1755 5061 2029 5133 σώματος,

435 5163 558 5215 τότε
596 5161 631 5232 ἡ
663 5159 775 5212 τῶν
826 5157 1048 5227 ἀγαθῶν
1081 5155 1406 5219 ἀπόλαυσις.
1440 5155 1577 5208 Τότε
1615 5155 1796 5210 πάντα
1829 5154 1900 5209 τὰ
1932 5154 2032 5225 τῆς

436 5251 712 5316 υἱοθεσίας
755 5249 1119 5323 γνωρίσματα
1163 5250 1260 5301 καὶ
1311 5247 1751 5318 ἀποτελέσματα.
1790 5247 1902 5300 Καὶ
1933 5244 2032 5300 νῦν

435 5345 546 5415 γὰρ
575 5342 662 5396 ἐπ’
693 5342 870 5396 ἐλπίδι
893 5340 1098 5394 τούτων
1119 5339 1388 5411 ἐλάϐομεν
1419 5339 1519 5410 τὴν
1549 5335 2033 5400 υίοθεσίαν.Αὑτὸς

433 5436 494 5491 δὲ
525 5434 1004 5508 ἐμφαντικώτερον
1032 5430 1207 5500 εἶπεν,
1233 5431 1565 5502 ἐσώθημεν.
1597 5431 1722 5495 Πῶς
1747 5430 1842 5484 οὖν
1869 5431 2031 5502 ὴλπί-

439 5547 616 5600 σαμεν
665 5526 870 5591 ταῦτα,
937 5525 1012 5597 μὴ
1059 5525 1269 5579 τούτων
1359 5522 1820 5596 παραγεγονότων
1903 5522 2029 5593 ἥδη,

441 5619 566 5692 μηδ’
610 5619 702 5672 ὑπ’
739 5618 863 5687 ὄψιν
909 5616 1070 5687 ἡμῶν
1119 5615 1416 5678 πεσόντων,
1456 5614 1584 5686 μηδ’
1627 5613 1735 5667 ὑπὸ
1793 5612 2030 5682 πεῖραν;

437 5709 657 5774 Καλῶς,
687 5709 877 5780 φησὶν,
906 5707 1000 5760 καὶ
1043 5706 1301 5776 εὐλόγως.
1335 5706 1399 5761 Ei
1425 5705 1535 5778 γὰρ
1566 5704 1656 5759 ὑπ’
1687 5702 1810 5774 ὄψιν
1852 5702 2030 5774 ἡμῶν,

438 5803 535 5859 καὶ
563 5803 669 5855 ὑπὸ
703 5802 900 5870 πεῖραν
919 5800 1020 5871 ἤδη
1053 5799 1121 5853 τὰ
1155 5797 1488 5871 ἐλπιζόμενα
1535 5795 1717 5872 ἀγαθᾲ
1763 5795 2029 5866 ἐγεγόνει,

438 5898 538 5952 οὑκ
567 5896 634 5954 ἂν
661 5891 733 5968 ἦν
755 5895 1106 5967 ἐλπιζόμενα.

2133 3143 2342 3197 vietum
2382 3151 2486 3198 est.

2205 3235 2371 3291 Vens.
2392 3235 2444 3289 7.
2480 3234 2742 3300 Quoniam
2769 3234 3032 3304 sapientia
3061 3234 3240 3288 carnis
3262 3233 3481 3287 inimica
3499 3239 3577 3286 est
3596 3230 3730 3286 Deo.

2204 3327 2406 3382 Pltotii.
2441 3326 2609 3382 Recte
2648 3343 2779 3398 ergo
2801 3327 2954 3390 dicit,
2979 3326 3230 3398 quoniam
3257 3325 3517 3396 sapientia
3553 3325 3730 3376 carnis

2131 3418 2234 3488 legi
2259 3417 2462 3473 Christi
2482 3434 2585 3471 non
2605 3416 2844 3487 subjecta
2876 3425 2974 3472 est.
3007 3414 3260 3483 Quandiu
3299 3415 3446 3470 enim
3478 3421 3584 3478 est,
3611 3412 3731 3467 evi-

2133 3513 2268 3567 dens
2303 3521 2387 3566 est
2414 3511 2664 3581 quoniam
2704 3527 2811 3564 non
2855 3509 3096 3578 subjecta
3165 3519 3292 3573 est;
3344 3507 3589 3579 quandiu
3632 3522 3731 3561 au-

2133 3614 2240 3658 tem
2267 3604 2448 3673 elapsa
2500 3611 2582 3658 est
2618 3611 2672 3657 et
2703 3602 2976 3658 abscessit
3026 3601 3095 3656 ab
3127 3601 3370 3665 homine,
3397 3600 3623 3656 evidens
3649 3608 3733 3654 est

2134 3692 2394 3762 quoniam
2422 3705 2528 3746 non
2553 3690 2796 3760 subjecta
2825 3698 2930 3745 est.
2955 3687 3244 3755 Quomodo
3278 3688 3422 3743 enim
3456 3687 3602 3759 quod
3623 3702 3730 3741 non

2135 3793 2219 3838 est
2258 3793 2352 3839 aut
2386 3783 2604 3838 resistet
2631 3778 3422 3852 autsubjicieturalieui?quis
3445 3791 3574 3848 ergo
3602 3779 3735 3832 sub-

2130 3875 2310 3947 jectus
2327 3871 2452 3929 est?
2478 3873 2736 3939 homone,
2759 3873 2813 3928 in
2843 3887 2956 3943 quo
2982 3871 3247 3942 sapientia
3273 3869 3457 3926 carnis
3474 3884 3581 3923 non
3601 3876 3686 3924 est
3710 3867 3736 3922 τ

2135 3969 2384 4037 sedjam,
2431 3966 2487 4021 in
2523 3981 2634 4036 quo
2669 3967 2950 4021 invenitur
2978 3964 3163 4020 carnis
3198 3962 3487 4034 sapientia,
3509 3976 3616 4016 non
3645 3959 3737 4016 ille

2133 4069 2234 4116 est.
2271 4059 2594 4114 lmmutatus
2611 4070 2790 4113 autem
2820 4075 2915 4128 per
2941 4056 3318 4127 paenitentiam
3335 4065 3387 4110 et
3404 4069 3730 4120 conversus,

2134 4161 2267 4208 tunc
2297 4152 2388 4208 ille
2422 4152 2624 4207 bonum
2666 4159 2924 4220 operatur
2953 4157 3008 4204 et
3034 4149 3138 4219 legi
3188 4147 3281 4202 Dei
3313 4146 3594 4216 subjectus
3624 4153 3730 4200 est.

2203 4307 2372 4364 Vens.
2402 4308 2494 4363 24.
2527 4305 2660 4378 Spes
2687 4315 2864 4361 autem
2894 4320 3012 4372 qua:
3049 4302 3257 4358 videtur
3284 4318 3388 4355 non
3409 4309 3485 4355 est
3534 4317 3672 4370 spes.

2205 4400 2407 4456 Photii.
2443 4399 2585 4467 Quid
2622 4413 2754 4470 ergo
2783 4413 2892 4452 non
2923 4395 3238 4466 accepimus
3278 4394 3424 4448 illam
3455 4393 3736 4463 (adoptio-

2136 4493 2284 4564 nem)
2302 4507 2396 4564 per
2418 4490 2731 4561 baptisma?
2760 4502 2943 4544 nonne
2962 4495 3017 4543 et
3047 4487 3160 4556 ipse
3190 4485 3354 4556 paulo
3376 4494 3503 4538 ante
3521 4484 3734 4549 dixisti,

2143 4587 2272 4658 quia
2303 4585 2576 4656 accepistis
2608 4585 2858 4651 spiritum
2896 4581 3197 4652 adoptionis
3227 4579 3252 4633 ?
3280 4579 3356 4634 lta
3392 4585 3495 4646 est,
3535 4575 3732 4647 inquit.

2139 4681 2364 4748 Qualem
2395 4693 2526 4750 ergo
2550 4686 2938 4749 exspectamus
2971 4676 2996 4731 ἲ
3040 4675 3178 4729 hanc
3208 4689 3330 4744 quae
3386 4671 3734 4726 manifestata

2137 4785 2243 4837 est,
2283 4775 2381 4837 ait,
2414 4789 2510 4842 per
2550 4771 2982 4840 redemptionem
3015 4769 3264 4840 corporis
3307 4767 3503 4822 nostri.
3553 4765 3732 4820 Aliam

2138 4881 2205 4923 ac
2227 4866 2373 4921 illam
2403 4879 2524 4936 qua)
2557 4865 2703 4920 dicta
2745 4862 2900 4918 fuit?
2933 4861 3111 4931 absiti!
3172 4861 3266 4916 sed
3298 4857 3548 4914 eamdem
3586 4857 3734 4912 illam

2137 4961 2414 5032 posterius
2466 4958 2893 5020 manilestatam,
2941 4966 2996 5011 et
3033 4969 3131 5024 per
3178 4953 3299 5022 ejus
3340 4949 3733 5022 experientiam

2137 5053 2435 5124 cognitam.
2470 5049 2707 5114 Etenim,
2765 5056 2893 5118 post
2951 5045 3385 5115 redemptionem
3445 5041 3733 5112 corporis,

2138 5156 2272 5203 tunc
2302 5147 2569 5203 bonorum
2601 5143 2706 5198 erit
2736 5141 3014 5213 possessio
3058 5156 3074 5206 ;
3111 5147 3242 5194 tunc
3271 5136 3457 5193 omnia
3507 5149 3738 5191 cernen-

2139 5247 2231 5295 tur
2263 5238 2577 5307 adoptionis
2605 5236 2763 5306 signa
2793 5242 2848 5289 et
2877 5233 3125 5288 eﬂ'ectus.
3172 5227 3330 5284 Nunc
3361 5228 3506 5282 enim
3542 5226 3596 5279 in
3639 5239 3735 5295 spe

2138 5345 2329 5386 eorum
2382 5325 2694 5394 accepimus
2734 5323 3137 5394 adoptionem;
3190 5320 3485 5391 Apostolus
3549 5327 3730 5372 autent

2137 5424 2378 5494 apertius
2429 5419 2561 5475 dicit
2600 5435 2614 5472 :
2661 5416 2811 5472 Salvi
2837 5417 2969 5486 [neti
3004 5431 3206 5471 sumus.
3259 5411 3550 5480 Quomodo
3600 5424 3733 5479 ergo

2139 5529 2426 5587 speramus
2456 5511 2568 5575 illa,
2619 5526 2743 5566 eum
2769 5509 2881 5579 jam
2917 5525 3025 5562 non
3058 5508 3361 5572 evenerint,
3405 5519 3583 5576 neque
3610 5504 3730 5558 visu

2141 5618 2352 5675 nostro,
2379 5620 2555 5675 neque
2572 5604 2910 5673 experientia
2935 5602 3150 5673 cognita
3177 5603 3288 5657 sint
3308 5601 3331 5654 ?
3355 5601 3492 5655 bene
3512 5606 3564 5653 et
3585 5607 3733 5651 rer-te

2141 5699 2427 5768 loquitur;
2462 5695 2506 5748 si
2540 5693 2687 5747 enim
2734 5694 2855 5748 visu
2899 5703 3110 5759 nostro,
3147 5700 3202 5747 et
3246 5687 3580 5762 experientia
3617 5687 3728 5753 jam

2140 5805 2262 5862 qua:
2309 5793 2597 5857 sperantur
2642 5784 2784 5840 bona
2843 5785 3061 5856 cognita
3095 5791 3301 5848 essent,
3350 5797 3456 5838 non
3517 5789 3734 5851 sperata

2144 5895 2320 5940 orent.
