4132 6466
513 349 655 415 1243
1699 351 1964 413 ΡΗΟΤΙΙ
2000 352 2141 413 ΡΑΤ

2131 350 2509 414 ’ΒΙΑΒΟΗᾸΞ
2537 354 2645 415 Cl’.
3623 352 3763 417 1214

563 464 726 521 Vens.
756 465 846 519 51.
887 463 1030 531 Quid
1056 481 1178 535 ergo
1215 465 1449 521 dicemus
1476 465 1545 519 ad
1567 466 1680 521 haec
1704 468 1730 521 1’
2111 476 2158 530 Α

2111 476 2158 530 Α
2511 470 2573 523 Τί
2600 463 2716 524 οὖν
2741 468 2995 537 ἐροῦμεν
3024 468 3176 537 πρὸς
3203 468 3420 534 ταῦτα;

554 555 753 613 Photii.
776 557 938 614 Certe
974 558 1045 612 ita
1069 566 1170 612 est.
1205 558 1348 624 Quid
1377 558 1610 614 dicemus
1637 562 1705 613 ad
1736 560 1847 615 hwc
1869 561 1894 614 7
1919 557 2077 625 Quod

2250 559 2580 615 Φωτίου.Ἥ
2605 560 2699 613 καὶ
2735 560 2930 625 οὕτως·
2984 560 3047 615 Τί
3082 561 3337 630 ἐροῦμεν
3367 559 3520 630 πρὸς
3556 560 3785 627 ταῦτας

487 652 672 723 elegit,
706 653 853 722 quod
894 652 1129 716 vocavit,
1176 652 1322 720 quod
1348 650 1698 721 justiﬁcavit,
1729 652 1876 723 quod
1905 652 2077 721 glori-

2179 653 2261 706 ὅτι
2321 652 2651 725 προώρισεν,
2714 653 2798 707 ὅτι
2846 653 3128 716 ἐκάλεσεν,
3178 652 3262 705 ὅτι
3312 651 3663 718 ἐδικαίωσεν,
3700 653 3785 707 ὃτι

488 744 690 799 ﬁcavit.
738 744 818 797 Ad
865 752 1073 797 tantam
1140 743 1529 799 beneﬁciorum
1576 746 2075 814 magniﬁcentiam,

2180 744 2441 809 ἐδόξασεο
2498 745 2636 815 πρὸς
2686 744 2947 815 τοιαύτην
3011 743 3273 811 ἀφθονίαν
3324 743 3689 815 εὐεργεσιῶν,
3731 742 3784 797 τί

490 836 621 906 quid
645 834 927 891 dicemus?
951 850 1057 890 non
1075 836 1267 906 gratis,
1290 836 1486 906 inquit,
1513 837 1691 893 verbis
1709 838 2075 903 abundamus,

2179 838 2454 909 έροῦμενς
2515 838 2649 891 Οὐδὲ
2682 836 3042 909 εὐχαριστῶν,
3070 840 3259 905 φησὶν,
3297 835 3474 907 λόγων
3512 836 3784 908 εὐποροῦ-

490 944 667 998 neque
741 944 969 998 operum
1015 929 1399 984 retributione.
1459 928 1607 985 Talis
1666 938 1749 984 est
1789 929 2080 985 ineﬁ‘abilis

2187 950 2286 1001 μεν
2311 951 2325 965 ο
2361 936 2433 1003 μή
2456 950 2507 985 τι
2538 948 2603 1000 γε
2634 931 2811 1002 ἔργων
2851 930 3113 1001 ἀμοιϐῆς.
3152 929 3391 1001 Τοιαύτη
3441 932 3595 984 ἐστὶν
3626 931 3783 999 ἄφα-

487 1020 608 1088 ejus
640 1021 786 1075 circa
820 1035 922 1075 nos
953 1022 1148 1091 gratia.
1179 1019 1384 1075 Deinde
1413 1021 1568 1091 quasi
1600 1022 1813 1091 copiam
1850 1034 2078 1089 accepe-

2180 1040 2272 1087 τος
2298 1023 2462 1077 αὐτοῦ
2496 1025 2530 1099 ή
2560 1024 2690 1094 περὶ
2722 1024 2871 1093 ἡμᾶς
2923 1022 3105 1092 χάρις.
3143 1019 3278 1076 Εἶτα
3308 1022 3497 1093 ῶσπερ
3524 1024 3782 1094 πόρισμα

486 1115 557 1166 rit
588 1113 733 1180 inde,
766 1113 901 1167 dicit
930 1132 942 1167 :
976 1111 1035 1167 Si
1068 1112 1207 1167 Deus
1239 1130 1333 1183 pro
1365 1114 1533 1179 nobis,
1568 1115 1686 1184 quis
1712 1123 1899 1167 contra
1933 1129 2027 1167 nos
2054 1114 2080 1167 Ρ

2178 1114 2360 1169 λαϐὼν
2386 1116 2658 1183 ἐντεῦθεν,
2693 1116 2881 1187 φησὶν,
2927 1119 2995 1171 El
3029 1119 3061 1171 ό
3103 1116 3251 1183 Θεὸς
3284 1115 3437 1185 ὑπὲρ
3463 1116 3656 1186 ἡμῶν,
3690 1118 3784 1183 τίς

487 1220 657 1259 nemo
688 1222 703 1270 ;
737 1208 995 1275 quamvis
1024 1208 1170 1260 enim
1205 1207 1375 1276 aliqui
1407 1222 1602 1261 nocere
1630 1206 1933 1261 niterentur
1965 1222 2076 1263 non

2180 1209 2311 1262 καθ’
2345 1207 2555 1277 ήμῶν;
2590 1209 2799 1269 Οὐδείς.
2828 1208 2947 1263 Κᾶν
2978 1209 3088 1280 γάρ
3132 1227 3278 1272 τινες
3340 1208 3604 1279 βλάπτειν
3655 1210 3782 1262 ἐπι-

488 1295 788 1359 nocebunt,
825 1294 919 1350 sed
953 1296 1274 1365 proderunt.

2180 1301 2534 1372 χειρήσωσιν,
2559 1302 2622 1355 οὐ
2654 1300 2972 1371 βλάψουσιν,
3007 1300 3144 1354 άλλά
3168 1300 3564 1372 ὠφελήσουσιν.

485 1384 640 1440 CAP.
678 1386 813 1441 VIII.
847 1387 1008 1443 Vens.
1046 1388 1138 1441 28.
1187 1386 1285 1441 His
1313 1388 1404 1458 qui
1429 1387 1717 1441 secundum
1747 1388 2075 1457 propositum

1090 1487 1211 1530 sunt
1249 1480 1437 1532 sancti.

563 1565 759 1621 Photii.
786 1567 842 1620 Id
861 1577 965 1633 est,
991 1568 1074 1621 his
1102 1572 1194 1638 qui
1227 1572 1527 1623 secundum
1559 1571 1858 1635 decretum,
1883 1586 2073 1625 secum

2251 1576 2498 1630 Φωτίου.
2523 1574 2783 1628 Τουτέστι
2818 1577 2932 1640 τοῖς
2957 1574 3102 1630 κατὰ
3128 1572 3383 1646 γνώμην,
3411 1573 3554 1629 κατά
3582 1573 3781 1646 πρόθε-

486 1663 618 1718 dum
651 1662 1016 1733 propositum,
1044 1662 1193 1732 digni
1222 1661 1393 1716 habiti
1424 1672 1553 1716 sunt
1596 1662 1887 1717 sanctitate
1917 1677 2079 1717 voca-

1378 1664 1393 1716 i
1424 1672 1553 1716 sunt
1596 1662 1887 1717 sanctitate
1917 1677 2079 1717 voca-
2182 1683 2267 1720 σιν
2308 1666 2587 1732 eameam
2613 1665 2714 1737 τῆς
2739 1666 3009 1738 κλήσεως.

487 1768 671 1811 llOIlIS.

2438 1413 2571 1481 Τοῖς
2610 1415 2763 1470 κατὰ
2782 1417 3076 1484 πρόθεσιν
3097 1414 3345 1482 κλητοῖς
3381 1410 3546 1472 οὖσι.

485 1869 758 1925 \'ens.52.
803 1869 908 1934 Qui
945 1870 1105 1923 etiam
1134 1867 1349 1938 propria
1386 1866 1532 1921 Filio
1566 1885 1661 1922 sua
1690 1884 1791 1920 non
1820 1869 2072 1937 pepercit,
2112 1822 2117 1876 Ι

2148 1830 2151 1871 ς
2182 1869 2284 1933 Ὃς
2317 1885 2383 1937 γε
2410 1852 2719 1922 τοῦἷδίου⁸
2738 1858 3042 1938 ’Υίοῦ-οὑκ
3090 1865 3590 1938 ἐφείσατοηάλὲ
3621 1865 3780 1938 ὑπὲρ

556 1944 645 1995 sed
676 1958 770 2010 pro
790 1942 940 1994 nobis
967 1935 1207 1993 omnibus
1233 1935 1455 1992 tradidit
1475 1940 1662 2007 illum;
1686 1935 1948 2009 quomodo
1972 1956 2077 1992 non

2252 1935 2421 2010 ἡμῶν
2454 1938 2697 2010 παντων
2736 1936 3082 2010 παρέδωκεν
3105 1937 3316 2010 αὐτὸν,
3347 1935 3473 2003 πῶς
3500 1939 3638 2007 οὐχὶ
3679 1937 3784 1991 καὶ

555 2006 718 2065 etiam
757 2028 877 2064 cum
911 2012 1004 2063 illo
1045 2013 1223 2064 omnia
1258 2011 1407 2063 nobis
1433 2012 1647 2063 donavit
1674 2006 1708 2062 ?'

2250 2009 2373 2062 σὺν
2394 2008 2555 2074 αὐτῷ
2584 2008 2657 2062 τὰ
2679 2006 2876 2061 πάντα
2914 2006 3059 2076 ἡμῖν
3082 2008 3391 2076 χαρίσεται
3416 2022 3435 2070 ;

556 2104 756 2157 Pliotii.
799 2104 1038 2173 Apponit
1078 2102 1245 2172 igitur
1279 2103 1454 2157 illud:
1488 2100 1594 2167 Qui
1651 2101 1813 2155 etiam
1862 2103 2077 2172 proprio

2250 2104 2497 2157 Φωτιόυ.
2528 2102 2753 2155 Τέθεικε
2780 2102 2961 2155 τοίνυν
2989 2101 3070 2164 τὸ,
3095 2101 3206 2166 ’⁷ος
3231 2118 3296 2171 γε
3330 2101 3438 2155 τοῦ
3471 2100 3625 2154 [diem
3638 2099 3782 2153 ΥΙοῦ

486 2195 632 2250 Filio
654 2213 757 2250 non
785 2196 1035 2266 pepercit.
1072 2194 1529 2259 Sollicitudinem,
1549 2203 1611 2250 ut
1639 2195 1903 2260 diximus,
1939 2194 2080 2249 incf-

2179 2186 2617 2264 ovxﬁscelaato,
2635 2194 2735 2264 τὴν
2749 2193 3095 2265 κηδεμονίαν,
3115 2192 3191 2256 ὡς
3206 2193 3309 2261 ἔφα
3317 2210 3437 2263 μεν,
3458 2193 3557 2264 τὴν
3572 2194 3782 2261 ἄφατον

486 2291 707 2345 fabilem
735 2288 826 2344 Dei
852 2290 997 2344 circa
1026 2304 1127 2345 nos
1166 2287 1485 2350 ostendens,
1531 2288 1829 2358 simulque,
1863 2288 1909 2341 si
1947 2288 2077 2357 quid

2177 2285 2273 2340 τοῦ
2300 2285 2435 2340 Θεοῦ
2473 2286 2571 2358 τήν
2600 2286 2728 2357 περὶ
2755 2285 2902 2355 ἡμᾶς
2932 2283 3369 2356 ἐνδεικνύμενος.
3404 2287 3514 2339 Καὶ
3557 2284 3679 2354 ἅμα
3724 2284 3782 2337 ετ

484 2399 743 2453 asperum
791 2384 861 2438 ab
916 2382 1101 2453 aliquo
1146 2382 1405 2450 patimur,
1466 2380 1781 2435 ﬁrmitatem
1832 2395 1927 2450 per
1976 2382 2079 2434 hoc

2178 2395 2233 2431 τι
2261 2379 2526 2449 δυσχερὲς
2564 2379 2669 2432 ὑπό
2691 2396 2835 2442 τινος
2864 2379 3171 2449 πάσχομεν,
3213 2379 3502 2449 καρτερεῖν
3545 2377 3638 2437 διὰ
3680 2376 3778 2429 τοῦ

484 2476 795 2545 exemplum
837 2477 1119 2541 suadens;
1164 2489 1271 2527 non
1326 2474 1503 2527 solum
1536 2482 1743 2537 autem,
1780 2473 1876 2528 sed
1906 2483 1961 2528 et
1993 2474 2078 2527 in-

2180 2470 2633 2541 παραδείγματος
2675 2470 2977 2544 παραινῶν.
3030 2472 3107 2524 Οὐ
3168 2469 3330 2540 μόνον
3376 2469 3456 2531 δὲ,
3505 2469 3644 2523 ἀλλὰ
3682 2469 3781 2522 καὶ

484 2571 691 2625 ducens
716 2577 771 2623 et
797 2568 1106 2638 injungens.
1129 2566 1186 2621 Si
1212 2566 1356 2621 enim
1382 2565 1551 2619 Filius
1574 2574 1723 2619 tanta
1744 2581 1844 2635 pro
1875 2576 1925 2620 te
1954 2581 2078 2635 pas"

2179 2561 2563 2632 ἀνακτώμενος
2595 2561 2690 2614 κοιλ⁵
2717 2561 3073 2633 παρηγορῶν.
3109 2561 3171 2613 Ei
3192 2560 3303 2630 γάρ
3328 2562 3358 2613 ὁ
3383 2560 3511 2623 Υἱὸς
3536 2559 3781 2612 τοσαῦτα

484 2676 582 2715 sus
615 2670 719 2725 est,
745 2661 876 2728 quid
918 2670 969 2714 te
999 2669 1214 2728 oportet
1245 2659 1353 2727 pati
1389 2673 1485 2726 pro
1512 2656 1648 2710 illo?
1698 2667 1771 2721 et,
1811 2657 1897 2711 ille
1929 2666 2079 2711 tanta

2180 2654 2322 2725 ὑπὲρ
2363 2652 2457 2706 σοῦ
2488 2652 2678 2716 ἔπαθε,
2708 2653 2760 2705 τί
2785 2671 2844 2705 σε
2879 2653 2985 2723 χρὴ
3038 2652 3233 2705 παθεῖν
3265 2651 3404 2720 ὑπὲρ
3436 2650 3648 2706 αὑτοῦξ
3680 2650 3779 2701 καὶ¹

484 2754 719 2823 patiens,
748 2764 986 2822 paterna:
1014 2753 1202 2823 gloriae
1230 2761 1281 2804 et
1308 2750 1615 2804 divinitatis
1639 2750 1847 2803 nullum
1875 2750 2079 2803 donum

2180 2745 2229 2797 ei
2277 2745 2485 2806 ἐκεῖνος
2525 2742 2751 2795 τοιαῦτα
2791 2742 3013 2808 παθὼν,
3058 2745 3159 2812 τῆς
3203 2742 3481 2812 πατρικῆς
3528 2741 3692 2811 δόξης
3716 2758 3792 2819 τε.

483 2843 784 2912 recipiebat
811 2860 825 2897 :
854 2840 937 2895 Tu
970 2857 1097 2896 vero
1130 2858 1235 2897 non
1269 2843 1493 2897 omittas
1525 2842 1615 2895 illa
1661 2839 1812 2910 pati;
1854 2838 2081 2893 omnino

2181 2836 2274 2889 καὶ
2294 2835 2549 2906 θεότητος
2575 2836 2733 2889 οὐδέν
2768 2852 2821 2888 τι
2882 2835 3284 2905 καθυφειμένον
3326 2833 3545 2898 ἐδέξατο
3577 2851 3594 2867 ·
3638 2833 3781 2904 μηδὲ

481 2939 631 2995 enim
668 2938 826 2993 bonis
871 2937 1178 3009 promissis,
1196 2947 1319 3007 post
1351 2939 1663 3009 passionem
1686 2943 1740 2991 et
1770 2943 1896 3006 post
1929 2948 2080 2989 mor-

2182 2927 2247 2981 σὺ
2309 2927 2656 2998 ὀλιγωρήσῃς
2724 2927 2951 2999 πάσχων
3000 2927 3199 2981 ταῦτα.
3252 2928 3481 2989 Πάντως
3527 2929 3639 2996 γὰρ
3669 2926 3783 2979 τῶν

484 3037 594 3085 tem
622 3028 822 3101 dignus
855 3030 1168 3085 habeberis.

2182 3018 2630 3090 ἐπηγγελμένων,
2715 3020 2810 3073 καὶ
2857 3018 2997 3090 μετὰ
3045 3019 3113 3073 τὰ
3157 3018 3482 3090 παθήματα,
3511 3018 3610 3072 καὶ
3638 3021 3784 3091 μετὰ

2182 3110 2275 3163 τὸν
2315 3109 2566 3174 θάνατον,
2595 3110 2898 3183 ἁξιωϐήσῃ.

559 3229 724 3286 Vens.
768 3232 857 3286 53.
896 3231 1028 3299 Quis
1057 3231 1330 3286 accusabit
1358 3231 1607 3286 adversus
1636 3229 1825 3286 electos
1854 3227 1950 3282 Dei
1978 3228 2003 3282 .’
2096 3169 2143 3231 Ο

1978 3228 2003 3282 3
2096 3169 2143 3231 Ο
2408 3224 2502 3288 Τίς
2527 3221 2847 3291 ἐγκαλέσει
2881 3223 3031 3278 κατὰ
3062 3223 3367 3279 ἐκλεκτῶν
3406 3224 3598 3291 Θεοῦ;

558 3321 760 3378 Pliotii.
794 3321 853 3377 In
879 3324 966 3379 his
988 3340 1110 3393 qua:
1137 3340 1327 3394 supra,
1370 3324 1588 3380 locutus
1617 3331 1697 3378 est
1727 3321 1793 3377 de
1821 3320 2081 3376 tentatio-

2258 3318 2505 3373 Φωτίου.
2551 3317 2641 3371 Ἐν
2694 3320 2806 3381 τοῖς
2845 3317 3157 3389 ἔμπροσθεν
3203 3317 3259 3371 δὲ
3298 3317 3470 3372 εἰπὼν
3498 3320 3629 3382 τοὺς
3660 3337 3787 3373 πει-

482 3417 648 3472 nibus
679 3432 803 3486 quae
824 3432 917 3485 per
943 3416 1264 3473 aﬂlictioncs
1297 3426 1352 3473 et
1387 3418 1667 3473 cruciatus
1699 3415 1858 3481 ﬁunt,
1892 3413 2080 3468 dicen-

2189 3409 2434 3481 ρασμοὺς
2452 3409 2578 3472 τοὺς
2605 3409 2694 3463 διὰ
2724 3408 2955 3480 θλίψεων
2985 3411 3081 3463 καὶ
3113 3408 3386 3479 βασάνων,
3409 3411 3469 3464 έν
3498 3409 3576 3482 τῷ
3602 3413 3786 3464 εἰπεῖν

482 3509 598 3564 do:
664 3509 795 3573 Quis
844 3520 1030 3562 contra
1084 3510 1222 3564 nos?
1252 3524 1399 3563 nunc
1442 3508 1670 3563 alteram
1714 3506 2078 3563 tentationum

2194 3502 2289 3567 Τίς
2319 3504 2447 3556 καθ’
2470 3501 2677 3571 ἡμῶνς
2712 3503 2806 3556 νῦν
2840 3503 3029 3573 ἕτερον
3065 3498 3204 3567 εἶδος
3233 3503 3559 3573 πειρασμῶν
3583 3503 3739 3573 λέγει
3766 3518 3786 3536 ⁸

484 3602 722 3672 speciem
754 3601 961 3656 indicat
994 3620 1007 3657 :
1066 3603 1456 3665 contumelias,
1487 3601 1966 3672 exprobrationes,
1991 3599 2080 3651 in-

2186 3594 2311 3657 τοὺς
2364 3593 2723 3664 ὀνειδισμοὺς,
2770 3595 2867 3658 τὰς
2908 3594 3166 3665 μέμψεις,
3220 3596 3320 3659 τάς
3367 3594 3662 3668 λοιδορίας,
3712 3597 3782 3659 ἃ..

481 3695 660 3763 jurias
705 3696 909 3764 quibus
958 3695 1248 3749 credentes
1282 3709 1314 3748 ιι
1362 3710 1469 3748 non
1503 3693 1857 3749 credentibus
1903 3692 2079 3761 impe-

2186 3686 2448 3755 κατέχεον
2478 3688 2525 3740 οί
2576 3687 2795 3741 ἄπιστοι
2842 3687 2950 3741 τῶν
2991 3687 3220 3743 πιστῶν.
3285 3688 3399 3741 Καὶ
3443 3688 3605 3743 τοῦτο
3628 3689 3788 3760 δηλοῖ

486 3787 635 3841 tendi
687 3797 838 3841 sunt.
895 3784 1031 3841 Illud
1062 3801 1283 3857 quoque
1320 3786 1567 3842 ostendis
1610 3786 1886 3840 dicendo:
1945 3782 2079 3849 Quis

2185 3774 2273 3827 διὰ
2319 3775 2413 3828 τοῦ
2463 3775 2665 3844 λέγειν,
2742 3777 2839 3843 Τίς
2898 3777 3220 3848 ἐγκαλέσει
3264 3777 3419 3832 κατὰ
3476 3778 3787 3833 ἐκλεκτῶν

485 3880 751 3934 incusabit
778 3888 965 3932 contra
991 3880 1181 3933 eiectos
1212 3880 1307 3934 Dei
1338 3880 1365 3934 ἔ)
1400 3888 1456 3935 et
1507 3878 1827 3933 manifestat
1880 3878 1974 3944 ibi,
2022 3889 2081 3933 ut

2189 3864 2340 3919 Θεοῦ
2356 3881 2376 3927 ;
2424 3868 2520 3920 καὶ
2560 3867 2914 3922 ἀποδείκνυσι
2957 3869 3271 3936 κάνταῦθα,
3317 3869 3512 3941 ῶσπερ
3558 3872 3657 3924 καὶ
3689 3873 3786 3924 ἐπὶ

486 3972 540 4026 in
587 3971 939 4042 supradictis,
974 3972 1028 4026 in
1068 3988 1298 4038 vanum,
1332 3972 1441 4026 Deo
1478 3971 1841 4042 justiﬁcante,
1870 3972 1938 4030 iis
1972 3973 2079 4027 lin-

2185 3960 2294 4011 τῶν
2350 3960 2677 4031 εἰρημένων,
2740 3963 2823 4016 ὃτι
2874 3961 3010 4016 Θεοῦ
3068 3962 3428 4029 δικαιοῦντος,
3485 3965 3567 4028 είς
3601 3964 3784 4036 μάτην

483 4082 645 4139 guain
679 4066 895 4136 prurire
926 4065 1019 4136 qui
1061 4075 1324 4121 accusant
1346 4074 1400 4120 et
1430 4065 1818 4121 condemnant.

2186 4048 2630 4120 γλωσσαλγοῦσιν
2669 4053 2719 4105 οἱ
2747 4051 3065 4125 αἰτιώμενοι
3092 4054 3188 4108 καὶ
3214 4055 3670 4127 κατακρίνοντες.

645 4158 800 4213 CAP.
839 4156 929 4212 Ix.
973 4156 1139 4213 Vens.
1176 4158 1297 4214 1-5.
1338 4156 1624 4213 Veritatem
1651 4158 1793 4226 dico,
1823 4168 1932 4215 etc.

1736 4174 1793 4226 κο,
1823 4168 1932 4215 etc.
2601 4166 2907 4234 Ἀλήθειαν
2939 4168 3120 4238 λέγω,
3146 4185 3204 4225 κ.
3238 4187 3291 4223 τ.
3317 4167 3368 4223 λ.

555 4250 753 4306 ΡΙιοιὶὶ.
792 4250 898 4307 Sed
951 4251 1230 4322 quomodo
1266 4251 1421 4318 dicit,
1456 4266 1619 4321 quem
1675 4252 1811 4307 nihil
1861 4263 2081 4324 separat

2254 4260 2507 4314 Φωτιόυ.
2553 4258 2714 4314 Ἀλλά
2747 4260 2885 4326 πῶς,
2920 4263 3108 4332 φησὶν,
3142 4262 3201 4317 ὃν
3233 4262 3386 4316 οὐδὲν
3417 4262 3644 4335 χωρίζει
3671 4264 3784 4318 ἀπὸ

482 4360 512 4399 a
549 4346 819 4401 eharitate
865 4345 1099 4413 Christi,
1134 4346 1279 4402 hunc
1307 4346 1378 4400 ob
1401 4354 1669 4417 cognatos
1710 4348 1991 4416 inquirere
2024 4356 2079 4402 et

2180 4350 2282 4419 τῆς
2305 4351 2524 4420 ἀγάπης
2590 4350 2685 4405 τοῦ
2735 4353 3008 4425 Χριστοῦ,
3075 4374 3230 4420 ουτος
3303 4357 3445 4427 ὑπὲρ
3494 4360 3784 4427 συγγενῶν

483 4447 677 4506 optare
718 4439 788 4491 ab
823 4438 915 4492 illo
945 4440 1191 4508 separari
1224 4438 1248 4491 ?
1299 4453 1413 4492 non
1444 4447 1573 4493 sunt
1595 4514 1599 4518 _
1623 4441 1903 4494 contraria
1948 4441 2074 4504 ista,

2182 4441 2434 4512 ἐπιζητεῖ
2461 4443 2557 4496 καὶ
2603 4443 2825 4515 εὔχεται
2863 4445 3056 4500 τούτου
3095 4449 3465 4520 χωρισθῆναι;
3492 4451 3594 4504 οὐκ
3628 4450 3783 4504 ἔστιν

483 4531 581 4585 sed
608 4541 661 4584 et
691 4529 876 4600 potius
925 4531 1282 4585 concordant.
1309 4530 1414 4597 Qui
1446 4531 1591 4585 enim
1642 4530 1869 4587 fratrem
1917 4548 2079 4587 suum
2112 4586 2115 4593 ε

2150 4533 2406 4586 »ἐναντία
2463 4533 2659 4596 ταῦτα,
2712 4534 2850 4590 ἀλλὰ
2905 4538 2999 4591 καὶ¹
3043 4539 3249 4609 μᾶλλον
3299 4541 3539 4613 συνᾴδει.
3580 4541 3643 4595 '0
3670 4542 3782 4613 γάρ

482 4619 680 4689 diligit,
709 4618 879 4675 Deum
905 4620 1081 4689 diligit
1107 4637 1121 4686 ;
1164 4616 1233 4673 In
1260 4620 1356 4673 hoc
1381 4621 1521 4674 enim
1554 4631 1865 4690 cognoscent
1898 4637 2075 4676 omnes

2177 4624 2407 4692 ἀγαπῶν
2463 4627 2555 4679 τὸν
2589 4628 2817 4697 ἀδελφὸν
2865 4629 3056 4698 αὐτοῦ,
3113 4632 3206 4685 τὸν
3238 4632 3369 4686 Θεὸν
3416 4635 3628 4705 ἀγαπᾷ.
3676 4636 3785 4689 Ἐν

482 4715 609 4782 quia
659 4712 911 4783 discipuli
959 4715 1061 4767 mei
1100 4714 1252 4779 estis,
1289 4715 1336 4766 si
1376 4714 1690 4768 charitatem
1737 4713 1979 4769 habeatis
2022 4716 2079 4768 in

2177 4718 2365 4785 τούτῳ
2420 4718 2531 4787 τὰρ
2568 4719 2904 4789 γνώσονται
2933 4723 3155 4791 πάντες
3215 4725 3305 4779 ὅτι
3357 4727 3488 4797 ἐμοὶ
3515 4729 3785 4796 μαθηταί

485 4809 828 4863 alterutrum.
883 4808 958 4861 Ila
1003 4817 1107 4872 est,
1149 4807 1371 4877 inquit;
1416 4805 1511 4861 sed
1564 4806 1639 4860 ibi
1677 4806 1769 4861 Dei
1821 4807 2077 4862 charitati

2176 4808 2339 4875 ἐστε,
2379 4810 2489 4865 ἐὰν
2528 4813 2771 4883 ἀγάπην
2817 4815 2997 4885 ἔχητε
3034 4818 3187 4886 πρὸς
3241 4819 3581 4888 ἀλλήλους.
3646 4821 3781 4888 Ναὶ,

482 4902 719 4973 proximi
766 4902 1091 4955 eliaritatem
1132 4900 1432 4969 anteponit.
1480 4898 1587 4954 Sed
1626 4899 1750 4955 iIIos
1779 4899 2076 4971 diligendo,

2180 4903 2381 4972 φησίνο
2420 4903 2536 4957 ἀλλ’
2574 4905 2807 4962 ἐνταῦθα
2863 4911 3150 4980 προκρίνει
3180 4911 3279 4981 τῆς
3334 4913 3472 4982 πρδς
3516 4913 3611 4965 τὸν
3647 4914 3783 4965 Θεὸν

483 4994 707 5049 Christo
754 4992 1177 5047 identiﬁcamur.
1219 4990 1468 5047 Ostendit
1494 5006 1626 5062 ergo
1664 4992 2080 5061 supereminen-

2179 4992 2422 5065 ἀγάπης,
2457 4997 2555 5066 τὴν
2578 4997 2675 5050 τοῦ
2704 4998 2957 5069 πλησίον.
2999 5001 3163 5056 Ἀλλὰ
3209 5003 3269 5057 τὸ
3304 5006 3479 5073 φιλεῖν
3512 5006 3779 5071 ἐκείνους,

485 5096 593 5141 tem
649 5086 994 5148 charitatem,
1026 5087 1081 5140 in
1108 5101 1175 5141 eo
1216 5085 1363 5156 quod
1390 5084 1529 5141 alios
1561 5084 1615 5139 in
1646 5100 1704 5141 se
1746 5085 2034 5155 conjunxit
2060 5101 2076 5152 ;

2178 5087 2239 5141 τὸ
2289 5088 2570 5145 οἰκειῶσαι
2616 5091 2696 5163 τῷ
2734 5093 2957 5164 Χριστῷ
3007 5096 3148 5149 ἐστι.
3214 5097 3469 5150 Δείκνυσι
3503 5099 3637 5167 γοῦν
3670 5099 3776 5171 τὴν

486 5179 563 5232 ita
595 5178 743 5233 enim
789 5177 1020 5248 intelligi
1049 5178 1212 5233 debet
1239 5177 1388 5248 quod
1430 5177 1634 5232 dicitur
1671 5196 1685 5233 :
1725 5178 1783 5233 Si
1818 5179 2081 5248 possibile

2180 5179 2625 5251 ὑπερϐάλλουσαν
2654 5185 2899 5255 ἀγάπην,
2928 5187 3010 5241 ὃτι
3053 5188 3147 5242 καὶ
3192 5190 3413 5260 ἐτέρους
3442 5192 3783 5262 συνήλαυνεν

485 5284 632 5329 esset
665 5288 760 5344 per
801 5289 980 5327 meam
1036 5273 1396 5344 perditionem
1441 5271 1720 5329 Christum
1759 5274 2076 5343 gloriﬁcari,

2179 5274 2259 5334 εἰς
2316 5274 2501 5328 αὐτόν.
2544 5274 2701 5330 Οὕτω
2752 5278 2861 5349 γὰρ
2913 5280 2979 5331 ἂν
3029 5283 3203 5334 νοοῖτο
3270 5282 3333 5334 τὸ
3375 5284 3541 5354 ῥητόν
3578 5284 3685 5336 Ἐἰ
3714 5280 3784 5356 ἦν

485 5374 541 5420 et
572 5365 790 5422 Judaeos
827 5366 1049 5429 salvari,
1076 5381 1187 5420 non
1217 5366 1349 5420 illud
1384 5366 1706 5435 deprecarer
1733 5382 1747 5432 ;
1781 5367 1890 5423 alio
1913 5382 2078 5422 sensu

2178 5365 2403 5419 δυνατὸν
2441 5366 2529 5420 διὰ
2554 5369 2652 5434 τῆς
2680 5371 2821 5441 ἐμῆς
2848 5371 3149 5439 ἀπωλείας,
3173 5371 3502 5442 δοξασθῖψαι
3530 5377 3624 5429 τὸν
3647 5379 3692 5431 Χ
3703 5395 3786 5448 ρι-

486 5454 631 5508 enim
662 5470 771 5511 non
809 5456 941 5511 dicit
970 5456 1252 5511 anathema
1295 5457 1436 5525 ﬁeri,
1474 5457 1526 5513 id
1555 5468 1663 5523 est,
1698 5460 1898 5515 abhinc
1919 5475 2079 5530 sepa-

2183 5462 2327 5527 στὸν,
2366 5464 2459 5517 καὶ
2506 5466 2748 5535 σωθῆναι
2779 5469 2905 5531 τοὺς
2972 5470 3288 5538 Ἰουδαίους,
3346 5473 3473 5525 οὐδὲ
3522 5474 3681 5529 τοῦτο
3715 5476 3783 5528 ἂν

487 5548 598 5600 rari
648 5548 716 5603 ab
765 5548 904 5615 illo;
944 5548 996 5603 id
1030 5550 1176 5604 enim
1227 5550 1466 5603 maxime
1506 5550 1887 5605 detestandum
1928 5562 2011 5606 est
2061 5569 2075 5615 ;

2184 5557 2614 5628 παρῃτησάμην.
2656 5560 2868 5624 ’Λλλως
2890 5578 2947 5613 τε
2979 5562 3101 5615 οὐδὲ
3129 5563 3279 5631 λέγει
3310 5563 3585 5635 ἀνάθεμα
3623 5565 3779 5634 γενέ-

490 5640 583 5693 sed
618 5642 904 5695 anathema
936 5658 1047 5696 esse
1080 5685 1095 5709 ,
1126 5642 1176 5697 id
1207 5653 1312 5706 est,
1344 5651 1653 5713 separatum
1681 5644 1860 5700 adhuc
1887 5659 2078 5699 mane-

2181 5646 2327 5710 σθαι,
2384 5651 2685 5716 τουτέστιν,
2735 5653 2844 5705 ἀπὸ
2905 5654 3000 5705 τοῦ
3039 5651 3134 5708 νῦν
3183 5654 3351 5708 αὐτοῦ
3415 5656 3779 5727 χωρισθῆναι·

488 5744 569 5793 re,
616 5747 793 5801 neque
836 5734 902 5788 ad
943 5734 1222 5789 Christum
1274 5736 1496 5801 adiisse,
1541 5736 1634 5790 sed
1670 5736 1850 5792 adhuc
1887 5737 1955 5791 ab
1987 5737 2078 5791 illo

2180 5738 2341 5793 τοῦτο
2390 5742 2499 5813 γὰρ
2555 5745 3005 5798 ἀπευκτότατον·
3078 5745 3219 5801 ἀλλὰ
3282 5749 3557 5819 ἀνάθεμα
3602 5747 3780 5817 εἶναι,

490 5825 729 5891 separari
758 5826 839 5894 ;si
862 5827 1006 5881 istud
1037 5829 1101 5882 ad
1129 5838 1363 5883 vestram
1398 5831 1812 5885 conversionem
1835 5840 1887 5883 et
1917 5830 2075 5884 ﬁdem

2180 5832 2448 5899 τουτέστι,
2504 5838 2911 5906 κεχωρισμένον
2970 5836 3050 5892 ἔτι
3092 5833 3272 5907 εἶναι,
3336 5842 3432 5895 καὶ
3485 5844 3655 5914 μήπω
3701 5844 3779 5914 τῷ
