4132 6452
384 339 526 405 1945

1240 333 1705 397 FRAGMENTA
1770 332 1853 393 IN
1881 328 2309 391 EPISTULAM
2345 327 2446 387 AD
2478 321 2862 387 ROMANOS.

3530 322 3667 388 1246

378 456 606 532 Χριστῷ
650 455 992 527 προσελθεῖν,
1048 453 1162 507 ἀλλ’
1222 452 1305 506 ἔτι
1354 452 1764 523 κεχωρισμένον
1811 448 2012 511 αὐτοῦ¹

2094 446 2141 501 in
2190 445 2342 499 illum
2392 444 2697 514 proliceret.
2752 442 2876 495 Non
2923 439 3069 495 enim
3100 437 3248 510 quod
3272 437 3342 495 ad
3387 437 3666 494 Christum

378 551 522 604 εἶναι
543 568 558 582 ο
599 550 648 603 εί
672 547 832 604 τοῦτο
866 550 945 612 εἰς
975 546 1073 617 τὴν
1117 545 1393 617 ὑμετέραν
1438 544 1645 598 εἴσοδον
1674 544 1770 596 καὶ
1796 542 1980 595 πίστιν

379 644 481 715 τὴν
508 645 591 706 εἰς
618 643 785 697 αὑτὸν
823 639 1125 694 συνετέλει.
1157 638 1250 709 Μὴ
1285 638 1397 709 γὰρ
1425 638 1507 691 ὅτι
1548 635 1860 707 προσῆλθον
1903 634 1980 705 τῷ

383 734 629 806 Χριστῷ,
664 734 754 787 διὰ
796 731 957 786 τοῦτο
982 732 1079 785 καὶ
1129 731 1273 801 ὑμᾶς
1303 747 1371 801 με
1403 727 1795 800 προκαλεῖσθαι
1826 726 1982 797 νομί-

386 844 539 895 σητε,
559 825 743 894 φησίν.
775 823 885 877 Καὶ
913 822 1019 895 πρὸ
1044 820 1179 893 ἐμοῦ
1209 821 1354 891 ὑμᾶς
1377 819 1688 890 ⁴ἠϐουλόμην
1715 816 1981 887 προσδραο

388 921 511 986 μεῖν
533 917 705 986 αὐτῷ.

422 1031 558 1085 Ἵνα
587 1031 621 1098 ἡ
661 1029 789 1083 κατ’
818 1028 1085 1098 ἐκλογὴν
1125 1026 1232 1081 τοῦ
1260 1024 1411 1081 Θεοῦ
1442 1025 1729 1093 πρόθεσις
1756 1022 1938 1095 μένῃ.

461 1188 709 1241 Φωτιόυ.
750 1187 822 1239 Ἢ
851 1185 1108 1256 πρόθεσιν
1148 1184 1341 1248 εἰπὼν,
1364 1183 1460 1238 τοῦ
1493 1183 1628 1239 Θεοῦ
1651 1184 1750 1255 τὴν
1785 1182 1983 1254 βουλὴν

388 1281 680 1351 ἐδήλωσεν·
742 1279 914 1333 εἰπὼν
947 1280 1004 1333 δέ
1066 1283 1194 1333 κατ’
1225 1278 1513 1348 ἐκλογὴν,
1541 1277 1744 1343 ἔδειξεν
1773 1278 1855 1329 ὅτι
1885 1278 1980 1328 καὶ

388 1374 641 1444 διέφερον
670 1372 937 1441 ἀλλήλων.
988 1371 1179 1432 Οὐδεὶς
1218 1371 1327 1439 γὰρ
1360 1368 1644 1436 ἐκλέγεται
1677 1366 1865 1436 ἕτερον
1890 1365 1983 1434 ἀφ’

390 1466 603 1533 ἐτέρου,
652 1464 701 1516 εἰ
730 1464 804 1532 μή
836 1479 887 1514 τι
915 1461 1078 1514 αὑτοῦ
1109 1460 1443 1514 διαλλάσσει.
1472 1458 1658 1513 Εἰπὼν
1686 1457 1743 1511 δὲ
1777 1460 1889 1511 οὐκ
1915 1456 1984 1520 ἐξ

389 1557 601 1626 ἔργων,
636 1553 919 1624 παρέδειξε
959 1554 1021 1607 τὸ
1067 1553 1297 1625 μέγεθος
1340 1553 1439 1622 τῆς
1474 1551 1721 1622 κλήσεως
1762 1550 1855 1601 καὶ
1884 1549 1983 1618 τῆς

389 1652 615 1720 χάριτος
644 1645 842 1702 αὐτοῦ·
874 1649 955 1700 ὅτι
979 1646 1075 1698 καὶ
1108 1646 1277 1716 μηδὲν
1305 1643 1649 1714 πραξάντων,
1698 1642 1984 1710 ἐκλέγεται

392 1743 489 1792 καὶ
529 1738 939 1807 προσκαλεῖται.
988 1735 1128 1788 Ἀλλ’
1165 1735 1213 1787 εί
1262 1734 1425 1805 μηδὲν
1461 1730 1785 1804 πραξάντων
1827 1729 1983 1784 ἐκλέ-

2082 537 2372 603 adiverim,
2393 537 2515 591 idco
2541 550 2637 591 vos
2669 550 2695 589 a
2728 550 2815 589 me
2834 532 3129 588 advocatos
3152 547 3274 587 esse
3301 530 3665 596 arbitremini,

2083 628 2261 699 inquit
2295 644 2310 691 ;
2341 628 2505 682 etiam
2538 638 2664 681 ante
2696 641 2784 679 me
2812 641 2910 680 vos
2945 624 3247 679 voluissem
3280 622 3348 677 ad
3386 622 3541 677 illum
3567 636 3670 675 cu-

2081 720 2343 777 currisse.

2082 1013 2236 1069 CAP.
2269 1010 2357 1067 ΙΧ.
2411 1009 2579 1064 Vens.
2626 1010 2713 1063 Η.
2888 1010 3174 1092 secundum
3225 1010 3529 1063 electionem
3574 1007 3673 1062 Dei

2586 1089 2913 1150 propositum
2943 1089 3193 1134 maneret.

2160 1173 2365 1227 Photii.
2434 1170 2596 1227 Certe
2639 1171 2871 1226 dicendo
2913 1170 3261 1240 propositum,
3293 1169 3387 1224 Dei
3416 1169 3675 1225 volunta-

2082 1274 2191 1321 tem
2225 1266 2575 1337 signiﬁcavit.
2599 1264 2735 1319 Cum
2768 1274 2951 1319 autem
2978 1264 3134 1331 dicit,
3157 1264 3440 1317 secundum
3465 1264 3676 1318 electio-

2086 1375 2225 1421 nem,
2256 1359 2504 1414 ostendit
2535 1358 2649 1413 haec
2676 1358 2817 1412 inter
2853 1373 2911 1413 se
2943 1356 3177 1412 differre.
3202 1356 3375 1412 Nemo
3398 1358 3541 1411 enim
3573 1357 3677 1411 eli-

2086 1453 2238 1522 gitur
2268 1452 2410 1506 alius
2442 1452 2512 1505 ab
2556 1451 2686 1517 alio,
2727 1451 2830 1505 nisi
2867 1451 2937 1505 ab
2992 1450 3084 1505 illo
3131 1450 3366 1506 diﬂ‘erat.
3412 1450 3675 1513 Dicendo,

2085 1561 2189 1599 non
2239 1561 2305 1598 ea:
2349 1545 2614 1613 operibus,
2645 1544 2892 1599 exhibuit
2936 1543 3225 1599 electionis
3255 1552 3308 1597 et
3352 1543 3443 1597 Dei
3489 1543 3679 1613 gratiae

2086 1636 2565 1706 magnitudinem;
2601 1637 2744 1707 quod
2780 1652 2886 1690 non
2914 1652 2980 1691 ex
3006 1635 3366 1706 operantibus
3397 1635 3591 1690 electio
3625 1643 3680 1689 et

2086 1730 2301 1784 vocatio
2321 1731 2398 1784 lit.
2426 1728 2552 1792 Sed,
2579 1730 2624 1785 si
2649 1746 2757 1783 non
2772 1747 2835 1784 ex
2854 1732 3212 1801 operantibus
3227 1730 3421 1785 electio
3439 1729 3521 1792 ﬁt,
3543 1744 3681 1799 quo-

392 1846 571 1897 γεται,
608 1827 726 1890 πῶς
756 1827 1077 1894 ἐκλέγεται;
1123 1824 1188 1878 Ἠ
1238 1824 1337 1896 μὲν
1369 1823 1478 1893 γὰρ
1505 1821 1706 1893 ἐκλογὴ
1744 1823 1840 1874 ἐπὶ
1868 1819 1977 1872 τῶν
2005 1814 2012 1873 ξ

2094 1825 2245 1878 modo
2268 1822 2532 1894 eligitur?
2566 1821 2771 1876 Electio
2812 1824 2954 1878 enim
2989 1822 3049 1877 ﬁt
3072 1823 3125 1877 in
3157 1822 3245 1877 his
3272 1822 3366 1892 qui
3406 1822 3458 1875 in
3494 1821 3682 1890 aliquo

392 1919 539 1972 κατὰ
562 1918 845 1987 τιγίνεται
875 1915 1265 1986 διαφερόντων,
1289 1914 1337 1968 οἱ
1367 1914 1425 1968 δὲ
1451 1912 1620 1984 μηδὲν
1650 1911 1979 1983 πράξαντες,

392 2013 446 2067 τί
494 2013 813 2083 διαφέρουσι
848 2028 862 2075 ;
895 2010 1006 2063 Καὶ
1038 2010 1206 2064 πάνυ.
1269 2006 1663 2079 Ἀνθρωπίνοις
1724 2006 1824 2076 μὲν
1874 2003 1983 2074 γὰρ

392 2102 693 2172 ὀφθαλμοῖς
760 2101 882 2153 ἐπεὶ
931 2100 1082 2154 οὐδὲν
1134 2097 1398 2170 ἔπραξαν,
1456 2098 1579 2152 οὐδὲ
1641 2095 1982 2166 διαφέρουσι.

391 2196 527 2266 Θείᾳ
548 2195 606 2249 δὲ
638 2193 944 2265 προγνώσει
982 2192 1078 2246 τοῦ
1128 2193 1434 2263 μέλλοντος,
1472 2191 1610 2245 πολὺ
1642 2188 1982 2258 διαφέρουσι.

392 2286 506 2340 Καὶ
535 2285 644 2357 γὰρ
673 2288 701 2339 6
733 2284 832 2355 μὲν
866 2283 1203 2354 εὐηρέστησε
1230 2282 1307 2352 τῷ
1333 2280 1473 2352 Θεῷ,
1504 2283 1533 2334 6
1562 2281 1642 2347 δὲ,
1665 2280 1870 2333 οὐκέτι.

606 2440 770 2513 Λέγω
802 2436 938 2504 οὖν,
963 2438 1059 2508 Μὴ
1090 2439 1391 2494 ἔπταισαν
1417 2438 1519 2492 ἵνα
1541 2437 1806 2503 πέσωσις

465 2600 714 2654 Φωτίου.
759 2596 980 2668 Ἐπειδὴ
1008 2596 1064 2651 δὲ
1110 2595 1220 2649 τῶν
1269 2596 1743 2667 προσπταιόντων,
1788 2596 1839 2650 οἱ
1887 2596 1986 2667 μὲν

392 2693 685 2754 πταίοντες
730 2687 1179 2753 ὑποσκελίζονται
1227 2687 1409 2757 μόνον,
1466 2689 1516 2740 οί
1572 2686 1629 2740 δὲ
1674 2687 1770 2740 καὶ
1811 2704 1986 2742 κατα-

392 2785 677 2848 πίπτουσι,
710 2782 879 2835 θέλων
918 2781 1047 2843 τοὺς
1112 2778 1401 2843 Ἰουδαίους
1463 2779 1581 2847 ἅμα
1617 2778 1716 2849 μὲν
1767 2780 1849 2843 εἰς
1886 2780 1987 2849 τὴν

393 2877 579 2930 πίστιν
659 2873 985 2945 προτρέψαι,
1032 2872 1148 2941 ἅμα
1194 2871 1253 2924 δέ
1298 2873 1397 2924 καὶ
1451 2870 1985 2942 παραμυθήσασθαι,

394 2967 553 3037 φησὶ,
600 2966 683 3017 ὅτι
740 2962 803 3016 τὸ
844 2964 1092 3032 πταῖσμα
1140 2959 1321 3014 αὐτῶν
1374 2961 1475 3013 οὐκ
1504 2962 1583 3024 εἰς
1632 2960 1988 3014 κατάπτωσιν

393 3059 609 3113 τελείαν
659 3055 904 3126 γέγονεν,
959 3054 1097 3109 ἀλλὰ
1153 3054 1314 3125 μόνον
1341 3049 1454 3107 οἷον
1484 3051 1984 3123 ὑπεσκελίσθησαν.

2084 1912 2379 1979 diiierunt;
2416 1911 2511 1983 qui
2541 1919 2722 1966 autem
2756 1928 2866 1967 non
2918 1924 3239 1982 operantur,
3277 1912 3330 1966 in
3381 1929 3491 1982 quo
3519 1911 3679 1966 diffe-

2086 2004 2259 2058 runt?
2294 2003 2520 2058 Multum
2555 2006 2800 2074 quidem,
2832 2006 3089 2060 humanis
3119 2006 3265 2061 enim
3303 2005 3501 2069 oculis,
3552 2020 3677 2058 cum

2086 2096 2220 2149 nihil
2254 2096 2460 2166 operati
2492 2106 2643 2163 sunt,
2676 2113 2782 2150 non
2816 2096 3112 2163 diﬂ‘erunt;
3142 2096 3330 2152 divina
3360 2106 3544 2152 autem
3581 2110 3681 2152 co-

2085 2188 2331 2258 gnitiOne
2375 2187 2618 2242 futurum
2668 2198 2945 2255 cernente,
2986 2191 3219 2244 multum
3254 2189 3536 2244 diﬂ‘eruut.
3584 2189 3679 2243 Et-

2084 2279 2227 2335 enim
2264 2278 2356 2334 hic
2392 2280 2616 2350 quidem
2649 2282 2759 2337 Deo
2788 2281 3016 2352 placuit,
3048 2283 3137 2338 iile
3163 2294 3347 2339 autem
3375 2297 3507 2337 non.

2085 2436 2239 2493 CAP.
2269 2434 2361 2491 XI.
2398 2434 2567 2492 Vens.
2602 2438 2688 2491 ll.
2750 2437 2879 2491 Dico
2908 2455 3031 2508 ergo
3063 2454 3081 2494 :
3112 2438 3367 2509 Nunquid
3408 2440 3486 2492 sic
3510 2438 3681 2508 offen-

2584 2510 2773 2562 derunt
2808 2520 2862 2562 ut
2891 2510 3137 2563 caderent
3160 2511 3185 2563 ?

2159 2600 2364 2656 Photii.
2403 2602 2675 2669 Quoniam
2710 2611 2766 2657 et
2798 2602 2883 2657 his
2916 2602 3011 2670 qui
3042 2601 3351 2666 offendunt,
3381 2601 3469 2657 alii
3506 2601 3683 2656 olTen-

2087 2696 2269 2750 dendo
2302 2696 2561 2751 vacillant
2593 2703 2827 2761 tantum,
2858 2693 2952 2749 alii
3012 2707 3194 2749 autem
3239 2695 3463 2759 cadunt,
3491 2693 3684 2748 volens

2087 2788 2328 2855 Judazos,
2362 2789 2527 2844 simul
2558 2789 2624 2843 ad
2660 2787 2819 2843 [idem
2855 2796 3199 2853 convertere,
3244 2788 3518 2857 simulque
3548 2802 3684 2841 con-

2090 2881 2469 2949 solari,dicit,
2500 2882 2647 2950 quod
2695 2882 2917 2935 illorum
2968 2880 3201 2935 oﬂ'ensio
3250 2894 3358 2933 non
3410 2878 3684 2947 in,casuui

2090 2967 2317 3021 omnino
2334 2967 2475 3023 facta
2503 2980 2604 3035 est,
2641 2970 2734 3025 sed
2757 2971 2904 3040 quod
2931 2969 3311 3025 tantummodo
3339 2968 3687 3024 vacillarunt.

2090 3059 2157 3112 Et
2187 3058 2240 3113 id
2288 3075 2511 3130 quoque
2544 3076 2641 3129 per
2688 3062 2983 3131 quamdam
3027 3062 3393 3117 (economiam
3447 3060 3687 3129 disposi-

394 3154 511 3207 Καὶ
541 3150 702 3204 τοῦτο
730 3148 798 3202 δι’
822 3147 1138 3217 οἰκονομίαν
1176 3147 1298 3202 τινὰ
1353 3146 1729 3218 συνεχωρήθη,
1792 3146 1879 3199 ἵνα
1909 3144 1987 3216 τῷ

2095 3160 2207 3204 tum
2237 3162 2359 3219 est;
2395 3162 2453 3206 ut
2485 3152 2703 3207 illorum
2736 3153 2937 3209 diiecto
2964 3153 3057 3207 ﬁat
3076 3155 3320 3225 gentium
3369 3153 3541 3217 salus,
3567 3153 3688 3207 illo-

393 3244 620 3299 ἐκείνων
651 3238 1059 3311 παραπτώματι
1106 3238 1332 3309 γένηται
1378 3238 1477 3308 μὲν
1525 3238 1557 3307 ή
1595 3235 1840 3306 σωτηρία
1878 3237 1991 3299 τοῖς

392 3338 601 3402 ἔθνεσι,
659 3337 884 3407 γένηται
935 3333 992 3386 δὲ
1036 3332 1131 3385 καὶ
1173 3330 1353 3383 αὐτῶν
1405 3328 1632 3383 ἐκείνων
1682 3326 1991 3398 διόρθωσις,

394 3429 863 3503 παραζηλούντων
929 3427 1026 3480 καὶ
1087 3424 1445 3497 μιμουμένων
1501 3422 1630 3485 τοὺς
1681 3419 1743 3486 ἐξ
1796 3420 1992 3475 ἐθνῶν.

397 3524 567 3577 ’Ὠστε
604 3522 668 3576 τὸ
697 3522 1074 3589 προσπταῖσαι
1108 3519 1307 3581 αὐτοὺς
1342 3516 1542 3588 τρόπον
1570 3515 1693 3569 τινὰ
1727 3516 1807 3579 είς
1836 3514 1996 3587 ἀνόρ-

396 3617 566 3669 θωσιν
600 3614 844 3667 συντελεῖ
866 3612 966 3682 τὴν
994 3609 1197 3664 αὐτῶν.
1234 3611 1408 3679 Εἴπερ
1439 3609 1510 3662 ἐν
1540 3608 1639 3677 μὲν
1678 3606 1760 3674 τῷ
1805 3623 1996 3677 παρα-

396 3707 665 3776 πτώματι
696 3703 897 3759 αὺτῶν
932 3705 969 3772 ἠ
1000 3703 1266 3770 σωτηρία
1303 3700 1430 3766 τοῖς
1458 3702 1723 3763 ἔθνεσιν,
1768 3702 1825 3753 ἐν
1847 3700 1993 3771 δὲτῇ

400 3797 648 3868 σωτηρίᾳ
672 3795 949 3866 ἐκείνωνὴ
979 3792 1189 3847 τούτων
1219 3791 1646 3863 παραζήλωσις’
1683 3791 1772 3843 διὰ
1814 3791 1870 3844 δὲ
1893 3790 1997 3862 τῆς

398 3887 853 3960 παραζηλώσεως
895 3889 929 3958 ἡ
986 3887 1095 3939 τῶν
1161 3885 1536 3938 πεπτωκότων
1590 3884 1992 3955 ἐπανόρθωσις.

398 3983 640 4051 Τοιαὲτη
663 3981 770 4051 γὰρ
794 3982 827 4049 ή
859 3979 954 4032 τοῦ
979 3979 1114 4032 Θεοῦ
1146 3978 1397 4049 πρόνοια.
1430 3976 1521 4041 Ἐξ
1547 3976 1768 4045 ἀπόρων
1793 3976 1994 4046 πόρους

2092 3258 2326 3313 rumque
2354 3244 2601 3314 ipsorum
2649 3245 2983 3311 emendatio,
3023 3245 3405 3300 aemulantium
3457 3257 3513 3301 et
3559 3246 3691 3299 imi-

2094 3336 2324 3392 tantium
2351 3352 2447 3393 eos
2478 3337 2573 3407 qui
2624 3346 2751 3392 sunt
2793 3353 2858 3391 ex
2895 3337 3186 3407 gentibus;
3234 3337 3311 3393 ita
3349 3346 3411 3393 ut
3469 3338 3688 3391 illorum

2090 3430 2367 3484 vacillatio
2410 3430 2653 3484 medium
2684 3430 2959 3499 quoddam
3006 3431 3087 3485 eis
3121 3438 3341 3498 praestet
3387 3429 3454 3484 ad
3481 3430 3694 3484 revela-

2094 3522 2299 3576 tionem
2339 3537 2353 3574 :
2386 3520 2658 3590 siquidem
2689 3522 2744 3573 in
2776 3521 2993 3574 illorum
3023 3521 3220 3574 delicto
3249 3520 3400 3574 salus
3426 3520 3497 3572 sit
3520 3520 3695 3589 genti-

2095 3615 2229 3678 bus;
2264 3616 2315 3667 in
2352 3615 2526 3669 salute
2548 3624 2727 3668 autem
2753 3616 3019 3683 gentium,
3045 3613 3359 3669 Judreorum
3390 3615 3693 3680 mninlatio,

2094 3717 2148 3762 et
2176 3722 2274 3779 per
2339 3708 2482 3763 hanc
2525 3709 2930 3763 aemulationem
2983 3725 3178 3764 eorum
3234 3711 3328 3780 qui
3380 3710 3697 3764 ceciderunt

2094 3800 2279 3860 elatio.
2310 3800 2460 3857 Talis
2507 3804 2652 3858 enim
2702 3812 2788 3859 est
2830 3802 2925 3859 Dei
2976 3803 3339 3873 providentia.
3392 3802 3468 3857 Ex
3534 3802 3699 3858 inviis

2092 3892 2211 3948 vias
2246 3894 2472 3962 praebet,
2504 3904 2558 3950 et
2594 3911 2660 3949 ex
2693 3896 2991 3951 contrariis
3041 3896 3283 3950 utiliora.
3331 3894 3501 3949 Judaei
3547 3894 3695 3949 enim

2093 3982 2461 4051 offenderunt,
2492 3986 2566 4039 ita
2604 3994 2663 4039 ut
2706 3987 3016 4041 occiderent
3055 3997 3107 4041 et
3162 3987 3426 4057 iacerent,
3482 3996 3536 4041 et
3589 4000 3693 4041 nec

400 4076 656 4146 παρέχει,
709 4073 804 4127 καὶ
859 4075 924 4126 ἐκ
976 4073 1087 4125 τῶν
1140 4069 1398 4124 ἐναντίων
1428 4071 1497 4123 τὰ
1531 4069 1896 4140 χρηστότερα.
1929 4067 1994 4121 Οἱ

2101 4074 2203 4128 sibi
2252 4091 2434 4145 neque
2463 4076 2590 4130 aliis
2626 4077 2757 4131 utile
2805 4078 3065 4147 quiddam
3115 4087 3378 4147 praestare
3433 4087 3695 4147 possent;

402 4171 505 4241 μὲν
552 4169 662 4239 γὰρ
740 4166 1025 4228 Ἰουδαῖοι,
1076 4163 1366 4227 ἔπταισαν,
1430 4161 1572 4215 ὥστε
1648 4164 1836 4215 πεσεῖν
1899 4162 1994 4214 καὶ⁵

2102 4166 2197 4221 sed
2223 4164 2503 4222 Christum
2542 4168 2761 4223 illorum
2793 4168 3016 4233 delicto,
3067 4181 3123 4225 et
3174 4170 3229 4225 in
3273 4170 3518 4240 gentium
3549 4171 3699 4223 salu-

400 4262 639 4325 κεῖσθαι,
684 4261 778 4315 καὶ
828 4260 967 4331 μήτε
997 4259 1242 4321 σέαυτοῖς
1284 4257 1424 4327 μήτε
1480 4256 1691 4326 ἑτέροις
1748 4254 1989 4326 χρηστοῦ

2099 4268 2207 4312 tem
2231 4297 2247 4323 ,
2281 4267 2337 4313 et
2375 4259 2429 4312 in
2464 4260 2683 4314 illorum
2716 4260 2960 4331 ipsorum
2991 4263 3379 4317 relevationem
3414 4276 3549 4316 usus
3587 4270 3693 4315 est.

397 4375 543 4421 τινος
573 4356 828 4425 γενέσθαι
888 4354 1071 4407 αἴτιοι.
1110 4354 1167 4405 Ὀ
1209 4352 1268 4404 δὲ
1328 4352 1566 4419 Χριστὶς
1618 4351 1694 4419 τῷ
1751 4353 1930 4404 αὐτῶν
1981 4354 2413 4426 παραπτώματι,
2464 4357 2561 4411 καὶ
2605 4358 2685 4422 είς
2724 4362 2827 4428 τὴν
2878 4360 2987 4412 τῶν
3035 4358 3206 4413 ἐθνῶν
3252 4359 3553 4430 σωτηρίαν,
3600 4371 3696 4422 καὶ

398 4452 482 4526 είς
506 4448 605 4521 τὴν
634 4446 814 4501 αὐτῶν
843 4445 1068 4499 ἐκείνων
1089 4445 1361 4517 ἐχρήσατο
1391 4444 1796 4516 ἐπανόρθωσιν.

398 4584 607 4656 Εὶγὰρ
662 4584 700 4653 ἡ
758 4579 1031 4650 ἀποϐολὴ
1078 4577 1310 4701 ξιῠξῶἷ,
1340 4578 1692 4650 καταλλαγὴ
1733 4580 1996 4649 κόσμου,

1078 4668 1133 4704 κ.
1171 4667 1223 4705 τ.
1265 4667 1313 4703 Α.

475 4771 722 4825 Φωτίου.
755 4770 954 4823 Ἰστέον
971 4785 1035 4837 γε
1071 4768 1199 4839 μὴν,
1231 4767 1313 4821 ὅτι
1337 4766 1419 4831 τὸ,
1440 4766 1636 4837 Είγὰρ
1662 4769 1701 4837 ή
1731 4766 2003 4837 ἀποϐολὴ

399 4862 623 4925 αὐτῶν,
648 4861 680 4932 ἢ
701 4860 1040 4930 ἐπανάληψις
1076 4862 1190 4913 ἐστι
1212 4858 1330 4926 τοῦ,
1350 4861 1399 4913 εί
1432 4858 1501 4912 δὲ
1527 4859 1592 4913 τὸ
1634 4859 2006 4928 παράπτωμα

398 4954 623 5020 αὐτῶν,
669 4954 745 5018 ὡς
798 4954 891 5007 καὶ
942 4953 1287 5025 προείρηται,
1344 4952 1376 5023 ἢ
1429 4952 1577 5005 αἰτία
1619 4954 1718 5024 τῆς
1772 4951 2004 5021 σπουδῆς

400 5050 617 5105 Παύλου
681 5050 780 5120 τῆς
822 5048 949 5119 περὶ
970 5048 1031 5101 τὸ
1064 5048 1307 5117 σωθῆναι
1367 5046 1694 5111 αὐτούς.⁹Ως
1736 5046 1804 5099 ἂν
1835 5046 1889 5098 εί
1921 5061 2006 5107 τις

397 5144 582 5209 ἔλεγε,
638 5140 705 5193 Τί
770 5139 1044 5205 σπεύδεις,
1097 5138 1302 5204 Παῦλε,
1359 5138 1500 5208 ὑπὲρ
1564 5137 1672 5191 τῶν
1708 5137 2007 5214 Ἰουδαίων,

398 5236 603 5303 λέγων,
638 5232 839 5299 Εἵπως
869 5230 1279 5300 παραζηλώσω
1314 5249 1434 5301 μου
1468 5232 1585 5299 τὴν
1631 5231 1853 5300 σάρκα,
1907 5231 2005 5283 καὶ

400 5325 587 5378 σώσω
633 5323 801 5388 τινὰς
826 5324 894 5386 ἐξ
935 5322 1171 5387 amor,-
1204 5323 1299 5387 Τίς
1331 5324 1479 5377 ἐστιν
1529 5326 1557 5377 6
1606 5322 1863 5388 τοσοῦτός
1909 5340 2004 5377 σου

402 5416 592 5486 ἁγών;
624 5416 755 5482 Ναὶ,
798 5417 953 5487 φησὶ,
990 5417 1261 5486 προσήκει
1294 5434 1384 5486 μοι
1425 5416 1679 5471 σπεύδειν
1730 5416 1828 5471 καὶ
1853 5417 2005 5485 ἀγω-

404 5510 670 5575 νίζεσθαι.
735 5510 797 5563 Εί
857 5509 967 5580 γὰρ
1014 5509 1111 5562 καὶ
1167 5509 1371 5563 τούτων
1426 5509 1789 5575 ἐκλιπόντων,
1853 5511 2003 5581 ὅμως

406 5601 728 5673 κατηλλάγη
785 5604 812 5655 6
864 5603 996 5667 Θεὸς
1017 5602 1096 5673 τῷ
1142 5604 1352 5673 κόσμῳ,
1418 5604 1514 5657 καὶ
1566 5603 1626 5656 τὸ
1686 5602 2002 5672 μεσότοιχον

407 5693 553 5764 fiqu
582 5695 680 5762 τῆς
730 5696 964 5757 παλαιᾶς
995 5695 1219 5766 ἔχθρας,
1251 5695 1301 5747 τί
1333 5695 1399 5748 ἂν
1427 5696 1489 5749 οὐ
1527 5696 1741 5764 γένοιτο
1766 5693 2002 5765 χρηστὸν

410 5788 505 5840 καὶ
563 5788 1041 5858 ὑπερθαύμαστον,
1100 5788 1219 5851 καὶ,
1267 5790 1474 5843 τούτων
1552 5787 1833 5842 σωθέντων
1906 5786 2001 5840 καὶ

2111 4582 2279 4638 Vens.
2320 4581 2406 4637 15.
2443 4580 2505 4638 Si
2542 4584 2682 4639 enim
2730 4584 2951 4638 amissio
2999 4599 3177 4637 eorum
3218 4584 3579 4638 reconciliatio
3616 4595 3694 4641 est

2726 4656 2932 4720 mundi,
2985 4665 3093 4711 etc.

2179 4767 2380 4826 Photii.
2414 4769 2711 4829 Sciendum
2766 4779 2851 4827 est
2893 4772 3039 4840 quod
3068 4768 3203 4823 illud
3239 4767 3339 4824 :Si
3368 4770 3505 4823 enim
3527 4772 3697 4825 amis-

2108 4864 2186 4917 sio
2209 4881 2412 4931 eorum,
2430 4866 2683 4936 repetitio
2703 4872 2787 4919 est
2808 4864 2976 4927 illius,
2995 4862 3134 4933 quod
3160 4862 3206 4916 si
3226 4861 3477 4916 delictum
3489 4878 3692 4918 eorum.

2107 4952 2179 5008 Ut
2221 4956 2363 5008 enim
2417 4969 2584 5024 supra
2636 4953 2839 5009 dictutn
2893 4962 2999 5019 est,
3052 4967 3217 5008 causa
3269 4960 3353 5008 est
3399 4961 3693 5009 conatuum

2108 5046 2262 5101 Pauli
2298 5047 2367 5101 ob
2396 5045 2613 5100 illorum
2666 5047 2918 5100 salutem.
2968 5044 3024 5100 Si
3077 5045 3225 5101 enim
3281 5043 3405 5115 quis
3444 5044 3694 5099 diceret:

2110 5138 2250 5206 Quid
2299 5140 2541 5205 conaris,
2596 5139 2783 5205 Paule,
2812 5139 2878 5195 de
2925 5136 3151 5203 Judaeis,
3176 5137 3447 5193 dicendo:
3482 5134 3542 5191 Si
3568 5153 3699 5206 quo-

2109 5233 2265 5286 modo
2296 5233 2365 5286 ad
2412 5231 2806 5286 mmulationem
2844 5246 3118 5300 provocem
3151 5244 3365 5283 carnem
3409 5244 3601 5293 meam,
3647 5237 3695 5280 et

2108 5326 2283 5382 salvos
2312 5326 2515 5395 faciam
2544 5326 2750 5397 aliquos
2780 5341 2844 5380 ea:
2896 5324 3029 5379 illis.
3061 5324 3328 5391 Quisnam
3374 5332 3458 5378 est
3512 5331 3697 5377 tantus

2106 5418 2212 5475 iste
2247 5421 2415 5475 ardor
2441 5420 2464 5473 ἲ
2496 5419 2591 5485 ita,
2621 5419 2775 5485 dicit,
2803 5419 2962 5474 decet
2978 5433 3067 5473 me
3095 5415 3283 5473 conari
3311 5423 3366 5470 et
3392 5413 3606 5469 ardere.
3636 5413 3695 5467 Si

2105 5508 2251 5563 enim
2301 5509 2387 5564 his
2420 5508 2719 5572 derelictis,
2774 5508 3137 5562 nihilominus
3186 5504 3506 5561 reconciliet
3556 5500 3699 5557 Deus

2109 5602 2398 5666 mundum,
2430 5612 2483 5656 et
2521 5602 2736 5657 medius
2772 5602 2953 5672 paries
2998 5600 3218 5656 tollatur
3247 5597 3448 5653 veteris
3500 5596 3698 5651 inimi—

2108 5694 2269 5761 citiae,
2300 5694 2430 5764 quid
2469 5710 2579 5749 non
2616 5694 2760 5748 foret
2812 5694 2943 5749 utile
2974 5705 3028 5749 et
3067 5692 3410 5756 admirabile,
3462 5691 3548 5747 his
3588 5690 3703 5746 sal.

2110 5788 2251 5844 vatis
2288 5798 2343 5844 ct
2391 5788 2691 5859 assumptis
2719 5790 2741 5842 ’ἶ
2773 5788 2905 5855 Quae
2944 5796 3031 5844 est
3076 5787 3241 5855 igitur
3269 5801 3459 5843 eorum
3487 5801 3697 5841 assunt-
