  <div class='ocr_page' id='page_1' title='image "/cluster/home/n/w/nwhite01/storage/ocr_20150623/101:no.1/coo.31924054870054/651.png"; bbox 0 0 4132 6446; ppageno 0'>
   <div class='ocr_carea' id='block_1_1' title="bbox 521 279 2106 362">
    <p class='ocr_par' dir='ltr' id='par_1_1' title="bbox 521 291 2106 362">
     <span class='ocr_line' id='line_1_1' title="bbox 521 291 2106 362; baseline -0.006 -2"><span class='ocrx_word' id='word_1_1' title='bbox 521 296 656 362; x_wconf 59' lang='grc'><strong>1947</strong></span> <span class='ocrx_word' id='word_1_2' title='bbox 1691 291 1976 353; x_wconf 84' lang='grc' dir='ltr'><strong>ΡΠΟΤΙῙ⁶</strong></span> <span class='ocrx_word' id='word_1_3' title='bbox 1991 292 2106 353; x_wconf 66' lang='lat' dir='ltr'><strong>PM</strong></span> 
     </span>
    </p>
   </div>
   <div class='ocr_carea' id='block_1_2' title="bbox 2207 279 3774 362">
    <p class='ocr_par' dir='ltr' id='par_1_2' title="bbox 2207 279 3774 351">
     <span class='ocr_line' id='line_1_2' title="bbox 2207 279 3774 351; baseline -0.004 -1"><span class='ocrx_word' id='word_1_4' title='bbox 2207 292 2497 351; x_wconf 68' lang='lat' dir='ltr'><strong>[ARCIL‘E</strong></span> <span class='ocrx_word' id='word_1_5' title='bbox 2522 290 2623 350; x_wconf 85' lang='lat' dir='ltr'><strong>CP.</strong></span> <span class='ocrx_word' id='word_1_6' title='bbox 3636 279 3774 345; x_wconf 63' lang='grc'><strong>1248</strong></span> 
     </span>
    </p>
   </div>
   <div class='ocr_carea' id='block_1_3' title="bbox 516 398 2106 482">
    <p class='ocr_par' dir='ltr' id='par_1_3' title="bbox 516 405 2099 482">
     <span class='ocr_line' id='line_1_3' title="bbox 516 405 2099 482; baseline -0.006 -15"><span class='ocrx_word' id='word_1_7' title='bbox 516 413 632 482; x_wconf 99' lang='lat' dir='ltr'><strong>ptio</strong></span> <span class='ocrx_word' id='word_1_8' title='bbox 659 421 716 466; x_wconf 91' lang='lat' dir='ltr'><strong>et</strong></span> <span class='ocrx_word' id='word_1_9' title='bbox 757 408 983 472; x_wconf 86' lang='lat' dir='ltr'><strong>additio,</strong></span> <span class='ocrx_word' id='word_1_10' title='bbox 1032 407 1138 464; x_wconf 86' lang='lat' dir='ltr'><strong>nisi</strong></span> <span class='ocrx_word' id='word_1_11' title='bbox 1170 405 1410 478; x_wconf 88' lang='lat' dir='ltr'><strong>perfecta</strong></span> <span class='ocrx_word' id='word_1_12' title='bbox 1458 413 1513 460; x_wconf 92' lang='lat' dir='ltr'><strong>ct</strong></span> <span class='ocrx_word' id='word_1_13' title='bbox 1556 405 1762 477; x_wconf 81' lang='lat' dir='ltr'><strong>integra</strong></span> <span class='ocrx_word' id='word_1_14' title='bbox 1805 405 2013 469; x_wconf 74' lang='lat' dir='ltr'><strong>laetitia,</strong></span> <span class='ocrx_word' id='word_1_15' title='bbox 2047 407 2099 460; x_wconf 92' lang='lat' dir='ltr'><strong>in</strong></span> 
     </span>
    </p>
   </div>
   <div class='ocr_carea' id='block_1_4' title="bbox 2207 398 3790 482">
    <p class='ocr_par' dir='ltr' id='par_1_4' title="bbox 2207 398 3790 478">
     <span class='ocr_line' id='line_1_4' title="bbox 2207 398 3790 478; baseline -0.006 -20"><span class='ocrx_word' id='word_1_16' title='bbox 2207 405 2660 478; x_wconf 80' lang='grc' dir='ltr'>προστεθέντων;</span> <span class='ocrx_word' id='word_1_17' title='bbox 2713 402 2796 466; x_wconf 79' lang='grc' dir='ltr'><strong>τίς</strong></span> <span class='ocrx_word' id='word_1_18' title='bbox 2842 398 2935 456; x_wconf 79' lang='grc' dir='ltr'>οὖν</span> <span class='ocrx_word' id='word_1_19' title='bbox 2968 401 3121 455; x_wconf 82' lang='grc' dir='ltr'>ἔσται</span> <span class='ocrx_word' id='word_1_20' title='bbox 3167 399 3350 453; x_wconf 81' lang='grc' dir='ltr'>αὐτῶν</span> <span class='ocrx_word' id='word_1_21' title='bbox 3397 400 3432 470; x_wconf 76' lang='grc' dir='ltr'><strong>ἡ</strong></span> <span class='ocrx_word' id='word_1_22' title='bbox 3485 398 3790 469; x_wconf 69' lang='grc' dir='ltr'>πρόσληψις</span> 
     </span>
    </p>
   </div>
   <div class='ocr_carea' id='block_1_5' title="bbox 516 501 2099 574">
    <p class='ocr_par' dir='ltr' id='par_1_5' title="bbox 516 501 2099 574">
     <span class='ocr_line' id='line_1_5' title="bbox 516 501 2099 574; baseline -0.006 -14"><span class='ocrx_word' id='word_1_23' title='bbox 516 505 622 560; x_wconf 80' lang='lat' dir='ltr'><strong>hac</strong></span> <span class='ocrx_word' id='word_1_24' title='bbox 677 504 888 563; x_wconf 76' lang='lat' dir='ltr'><strong>scilicet</strong></span> <span class='ocrx_word' id='word_1_25' title='bbox 932 501 1174 574; x_wconf 88' lang='lat' dir='ltr'><strong>perfecta</strong></span> <span class='ocrx_word' id='word_1_26' title='bbox 1229 511 1282 555; x_wconf 89' lang='lat' dir='ltr'><strong>et</strong></span> <span class='ocrx_word' id='word_1_27' title='bbox 1334 516 1473 555; x_wconf 89' lang='lat' dir='ltr'><strong>nova</strong></span> <span class='ocrx_word' id='word_1_28' title='bbox 1540 501 1648 553; x_wconf 85' lang='lat' dir='ltr'><strong>vita</strong></span> <span class='ocrx_word' id='word_1_29' title='bbox 1706 510 1762 553; x_wconf 88' lang='lat' dir='ltr'><strong>et</strong></span> <span class='ocrx_word' id='word_1_30' title='bbox 1817 512 2099 554; x_wconf 89' lang='lat' dir='ltr'><strong>resurrec—</strong></span> 
     </span>
    </p>
   </div>
   <div class='ocr_carea' id='block_1_6' title="bbox 515 593 2101 663">
    <p class='ocr_par' dir='ltr' id='par_1_6' title="bbox 515 593 2101 663">
     <span class='ocr_line' id='line_1_6' title="bbox 515 593 2101 663; baseline -0.005 -11"><span class='ocrx_word' id='word_1_31' title='bbox 515 598 666 660; x_wconf 85' lang='lat' dir='ltr'><strong>tione</strong></span> <span class='ocrx_word' id='word_1_32' title='bbox 711 612 743 652; x_wconf 91' lang='lat' dir='ltr'><strong>e</strong></span> <span class='ocrx_word' id='word_1_33' title='bbox 799 597 1051 661; x_wconf 79' lang='lat' dir='ltr'><strong>mortuis,</strong></span> <span class='ocrx_word' id='word_1_34' title='bbox 1112 594 1380 661; x_wconf 91' lang='lat' dir='ltr'><strong>omnium,</strong></span> <span class='ocrx_word' id='word_1_35' title='bbox 1427 610 1534 647; x_wconf 89' lang='lat' dir='ltr'><strong>non</strong></span> <span class='ocrx_word' id='word_1_36' title='bbox 1575 594 1748 648; x_wconf 87' lang='lat' dir='ltr'><strong>solum</strong></span> <span class='ocrx_word' id='word_1_37' title='bbox 1801 594 1893 663; x_wconf 89' lang='lat' dir='ltr'><strong>qui</strong></span> <span class='ocrx_word' id='word_1_38' title='bbox 1930 593 2101 646; x_wconf 84' lang='lat' dir='ltr'><strong>offen-</strong></span> 
     </span>
    </p>
   </div>
   <div class='ocr_carea' id='block_1_7' title="bbox 516 683 2096 758">
    <p class='ocr_par' dir='ltr' id='par_1_7' title="bbox 516 683 2096 758">
     <span class='ocr_line' id='line_1_7' title="bbox 516 683 2096 758; baseline -0.004 -14"><span class='ocrx_word' id='word_1_39' title='bbox 516 690 752 756; x_wconf 83' lang='lat' dir='ltr'><strong>derunt,</strong></span> <span class='ocrx_word' id='word_1_40' title='bbox 795 689 888 744; x_wconf 88' lang='lat' dir='ltr'><strong>sed</strong></span> <span class='ocrx_word' id='word_1_41' title='bbox 941 695 997 742; x_wconf 90' lang='lat' dir='ltr'><strong>et</strong></span> <span class='ocrx_word' id='word_1_42' title='bbox 1042 687 1137 758; x_wconf 91' lang='lat' dir='ltr'><strong>qui</strong></span> <span class='ocrx_word' id='word_1_43' title='bbox 1183 702 1358 757; x_wconf 90' lang='lat' dir='ltr'><strong>usque</strong></span> <span class='ocrx_word' id='word_1_44' title='bbox 1397 688 1461 742; x_wconf 91' lang='lat' dir='ltr'><strong>ad</strong></span> <span class='ocrx_word' id='word_1_45' title='bbox 1521 699 1754 740; x_wconf 82' lang='lat' dir='ltr'><strong>mortem</strong></span> <span class='ocrx_word' id='word_1_46' title='bbox 1819 696 1871 739; x_wconf 82' lang='lat' dir='ltr'><strong>et</strong></span> <span class='ocrx_word' id='word_1_47' title='bbox 1912 683 2096 739; x_wconf 85' lang='lat' dir='ltr'><strong>interi-</strong></span> 
     </span>
    </p>
   </div>
   <div class='ocr_carea' id='block_1_8' title="bbox 516 777 2096 848">
    <p class='ocr_par' dir='ltr' id='par_1_8' title="bbox 516 777 2096 848">
     <span class='ocr_line' id='line_1_8' title="bbox 516 777 2096 848; baseline -0.005 -14"><span class='ocrx_word' id='word_1_48' title='bbox 516 790 632 835; x_wconf 90' lang='lat' dir='ltr'><strong>tum</strong></span> <span class='ocrx_word' id='word_1_49' title='bbox 679 781 1036 836; x_wconf 81' lang='lat' dir='ltr'><strong>ceciderunt?</strong></span> <span class='ocrx_word' id='word_1_50' title='bbox 1091 777 1159 832; x_wconf 89' lang='lat' dir='ltr'><strong>Et</strong></span> <span class='ocrx_word' id='word_1_51' title='bbox 1206 779 1372 834; x_wconf 89' lang='lat' dir='ltr'><strong>vide:</strong></span> <span class='ocrx_word' id='word_1_52' title='bbox 1406 778 1680 848; x_wconf 85' lang='lat' dir='ltr'><strong>Incipiens</strong></span> <span class='ocrx_word' id='word_1_53' title='bbox 1731 777 2096 832; x_wconf 60' lang='lat' dir='ltr'><strong>olfeitsionem</strong></span> 
     </span>
    </p>
   </div>
   <div class='ocr_carea' id='block_1_9' title="bbox 507 864 2099 941">
    <p class='ocr_par' dir='ltr' id='par_1_9' title="bbox 507 864 2099 941">
     <span class='ocr_line' id='line_1_9' title="bbox 507 864 2099 941; baseline -0.004 -15"><span class='ocrx_word' id='word_1_54' title='bbox 507 872 805 941; x_wconf 73' lang='lat' dir='ltr'><strong>appellavit</strong></span> <span class='ocrx_word' id='word_1_55' title='bbox 849 869 1162 927; x_wconf 70' lang='lat' dir='ltr'><strong>Iudaeorum</strong></span> <span class='ocrx_word' id='word_1_56' title='bbox 1219 869 1678 932; x_wconf 73' lang='lat' dir='ltr'><strong>incredulitatem,</strong></span> <span class='ocrx_word' id='word_1_57' title='bbox 1709 867 1904 922; x_wconf 89' lang='lat' dir='ltr'><strong>deinde</strong></span> <span class='ocrx_word' id='word_1_58' title='bbox 1962 864 2099 919; x_wconf 86' lang='lat' dir='ltr'><strong>deli-</strong></span> 
     </span>
    </p>
   </div>
   <div class='ocr_carea' id='block_1_10' title="bbox 517 959 2096 1027">
    <p class='ocr_par' dir='ltr' id='par_1_10' title="bbox 517 959 2096 1027">
     <span class='ocr_line' id='line_1_10' title="bbox 517 959 2096 1027; baseline 0 -13"><span class='ocrx_word' id='word_1_59' title='bbox 517 977 688 1014; x_wconf 72' lang='lat' dir='ltr'><strong>crum.</strong></span> <span class='ocrx_word' id='word_1_60' title='bbox 718 959 852 1014; x_wconf 91' lang='lat' dir='ltr'><strong>Cum</strong></span> <span class='ocrx_word' id='word_1_61' title='bbox 906 971 1085 1016; x_wconf 90' lang='lat' dir='ltr'><strong>autem</strong></span> <span class='ocrx_word' id='word_1_62' title='bbox 1137 962 1247 1016; x_wconf 87' lang='lat' dir='ltr'><strong>illis</strong></span> <span class='ocrx_word' id='word_1_63' title='bbox 1275 961 1596 1027; x_wconf 85' lang='lat' dir='ltr'><strong>ostenderit,</strong></span> <span class='ocrx_word' id='word_1_64' title='bbox 1630 961 1675 1016; x_wconf 90' lang='lat' dir='ltr'><strong>si</strong></span> <span class='ocrx_word' id='word_1_65' title='bbox 1723 961 2096 1014; x_wconf 84' lang='lat' dir='ltr'><strong>crederctan-</strong></span> 
     </span>
    </p>
   </div>
   <div class='ocr_carea' id='block_1_11' title="bbox 519 1049 2099 1122">
    <p class='ocr_par' dir='ltr' id='par_1_11' title="bbox 519 1049 2099 1122">
     <span class='ocr_line' id='line_1_11' title="bbox 519 1049 2099 1122; baseline -0.001 -18"><span class='ocrx_word' id='word_1_66' title='bbox 519 1062 631 1104; x_wconf 90' lang='lat' dir='ltr'><strong>tum</strong></span> <span class='ocrx_word' id='word_1_67' title='bbox 665 1051 876 1115; x_wconf 84' lang='lat' dir='ltr'><strong>volunt,</strong></span> <span class='ocrx_word' id='word_1_68' title='bbox 902 1052 1171 1105; x_wconf 85' lang='lat' dir='ltr'><strong>bonorum</strong></span> <span class='ocrx_word' id='word_1_69' title='bbox 1204 1051 1634 1122; x_wconf 80' lang='lat' dir='ltr'><strong>magnitudinem</strong></span> <span class='ocrx_word' id='word_1_70' title='bbox 1663 1068 1679 1117; x_wconf 91' lang='lat'><strong>;</strong></span> <span class='ocrx_word' id='word_1_71' title='bbox 1714 1062 1768 1105; x_wconf 91' lang='lat' dir='ltr'><strong>et</strong></span> <span class='ocrx_word' id='word_1_72' title='bbox 1799 1051 1924 1106; x_wconf 82' lang='lat' dir='ltr'><strong>illos</strong></span> <span class='ocrx_word' id='word_1_73' title='bbox 1949 1049 2099 1104; x_wconf 83' lang='lat' dir='ltr'><strong>exci-</strong></span> 
     </span>
    </p>
   </div>
   <div class='ocr_carea' id='block_1_12' title="bbox 520 1137 2098 1210">
    <p class='ocr_par' dir='ltr' id='par_1_12' title="bbox 520 1137 2098 1210">
     <span class='ocr_line' id='line_1_12' title="bbox 520 1137 2098 1210; baseline -0.003 -16"><span class='ocrx_word' id='word_1_74' title='bbox 520 1141 736 1202; x_wconf 86' lang='lat' dir='ltr'><strong>taverit,</strong></span> <span class='ocrx_word' id='word_1_75' title='bbox 791 1141 915 1195; x_wconf 90' lang='lat' dir='ltr'><strong>illos</strong></span> <span class='ocrx_word' id='word_1_76' title='bbox 982 1142 1315 1194; x_wconf 89' lang='lat' dir='ltr'><strong>nominando</strong></span> <span class='ocrx_word' id='word_1_77' title='bbox 1347 1141 1590 1210; x_wconf 83' lang='lat' dir='ltr'><strong>gentium</strong></span> <span class='ocrx_word' id='word_1_78' title='bbox 1631 1140 1870 1200; x_wconf 87' lang='lat' dir='ltr'><strong>divitias,</strong></span> <span class='ocrx_word' id='word_1_79' title='bbox 1909 1137 2098 1192; x_wconf 89' lang='lat' dir='ltr'><strong>mundi</strong></span> 
     </span>
    </p>
   </div>
   <div class='ocr_carea' id='block_1_13' title="bbox 518 1232 2100 1300">
    <p class='ocr_par' dir='ltr' id='par_1_13' title="bbox 518 1232 2100 1300">
     <span class='ocr_line' id='line_1_13' title="bbox 518 1232 2100 1300; baseline 0 -16"><span class='ocrx_word' id='word_1_80' title='bbox 518 1232 1043 1296; x_wconf 83' lang='lat' dir='ltr'><strong>reconciliationem,</strong></span> <span class='ocrx_word' id='word_1_81' title='bbox 1077 1242 1132 1285; x_wconf 92' lang='lat' dir='ltr'><strong>et</strong></span> <span class='ocrx_word' id='word_1_82' title='bbox 1186 1246 1405 1286; x_wconf 89' lang='lat' dir='ltr'><strong>carnem</strong></span> <span class='ocrx_word' id='word_1_83' title='bbox 1445 1246 1598 1285; x_wconf 91' lang='lat' dir='ltr'><strong>suam</strong></span> <span class='ocrx_word' id='word_1_84' title='bbox 1633 1232 1935 1300; x_wconf 85' lang='lat' dir='ltr'><strong>propriam,</strong></span> <span class='ocrx_word' id='word_1_85' title='bbox 1971 1239 2100 1284; x_wconf 91' lang='lat' dir='ltr'><strong>tunc</strong></span> 
     </span>
    </p>
   </div>
   <div class='ocr_carea' id='block_1_14' title="bbox 518 1321 2099 1391">
    <p class='ocr_par' dir='ltr' id='par_1_14' title="bbox 518 1321 2099 1391">
     <span class='ocr_line' id='line_1_14' title="bbox 518 1321 2099 1391; baseline 0 -16"><span class='ocrx_word' id='word_1_86' title='bbox 518 1322 921 1377; x_wconf 81' lang='lat' dir='ltr'><strong>incredulitatis</strong></span> <span class='ocrx_word' id='word_1_87' title='bbox 949 1321 1102 1377; x_wconf 82' lang='lat' dir='ltr'><strong>nefas</strong></span> <span class='ocrx_word' id='word_1_88' title='bbox 1127 1333 1389 1391; x_wconf 88' lang='lat' dir='ltr'><strong>quantum</strong></span> <span class='ocrx_word' id='word_1_89' title='bbox 1431 1323 1502 1376; x_wconf 90' lang='lat' dir='ltr'><strong>sit</strong></span> <span class='ocrx_word' id='word_1_90' title='bbox 1545 1322 1822 1387; x_wconf 87' lang='lat' dir='ltr'><strong>ostendit;</strong></span> <span class='ocrx_word' id='word_1_91' title='bbox 1854 1331 2099 1376; x_wconf 88' lang='lat' dir='ltr'><strong>mortuos</strong></span> 
     </span>
    </p>
   </div>
   <div class='ocr_carea' id='block_1_15' title="bbox 522 1412 2098 1484">
    <p class='ocr_par' dir='ltr' id='par_1_15' title="bbox 522 1412 2098 1484">
     <span class='ocr_line' id='line_1_15' title="bbox 522 1412 2098 1484; baseline -0.001 -16"><span class='ocrx_word' id='word_1_92' title='bbox 522 1430 617 1482; x_wconf 88' lang='lat' dir='ltr'><strong>per</strong></span> <span class='ocrx_word' id='word_1_93' title='bbox 647 1414 788 1469; x_wconf 91' lang='lat' dir='ltr'><strong>hanc</strong></span> <span class='ocrx_word' id='word_1_94' title='bbox 819 1416 1064 1468; x_wconf 89' lang='lat' dir='ltr'><strong>eamdem</strong></span> <span class='ocrx_word' id='word_1_95' title='bbox 1111 1415 1227 1468; x_wconf 82' lang='lat' dir='ltr'><strong>fieri</strong></span> <span class='ocrx_word' id='word_1_96' title='bbox 1273 1415 1606 1484; x_wconf 84' lang='lat' dir='ltr'><strong>significans.</strong></span> <span class='ocrx_word' id='word_1_97' title='bbox 1643 1412 1750 1468; x_wconf 90' lang='lat' dir='ltr'><strong>Sed</strong></span> <span class='ocrx_word' id='word_1_98' title='bbox 1785 1413 1891 1468; x_wconf 90' lang='lat' dir='ltr'><strong>hoc</strong></span> <span class='ocrx_word' id='word_1_99' title='bbox 1921 1412 2098 1467; x_wconf 86' lang='lat' dir='ltr'><strong>admi-</strong></span> 
     </span>
    </p>
   </div>
   <div class='ocr_carea' id='block_1_16' title="bbox 521 1505 2098 1576">
    <p class='ocr_par' dir='ltr' id='par_1_16' title="bbox 521 1505 2098 1576">
     <span class='ocr_line' id='line_1_16' title="bbox 521 1505 2098 1576; baseline 0 -16"><span class='ocrx_word' id='word_1_100' title='bbox 521 1505 765 1564; x_wconf 87' lang='lat' dir='ltr'><strong>rabiliter</strong></span> <span class='ocrx_word' id='word_1_101' title='bbox 787 1508 1028 1560; x_wconf 82' lang='lat' dir='ltr'><strong>maxime</strong></span> <span class='ocrx_word' id='word_1_102' title='bbox 1058 1516 1110 1561; x_wconf 86' lang='lat' dir='ltr'><strong>et</strong></span> <span class='ocrx_word' id='word_1_103' title='bbox 1140 1507 1421 1576; x_wconf 90' lang='lat' dir='ltr'><strong>sapienter</strong></span> <span class='ocrx_word' id='word_1_104' title='bbox 1451 1507 1600 1562; x_wconf 80' lang='lat' dir='ltr'><strong>facit.</strong></span> <span class='ocrx_word' id='word_1_105' title='bbox 1633 1507 1768 1560; x_wconf 84' lang='lat' dir='ltr'><strong>Cum</strong></span> <span class='ocrx_word' id='word_1_106' title='bbox 1797 1507 1942 1559; x_wconf 92' lang='lat' dir='ltr'><strong>enim</strong></span> <span class='ocrx_word' id='word_1_107' title='bbox 1979 1506 2098 1560; x_wconf 91' lang='lat' dir='ltr'><strong>illos</strong></span> 
     </span>
    </p>
   </div>
   <div class='ocr_carea' id='block_1_17' title="bbox 521 1598 2096 1667">
    <p class='ocr_par' dir='ltr' id='par_1_17' title="bbox 521 1598 2096 1667">
     <span class='ocr_line' id='line_1_17' title="bbox 521 1598 2096 1667; baseline 0.001 -16"><span class='ocrx_word' id='word_1_108' title='bbox 521 1598 794 1667; x_wconf 87' lang='lat' dir='ltr'><strong>appellare</strong></span> <span class='ocrx_word' id='word_1_109' title='bbox 825 1609 1086 1662; x_wconf 89' lang='lat' dir='ltr'><strong>mortuos,</strong></span> <span class='ocrx_word' id='word_1_110' title='bbox 1119 1613 1368 1652; x_wconf 87' lang='lat' dir='ltr'><strong>amarum</strong></span> <span class='ocrx_word' id='word_1_111' title='bbox 1396 1608 1449 1653; x_wconf 92' lang='lat' dir='ltr'><strong>et</strong></span> <span class='ocrx_word' id='word_1_112' title='bbox 1502 1598 1970 1652; x_wconf 88' lang='lat' dir='ltr'><strong>contumeliosum</strong></span> <span class='ocrx_word' id='word_1_113' title='bbox 2004 1600 2096 1664; x_wconf 85' lang='lat' dir='ltr'><strong>sit,</strong></span> 
     </span>
    </p>
   </div>
   <div class='ocr_carea' id='block_1_18' title="bbox 519 1690 2098 1760">
    <p class='ocr_par' dir='ltr' id='par_1_18' title="bbox 519 1690 2098 1760">
     <span class='ocr_line' id='line_1_18' title="bbox 519 1690 2098 1760; baseline 0 -16"><span class='ocrx_word' id='word_1_114' title='bbox 519 1701 575 1744; x_wconf 89' lang='lat' dir='ltr'><strong>et</strong></span> <span class='ocrx_word' id='word_1_115' title='bbox 610 1691 664 1745; x_wconf 95' lang='lat' dir='ltr'><strong>in</strong></span> <span class='ocrx_word' id='word_1_116' title='bbox 697 1690 954 1760; x_wconf 85' lang='lat' dir='ltr'><strong>iujuriam</strong></span> <span class='ocrx_word' id='word_1_117' title='bbox 987 1690 1160 1760; x_wconf 89' lang='lat' dir='ltr'><strong>magis</strong></span> <span class='ocrx_word' id='word_1_118' title='bbox 1197 1706 1363 1760; x_wconf 88' lang='lat' dir='ltr'><strong>quam</strong></span> <span class='ocrx_word' id='word_1_119' title='bbox 1415 1692 1468 1745; x_wconf 90' lang='lat' dir='ltr'><strong>in</strong></span> <span class='ocrx_word' id='word_1_120' title='bbox 1495 1691 1935 1745; x_wconf 86' lang='lat' dir='ltr'><strong>exhortationem</strong></span> <span class='ocrx_word' id='word_1_121' title='bbox 1979 1701 2098 1746; x_wconf 89' lang='lat' dir='ltr'><strong>ten-</strong></span> 
     </span>
    </p>
   </div>
   <div class='ocr_carea' id='block_1_19' title="bbox 519 1781 2098 1850">
    <p class='ocr_par' dir='ltr' id='par_1_19' title="bbox 519 1781 2098 1850">
     <span class='ocr_line' id='line_1_19' title="bbox 519 1781 2098 1850; baseline 0.001 -16"><span class='ocrx_word' id='word_1_122' title='bbox 519 1781 634 1845; x_wconf 87' lang='lat' dir='ltr'><strong>dat,</strong></span> <span class='ocrx_word' id='word_1_123' title='bbox 668 1795 776 1834; x_wconf 90' lang='lat' dir='ltr'><strong>non</strong></span> <span class='ocrx_word' id='word_1_124' title='bbox 813 1781 883 1834; x_wconf 90' lang='lat' dir='ltr'><strong>ita</strong></span> <span class='ocrx_word' id='word_1_125' title='bbox 910 1781 1054 1835; x_wconf 89' lang='lat' dir='ltr'><strong>sicco</strong></span> <span class='ocrx_word' id='word_1_126' title='bbox 1079 1781 1239 1835; x_wconf 87' lang='lat' dir='ltr'><strong>modo</strong></span> <span class='ocrx_word' id='word_1_127' title='bbox 1266 1781 1317 1835; x_wconf 92' lang='lat' dir='ltr'><strong>id</strong></span> <span class='ocrx_word' id='word_1_128' title='bbox 1363 1782 1637 1850; x_wconf 88' lang='lat' dir='ltr'><strong>proponit,</strong></span> <span class='ocrx_word' id='word_1_129' title='bbox 1676 1781 1769 1836; x_wconf 89' lang='lat' dir='ltr'><strong>sed</strong></span> <span class='ocrx_word' id='word_1_130' title='bbox 1803 1781 2013 1844; x_wconf 88' lang='lat' dir='ltr'><strong>miscet,</strong></span> <span class='ocrx_word' id='word_1_131' title='bbox 2041 1789 2098 1836; x_wconf 91' lang='lat' dir='ltr'><strong>et</strong></span> 
     </span>
    </p>
   </div>
   <div class='ocr_carea' id='block_1_20' title="bbox 521 1872 2098 1943">
    <p class='ocr_par' dir='ltr' id='par_1_20' title="bbox 521 1872 2098 1943">
     <span class='ocr_line' id='line_1_20' title="bbox 521 1872 2098 1943; baseline 0.001 -17"><span class='ocrx_word' id='word_1_132' title='bbox 521 1873 576 1926; x_wconf 93' lang='lat' dir='ltr'><strong>in</strong></span> <span class='ocrx_word' id='word_1_133' title='bbox 609 1872 788 1928; x_wconf 90' lang='lat' dir='ltr'><strong>laudis</strong></span> <span class='ocrx_word' id='word_1_134' title='bbox 824 1873 1069 1928; x_wconf 91' lang='lat' dir='ltr'><strong>ordinem</strong></span> <span class='ocrx_word' id='word_1_135' title='bbox 1106 1872 1329 1943; x_wconf 64' lang='lat' dir='ltr'><strong>pratfert</strong></span> <span class='ocrx_word' id='word_1_136' title='bbox 1359 1874 1546 1929; x_wconf 90' lang='lat' dir='ltr'><strong>dicens</strong></span> <span class='ocrx_word' id='word_1_137' title='bbox 1582 1892 1595 1929; x_wconf 92' lang='lat'>:</span> <span class='ocrx_word' id='word_1_138' title='bbox 1627 1873 1760 1939; x_wconf 72' lang='lat' dir='ltr'><strong>Quae</strong></span> <span class='ocrx_word' id='word_1_139' title='bbox 1801 1875 2098 1942; x_wconf 74' lang='lat' dir='ltr'><strong>assumptio</strong></span> 
     </span>
    </p>
   </div>
   <div class='ocr_carea' id='block_1_21' title="bbox 518 1965 2097 2035">
    <p class='ocr_par' dir='ltr' id='par_1_21' title="bbox 518 1965 2097 2035">
     <span class='ocr_line' id='line_1_21' title="bbox 518 1965 2097 2035; baseline -0.001 -14"><span class='ocrx_word' id='word_1_140' title='bbox 518 1984 720 2032; x_wconf 89' lang='lat' dir='ltr'><strong>eorum,</strong></span> <span class='ocrx_word' id='word_1_141' title='bbox 754 1967 857 2020; x_wconf 82' lang='lat' dir='ltr'><strong>nisi</strong></span> <span class='ocrx_word' id='word_1_142' title='bbox 888 1968 994 2020; x_wconf 87' lang='lat' dir='ltr'><strong>vita</strong></span> <span class='ocrx_word' id='word_1_143' title='bbox 1036 1982 1100 2020; x_wconf 77' lang='lat' dir='ltr'><strong>ea:</strong></span> <span class='ocrx_word' id='word_1_144' title='bbox 1123 1966 1346 2020; x_wconf 76' lang='lat' dir='ltr'><strong>mortuis</strong></span> <span class='ocrx_word' id='word_1_145' title='bbox 1376 1965 1399 2018; x_wconf 77' lang='grc'><strong>7</strong></span> <span class='ocrx_word' id='word_1_146' title='bbox 1432 1981 1528 2035; x_wconf 88' lang='lat' dir='ltr'><strong>per</strong></span> <span class='ocrx_word' id='word_1_147' title='bbox 1558 1965 1700 2020; x_wconf 89' lang='lat' dir='ltr'><strong>hanc</strong></span> <span class='ocrx_word' id='word_1_148' title='bbox 1729 1980 1937 2029; x_wconf 88' lang='lat' dir='ltr'><strong>vocem,</strong></span> <span class='ocrx_word' id='word_1_149' title='bbox 1968 1968 2097 2028; x_wconf 85' lang='lat' dir='ltr'><strong>vita,</strong></span> 
     </span>
    </p>
   </div>
   <div class='ocr_carea' id='block_1_22' title="bbox 515 2057 2100 2129">
    <p class='ocr_par' dir='ltr' id='par_1_22' title="bbox 515 2057 2100 2129">
     <span class='ocr_line' id='line_1_22' title="bbox 515 2057 2100 2129; baseline -0.001 -17"><span class='ocrx_word' id='word_1_150' title='bbox 515 2057 823 2129; x_wconf 83' lang='lat' dir='ltr'><strong>jucundum</strong></span> <span class='ocrx_word' id='word_1_151' title='bbox 882 2057 1155 2128; x_wconf 87' lang='lat' dir='ltr'><strong>quoddam</strong></span> <span class='ocrx_word' id='word_1_152' title='bbox 1209 2073 1450 2128; x_wconf 87' lang='lat' dir='ltr'><strong>ponens;</strong></span> <span class='ocrx_word' id='word_1_153' title='bbox 1489 2072 1584 2127; x_wconf 89' lang='lat' dir='ltr'><strong>per</strong></span> <span class='ocrx_word' id='word_1_154' title='bbox 1643 2057 1774 2111; x_wconf 90' lang='lat' dir='ltr'><strong>illud</strong></span> <span class='ocrx_word' id='word_1_155' title='bbox 1820 2065 2022 2120; x_wconf 89' lang='lat' dir='ltr'><strong>autem,</strong></span> <span class='ocrx_word' id='word_1_156' title='bbox 2073 2073 2100 2110; x_wconf 91' lang='lat' dir='ltr'><strong>e</strong></span> 
     </span>
    </p>
   </div>
   <div class='ocr_carea' id='block_1_23' title="bbox 521 2148 2098 2218">
    <p class='ocr_par' dir='ltr' id='par_1_23' title="bbox 521 2148 2098 2218">
     <span class='ocr_line' id='line_1_23' title="bbox 521 2148 2098 2218; baseline 0.001 -16"><span class='ocrx_word' id='word_1_157' title='bbox 521 2152 745 2203; x_wconf 82' lang='lat' dir='ltr'><strong>mortuis</strong></span> <span class='ocrx_word' id='word_1_158' title='bbox 787 2149 1101 2218; x_wconf 76' lang='lat' dir='ltr'><strong>significans</strong></span> <span class='ocrx_word' id='word_1_159' title='bbox 1142 2148 1585 2204; x_wconf 88' lang='lat' dir='ltr'><strong>incredulitatem</strong></span> <span class='ocrx_word' id='word_1_160' title='bbox 1628 2163 1820 2205; x_wconf 88' lang='lat' dir='ltr'><strong>eorum</strong></span> <span class='ocrx_word' id='word_1_161' title='bbox 1868 2157 2098 2205; x_wconf 86' lang='lat' dir='ltr'><strong>mortem</strong></span> 
     </span>
    </p>
   </div>
   <div class='ocr_carea' id='block_1_24' title="bbox 520 2255 663 2296">
    <p class='ocr_par' dir='ltr' id='par_1_24' title="bbox 520 2255 663 2296">
     <span class='ocr_line' id='line_1_24' title="bbox 520 2255 663 2296; baseline 0 -1"><span class='ocrx_word' id='word_1_162' title='bbox 520 2255 663 2296; x_wconf 77' lang='lat' dir='ltr'><strong>CSSC.</strong></span> 
     </span>
    </p>
   </div>
   <div class='ocr_carea' id='block_1_25' title="bbox 520 2355 2099 2428">
    <p class='ocr_par' dir='ltr' id='par_1_25' title="bbox 520 2355 2099 2428">
     <span class='ocr_line' id='line_1_25' title="bbox 520 2355 2099 2428; baseline -0.001 -16"><span class='ocrx_word' id='word_1_163' title='bbox 520 2355 688 2413; x_wconf 74' lang='lat' dir='ltr'><strong>Vsus.</strong></span> <span class='ocrx_word' id='word_1_164' title='bbox 731 2355 823 2413; x_wconf 70' lang='lat'><strong>28.</strong></span> <span class='ocrx_word' id='word_1_165' title='bbox 861 2355 1160 2411; x_wconf 83' lang='lat' dir='ltr'><strong>Secundum</strong></span> <span class='ocrx_word' id='word_1_166' title='bbox 1215 2355 1564 2428; x_wconf 87' lang='lat' dir='ltr'><strong>Evangelium</strong></span> <span class='ocrx_word' id='word_1_167' title='bbox 1609 2356 1842 2427; x_wconf 83' lang='lat' dir='ltr'><strong>quidem,</strong></span> <span class='ocrx_word' id='word_1_168' title='bbox 1890 2356 2099 2411; x_wconf 84' lang='lat' dir='ltr'><strong>inimici</strong></span> 
     </span>
    </p>
   </div>
   <div class='ocr_carea' id='block_1_26' title="bbox 1123 2439 1484 2498">
    <p class='ocr_par' dir='ltr' id='par_1_26' title="bbox 1123 2439 1484 2498">
     <span class='ocr_line' id='line_1_26' title="bbox 1123 2439 1484 2498; baseline 0 -17"><span class='ocrx_word' id='word_1_169' title='bbox 1123 2439 1339 2498; x_wconf 84' lang='lat' dir='ltr'><strong>propter</strong></span> <span class='ocrx_word' id='word_1_170' title='bbox 1372 2444 1484 2482; x_wconf 75' lang='grc' dir='ltr'>υοε.</span> 
     </span>
    </p>
   </div>
   <div class='ocr_carea' id='block_1_27' title="bbox 598 2517 2100 2590">
    <p class='ocr_par' dir='ltr' id='par_1_27' title="bbox 598 2517 2100 2590">
     <span class='ocr_line' id='line_1_27' title="bbox 598 2517 2100 2590; baseline 0 -17"><span class='ocrx_word' id='word_1_171' title='bbox 598 2517 795 2574; x_wconf 82' lang='lat' dir='ltr'><strong>Photii.</strong></span> <span class='ocrx_word' id='word_1_172' title='bbox 823 2519 1040 2586; x_wconf 74' lang='lat' dir='ltr'><strong>Quaeret</strong></span> <span class='ocrx_word' id='word_1_173' title='bbox 1062 2519 1282 2590; x_wconf 76' lang='lat' dir='ltr'><strong>aliquis,</strong></span> <span class='ocrx_word' id='word_1_174' title='bbox 1311 2520 1358 2575; x_wconf 91' lang='lat' dir='ltr'><strong>si</strong></span> <span class='ocrx_word' id='word_1_175' title='bbox 1390 2518 1599 2574; x_wconf 85' lang='lat' dir='ltr'><strong>inimici</strong></span> <span class='ocrx_word' id='word_1_176' title='bbox 1625 2518 1754 2575; x_wconf 86' lang='lat' dir='ltr'><strong>facti</strong></span> <span class='ocrx_word' id='word_1_177' title='bbox 1779 2520 1888 2576; x_wconf 89' lang='lat' dir='ltr'><strong>sint</strong></span> <span class='ocrx_word' id='word_1_178' title='bbox 1907 2517 2100 2585; x_wconf 75' lang='lat' dir='ltr'><strong>Judaei,</strong></span> 
     </span>
    </p>
   </div>
   <div class='ocr_carea' id='block_1_28' title="bbox 520 2613 2105 2685">
    <p class='ocr_par' dir='ltr' id='par_1_28' title="bbox 520 2613 2105 2685">
     <span class='ocr_line' id='line_1_28' title="bbox 520 2613 2105 2685; baseline -0.001 -18"><span class='ocrx_word' id='word_1_179' title='bbox 520 2623 745 2684; x_wconf 89' lang='lat' dir='ltr'><strong>propter</strong></span> <span class='ocrx_word' id='word_1_180' title='bbox 776 2613 898 2668; x_wconf 90' lang='lat' dir='ltr'><strong>illos</strong></span> <span class='ocrx_word' id='word_1_181' title='bbox 933 2614 1026 2682; x_wconf 87' lang='lat' dir='ltr'><strong>qui</strong></span> <span class='ocrx_word' id='word_1_182' title='bbox 1057 2629 1086 2668; x_wconf 91' lang='lat' dir='ltr'><strong>e</strong></span> <span class='ocrx_word' id='word_1_183' title='bbox 1115 2614 1369 2685; x_wconf 78' lang='lat' dir='ltr'><strong>gentibus</strong></span> <span class='ocrx_word' id='word_1_184' title='bbox 1423 2613 1797 2676; x_wconf 87' lang='lat' dir='ltr'><strong>crediderunt,</strong></span> <span class='ocrx_word' id='word_1_185' title='bbox 1829 2613 2105 2682; x_wconf 88' lang='lat' dir='ltr'><strong>quomodo</strong></span> 
     </span>
    </p>
   </div>
   <div class='ocr_carea' id='block_1_29' title="bbox 524 2705 2104 2776">
    <p class='ocr_par' dir='ltr' id='par_1_29' title="bbox 524 2705 2104 2776">
     <span class='ocr_line' id='line_1_29' title="bbox 524 2705 2104 2776; baseline -0.001 -17"><span class='ocrx_word' id='word_1_186' title='bbox 524 2705 777 2774; x_wconf 83' lang='lat' dir='ltr'><strong>superius</strong></span> <span class='ocrx_word' id='word_1_187' title='bbox 803 2706 1019 2771; x_wconf 80' lang='lat' dir='ltr'><strong>dixerit,</strong></span> <span class='ocrx_word' id='word_1_188' title='bbox 1056 2706 1309 2772; x_wconf 85' lang='lat' dir='ltr'><strong>Quandiu</strong></span> <span class='ocrx_word' id='word_1_189' title='bbox 1355 2722 1448 2776; x_wconf 88' lang='lat' dir='ltr'><strong>ego</strong></span> <span class='ocrx_word' id='word_1_190' title='bbox 1479 2722 1597 2760; x_wconf 87' lang='lat' dir='ltr'><strong>sum</strong></span> <span class='ocrx_word' id='word_1_191' title='bbox 1621 2708 1859 2776; x_wconf 88' lang='lat' dir='ltr'><strong>gentium</strong></span> <span class='ocrx_word' id='word_1_192' title='bbox 1887 2714 2104 2774; x_wconf 87' lang='lat' dir='ltr'><strong>aposto-</strong></span> 
     </span>
    </p>
   </div>
   <div class='ocr_carea' id='block_1_30' title="bbox 523 2794 2106 2867">
    <p class='ocr_par' dir='ltr' id='par_1_30' title="bbox 523 2794 2106 2867">
     <span class='ocr_line' id='line_1_30' title="bbox 523 2794 2106 2867; baseline 0 -17"><span class='ocrx_word' id='word_1_193' title='bbox 523 2796 630 2859; x_wconf 82' lang='lat' dir='ltr'><strong>lus,</strong></span> <span class='ocrx_word' id='word_1_194' title='bbox 656 2796 1005 2850; x_wconf 80' lang='lat' dir='ltr'><strong>ministerium</strong></span> <span class='ocrx_word' id='word_1_195' title='bbox 1030 2812 1200 2850; x_wconf 88' lang='lat' dir='ltr'><strong>meum</strong></span> <span class='ocrx_word' id='word_1_196' title='bbox 1229 2795 1613 2865; x_wconf 84' lang='lat' dir='ltr'><strong>honoriﬁcabo.</strong></span> <span class='ocrx_word' id='word_1_197' title='bbox 1647 2795 1868 2862; x_wconf 80' lang='lat' dir='ltr'><strong>Quare?</strong></span> <span class='ocrx_word' id='word_1_198' title='bbox 1897 2794 1954 2851; x_wconf 88' lang='lat' dir='ltr'><strong>Si</strong></span> <span class='ocrx_word' id='word_1_199' title='bbox 1972 2813 2106 2867; x_wconf 86' lang='lat' dir='ltr'><strong>quo-</strong></span> 
     </span>
    </p>
   </div>
   <div class='ocr_carea' id='block_1_31' title="bbox 524 2886 2103 2957">
    <p class='ocr_par' dir='ltr' id='par_1_31' title="bbox 524 2886 2103 2957">
     <span class='ocr_line' id='line_1_31' title="bbox 524 2886 2103 2957; baseline 0.003 -18"><span class='ocrx_word' id='word_1_200' title='bbox 524 2887 680 2940; x_wconf 87' lang='lat' dir='ltr'><strong>modo</strong></span> <span class='ocrx_word' id='word_1_201' title='bbox 730 2886 798 2940; x_wconf 85' lang='lat' dir='ltr'><strong>ad</strong></span> <span class='ocrx_word' id='word_1_202' title='bbox 857 2887 1251 2941; x_wconf 75' lang='lat' dir='ltr'><strong>wmulationem</strong></span> <span class='ocrx_word' id='word_1_203' title='bbox 1312 2903 1584 2957; x_wconf 83' lang='lat' dir='ltr'><strong>provocem</strong></span> <span class='ocrx_word' id='word_1_204' title='bbox 1644 2903 1856 2942; x_wconf 88' lang='lat' dir='ltr'><strong>carnem</strong></span> <span class='ocrx_word' id='word_1_205' title='bbox 1911 2904 2103 2943; x_wconf 79' lang='lat' dir='ltr'><strong>nteant.</strong></span> 
     </span>
    </p>
   </div>
   <div class='ocr_carea' id='block_1_32' title="bbox 528 2978 2108 3050">
    <p class='ocr_par' dir='ltr' id='par_1_32' title="bbox 528 2978 2108 3050">
     <span class='ocr_line' id='line_1_32' title="bbox 528 2978 2108 3050; baseline 0.002 -17"><span class='ocrx_word' id='word_1_206' title='bbox 528 2978 749 3033; x_wconf 83' lang='lat' dir='ltr'><strong>Sienim</strong></span> <span class='ocrx_word' id='word_1_207' title='bbox 783 2979 852 3035; x_wconf 93' lang='lat' dir='ltr'><strong>ob</strong></span> <span class='ocrx_word' id='word_1_208' title='bbox 880 2979 1038 3033; x_wconf 89' lang='lat' dir='ltr'><strong>tidem</strong></span> <span class='ocrx_word' id='word_1_209' title='bbox 1065 2979 1311 3050; x_wconf 87' lang='lat' dir='ltr'><strong>gentium</strong></span> <span class='ocrx_word' id='word_1_210' title='bbox 1360 2979 1692 3034; x_wconf 63' lang='lat' dir='ltr'><strong>aemulantur</strong></span> <span class='ocrx_word' id='word_1_211' title='bbox 1737 2986 1792 3033; x_wconf 91' lang='lat' dir='ltr'><strong>et</strong></span> <span class='ocrx_word' id='word_1_212' title='bbox 1824 2979 2108 3036; x_wconf 88' lang='lat' dir='ltr'><strong>imitantur</strong></span> 
     </span>
    </p>
   </div>
   <div class='ocr_carea' id='block_1_33' title="bbox 2201 488 3787 570">
    <p class='ocr_par' dir='ltr' id='par_1_33' title="bbox 2201 488 3787 570">
     <span class='ocr_line' id='line_1_33' title="bbox 2201 488 3787 570; baseline -0.007 -18"><span class='ocrx_word' id='word_1_213' title='bbox 2201 501 2294 552; x_wconf 75' lang='lat' dir='ltr'><strong>xui.</strong></span> <span class='ocrx_word' id='word_1_214' title='bbox 2326 501 2358 570; x_wconf 74' lang='grc' dir='ltr'>ἡ</span> <span class='ocrx_word' id='word_1_215' title='bbox 2385 497 2693 569; x_wconf 79' lang='grc' dir='ltr'><strong>προσθήκη,</strong></span> <span class='ocrx_word' id='word_1_216' title='bbox 2736 498 2785 548; x_wconf 90' lang='grc' dir='ltr'><strong>εί</strong></span> <span class='ocrx_word' id='word_1_217' title='bbox 2827 495 2902 566; x_wconf 78' lang='grc' dir='ltr'>μὴ</span> <span class='ocrx_word' id='word_1_218' title='bbox 2930 494 3108 547; x_wconf 86' lang='grc' dir='ltr'>τελεία</span> <span class='ocrx_word' id='word_1_219' title='bbox 3139 495 3234 547; x_wconf 85' lang='grc' dir='ltr'>καὶ</span> <span class='ocrx_word' id='word_1_220' title='bbox 3273 492 3572 561; x_wconf 78' lang='grc' dir='ltr'><strong>ὁλόκληρος</strong></span> <span class='ocrx_word' id='word_1_221' title='bbox 3619 488 3787 559; x_wconf 73' lang='grc' dir='ltr'>χαρὰ,</span> 
     </span>
    </p>
   </div>
   <div class='ocr_carea' id='block_1_34' title="bbox 2199 582 3789 658">
    <p class='ocr_par' dir='ltr' id='par_1_34' title="bbox 2199 582 3789 658">
     <span class='ocr_line' id='line_1_34' title="bbox 2199 582 3789 658; baseline -0.007 -16"><span class='ocrx_word' id='word_1_222' title='bbox 2199 590 2274 652; x_wconf 86' lang='grc' dir='ltr'>ὡς</span> <span class='ocrx_word' id='word_1_223' title='bbox 2304 591 2395 642; x_wconf 85' lang='grc' dir='ltr'><strong>ἐπί</strong></span> <span class='ocrx_word' id='word_1_224' title='bbox 2439 588 2624 658; x_wconf 74' lang='grc' dir='ltr'>τελείᾳ</span> <span class='ocrx_word' id='word_1_225' title='bbox 2669 587 2765 640; x_wconf 68' lang='grc' dir='ltr'>καὶ</span> <span class='ocrx_word' id='word_1_226' title='bbox 2794 589 2955 655; x_wconf 84' lang='grc' dir='ltr'>καινῇ</span> <span class='ocrx_word' id='word_1_227' title='bbox 2988 587 3098 655; x_wconf 77' lang='grc' dir='ltr'><strong>ζωῇ</strong></span> <span class='ocrx_word' id='word_1_228' title='bbox 3127 585 3220 638; x_wconf 84' lang='lat' dir='ltr'><strong>xui.</strong></span> <span class='ocrx_word' id='word_1_229' title='bbox 3269 582 3565 636; x_wconf 78' lang='grc' dir='ltr'>ἀναϐιώσει</span> <span class='ocrx_word' id='word_1_230' title='bbox 3595 582 3661 633; x_wconf 90' lang='grc' dir='ltr'>ἐκ</span> <span class='ocrx_word' id='word_1_231' title='bbox 3700 596 3789 632; x_wconf 76' lang='grc' dir='ltr'>νε-</span> 
     </span>
    </p>
   </div>
   <div class='ocr_carea' id='block_1_35' title="bbox 2199 671 3790 751">
    <p class='ocr_par' dir='ltr' id='par_1_35' title="bbox 2199 671 3790 751">
     <span class='ocr_line' id='line_1_35' title="bbox 2199 671 3790 751; baseline -0.004 -19"><span class='ocrx_word' id='word_1_232' title='bbox 2199 681 2368 751; x_wconf 86' lang='grc' dir='ltr'>κρῶν,</span> <span class='ocrx_word' id='word_1_233' title='bbox 2410 682 2646 744; x_wconf 86' lang='grc' dir='ltr'>πάντων,</span> <span class='ocrx_word' id='word_1_234' title='bbox 2669 679 2727 731; x_wconf 84' lang='grc' dir='ltr'>οὐ</span> <span class='ocrx_word' id='word_1_235' title='bbox 2764 679 2922 748; x_wconf 82' lang='grc' dir='ltr'>μόνον</span> <span class='ocrx_word' id='word_1_236' title='bbox 2953 677 3062 729; x_wconf 85' lang='grc' dir='ltr'><strong>τῶν</strong></span> <span class='ocrx_word' id='word_1_237' title='bbox 3107 675 3620 746; x_wconf 80' lang='grc' dir='ltr'><strong>προσπταισάντων,</strong></span> <span class='ocrx_word' id='word_1_238' title='bbox 3650 671 3790 725; x_wconf 79' lang='grc' dir='ltr'><strong>ἀλλά</strong></span> 
     </span>
    </p>
   </div>
   <div class='ocr_carea' id='block_1_36' title="bbox 2199 763 3787 841">
    <p class='ocr_par' dir='ltr' id='par_1_36' title="bbox 2199 763 3787 841">
     <span class='ocr_line' id='line_1_36' title="bbox 2199 763 3787 841; baseline -0.008 -15"><span class='ocrx_word' id='word_1_239' title='bbox 2199 773 2296 826; x_wconf 82' lang='lat' dir='ltr'><strong>xui.</strong></span> <span class='ocrx_word' id='word_1_240' title='bbox 2323 773 2433 824; x_wconf 88' lang='grc' dir='ltr'><strong>τῶν</strong></span> <span class='ocrx_word' id='word_1_241' title='bbox 2469 772 2626 841; x_wconf 81' lang='grc' dir='ltr'>μέχρι</span> <span class='ocrx_word' id='word_1_242' title='bbox 2665 771 2895 822; x_wconf 78' lang='grc' dir='ltr'>θανάτου</span> <span class='ocrx_word' id='word_1_243' title='bbox 2927 769 3023 822; x_wconf 82' lang='grc' dir='ltr'><strong>καί</strong></span> <span class='ocrx_word' id='word_1_244' title='bbox 3067 767 3389 838; x_wconf 85' lang='grc' dir='ltr'>νεκρώσεως</span> <span class='ocrx_word' id='word_1_245' title='bbox 3439 763 3787 818; x_wconf 78' lang='grc' dir='ltr'>καταπεσὸνο</span> 
     </span>
    </p>
   </div>
   <div class='ocr_carea' id='block_1_37' title="bbox 2198 855 3790 933">
    <p class='ocr_par' dir='ltr' id='par_1_37' title="bbox 2198 855 3790 933">
     <span class='ocr_line' id='line_1_37' title="bbox 2198 855 3790 933; baseline -0.007 -15"><span class='ocrx_word' id='word_1_246' title='bbox 2198 882 2342 930; x_wconf 87' lang='grc' dir='ltr'>των;</span> <span class='ocrx_word' id='word_1_247' title='bbox 2379 865 2484 917; x_wconf 74' lang='grc' dir='ltr'><strong>Καὶ</strong></span> <span class='ocrx_word' id='word_1_248' title='bbox 2521 865 2649 933; x_wconf 83' lang='grc' dir='ltr'>ὅρα·</span> <span class='ocrx_word' id='word_1_249' title='bbox 2701 863 3001 932; x_wconf 77' lang='grc' dir='ltr'>ἀρχόμενος</span> <span class='ocrx_word' id='word_1_250' title='bbox 3051 861 3170 930; x_wconf 82' lang='grc' dir='ltr'>μὲν,</span> <span class='ocrx_word' id='word_1_251' title='bbox 3212 862 3463 929; x_wconf 83' lang='grc' dir='ltr'>πταῖσμα</span> <span class='ocrx_word' id='word_1_252' title='bbox 3503 857 3603 926; x_wconf 79' lang='grc' dir='ltr'>τὴν</span> <span class='ocrx_word' id='word_1_253' title='bbox 3631 855 3790 909; x_wconf 87' lang='grc' dir='ltr'>ἀπεί-</span> 
     </span>
    </p>
   </div>
   <div class='ocr_carea' id='block_1_38' title="bbox 2201 947 3786 1022">
    <p class='ocr_par' dir='ltr' id='par_1_38' title="bbox 2201 947 3786 1022">
     <span class='ocr_line' id='line_1_38' title="bbox 2201 947 3786 1022; baseline -0.007 -12"><span class='ocrx_word' id='word_1_254' title='bbox 2201 957 2351 1010; x_wconf 88' lang='grc' dir='ltr'>θειαν</span> <span class='ocrx_word' id='word_1_255' title='bbox 2401 956 2628 1009; x_wconf 89' lang='grc' dir='ltr'>ἐκάλεσε</span> <span class='ocrx_word' id='word_1_256' title='bbox 2676 954 2784 1008; x_wconf 82' lang='grc' dir='ltr'><strong>τῶν</strong></span> <span class='ocrx_word' id='word_1_257' title='bbox 2846 953 3158 1006; x_wconf 75' lang='grc' dir='ltr'><strong>Ἰουδαίων·</strong></span> <span class='ocrx_word' id='word_1_258' title='bbox 3217 947 3340 1006; x_wconf 76' lang='grc' dir='ltr'>εἶτα.</span> <span class='ocrx_word' id='word_1_259' title='bbox 3404 950 3786 1022; x_wconf 77' lang='grc' dir='ltr'>παράπτωμα.</span> 
     </span>
    </p>
   </div>
   <div class='ocr_carea' id='block_1_39' title="bbox 2212 1041 3788 1118">
    <p class='ocr_par' dir='ltr' id='par_1_39' title="bbox 2212 1041 3788 1118">
     <span class='ocr_line' id='line_1_39' title="bbox 2212 1041 3788 1118; baseline -0.008 -16"><span class='ocrx_word' id='word_1_260' title='bbox 2212 1048 2433 1118; x_wconf 79' lang='grc' dir='ltr'><strong>Ἐπειδὴ</strong></span> <span class='ocrx_word' id='word_1_261' title='bbox 2482 1047 2540 1102; x_wconf 82' lang='grc' dir='ltr'>δὲ</span> <span class='ocrx_word' id='word_1_262' title='bbox 2595 1045 2793 1112; x_wconf 74' lang='grc' dir='ltr'>ἔδειξεν</span> <span class='ocrx_word' id='word_1_263' title='bbox 2847 1045 3050 1109; x_wconf 85' lang='grc' dir='ltr'>αὐτοῖς,</span> <span class='ocrx_word' id='word_1_264' title='bbox 3114 1043 3209 1096; x_wconf 82' lang='grc' dir='ltr'>ἐὰν</span> <span class='ocrx_word' id='word_1_265' title='bbox 3261 1042 3562 1113; x_wconf 84' lang='grc' dir='ltr'>βούλωνται</span> <span class='ocrx_word' id='word_1_266' title='bbox 3624 1041 3788 1110; x_wconf 86' lang='grc' dir='ltr'>μόνον</span> 
     </span>
    </p>
   </div>
   <div class='ocr_carea' id='block_1_40' title="bbox 2200 1132 3788 1210">
    <p class='ocr_par' dir='ltr' id='par_1_40' title="bbox 2200 1132 3788 1210">
     <span class='ocr_line' id='line_1_40' title="bbox 2200 1132 3788 1210; baseline -0.007 -16"><span class='ocrx_word' id='word_1_267' title='bbox 2200 1141 2508 1210; x_wconf 85' lang='grc' dir='ltr'>πεισθῆναι,</span> <span class='ocrx_word' id='word_1_268' title='bbox 2586 1139 2646 1192; x_wconf 84' lang='grc' dir='ltr'><strong>τὸ</strong></span> <span class='ocrx_word' id='word_1_269' title='bbox 2703 1137 2932 1209; x_wconf 86' lang='grc' dir='ltr'>μέγεθος</span> <span class='ocrx_word' id='word_1_270' title='bbox 3002 1137 3113 1189; x_wconf 88' lang='grc' dir='ltr'><strong>τῶν</strong></span> <span class='ocrx_word' id='word_1_271' title='bbox 3166 1135 3418 1204; x_wconf 80' lang='grc' dir='ltr'>ἀγαθῶν,</span> <span class='ocrx_word' id='word_1_272' title='bbox 3452 1134 3549 1188; x_wconf 76' lang='grc' dir='ltr'>καὶ</span> <span class='ocrx_word' id='word_1_273' title='bbox 3581 1132 3788 1202; x_wconf 77' lang='grc' dir='ltr'>ἐπῆρεν</span> 
     </span>
    </p>
   </div>
   <div class='ocr_carea' id='block_1_41' title="bbox 2200 1224 3788 1295">
    <p class='ocr_par' dir='ltr' id='par_1_41' title="bbox 2200 1224 3788 1295">
     <span class='ocr_line' id='line_1_41' title="bbox 2200 1224 3788 1295; baseline -0.007 -9"><span class='ocrx_word' id='word_1_274' title='bbox 2200 1233 2418 1295; x_wconf 75' lang='grc' dir='ltr'>αὐτοὺς,</span> <span class='ocrx_word' id='word_1_275' title='bbox 2480 1228 2711 1284; x_wconf 79' lang='grc' dir='ltr'>πλοῦτον</span> <span class='ocrx_word' id='word_1_276' title='bbox 2771 1228 2943 1281; x_wconf 88' lang='grc' dir='ltr'>ἐθνῶν</span> <span class='ocrx_word' id='word_1_277' title='bbox 3002 1226 3214 1292; x_wconf 86' lang='grc' dir='ltr'>καλῶν,</span> <span class='ocrx_word' id='word_1_278' title='bbox 3281 1227 3377 1280; x_wconf 83' lang='grc' dir='ltr'>καὶ</span> <span class='ocrx_word' id='word_1_279' title='bbox 3436 1224 3788 1294; x_wconf 75' lang='grc' dir='ltr'>καταλλαγὴν</span> 
     </span>
    </p>
   </div>
   <div class='ocr_carea' id='block_1_42' title="bbox 2201 1314 3786 1393">
    <p class='ocr_par' dir='ltr' id='par_1_42' title="bbox 2201 1314 3786 1393">
     <span class='ocr_line' id='line_1_42' title="bbox 2201 1314 3786 1393; baseline -0.006 -16"><span class='ocrx_word' id='word_1_280' title='bbox 2201 1325 2427 1393; x_wconf 80' lang='grc' dir='ltr'><strong>κόσμου,</strong></span> <span class='ocrx_word' id='word_1_281' title='bbox 2461 1323 2554 1375; x_wconf 85' lang='lat' dir='ltr'><strong>xui</strong></span> <span class='ocrx_word' id='word_1_282' title='bbox 2585 1321 2761 1392; x_wconf 84' lang='grc' dir='ltr'>σάρκα</span> <span class='ocrx_word' id='word_1_283' title='bbox 2791 1319 3018 1372; x_wconf 85' lang='grc' dir='ltr'>οίκείαν·</span> <span class='ocrx_word' id='word_1_284' title='bbox 3076 1319 3198 1370; x_wconf 86' lang='grc' dir='ltr'>τότε</span> <span class='ocrx_word' id='word_1_285' title='bbox 3237 1319 3329 1370; x_wconf 85' lang='lat' dir='ltr'><strong>xui</strong></span> <span class='ocrx_word' id='word_1_286' title='bbox 3361 1318 3462 1388; x_wconf 83' lang='grc' dir='ltr'>τῆς</span> <span class='ocrx_word' id='word_1_287' title='bbox 3499 1314 3786 1379; x_wconf 80' lang='grc' dir='ltr'>ἀπειθείας</span> 
     </span>
    </p>
   </div>
   <div class='ocr_carea' id='block_1_43' title="bbox 2199 1407 3786 1484">
    <p class='ocr_par' dir='ltr' id='par_1_43' title="bbox 2199 1407 3786 1484">
     <span class='ocr_line' id='line_1_43' title="bbox 2199 1407 3786 1484; baseline -0.006 -14"><span class='ocrx_word' id='word_1_288' title='bbox 2199 1416 2261 1470; x_wconf 79' lang='grc' dir='ltr'>τὸ</span> <span class='ocrx_word' id='word_1_289' title='bbox 2293 1417 2492 1469; x_wconf 75' lang='grc' dir='ltr'>ἄτοπον</span> <span class='ocrx_word' id='word_1_290' title='bbox 2523 1414 2709 1484; x_wconf 67' lang='grc' dir='ltr'>ἡλίκον</span> <span class='ocrx_word' id='word_1_291' title='bbox 2752 1411 2870 1465; x_wconf 83' lang='grc' dir='ltr'><strong>ἐστί</strong></span> <span class='ocrx_word' id='word_1_292' title='bbox 2912 1411 3168 1475; x_wconf 84' lang='grc' dir='ltr'>δεικνύει,</span> <span class='ocrx_word' id='word_1_293' title='bbox 3219 1409 3447 1479; x_wconf 85' lang='grc' dir='ltr'>νεκροὺς</span> <span class='ocrx_word' id='word_1_294' title='bbox 3484 1409 3659 1476; x_wconf 76' lang='grc' dir='ltr'>αὐτῆς</span> <span class='ocrx_word' id='word_1_295' title='bbox 3700 1407 3786 1461; x_wconf 72' lang='grc' dir='ltr'><strong>διὰ</strong></span> 
     </span>
    </p>
   </div>
   <div class='ocr_carea' id='block_1_44' title="bbox 2201 1499 3787 1577">
    <p class='ocr_par' dir='ltr' id='par_1_44' title="bbox 2201 1499 3787 1577">
     <span class='ocr_line' id='line_1_44' title="bbox 2201 1499 3787 1577; baseline -0.005 -17"><span class='ocrx_word' id='word_1_296' title='bbox 2201 1507 2405 1577; x_wconf 82' lang='grc' dir='ltr'><strong>ταύτης</strong></span> <span class='ocrx_word' id='word_1_297' title='bbox 2446 1507 2699 1575; x_wconf 88' lang='grc' dir='ltr'>γενέσθαι</span> <span class='ocrx_word' id='word_1_298' title='bbox 2745 1503 3198 1572; x_wconf 76' lang='grc' dir='ltr'>ἀποφαινόμενος.</span> <span class='ocrx_word' id='word_1_299' title='bbox 3263 1501 3425 1554; x_wconf 79' lang='grc' dir='ltr'>Ἀλλά</span> <span class='ocrx_word' id='word_1_300' title='bbox 3472 1502 3568 1554; x_wconf 69' lang='grc' dir='ltr'>καὶ</span> <span class='ocrx_word' id='word_1_301' title='bbox 3622 1499 3787 1553; x_wconf 77' lang='grc' dir='ltr'>τοῦτο</span> 
     </span>
    </p>
   </div>
   <div class='ocr_carea' id='block_1_45' title="bbox 2199 1592 3788 1671">
    <p class='ocr_par' dir='ltr' id='par_1_45' title="bbox 2199 1592 3788 1671">
     <span class='ocr_line' id='line_1_45' title="bbox 2199 1592 3788 1671; baseline -0.006 -17"><span class='ocrx_word' id='word_1_302' title='bbox 2199 1602 2318 1654; x_wconf 74' lang='grc' dir='ltr'>λίαν</span> <span class='ocrx_word' id='word_1_303' title='bbox 2349 1601 2668 1671; x_wconf 74' lang='grc' dir='ltr'>θαυμασίως</span> <span class='ocrx_word' id='word_1_304' title='bbox 2728 1601 2873 1651; x_wconf 81' lang='grc' dir='ltr'>ποιεῖ</span> <span class='ocrx_word' id='word_1_305' title='bbox 2921 1597 3016 1650; x_wconf 83' lang='lat' dir='ltr'><strong>xu‘t</strong></span> <span class='ocrx_word' id='word_1_306' title='bbox 3066 1595 3267 1664; x_wconf 71' lang='grc' dir='ltr'>σοφῶς.</span> <span class='ocrx_word' id='word_1_307' title='bbox 3312 1596 3532 1664; x_wconf 82' lang='grc' dir='ltr'>Ἐπειδὴ</span> <span class='ocrx_word' id='word_1_308' title='bbox 3585 1594 3699 1664; x_wconf 81' lang='grc' dir='ltr'><strong>γὰρ</strong></span> <span class='ocrx_word' id='word_1_309' title='bbox 3727 1592 3788 1644; x_wconf 76' lang='grc' dir='ltr'>τὺ</span> 
     </span>
    </p>
   </div>
   <div class='ocr_carea' id='block_1_46' title="bbox 2202 1681 3787 1764">
    <p class='ocr_par' dir='ltr' id='par_1_46' title="bbox 2202 1681 3787 1764">
     <span class='ocr_line' id='line_1_46' title="bbox 2202 1681 3787 1764; baseline -0.006 -18"><span class='ocrx_word' id='word_1_310' title='bbox 2202 1694 2428 1764; x_wconf 74' lang='grc' dir='ltr'>νεκροὺς</span> <span class='ocrx_word' id='word_1_311' title='bbox 2477 1692 2674 1754; x_wconf 77' lang='grc' dir='ltr'>αὐτοὺς</span> <span class='ocrx_word' id='word_1_312' title='bbox 2743 1690 3135 1760; x_wconf 74' lang='grc' dir='ltr'>ὀνομασθῆναι,</span> <span class='ocrx_word' id='word_1_313' title='bbox 3188 1687 3312 1741; x_wconf 85' lang='grc' dir='ltr'>λίαν</span> <span class='ocrx_word' id='word_1_314' title='bbox 3368 1686 3568 1758; x_wconf 84' lang='grc' dir='ltr'>πικρὸν</span> <span class='ocrx_word' id='word_1_315' title='bbox 3593 1681 3665 1756; x_wconf 73' lang='grc' dir='ltr'>ἦν</span> <span class='ocrx_word' id='word_1_316' title='bbox 3692 1685 3787 1738; x_wconf 80' lang='grc' dir='ltr'><strong>καὶ</strong></span> 
     </span>
    </p>
   </div>
   <div class='ocr_carea' id='block_1_47' title="bbox 2203 1779 3789 1856">
    <p class='ocr_par' dir='ltr' id='par_1_47' title="bbox 2203 1779 3789 1856">
     <span class='ocr_line' id='line_1_47' title="bbox 2203 1779 3789 1856; baseline -0.007 -16"><span class='ocrx_word' id='word_1_317' title='bbox 2203 1785 2592 1856; x_wconf 80' lang='grc' dir='ltr'>καταφορικόν·</span> <span class='ocrx_word' id='word_1_318' title='bbox 2659 1785 2755 1837; x_wconf 80' lang='lat' dir='ltr'><strong>xui.</strong></span> <span class='ocrx_word' id='word_1_319' title='bbox 2809 1786 2888 1845; x_wconf 88' lang='grc' dir='ltr'><strong>εἰς</strong></span> <span class='ocrx_word' id='word_1_320' title='bbox 2935 1783 3090 1853; x_wconf 64' lang='grc' dir='ltr'>ὓϐριν</span> <span class='ocrx_word' id='word_1_321' title='bbox 3142 1783 3343 1852; x_wconf 82' lang='grc' dir='ltr'>μᾶλλον</span> <span class='ocrx_word' id='word_1_322' title='bbox 3391 1779 3789 1852; x_wconf 80' lang='grc' dir='ltr'>ἣπαραίνεσιν</span> 
     </span>
    </p>
   </div>
   <div class='ocr_carea' id='block_1_48' title="bbox 2199 1870 3790 1946">
    <p class='ocr_par' dir='ltr' id='par_1_48' title="bbox 2199 1870 3790 1946">
     <span class='ocr_line' id='line_1_48' title="bbox 2199 1870 3790 1946; baseline -0.005 -15"><span class='ocrx_word' id='word_1_323' title='bbox 2199 1879 2504 1931; x_wconf 76' lang='grc' dir='ltr'>συντελοῦν·</span> <span class='ocrx_word' id='word_1_324' title='bbox 2525 1878 2621 1946; x_wconf 83' lang='grc' dir='ltr'><strong>οὐχ</strong></span> <span class='ocrx_word' id='word_1_325' title='bbox 2645 1874 2964 1938; x_wconf 76' lang='grc' dir='ltr'>οὖτωςαύτὸ</span> <span class='ocrx_word' id='word_1_326' title='bbox 2991 1875 3175 1945; x_wconf 83' lang='grc' dir='ltr'>τίθησι</span> <span class='ocrx_word' id='word_1_327' title='bbox 3201 1873 3400 1944; x_wconf 79' lang='grc' dir='ltr'>ξηρῶς,</span> <span class='ocrx_word' id='word_1_328' title='bbox 3426 1872 3563 1925; x_wconf 78' lang='grc' dir='ltr'>ἀλλὰ</span> <span class='ocrx_word' id='word_1_329' title='bbox 3591 1870 3790 1940; x_wconf 85' lang='grc' dir='ltr'>μίγνυ-</span> 
     </span>
    </p>
   </div>
   <div class='ocr_carea' id='block_1_49' title="bbox 2200 1963 3788 2037">
    <p class='ocr_par' dir='ltr' id='par_1_49' title="bbox 2200 1963 3788 2037">
     <span class='ocr_line' id='line_1_49' title="bbox 2200 1963 3788 2037; baseline -0.005 -14"><span class='ocrx_word' id='word_1_330' title='bbox 2200 1989 2285 2024; x_wconf 86' lang='grc' dir='ltr'><strong>σιν</strong></span> <span class='ocrx_word' id='word_1_331' title='bbox 2301 1971 2561 2032; x_wconf 46' lang='lat' dir='ltr'><strong>ausu-xui.</strong></span> <span class='ocrx_word' id='word_1_332' title='bbox 2593 1971 2651 2022; x_wconf 87' lang='grc' dir='ltr'><strong>ἐν</strong></span> <span class='ocrx_word' id='word_1_333' title='bbox 2675 1969 2828 2033; x_wconf 81' lang='grc' dir='ltr'>τάξει</span> <span class='ocrx_word' id='word_1_334' title='bbox 2851 1967 3072 2019; x_wconf 76' lang='grc' dir='ltr'>ἐπαίνου</span> <span class='ocrx_word' id='word_1_335' title='bbox 3105 1965 3361 2037; x_wconf 82' lang='grc' dir='ltr'>προάγει,</span> <span class='ocrx_word' id='word_1_336' title='bbox 3387 1964 3583 2032; x_wconf 88' lang='grc' dir='ltr'>λέγων,</span> <span class='ocrx_word' id='word_1_337' title='bbox 3614 1964 3714 2029; x_wconf 81' lang='grc' dir='ltr'>Τίς</span> <span class='ocrx_word' id='word_1_338' title='bbox 3749 1963 3788 2030; x_wconf 73' lang='grc' dir='ltr'><strong><em>ἡ</em></strong></span> 
     </span>
    </p>
   </div>
   <div class='ocr_carea' id='block_1_50' title="bbox 2198 2051 3790 2128">
    <p class='ocr_par' dir='ltr' id='par_1_50' title="bbox 2198 2051 3790 2128">
     <span class='ocr_line' id='line_1_50' title="bbox 2198 2051 3790 2128; baseline -0.005 -16"><span class='ocrx_word' id='word_1_339' title='bbox 2198 2060 2546 2128; x_wconf 71' lang='grc' dir='ltr'><strong>πρόσληψις</strong></span> <span class='ocrx_word' id='word_1_340' title='bbox 2572 2055 2792 2114; x_wconf 77' lang='grc' dir='ltr'>αὐτῶν.</span> <span class='ocrx_word' id='word_1_341' title='bbox 2814 2057 2864 2109; x_wconf 81' lang='grc' dir='ltr'><strong>εί</strong></span> <span class='ocrx_word' id='word_1_342' title='bbox 2903 2055 2988 2123; x_wconf 75' lang='grc' dir='ltr'>μὴ</span> <span class='ocrx_word' id='word_1_343' title='bbox 3021 2053 3132 2121; x_wconf 81' lang='grc' dir='ltr'><strong>ζωὴ</strong></span> <span class='ocrx_word' id='word_1_344' title='bbox 3155 2054 3223 2107; x_wconf 82' lang='grc' dir='ltr'><strong>ἐκ</strong></span> <span class='ocrx_word' id='word_1_345' title='bbox 3246 2053 3510 2122; x_wconf 67' lang='grc' dir='ltr'>νεκρῶν;</span> <span class='ocrx_word' id='word_1_346' title='bbox 3558 2051 3648 2105; x_wconf 75' lang='grc' dir='ltr'>διὰ</span> <span class='ocrx_word' id='word_1_347' title='bbox 3689 2051 3790 2122; x_wconf 81' lang='grc' dir='ltr'>μὲν</span> 
     </span>
    </p>
   </div>
   <div class='ocr_carea' id='block_1_51' title="bbox 2197 2137 3786 2216">
    <p class='ocr_par' dir='ltr' id='par_1_51' title="bbox 2197 2137 3786 2216">
     <span class='ocr_line' id='line_1_51' title="bbox 2197 2137 3786 2216; baseline -0.008 -14"><span class='ocrx_word' id='word_1_348' title='bbox 2197 2148 2317 2215; x_wconf 80' lang='grc' dir='ltr'>τοῦ,</span> <span class='ocrx_word' id='word_1_349' title='bbox 2347 2147 2482 2216; x_wconf 71' lang='grc' dir='ltr'>ζωὴ,</span> <span class='ocrx_word' id='word_1_350' title='bbox 2505 2148 2565 2200; x_wconf 76' lang='grc' dir='ltr'><strong>τὸ</strong></span> <span class='ocrx_word' id='word_1_351' title='bbox 2589 2147 2878 2216; x_wconf 82' lang='grc' dir='ltr'>εὐφραῖνον</span> <span class='ocrx_word' id='word_1_352' title='bbox 2891 2142 3182 2206; x_wconf 74' lang='grc' dir='ltr'>τιθείςοδιά</span> <span class='ocrx_word' id='word_1_353' title='bbox 3210 2142 3266 2194; x_wconf 85' lang='grc' dir='ltr'><strong>δέ</strong></span> <span class='ocrx_word' id='word_1_354' title='bbox 3289 2141 3406 2206; x_wconf 78' lang='grc' dir='ltr'>τοῦ,</span> <span class='ocrx_word' id='word_1_355' title='bbox 3437 2141 3504 2194; x_wconf 79' lang='grc' dir='ltr'>ἐκ</span> <span class='ocrx_word' id='word_1_356' title='bbox 3531 2137 3786 2207; x_wconf 68' lang='grc' dir='ltr'>νεκρῶν,</span> 
     </span>
    </p>
   </div>
   <div class='ocr_carea' id='block_1_52' title="bbox 2200 2225 3784 2310">
    <p class='ocr_par' dir='ltr' id='par_1_52' title="bbox 2200 2225 3784 2310">
     <span class='ocr_line' id='line_1_52' title="bbox 2200 2225 3784 2310; baseline -0.007 -17"><span class='ocrx_word' id='word_1_357' title='bbox 2200 2238 2611 2310; x_wconf 82' lang='grc' dir='ltr'>ὑποσημαίνων,</span> <span class='ocrx_word' id='word_1_358' title='bbox 2651 2237 2732 2290; x_wconf 85' lang='grc' dir='ltr'>ὅτι</span> <span class='ocrx_word' id='word_1_359' title='bbox 2761 2238 2795 2306; x_wconf 81' lang='grc' dir='ltr'>ὴ</span> <span class='ocrx_word' id='word_1_360' title='bbox 2827 2234 3080 2288; x_wconf 83' lang='grc' dir='ltr'>ἀπείθεια</span> <span class='ocrx_word' id='word_1_361' title='bbox 3125 2232 3309 2286; x_wconf 79' lang='grc' dir='ltr'>αὐτῶν</span> <span class='ocrx_word' id='word_1_362' title='bbox 3363 2232 3633 2300; x_wconf 76' lang='grc' dir='ltr'>νέκρωσις</span> <span class='ocrx_word' id='word_1_363' title='bbox 3694 2225 3784 2300; x_wconf 74' lang='grc' dir='ltr'>ἦν.</span> 
     </span>
    </p>
   </div>
   <div class='ocr_carea' id='block_1_53' title="bbox 2305 2341 3682 2418">
    <p class='ocr_par' dir='ltr' id='par_1_53' title="bbox 2305 2341 3682 2418">
     <span class='ocr_line' id='line_1_53' title="bbox 2305 2341 3682 2418; baseline -0.005 -13"><span class='ocrx_word' id='word_1_364' title='bbox 2305 2352 2465 2405; x_wconf 82' lang='grc' dir='ltr'>Κατὰ</span> <span class='ocrx_word' id='word_1_365' title='bbox 2490 2351 2607 2418; x_wconf 80' lang='grc' dir='ltr'><strong>μὲν</strong></span> <span class='ocrx_word' id='word_1_366' title='bbox 2631 2348 2698 2402; x_wconf 85' lang='grc' dir='ltr'>τὸ</span> <span class='ocrx_word' id='word_1_367' title='bbox 2729 2345 3117 2416; x_wconf 77' lang='grc' dir='ltr'>Εὐαγγέλιον,</span> <span class='ocrx_word' id='word_1_368' title='bbox 3143 2343 3344 2414; x_wconf 84' lang='grc' dir='ltr'>ἐχθροί</span> <span class='ocrx_word' id='word_1_369' title='bbox 3395 2343 3468 2397; x_wconf 85' lang='grc' dir='ltr'>δι’</span> <span class='ocrx_word' id='word_1_370' title='bbox 3498 2341 3682 2412; x_wconf 82' lang='grc' dir='ltr'>ὑμᾶς.</span> 
     </span>
    </p>
   </div>
   <div class='ocr_carea' id='block_1_54' title="bbox 2271 2435 3788 2511">
    <p class='ocr_par' dir='ltr' id='par_1_54' title="bbox 2271 2435 3788 2511">
     <span class='ocr_line' id='line_1_54' title="bbox 2271 2435 3788 2511; baseline -0.007 -13"><span class='ocrx_word' id='word_1_371' title='bbox 2271 2445 2518 2498; x_wconf 85' lang='grc' dir='ltr'>Φωτίου.</span> <span class='ocrx_word' id='word_1_372' title='bbox 2543 2441 2813 2511; x_wconf 87' lang='grc' dir='ltr'>Ζητήσειε</span> <span class='ocrx_word' id='word_1_373' title='bbox 2838 2439 2882 2492; x_wconf 72' lang='grc' dir='ltr'>δ’</span> <span class='ocrx_word' id='word_1_374' title='bbox 2913 2439 2977 2492; x_wconf 85' lang='grc' dir='ltr'>ἄν</span> <span class='ocrx_word' id='word_1_375' title='bbox 3027 2454 3134 2501; x_wconf 87' lang='grc' dir='ltr'>τις,</span> <span class='ocrx_word' id='word_1_376' title='bbox 3167 2437 3216 2488; x_wconf 88' lang='grc' dir='ltr'><strong>εἰ</strong></span> <span class='ocrx_word' id='word_1_377' title='bbox 3265 2435 3450 2507; x_wconf 84' lang='grc' dir='ltr'>ἐχθροί</span> <span class='ocrx_word' id='word_1_378' title='bbox 3496 2437 3788 2504; x_wconf 78' lang='grc' dir='ltr'>γεγόνασιν</span> 
     </span>
    </p>
   </div>
   <div class='ocr_carea' id='block_1_55' title="bbox 2214 2525 3788 2602">
    <p class='ocr_par' dir='ltr' id='par_1_55' title="bbox 2214 2525 3788 2602">
     <span class='ocr_line' id='line_1_55' title="bbox 2214 2525 3788 2602; baseline -0.009 -10"><span class='ocrx_word' id='word_1_379' title='bbox 2214 2539 2479 2602; x_wconf 81' lang='grc' dir='ltr'>Ἰουδαῖοι,</span> <span class='ocrx_word' id='word_1_380' title='bbox 2531 2536 2620 2589; x_wconf 85' lang='grc' dir='ltr'><strong>διά</strong></span> <span class='ocrx_word' id='word_1_381' title='bbox 2659 2534 2785 2596; x_wconf 75' lang='grc' dir='ltr'>τοὺς</span> <span class='ocrx_word' id='word_1_382' title='bbox 2841 2533 2900 2598; x_wconf 79' lang='grc' dir='ltr'>ἐξ</span> <span class='ocrx_word' id='word_1_383' title='bbox 2951 2531 3123 2585; x_wconf 85' lang='grc' dir='ltr'>ἐθνῶν</span> <span class='ocrx_word' id='word_1_384' title='bbox 3173 2529 3636 2591; x_wconf 85' lang='grc' dir='ltr'>πεπιστευκότας,</span> <span class='ocrx_word' id='word_1_385' title='bbox 3669 2525 3788 2591; x_wconf 86' lang='grc' dir='ltr'><strong>πῶς</strong></span> 
     </span>
    </p>
   </div>
   <div class='ocr_carea' id='block_1_56' title="bbox 2202 2619 3788 2699">
    <p class='ocr_par' dir='ltr' id='par_1_56' title="bbox 2202 2619 3788 2699">
     <span class='ocr_line' id='line_1_56' title="bbox 2202 2619 3788 2699; baseline -0.008 -16"><span class='ocrx_word' id='word_1_386' title='bbox 2202 2629 2457 2699; x_wconf 78' lang='grc' dir='ltr'>ἀνωτέρω</span> <span class='ocrx_word' id='word_1_387' title='bbox 2473 2627 2677 2694; x_wconf 79' lang='grc' dir='ltr'>ἔλεγεν,</span> <span class='ocrx_word' id='word_1_388' title='bbox 2697 2625 2820 2693; x_wconf 67' lang='grc' dir='ltr'><strong>Ἐφ’</strong></span> <span class='ocrx_word' id='word_1_389' title='bbox 2847 2624 2998 2677; x_wconf 85' lang='grc' dir='ltr'>ὅσον</span> <span class='ocrx_word' id='word_1_390' title='bbox 3017 2623 3135 2692; x_wconf 81' lang='grc' dir='ltr'><strong>είμί</strong></span> <span class='ocrx_word' id='word_1_391' title='bbox 3160 2621 3274 2692; x_wconf 74' lang='grc' dir='ltr'><strong>ἐγὼ</strong></span> <span class='ocrx_word' id='word_1_392' title='bbox 3305 2619 3499 2675; x_wconf 71' lang='grc' dir='ltr'>ἐθνῶν</span> <span class='ocrx_word' id='word_1_393' title='bbox 3527 2619 3788 2672; x_wconf 80' lang='grc' dir='ltr'>ἀπόστοο</span> 
     </span>
    </p>
   </div>
   <div class='ocr_carea' id='block_1_57' title="bbox 2202 2711 3785 2788">
    <p class='ocr_par' dir='ltr' id='par_1_57' title="bbox 2202 2711 3785 2788">
     <span class='ocr_line' id='line_1_57' title="bbox 2202 2711 3785 2788; baseline -0.01 -11"><span class='ocrx_word' id='word_1_394' title='bbox 2202 2726 2335 2788; x_wconf 88' lang='grc' dir='ltr'>λος,</span> <span class='ocrx_word' id='word_1_395' title='bbox 2350 2721 2464 2788; x_wconf 80' lang='grc' dir='ltr'>τὴν</span> <span class='ocrx_word' id='word_1_396' title='bbox 2475 2717 2788 2772; x_wconf 75' lang='grc' dir='ltr'>διακονίαν</span> <span class='ocrx_word' id='word_1_397' title='bbox 2800 2733 2916 2785; x_wconf 85' lang='grc' dir='ltr'><strong>μου</strong></span> <span class='ocrx_word' id='word_1_398' title='bbox 2931 2711 3175 2779; x_wconf 81' lang='grc' dir='ltr'>δοξάζω;</span> <span class='ocrx_word' id='word_1_399' title='bbox 3190 2711 3343 2766; x_wconf 87' lang='grc' dir='ltr'>Διατί</span> <span class='ocrx_word' id='word_1_400' title='bbox 3363 2711 3574 2777; x_wconf 82' lang='grc' dir='ltr'>;είπως</span> <span class='ocrx_word' id='word_1_401' title='bbox 3593 2724 3785 2777; x_wconf 83' lang='grc' dir='ltr'>παρα-</span> 
     </span>
    </p>
   </div>
   <div class='ocr_carea' id='block_1_58' title="bbox 2205 2801 3790 2880">
    <p class='ocr_par' dir='ltr' id='par_1_58' title="bbox 2205 2801 3790 2880">
     <span class='ocr_line' id='line_1_58' title="bbox 2205 2801 3790 2880; baseline -0.009 -14"><span class='ocrx_word' id='word_1_402' title='bbox 2205 2809 2447 2880; x_wconf 75' lang='grc' dir='ltr'>ζηλώσω</span> <span class='ocrx_word' id='word_1_403' title='bbox 2463 2826 2582 2878; x_wconf 80' lang='grc' dir='ltr'><strong>μου</strong></span> <span class='ocrx_word' id='word_1_404' title='bbox 2615 2805 2730 2873; x_wconf 77' lang='grc' dir='ltr'><strong>τὴν</strong></span> <span class='ocrx_word' id='word_1_405' title='bbox 2769 2805 2987 2873; x_wconf 83' lang='grc' dir='ltr'>σάρκα.</span> <span class='ocrx_word' id='word_1_406' title='bbox 3033 2805 3096 2857; x_wconf 89' lang='grc' dir='ltr'>Εί</span> <span class='ocrx_word' id='word_1_407' title='bbox 3139 2804 3249 2874; x_wconf 79' lang='grc' dir='ltr'>γὰρ</span> <span class='ocrx_word' id='word_1_408' title='bbox 3295 2801 3382 2854; x_wconf 87' lang='grc' dir='ltr'><strong>διά</strong></span> <span class='ocrx_word' id='word_1_409' title='bbox 3406 2803 3506 2872; x_wconf 79' lang='grc' dir='ltr'>τῆς</span> <span class='ocrx_word' id='word_1_410' title='bbox 3549 2803 3790 2863; x_wconf 79' lang='grc' dir='ltr'>πίστεως</span> 
     </span>
    </p>
   </div>
   <div class='ocr_carea' id='block_1_59' title="bbox 2205 2893 3787 2971">
    <p class='ocr_par' dir='ltr' id='par_1_59' title="bbox 2205 2893 3787 2971">
     <span class='ocr_line' id='line_1_59' title="bbox 2205 2893 3787 2971; baseline -0.009 -13"><span class='ocrx_word' id='word_1_411' title='bbox 2205 2903 2314 2958; x_wconf 89' lang='grc' dir='ltr'><strong>τῶν</strong></span> <span class='ocrx_word' id='word_1_412' title='bbox 2344 2900 2514 2955; x_wconf 81' lang='grc' dir='ltr'>ἐθνῶν</span> <span class='ocrx_word' id='word_1_413' title='bbox 2540 2896 2944 2971; x_wconf 80' lang='grc' dir='ltr'>παραζηλοῦσι,</span> <span class='ocrx_word' id='word_1_414' title='bbox 2973 2897 3068 2950; x_wconf 84' lang='lat' dir='ltr'><strong>xui.</strong></span> <span class='ocrx_word' id='word_1_415' title='bbox 3102 2894 3400 2966; x_wconf 82' lang='grc' dir='ltr'>μιμοῦνται</span> <span class='ocrx_word' id='word_1_416' title='bbox 3433 2894 3483 2946; x_wconf 84' lang='grc' dir='ltr'><strong>οἱ</strong></span> <span class='ocrx_word' id='word_1_417' title='bbox 3519 2893 3787 2957; x_wconf 76' lang='grc' dir='ltr'>Ἰουδαίοι,</span> 
     </span>
    </p>
   </div>
   <div class='ocr_carea' id='block_1_60' title="bbox 2208 2984 3791 3062">
    <p class='ocr_par' dir='ltr' id='par_1_60' title="bbox 2208 2984 3791 3062">
     <span class='ocr_line' id='line_1_60' title="bbox 2208 2984 3791 3062; baseline -0.009 -11"><span class='ocrx_word' id='word_1_418' title='bbox 2208 2996 2304 3051; x_wconf 87' lang='lat' dir='ltr'><strong>xui.</strong></span> <span class='ocrx_word' id='word_1_419' title='bbox 2333 2994 2516 3048; x_wconf 75' lang='grc' dir='ltr'>πιστοὶ</span> <span class='ocrx_word' id='word_1_420' title='bbox 2542 2993 2808 3062; x_wconf 88' lang='grc' dir='ltr'>γίνονται,</span> <span class='ocrx_word' id='word_1_421' title='bbox 2851 2989 2970 3050; x_wconf 82' lang='grc' dir='ltr'><strong>πῶς</strong></span> <span class='ocrx_word' id='word_1_422' title='bbox 2998 2987 3065 3042; x_wconf 91' lang='grc' dir='ltr'>δι’</span> <span class='ocrx_word' id='word_1_423' title='bbox 3100 2987 3297 3050; x_wconf 76' lang='grc' dir='ltr'>αὐτοὺς</span> <span class='ocrx_word' id='word_1_424' title='bbox 3318 2985 3508 3056; x_wconf 78' lang='grc' dir='ltr'>ἐχθροὶ</span> <span class='ocrx_word' id='word_1_425' title='bbox 3547 2984 3791 3053; x_wconf 88' lang='grc' dir='ltr'>γίνονται</span> 
     </span>
    </p>
   </div>
   <div class='ocr_carea' id='block_1_61' title="bbox 525 3067 2106 3158">
    <p class='ocr_par' dir='ltr' id='par_1_61' title="bbox 525 3067 2102 3140">
     <span class='ocr_line' id='line_1_61' title="bbox 525 3067 2102 3140; baseline -0.001 -15"><span class='ocrx_word' id='word_1_426' title='bbox 525 3067 722 3136; x_wconf 69' lang='grc' dir='ltr'>Ιυιιιεί,</span> <span class='ocrx_word' id='word_1_427' title='bbox 778 3078 833 3125; x_wconf 90' lang='lat' dir='ltr'><strong>et</strong></span> <span class='ocrx_word' id='word_1_428' title='bbox 872 3069 1057 3124; x_wconf 79' lang='lat' dir='ltr'><strong>fideles</strong></span> <span class='ocrx_word' id='word_1_429' title='bbox 1094 3070 1252 3134; x_wconf 82' lang='lat' dir='ltr'><strong>fiunt,</strong></span> <span class='ocrx_word' id='word_1_430' title='bbox 1283 3069 1556 3140; x_wconf 89' lang='lat' dir='ltr'><strong>quomodo</strong></span> <span class='ocrx_word' id='word_1_431' title='bbox 1582 3079 1803 3140; x_wconf 85' lang='lat' dir='ltr'><strong>prepter</strong></span> <span class='ocrx_word' id='word_1_432' title='bbox 1833 3069 1955 3124; x_wconf 90' lang='lat' dir='ltr'><strong>illos</strong></span> <span class='ocrx_word' id='word_1_433' title='bbox 1996 3069 2102 3124; x_wconf 91' lang='lat' dir='ltr'><strong>ini-</strong></span> 
     </span>
    </p>
   </div>
   <div class='ocr_carea' id='block_1_62' title="bbox 2207 3067 3791 3158">
    <p class='ocr_par' dir='ltr' id='par_1_62' title="bbox 2207 3076 3791 3158">
     <span class='ocr_line' id='line_1_62' title="bbox 2207 3076 3791 3158; baseline -0.009 -17"><span class='ocrx_word' id='word_1_434' title='bbox 2207 3087 2368 3142; x_wconf 88' lang='grc' dir='ltr'>πάλιν</span> <span class='ocrx_word' id='word_1_435' title='bbox 2395 3087 2493 3158; x_wconf 83' lang='grc' dir='ltr'>τῆς</span> <span class='ocrx_word' id='word_1_436' title='bbox 2516 3085 2749 3146; x_wconf 83' lang='grc' dir='ltr'>πίστεως</span> <span class='ocrx_word' id='word_1_437' title='bbox 2781 3083 2875 3136; x_wconf 81' lang='lat' dir='ltr'><strong>xui.</strong></span> <span class='ocrx_word' id='word_1_438' title='bbox 2899 3082 2997 3135; x_wconf 78' lang='grc' dir='ltr'><strong>τοῦ</strong></span> <span class='ocrx_word' id='word_1_439' title='bbox 3036 3078 3370 3149; x_wconf 80' lang='grc' dir='ltr'>Εὑαγγελίου</span> <span class='ocrx_word' id='word_1_440' title='bbox 3397 3095 3412 3144; x_wconf 90' lang='grc'><strong>;</strong></span> <span class='ocrx_word' id='word_1_441' title='bbox 3448 3077 3613 3132; x_wconf 77' lang='grc' dir='ltr'>Ἀλλὰ</span> <span class='ocrx_word' id='word_1_442' title='bbox 3648 3076 3791 3148; x_wconf 86' lang='grc' dir='ltr'>πρῶ-</span> 
     </span>
    </p>
   </div>
   <div class='ocr_carea' id='block_1_63' title="bbox 527 3159 2106 3232">
    <p class='ocr_par' dir='ltr' id='par_1_63' title="bbox 527 3159 2106 3232">
     <span class='ocr_line' id='line_1_63' title="bbox 527 3159 2106 3232; baseline -0.001 -16"><span class='ocrx_word' id='word_1_443' title='bbox 527 3161 652 3216; x_wconf 91' lang='lat' dir='ltr'><strong>mici</strong></span> <span class='ocrx_word' id='word_1_444' title='bbox 683 3177 872 3216; x_wconf 89' lang='lat' dir='ltr'><strong>rursus</strong></span> <span class='ocrx_word' id='word_1_445' title='bbox 901 3159 1027 3216; x_wconf 87' lang='lat' dir='ltr'><strong>facti</strong></span> <span class='ocrx_word' id='word_1_446' title='bbox 1084 3170 1214 3217; x_wconf 90' lang='lat' dir='ltr'><strong>sunt</strong></span> <span class='ocrx_word' id='word_1_447' title='bbox 1260 3160 1382 3216; x_wconf 85' lang='lat' dir='ltr'><strong>tidei</strong></span> <span class='ocrx_word' id='word_1_448' title='bbox 1417 3169 1472 3215; x_wconf 90' lang='lat' dir='ltr'><strong>et</strong></span> <span class='ocrx_word' id='word_1_449' title='bbox 1501 3159 1820 3232; x_wconf 83' lang='lat' dir='ltr'><strong>Evangelii?</strong></span> <span class='ocrx_word' id='word_1_450' title='bbox 1851 3159 1955 3216; x_wconf 89' lang='lat' dir='ltr'><strong>Sed</strong></span> <span class='ocrx_word' id='word_1_451' title='bbox 1991 3161 2106 3231; x_wconf 90' lang='lat' dir='ltr'><strong>pri-</strong></span> 
     </span>
    </p>
   </div>
   <div class='ocr_carea' id='block_1_64' title="bbox 527 3253 2105 3324">
    <p class='ocr_par' dir='ltr' id='par_1_64' title="bbox 527 3253 2105 3324">
     <span class='ocr_line' id='line_1_64' title="bbox 527 3253 2105 3324; baseline 0 -16"><span class='ocrx_word' id='word_1_452' title='bbox 527 3269 619 3308; x_wconf 91' lang='lat' dir='ltr'><strong>mo</strong></span> <span class='ocrx_word' id='word_1_453' title='bbox 645 3254 880 3308; x_wconf 88' lang='lat' dir='ltr'><strong>dicimus</strong></span> <span class='ocrx_word' id='word_1_454' title='bbox 944 3254 1094 3308; x_wconf 88' lang='lat' dir='ltr'><strong>illum</strong></span> <span class='ocrx_word' id='word_1_455' title='bbox 1139 3269 1246 3308; x_wconf 91' lang='lat' dir='ltr'><strong>non</strong></span> <span class='ocrx_word' id='word_1_456' title='bbox 1284 3253 1491 3309; x_wconf 84' lang='lat' dir='ltr'><strong>dixisse</strong></span> <span class='ocrx_word' id='word_1_457' title='bbox 1537 3253 1607 3308; x_wconf 86' lang='lat' dir='ltr'><strong>ob</strong></span> <span class='ocrx_word' id='word_1_458' title='bbox 1659 3253 1818 3308; x_wconf 85' lang='lat' dir='ltr'><strong>fidem</strong></span> <span class='ocrx_word' id='word_1_459' title='bbox 1860 3254 2105 3324; x_wconf 89' lang='lat' dir='ltr'><strong>gentium</strong></span> 
     </span>
    </p>
   </div>
   <div class='ocr_carea' id='block_1_65' title="bbox 527 3344 2109 3416">
    <p class='ocr_par' dir='ltr' id='par_1_65' title="bbox 527 3344 2109 3416">
     <span class='ocr_line' id='line_1_65' title="bbox 527 3344 2109 3416; baseline 0 -16"><span class='ocrx_word' id='word_1_460' title='bbox 527 3345 775 3400; x_wconf 65' lang='lat' dir='ltr'><strong>aemulari</strong></span> <span class='ocrx_word' id='word_1_461' title='bbox 809 3355 864 3400; x_wconf 90' lang='lat' dir='ltr'><strong>et</strong></span> <span class='ocrx_word' id='word_1_462' title='bbox 908 3345 1112 3400; x_wconf 92' lang='lat' dir='ltr'><strong>imitari</strong></span> <span class='ocrx_word' id='word_1_463' title='bbox 1142 3344 1382 3409; x_wconf 68' lang='lat' dir='ltr'><strong>Judteos,</strong></span> <span class='ocrx_word' id='word_1_464' title='bbox 1418 3345 1512 3400; x_wconf 90' lang='lat' dir='ltr'><strong>sed</strong></span> <span class='ocrx_word' id='word_1_465' title='bbox 1547 3345 1695 3414; x_wconf 93' lang='lat' dir='ltr'><strong>quod</strong></span> <span class='ocrx_word' id='word_1_466' title='bbox 1734 3344 2109 3416; x_wconf 83' lang='lat' dir='ltr'><strong>glorificentur</strong></span> 
     </span>
    </p>
   </div>
   <div class='ocr_carea' id='block_1_66' title="bbox 530 3437 2110 3508">
    <p class='ocr_par' dir='ltr' id='par_1_66' title="bbox 530 3437 2110 3508">
     <span class='ocr_line' id='line_1_66' title="bbox 530 3437 2110 3508; baseline 0 -16"><span class='ocrx_word' id='word_1_467' title='bbox 530 3447 587 3492; x_wconf 88' lang='lat' dir='ltr'><strong>et</strong></span> <span class='ocrx_word' id='word_1_468' title='bbox 618 3438 948 3504; x_wconf 86' lang='lat' dir='ltr'><strong>laudentur;</strong></span> <span class='ocrx_word' id='word_1_469' title='bbox 980 3437 1167 3493; x_wconf 88' lang='lat' dir='ltr'><strong>Gloria</strong></span> <span class='ocrx_word' id='word_1_470' title='bbox 1197 3441 1343 3492; x_wconf 89' lang='lat' dir='ltr'><strong>enim</strong></span> <span class='ocrx_word' id='word_1_471' title='bbox 1368 3446 1422 3492; x_wconf 90' lang='lat' dir='ltr'><strong>et</strong></span> <span class='ocrx_word' id='word_1_472' title='bbox 1464 3437 1584 3491; x_wconf 92' lang='lat' dir='ltr'><strong>laus</strong></span> <span class='ocrx_word' id='word_1_473' title='bbox 1613 3437 1666 3490; x_wconf 92' lang='lat' dir='ltr'><strong>in</strong></span> <span class='ocrx_word' id='word_1_474' title='bbox 1699 3437 1823 3493; x_wconf 89' lang='lat' dir='ltr'><strong>illos</strong></span> <span class='ocrx_word' id='word_1_475' title='bbox 1850 3438 1943 3508; x_wconf 87' lang='lat' dir='ltr'><strong>qui</strong></span> <span class='ocrx_word' id='word_1_476' title='bbox 1979 3447 2110 3494; x_wconf 90' lang='lat' dir='ltr'><strong>sunt</strong></span> 
     </span>
    </p>
   </div>
   <div class='ocr_carea' id='block_1_67' title="bbox 530 3528 2108 3598">
    <p class='ocr_par' dir='ltr' id='par_1_67' title="bbox 530 3528 2108 3598">
     <span class='ocr_line' id='line_1_67' title="bbox 530 3528 2108 3598; baseline -0.002 -15"><span class='ocrx_word' id='word_1_477' title='bbox 530 3544 597 3583; x_wconf 84' lang='lat' dir='ltr'><strong>ex</strong></span> <span class='ocrx_word' id='word_1_478' title='bbox 629 3530 885 3598; x_wconf 76' lang='lat' dir='ltr'><strong>gentibus</strong></span> <span class='ocrx_word' id='word_1_479' title='bbox 925 3529 1234 3593; x_wconf 85' lang='lat' dir='ltr'><strong>incurrens,</strong></span> <span class='ocrx_word' id='word_1_480' title='bbox 1273 3529 1398 3584; x_wconf 90' lang='lat' dir='ltr'><strong>illos</strong></span> <span class='ocrx_word' id='word_1_481' title='bbox 1472 3529 1734 3584; x_wconf 80' lang='lat' dir='ltr'><strong>excitabit</strong></span> <span class='ocrx_word' id='word_1_482' title='bbox 1765 3529 1830 3583; x_wconf 83' lang='lat' dir='ltr'><strong>ad</strong></span> <span class='ocrx_word' id='word_1_483' title='bbox 1879 3528 2108 3583; x_wconf 81' lang='lat' dir='ltr'><strong>aemula-</strong></span> 
     </span>
    </p>
   </div>
   <div class='ocr_carea' id='block_1_68' title="bbox 532 3617 2108 3690">
    <p class='ocr_par' dir='ltr' id='par_1_68' title="bbox 532 3617 2108 3690">
     <span class='ocr_line' id='line_1_68' title="bbox 532 3617 2108 3690; baseline 0 -18"><span class='ocrx_word' id='word_1_484' title='bbox 532 3619 736 3674; x_wconf 86' lang='lat' dir='ltr'><strong>tionem</strong></span> <span class='ocrx_word' id='word_1_485' title='bbox 791 3629 846 3673; x_wconf 89' lang='lat' dir='ltr'><strong>et</strong></span> <span class='ocrx_word' id='word_1_486' title='bbox 894 3619 1291 3686; x_wconf 86' lang='lat' dir='ltr'><strong>imitationem;</strong></span> <span class='ocrx_word' id='word_1_487' title='bbox 1341 3619 1502 3674; x_wconf 83' lang='lat' dir='ltr'><strong>itaut</strong></span> <span class='ocrx_word' id='word_1_488' title='bbox 1565 3619 1924 3690; x_wconf 76' lang='lat' dir='ltr'><strong>repugnantia</strong></span> <span class='ocrx_word' id='word_1_489' title='bbox 1967 3617 2108 3672; x_wconf 85' lang='lat' dir='ltr'><strong>invi-</strong></span> 
     </span>
    </p>
   </div>
   <div class='ocr_carea' id='block_1_69' title="bbox 530 3709 2108 3778">
    <p class='ocr_par' dir='ltr' id='par_1_69' title="bbox 530 3709 2108 3778">
     <span class='ocr_line' id='line_1_69' title="bbox 530 3709 2108 3778; baseline -0.003 -11"><span class='ocrx_word' id='word_1_490' title='bbox 530 3727 650 3767; x_wconf 87' lang='lat' dir='ltr'><strong>cem</strong></span> <span class='ocrx_word' id='word_1_491' title='bbox 687 3726 796 3764; x_wconf 91' lang='lat' dir='ltr'><strong>non</strong></span> <span class='ocrx_word' id='word_1_492' title='bbox 821 3710 932 3766; x_wconf 91' lang='lat' dir='ltr'><strong>sint</strong></span> <span class='ocrx_word' id='word_1_493' title='bbox 957 3725 1086 3778; x_wconf 81' lang='lat' dir='ltr'><strong>quae</strong></span> <span class='ocrx_word' id='word_1_494' title='bbox 1106 3709 1252 3763; x_wconf 91' lang='lat' dir='ltr'><strong>dicta</strong></span> <span class='ocrx_word' id='word_1_495' title='bbox 1285 3717 1413 3764; x_wconf 88' lang='lat' dir='ltr'><strong>sunt</strong></span> <span class='ocrx_word' id='word_1_496' title='bbox 1447 3727 1463 3764; x_wconf 88' lang='lat'><strong>:</strong></span> <span class='ocrx_word' id='word_1_497' title='bbox 1497 3711 1739 3765; x_wconf 87' lang='lat' dir='ltr'><strong>secundo</strong></span> <span class='ocrx_word' id='word_1_498' title='bbox 1762 3721 1963 3774; x_wconf 87' lang='lat' dir='ltr'><strong>autem,</strong></span> <span class='ocrx_word' id='word_1_499' title='bbox 1999 3724 2108 3762; x_wconf 89' lang='lat' dir='ltr'><strong>non</strong></span> 
     </span>
    </p>
   </div>
   <div class='ocr_carea' id='block_1_70' title="bbox 532 3797 2111 3867">
    <p class='ocr_par' dir='ltr' id='par_1_70' title="bbox 532 3797 2111 3867">
     <span class='ocr_line' id='line_1_70' title="bbox 532 3797 2111 3867; baseline -0.002 -11"><span class='ocrx_word' id='word_1_500' title='bbox 532 3801 832 3857; x_wconf 81' lang='lat' dir='ltr'><strong>asserenda</strong></span> <span class='ocrx_word' id='word_1_501' title='bbox 860 3802 1087 3866; x_wconf 79' lang='lat' dir='ltr'><strong>dixisse,</strong></span> <span class='ocrx_word' id='word_1_502' title='bbox 1114 3806 1176 3853; x_wconf 91' lang='lat' dir='ltr'><strong>ut</strong></span> <span class='ocrx_word' id='word_1_503' title='bbox 1210 3798 1538 3854; x_wconf 71' lang='lat' dir='ltr'><strong>aemulentur</strong></span> <span class='ocrx_word' id='word_1_504' title='bbox 1583 3798 1776 3864; x_wconf 72' lang='lat' dir='ltr'><strong>Judtei,</strong></span> <span class='ocrx_word' id='word_1_505' title='bbox 1811 3799 1905 3853; x_wconf 90' lang='lat' dir='ltr'><strong>sed</strong></span> <span class='ocrx_word' id='word_1_506' title='bbox 1951 3797 2111 3867; x_wconf 88' lang='lat' dir='ltr'><strong>quasi</strong></span> 
     </span>
    </p>
   </div>
   <div class='ocr_carea' id='block_1_71' title="bbox 531 3890 2111 3963">
    <p class='ocr_par' dir='ltr' id='par_1_71' title="bbox 531 3890 2111 3963">
     <span class='ocr_line' id='line_1_71' title="bbox 531 3890 2111 3963; baseline -0.002 -16"><span class='ocrx_word' id='word_1_507' title='bbox 531 3891 861 3963; x_wconf 80' lang='lat' dir='ltr'><strong>ambigendo</strong></span> <span class='ocrx_word' id='word_1_508' title='bbox 893 3900 947 3944; x_wconf 88' lang='lat' dir='ltr'><strong>et</strong></span> <span class='ocrx_word' id='word_1_509' title='bbox 975 3890 1295 3945; x_wconf 88' lang='lat' dir='ltr'><strong>dubitando.</strong></span> <span class='ocrx_word' id='word_1_510' title='bbox 1343 3891 1405 3946; x_wconf 90' lang='lat' dir='ltr'><strong>Si</strong></span> <span class='ocrx_word' id='word_1_511' title='bbox 1449 3891 1728 3962; x_wconf 86' lang='lat' dir='ltr'><strong>quomodo,</strong></span> <span class='ocrx_word' id='word_1_512' title='bbox 1764 3891 1898 3945; x_wconf 93' lang='lat' dir='ltr'><strong>dicit</strong></span> <span class='ocrx_word' id='word_1_513' title='bbox 1941 3890 2111 3958; x_wconf 90' lang='lat' dir='ltr'><strong>enim,</strong></span> 
     </span>
    </p>
   </div>
   <div class='ocr_carea' id='block_1_72' title="bbox 535 3982 2109 4052">
    <p class='ocr_par' dir='ltr' id='par_1_72' title="bbox 535 3982 2109 4052">
     <span class='ocr_line' id='line_1_72' title="bbox 535 3982 2109 4052; baseline -0.001 -13"><span class='ocrx_word' id='word_1_514' title='bbox 535 3986 607 4039; x_wconf 87' lang='lat' dir='ltr'><strong>ad</strong></span> <span class='ocrx_word' id='word_1_515' title='bbox 658 3982 1052 4038; x_wconf 68' lang='lat' dir='ltr'><strong>cumulationem</strong></span> <span class='ocrx_word' id='word_1_516' title='bbox 1107 3997 1382 4052; x_wconf 82' lang='lat' dir='ltr'><strong>provocem</strong></span> <span class='ocrx_word' id='word_1_517' title='bbox 1430 3998 1644 4036; x_wconf 83' lang='lat' dir='ltr'><strong>carnem</strong></span> <span class='ocrx_word' id='word_1_518' title='bbox 1692 3998 1886 4036; x_wconf 88' lang='lat' dir='ltr'><strong>meam.</strong></span> <span class='ocrx_word' id='word_1_519' title='bbox 1932 3982 2109 4049; x_wconf 68' lang='grc' dir='ltr'>εἰναι,</span> 
     </span>
    </p>
   </div>
   <div class='ocr_carea' id='block_1_73' title="bbox 534 4075 2108 4141">
    <p class='ocr_par' dir='ltr' id='par_1_73' title="bbox 534 4075 2108 4141">
     <span class='ocr_line' id='line_1_73' title="bbox 534 4075 2108 4141; baseline -0.001 -9"><span class='ocrx_word' id='word_1_520' title='bbox 534 4078 787 4141; x_wconf 78' lang='lat' dir='ltr'><strong>fortasse,</strong></span> <span class='ocrx_word' id='word_1_521' title='bbox 826 4077 1039 4131; x_wconf 91' lang='lat' dir='ltr'><strong>tametsi</strong></span> <span class='ocrx_word' id='word_1_522' title='bbox 1071 4076 1236 4131; x_wconf 91' lang='lat' dir='ltr'><strong>etiam</strong></span> <span class='ocrx_word' id='word_1_523' title='bbox 1259 4075 1331 4132; x_wconf 91' lang='lat' dir='ltr'><strong>ob</strong></span> <span class='ocrx_word' id='word_1_524' title='bbox 1354 4091 1544 4132; x_wconf 91' lang='lat' dir='ltr'><strong>eorum</strong></span> <span class='ocrx_word' id='word_1_525' title='bbox 1574 4077 1758 4140; x_wconf 84' lang='lat' dir='ltr'><strong>ﬁdem,</strong></span> <span class='ocrx_word' id='word_1_526' title='bbox 1787 4091 1895 4129; x_wconf 92' lang='lat' dir='ltr'><strong>non</strong></span> <span class='ocrx_word' id='word_1_527' title='bbox 1927 4084 2108 4131; x_wconf 90' lang='lat' dir='ltr'><strong>autem</strong></span> 
     </span>
    </p>
   </div>
   <div class='ocr_carea' id='block_1_74' title="bbox 533 4165 2110 4238">
    <p class='ocr_par' dir='ltr' id='par_1_74' title="bbox 533 4165 2110 4238">
     <span class='ocr_line' id='line_1_74' title="bbox 533 4165 2110 4238; baseline -0.001 -16"><span class='ocrx_word' id='word_1_528' title='bbox 533 4183 631 4238; x_wconf 88' lang='lat' dir='ltr'><strong>per</strong></span> <span class='ocrx_word' id='word_1_529' title='bbox 674 4166 901 4237; x_wconf 81' lang='lat' dir='ltr'><strong>gloriam</strong></span> <span class='ocrx_word' id='word_1_530' title='bbox 958 4174 1011 4220; x_wconf 90' lang='lat' dir='ltr'><strong>et</strong></span> <span class='ocrx_word' id='word_1_531' title='bbox 1063 4165 1304 4232; x_wconf 90' lang='lat' dir='ltr'><strong>laudem,</strong></span> <span class='ocrx_word' id='word_1_532' title='bbox 1338 4165 1546 4220; x_wconf 91' lang='lat' dir='ltr'><strong>diceret</strong></span> <span class='ocrx_word' id='word_1_533' title='bbox 1586 4165 1653 4218; x_wconf 91' lang='lat' dir='ltr'><strong>ad</strong></span> <span class='ocrx_word' id='word_1_534' title='bbox 1705 4165 2110 4220; x_wconf 70' lang='lat' dir='ltr'><strong>aermnlationem</strong></span> 
     </span>
    </p>
   </div>
   <div class='ocr_carea' id='block_1_75' title="bbox 532 4255 2110 4330">
    <p class='ocr_par' dir='ltr' id='par_1_75' title="bbox 532 4255 2110 4330">
     <span class='ocr_line' id='line_1_75' title="bbox 532 4255 2110 4330; baseline 0 -19"><span class='ocrx_word' id='word_1_535' title='bbox 532 4273 826 4330; x_wconf 87' lang='lat' dir='ltr'><strong>provocare</strong></span> <span class='ocrx_word' id='word_1_536' title='bbox 881 4273 940 4313; x_wconf 84' lang='lat' dir='ltr'><strong>se</strong></span> <span class='ocrx_word' id='word_1_537' title='bbox 981 4255 1218 4324; x_wconf 70' lang='lat' dir='ltr'><strong>Judasos,</strong></span> <span class='ocrx_word' id='word_1_538' title='bbox 1257 4272 1369 4313; x_wconf 89' lang='lat' dir='ltr'><strong>non</strong></span> <span class='ocrx_word' id='word_1_539' title='bbox 1402 4257 1477 4312; x_wconf 89' lang='lat' dir='ltr'><strong>ita</strong></span> <span class='ocrx_word' id='word_1_540' title='bbox 1505 4257 1609 4312; x_wconf 86' lang='lat' dir='ltr'><strong>sibi</strong></span> <span class='ocrx_word' id='word_1_541' title='bbox 1642 4267 1928 4329; x_wconf 81' lang='lat' dir='ltr'><strong>pugnaret.</strong></span> <span class='ocrx_word' id='word_1_542' title='bbox 1975 4255 2110 4312; x_wconf 88' lang='lat' dir='ltr'><strong>Nam</strong></span> 
     </span>
    </p>
   </div>
   <div class='ocr_carea' id='block_1_76' title="bbox 534 4349 2115 4420">
    <p class='ocr_par' dir='ltr' id='par_1_76' title="bbox 534 4349 2115 4420">
     <span class='ocr_line' id='line_1_76' title="bbox 534 4349 2115 4420; baseline -0.002 -14"><span class='ocrx_word' id='word_1_543' title='bbox 534 4367 659 4406; x_wconf 91' lang='lat' dir='ltr'><strong>cum</strong></span> <span class='ocrx_word' id='word_1_544' title='bbox 691 4351 844 4414; x_wconf 89' lang='lat' dir='ltr'><strong>dicit,</strong></span> <span class='ocrx_word' id='word_1_545' title='bbox 867 4351 1069 4404; x_wconf 84' lang='lat' dir='ltr'><strong>inimici</strong></span> <span class='ocrx_word' id='word_1_546' title='bbox 1089 4359 1304 4420; x_wconf 83' lang='lat' dir='ltr'><strong>propter</strong></span> <span class='ocrx_word' id='word_1_547' title='bbox 1323 4367 1439 4415; x_wconf 83' lang='lat' dir='ltr'><strong>vos,</strong></span> <span class='ocrx_word' id='word_1_548' title='bbox 1474 4349 1789 4405; x_wconf 67' lang='lat' dir='ltr'><strong>Iudaeorum</strong></span> <span class='ocrx_word' id='word_1_549' title='bbox 1819 4350 2115 4405; x_wconf 87' lang='lat' dir='ltr'><strong>increduli-</strong></span> 
     </span>
    </p>
   </div>
   <div class='ocr_carea' id='block_1_77' title="bbox 2206 3166 3793 3248">
    <p class='ocr_par' dir='ltr' id='par_1_77' title="bbox 2206 3166 3793 3248">
     <span class='ocr_line' id='line_1_77' title="bbox 2206 3166 3793 3248; baseline -0.009 -15"><span class='ocrx_word' id='word_1_550' title='bbox 2206 3180 2297 3234; x_wconf 84' lang='grc' dir='ltr'><strong>τόν</strong></span> <span class='ocrx_word' id='word_1_551' title='bbox 2323 3195 2523 3248; x_wconf 84' lang='grc' dir='ltr'>φαμεν,</span> <span class='ocrx_word' id='word_1_552' title='bbox 2543 3177 2748 3230; x_wconf 84' lang='grc' dir='ltr'>ὅτιούκ</span> <span class='ocrx_word' id='word_1_553' title='bbox 2779 3175 2884 3246; x_wconf 77' lang='grc' dir='ltr'><strong>ἐφη</strong></span> <span class='ocrx_word' id='word_1_554' title='bbox 2907 3173 2996 3228; x_wconf 78' lang='grc' dir='ltr'>διὰ</span> <span class='ocrx_word' id='word_1_555' title='bbox 3024 3173 3125 3243; x_wconf 84' lang='grc' dir='ltr'>τῆς</span> <span class='ocrx_word' id='word_1_556' title='bbox 3173 3171 3413 3233; x_wconf 87' lang='grc' dir='ltr'>πίστεως</span> <span class='ocrx_word' id='word_1_557' title='bbox 3462 3169 3570 3222; x_wconf 91' lang='grc' dir='ltr'><strong>τῶν</strong></span> <span class='ocrx_word' id='word_1_558' title='bbox 3616 3166 3793 3221; x_wconf 74' lang='grc' dir='ltr'>ἐθνῶν</span> 
     </span>
    </p>
   </div>
   <div class='ocr_carea' id='block_1_78' title="bbox 2206 3258 3794 3342">
    <p class='ocr_par' dir='ltr' id='par_1_78' title="bbox 2206 3258 3794 3342">
     <span class='ocr_line' id='line_1_78' title="bbox 2206 3258 3794 3342; baseline -0.008 -17"><span class='ocrx_word' id='word_1_559' title='bbox 2206 3269 2555 3342; x_wconf 77' lang='grc' dir='ltr'>παραζηλοῢν</span> <span class='ocrx_word' id='word_1_560' title='bbox 2584 3269 2680 3323; x_wconf 86' lang='lat' dir='ltr'><strong>xui.</strong></span> <span class='ocrx_word' id='word_1_561' title='bbox 2705 3267 2988 3339; x_wconf 84' lang='grc' dir='ltr'>μιμεῖσθαι</span> <span class='ocrx_word' id='word_1_562' title='bbox 3022 3265 3147 3327; x_wconf 82' lang='grc' dir='ltr'>τοὺς</span> <span class='ocrx_word' id='word_1_563' title='bbox 3177 3262 3467 3324; x_wconf 81' lang='grc' dir='ltr'>Ἰουδαίους</span> <span class='ocrx_word' id='word_1_564' title='bbox 3496 3301 3512 3326; x_wconf 90' lang='grc'><strong>,</strong></span> <span class='ocrx_word' id='word_1_565' title='bbox 3538 3259 3676 3312; x_wconf 81' lang='grc' dir='ltr'>ἀλλὰ</span> <span class='ocrx_word' id='word_1_566' title='bbox 3703 3258 3794 3312; x_wconf 81' lang='grc' dir='ltr'>διὰ</span> 
     </span>
    </p>
   </div>
   <div class='ocr_carea' id='block_1_79' title="bbox 2205 3350 3793 3428">
    <p class='ocr_par' dir='ltr' id='par_1_79' title="bbox 2205 3350 3793 3428">
     <span class='ocr_line' id='line_1_79' title="bbox 2205 3350 3793 3428; baseline -0.008 -12"><span class='ocrx_word' id='word_1_567' title='bbox 2205 3363 2300 3416; x_wconf 78' lang='grc' dir='ltr'>τοῦ</span> <span class='ocrx_word' id='word_1_568' title='bbox 2333 3360 2654 3428; x_wconf 77' lang='grc' dir='ltr'>δοξάζεσθαι</span> <span class='ocrx_word' id='word_1_569' title='bbox 2675 3360 2898 3422; x_wconf 81' lang='grc' dir='ltr'>αὐτοὺς,</span> <span class='ocrx_word' id='word_1_570' title='bbox 2923 3357 3011 3412; x_wconf 90' lang='grc' dir='ltr'><strong>διά</strong></span> <span class='ocrx_word' id='word_1_571' title='bbox 3049 3356 3143 3409; x_wconf 79' lang='grc' dir='ltr'>τοῦ</span> <span class='ocrx_word' id='word_1_572' title='bbox 3179 3353 3544 3408; x_wconf 82' lang='grc' dir='ltr'>ἐπαινεῖσθαι.</span> <span class='ocrx_word' id='word_1_573' title='bbox 3587 3351 3656 3405; x_wconf 81' lang='grc' dir='ltr'>Ἣ</span> <span class='ocrx_word' id='word_1_574' title='bbox 3682 3350 3793 3421; x_wconf 80' lang='grc' dir='ltr'><strong>γάρ</strong></span> 
     </span>
    </p>
   </div>
   <div class='ocr_carea' id='block_1_80' title="bbox 2205 3443 3770 3519">
    <p class='ocr_par' dir='ltr' id='par_1_80' title="bbox 2205 3443 3770 3519">
     <span class='ocr_line' id='line_1_80' title="bbox 2205 3443 3770 3519; baseline -0.01 -10"><span class='ocrx_word' id='word_1_575' title='bbox 2205 3454 2332 3519; x_wconf 81' lang='grc' dir='ltr'>δόξα</span> <span class='ocrx_word' id='word_1_576' title='bbox 2354 3454 2444 3506; x_wconf 78' lang='grc' dir='ltr'><strong>καί</strong></span> <span class='ocrx_word' id='word_1_577' title='bbox 2471 3453 2499 3506; x_wconf 88' lang='grc' dir='ltr'>ὁ</span> <span class='ocrx_word' id='word_1_578' title='bbox 2557 3452 2778 3514; x_wconf 72' lang='grc' dir='ltr'>ἔπαινος</span> <span class='ocrx_word' id='word_1_579' title='bbox 2802 3453 2830 3504; x_wconf 79' lang='grc' dir='ltr'><em>ὁ</em></span> <span class='ocrx_word' id='word_1_580' title='bbox 2847 3450 2926 3512; x_wconf 85' lang='grc' dir='ltr'>εἰς</span> <span class='ocrx_word' id='word_1_581' title='bbox 2947 3449 3073 3510; x_wconf 77' lang='grc' dir='ltr'>τοὺς</span> <span class='ocrx_word' id='word_1_582' title='bbox 3105 3447 3164 3511; x_wconf 79' lang='grc' dir='ltr'><strong>ἐξ</strong></span> <span class='ocrx_word' id='word_1_583' title='bbox 3207 3445 3377 3500; x_wconf 87' lang='grc' dir='ltr'>ἐθνῶν</span> <span class='ocrx_word' id='word_1_584' title='bbox 3428 3443 3770 3513; x_wconf 81' lang='grc' dir='ltr'>ἀνατρέχων,</span> 
     </span>
    </p>
   </div>
   <div class='ocr_carea' id='block_1_81' title="bbox 2208 3532 3793 3615">
    <p class='ocr_par' dir='ltr' id='par_1_81' title="bbox 2208 3532 3793 3615">
     <span class='ocr_line' id='line_1_81' title="bbox 2208 3532 3793 3615; baseline -0.008 -19"><span class='ocrx_word' id='word_1_585' title='bbox 2208 3543 2442 3615; x_wconf 85' lang='grc' dir='ltr'>ἐρεθίσει</span> <span class='ocrx_word' id='word_1_586' title='bbox 2470 3541 2669 3615; x_wconf 80' lang='grc' dir='ltr'>αὐτοὺς</span> <span class='ocrx_word' id='word_1_587' title='bbox 2698 3542 2791 3594; x_wconf 72' lang='grc' dir='ltr'><strong>καὶ</strong></span> <span class='ocrx_word' id='word_1_588' title='bbox 2812 3542 2892 3602; x_wconf 78' lang='grc' dir='ltr'>εἰς</span> <span class='ocrx_word' id='word_1_589' title='bbox 2914 3538 3074 3608; x_wconf 82' lang='grc' dir='ltr'>ζῆλον</span> <span class='ocrx_word' id='word_1_590' title='bbox 3103 3535 3199 3590; x_wconf 88' lang='lat' dir='ltr'><strong>xui.</strong></span> <span class='ocrx_word' id='word_1_591' title='bbox 3230 3534 3672 3606; x_wconf 81' lang='grc' dir='ltr'>μίμησιν.Ὢστε</span> <span class='ocrx_word' id='word_1_592' title='bbox 3692 3532 3793 3586; x_wconf 81' lang='grc' dir='ltr'>οὐκ</span> 
     </span>
    </p>
   </div>
   <div class='ocr_carea' id='block_1_82' title="bbox 2209 3626 3791 3702">
    <p class='ocr_par' dir='ltr' id='par_1_82' title="bbox 2209 3626 3791 3702">
     <span class='ocr_line' id='line_1_82' title="bbox 2209 3626 3791 3702; baseline -0.008 -14"><span class='ocrx_word' id='word_1_593' title='bbox 2209 3637 2425 3690; x_wconf 82' lang='grc' dir='ltr'>ἐναντία</span> <span class='ocrx_word' id='word_1_594' title='bbox 2453 3633 2603 3687; x_wconf 76' lang='grc' dir='ltr'>ἐστὶν</span> <span class='ocrx_word' id='word_1_595' title='bbox 2633 3633 2878 3702; x_wconf 83' lang='grc' dir='ltr'>ἀλλήλων</span> <span class='ocrx_word' id='word_1_596' title='bbox 2907 3631 2976 3685; x_wconf 77' lang='grc' dir='ltr'>τὰ</span> <span class='ocrx_word' id='word_1_597' title='bbox 3002 3628 3292 3701; x_wconf 86' lang='grc' dir='ltr'>εἰρημένα.</span> <span class='ocrx_word' id='word_1_598' title='bbox 3311 3629 3576 3698; x_wconf 81' lang='grc' dir='ltr'>Δεύτερον</span> <span class='ocrx_word' id='word_1_599' title='bbox 3609 3626 3688 3686; x_wconf 82' lang='grc' dir='ltr'>δέ.</span> <span class='ocrx_word' id='word_1_600' title='bbox 3713 3627 3791 3679; x_wconf 77' lang='grc' dir='ltr'>ὅτι</span> 
     </span>
    </p>
   </div>
   <div class='ocr_carea' id='block_1_83' title="bbox 2208 3717 3795 3793">
    <p class='ocr_par' dir='ltr' id='par_1_83' title="bbox 2208 3717 3795 3793">
     <span class='ocr_line' id='line_1_83' title="bbox 2208 3717 3795 3793; baseline -0.007 -13"><span class='ocrx_word' id='word_1_601' title='bbox 2208 3726 2270 3780; x_wconf 85' lang='grc' dir='ltr'><strong>ού</strong></span> <span class='ocrx_word' id='word_1_602' title='bbox 2331 3725 2472 3780; x_wconf 75' lang='grc' dir='ltr'>κατὰ</span> <span class='ocrx_word' id='word_1_603' title='bbox 2512 3725 2806 3793; x_wconf 84' lang='grc' dir='ltr'>ἀπόφασιν,</span> <span class='ocrx_word' id='word_1_604' title='bbox 2859 3721 2988 3792; x_wconf 78' lang='grc' dir='ltr'>ἔφη,</span> <span class='ocrx_word' id='word_1_605' title='bbox 3040 3717 3532 3791; x_wconf 77' lang='grc' dir='ltr'>παραζηλὼσουσιν</span> <span class='ocrx_word' id='word_1_606' title='bbox 3565 3719 3616 3771; x_wconf 84' lang='lat' dir='ltr'><strong>oi.</strong></span> <span class='ocrx_word' id='word_1_607' title='bbox 3663 3718 3795 3770; x_wconf 87' lang='grc' dir='ltr'>Ἰου-</span> 
     </span>
    </p>
   </div>
   <div class='ocr_carea' id='block_1_84' title="bbox 2208 3806 3792 3885">
    <p class='ocr_par' dir='ltr' id='par_1_84' title="bbox 2208 3806 3792 3885">
     <span class='ocr_line' id='line_1_84' title="bbox 2208 3806 3792 3885; baseline -0.007 -15"><span class='ocrx_word' id='word_1_608' title='bbox 2208 3816 2368 3880; x_wconf 73' lang='grc' dir='ltr'>δαῖοι,</span> <span class='ocrx_word' id='word_1_609' title='bbox 2397 3813 2513 3869; x_wconf 81' lang='grc' dir='ltr'>ἀλλ’</span> <span class='ocrx_word' id='word_1_610' title='bbox 2564 3811 2882 3885; x_wconf 76' lang='grc' dir='ltr'>ἀμφιϐόλως</span> <span class='ocrx_word' id='word_1_611' title='bbox 2915 3813 3010 3866; x_wconf 72' lang='grc' dir='ltr'>καὶ</span> <span class='ocrx_word' id='word_1_612' title='bbox 3051 3809 3316 3874; x_wconf 76' lang='grc' dir='ltr'>διστάζων</span> <span class='ocrx_word' id='word_1_613' title='bbox 3349 3824 3365 3840; x_wconf 76' lang='grc' dir='ltr'><strong>ο</strong></span> <span class='ocrx_word' id='word_1_614' title='bbox 3400 3807 3474 3860; x_wconf 83' lang='grc' dir='ltr'><strong>ΕΖ</strong></span> <span class='ocrx_word' id='word_1_615' title='bbox 3501 3823 3630 3873; x_wconf 86' lang='grc' dir='ltr'><strong>πως</strong></span> <span class='ocrx_word' id='word_1_616' title='bbox 3659 3806 3792 3878; x_wconf 80' lang='grc' dir='ltr'>γάρ,</span> 
     </span>
    </p>
   </div>
   <div class='ocr_carea' id='block_1_85' title="bbox 2211 3897 3792 3976">
    <p class='ocr_par' dir='ltr' id='par_1_85' title="bbox 2211 3897 3792 3976">
     <span class='ocr_line' id='line_1_85' title="bbox 2211 3897 3792 3976; baseline -0.004 -17"><span class='ocrx_word' id='word_1_617' title='bbox 2211 3908 2369 3976; x_wconf 78' lang='grc' dir='ltr'>φησί,</span> <span class='ocrx_word' id='word_1_618' title='bbox 2430 3904 2840 3974; x_wconf 77' lang='grc' dir='ltr'>παραζηλώσω</span> <span class='ocrx_word' id='word_1_619' title='bbox 2883 3920 3003 3972; x_wconf 84' lang='grc' dir='ltr'>μου</span> <span class='ocrx_word' id='word_1_620' title='bbox 3054 3902 3172 3968; x_wconf 74' lang='grc' dir='ltr'><strong>τὴν</strong></span> <span class='ocrx_word' id='word_1_621' title='bbox 3227 3900 3446 3970; x_wconf 79' lang='grc' dir='ltr'>σάρκα.</span> <span class='ocrx_word' id='word_1_622' title='bbox 3477 3897 3605 3954; x_wconf 80' lang='grc' dir='ltr'>Οἷον</span> <span class='ocrx_word' id='word_1_623' title='bbox 3641 3902 3792 3964; x_wconf 72' lang='grc' dir='ltr'>ἴσως,</span> 
     </span>
    </p>
   </div>
   <div class='ocr_carea' id='block_1_86' title="bbox 2210 3992 3796 4069">
    <p class='ocr_par' dir='ltr' id='par_1_86' title="bbox 2210 3992 3796 4069">
     <span class='ocr_line' id='line_1_86' title="bbox 2210 3992 3796 4069; baseline -0.005 -17"><span class='ocrx_word' id='word_1_624' title='bbox 2210 3998 2373 4069; x_wconf 83' lang='grc' dir='ltr'>τάχα,</span> <span class='ocrx_word' id='word_1_625' title='bbox 2409 3997 2548 4051; x_wconf 81' lang='grc' dir='ltr'>ὥστε</span> <span class='ocrx_word' id='word_1_626' title='bbox 2573 3999 2622 4050; x_wconf 90' lang='grc' dir='ltr'><strong>εί</strong></span> <span class='ocrx_word' id='word_1_627' title='bbox 2654 3997 2749 4050; x_wconf 84' lang='lat' dir='ltr'><strong>xui.</strong></span> <span class='ocrx_word' id='word_1_628' title='bbox 2790 3993 2884 4048; x_wconf 83' lang='grc' dir='ltr'>διὰ</span> <span class='ocrx_word' id='word_1_629' title='bbox 2910 3995 3014 4066; x_wconf 79' lang='grc' dir='ltr'><strong>τῆς</strong></span> <span class='ocrx_word' id='word_1_630' title='bbox 3065 3993 3245 4047; x_wconf 82' lang='grc' dir='ltr'>αὐτῶν</span> <span class='ocrx_word' id='word_1_631' title='bbox 3291 3992 3547 4059; x_wconf 84' lang='grc' dir='ltr'>πίστεως,</span> <span class='ocrx_word' id='word_1_632' title='bbox 3573 3992 3699 4064; x_wconf 78' lang='grc' dir='ltr'><strong>οὐχί</strong></span> <span class='ocrx_word' id='word_1_633' title='bbox 3741 3993 3796 4045; x_wconf 78' lang='grc' dir='ltr'>δὲ</span> 
     </span>
    </p>
   </div>
   <div class='ocr_carea' id='block_1_87' title="bbox 2211 4083 3797 4159">
    <p class='ocr_par' dir='ltr' id='par_1_87' title="bbox 2211 4083 3797 4159">
     <span class='ocr_line' id='line_1_87' title="bbox 2211 4083 3797 4159; baseline -0.003 -16"><span class='ocrx_word' id='word_1_634' title='bbox 2211 4089 2301 4144; x_wconf 78' lang='grc' dir='ltr'>διὰ</span> <span class='ocrx_word' id='word_1_635' title='bbox 2325 4090 2424 4159; x_wconf 80' lang='grc' dir='ltr'>τῆς</span> <span class='ocrx_word' id='word_1_636' title='bbox 2457 4087 2616 4158; x_wconf 80' lang='grc' dir='ltr'>δόξης</span> <span class='ocrx_word' id='word_1_637' title='bbox 2666 4087 2760 4141; x_wconf 76' lang='grc' dir='ltr'>καὶ</span> <span class='ocrx_word' id='word_1_638' title='bbox 2806 4085 2917 4138; x_wconf 88' lang='grc' dir='ltr'><strong>τῶν</strong></span> <span class='ocrx_word' id='word_1_639' title='bbox 2980 4084 3243 4138; x_wconf 88' lang='grc' dir='ltr'>ἐπαίνων.</span> <span class='ocrx_word' id='word_1_640' title='bbox 3291 4083 3489 4150; x_wconf 85' lang='grc' dir='ltr'>Ἔλεγε</span> <span class='ocrx_word' id='word_1_641' title='bbox 3543 4084 3797 4154; x_wconf 78' lang='grc' dir='ltr'>παραζη-</span> 
     </span>
    </p>
   </div>
   <div class='ocr_carea' id='block_1_88' title="bbox 2212 4174 3793 4246">
    <p class='ocr_par' dir='ltr' id='par_1_88' title="bbox 2212 4174 3793 4246">
     <span class='ocr_line' id='line_1_88' title="bbox 2212 4174 3793 4246; baseline -0.004 -12"><span class='ocrx_word' id='word_1_642' title='bbox 2212 4181 2340 4235; x_wconf 82' lang='grc' dir='ltr'>λοῦν</span> <span class='ocrx_word' id='word_1_643' title='bbox 2383 4182 2509 4243; x_wconf 78' lang='grc' dir='ltr'>τοὺς</span> <span class='ocrx_word' id='word_1_644' title='bbox 2567 4178 2876 4241; x_wconf 86' lang='grc' dir='ltr'>Ἰουδαίους,</span> <span class='ocrx_word' id='word_1_645' title='bbox 2913 4176 3022 4230; x_wconf 80' lang='grc' dir='ltr'>οὐδ’</span> <span class='ocrx_word' id='word_1_646' title='bbox 3074 4175 3250 4238; x_wconf 79' lang='grc' dir='ltr'>οὕτως</span> <span class='ocrx_word' id='word_1_647' title='bbox 3297 4175 3539 4246; x_wconf 79' lang='grc' dir='ltr'>ἐμάχετο</span> <span class='ocrx_word' id='word_1_648' title='bbox 3591 4174 3793 4246; x_wconf 78' lang='grc' dir='ltr'>ἐαυτῷ.</span> 
     </span>
    </p>
   </div>
   <div class='ocr_carea' id='block_1_89' title="bbox 2214 4267 3795 4341">
    <p class='ocr_par' dir='ltr' id='par_1_89' title="bbox 2214 4267 3795 4341">
     <span class='ocr_line' id='line_1_89' title="bbox 2214 4267 3795 4341; baseline -0.005 -15"><span class='ocrx_word' id='word_1_649' title='bbox 2214 4273 2315 4326; x_wconf 84' lang='grc' dir='ltr'>Διά</span> <span class='ocrx_word' id='word_1_650' title='bbox 2345 4271 2445 4341; x_wconf 85' lang='grc' dir='ltr'><strong>μὲν</strong></span> <span class='ocrx_word' id='word_1_651' title='bbox 2475 4271 2583 4341; x_wconf 86' lang='grc' dir='ltr'><strong>γὰρ</strong></span> <span class='ocrx_word' id='word_1_652' title='bbox 2609 4270 2705 4324; x_wconf 79' lang='grc' dir='ltr'>τοῦ</span> <span class='ocrx_word' id='word_1_653' title='bbox 2744 4271 2942 4334; x_wconf 79' lang='grc' dir='ltr'>εἰπεῖν,</span> <span class='ocrx_word' id='word_1_654' title='bbox 2979 4268 3182 4338; x_wconf 77' lang='grc' dir='ltr'>ἐχθροὶ</span> <span class='ocrx_word' id='word_1_655' title='bbox 3209 4267 3284 4320; x_wconf 84' lang='grc' dir='ltr'>δι’</span> <span class='ocrx_word' id='word_1_656' title='bbox 3307 4267 3486 4335; x_wconf 82' lang='grc' dir='ltr'>ὑμᾶς,</span> <span class='ocrx_word' id='word_1_657' title='bbox 3505 4267 3616 4319; x_wconf 90' lang='grc' dir='ltr'><strong>τῶν</strong></span> <span class='ocrx_word' id='word_1_658' title='bbox 3663 4268 3795 4320; x_wconf 83' lang='grc' dir='ltr'>Ἰου-</span> 
     </span>
    </p>
   </div>
   <div class='ocr_carea' id='block_1_90' title="bbox 2215 4359 3798 4436">
    <p class='ocr_par' dir='ltr' id='par_1_90' title="bbox 2215 4359 3798 4436">
     <span class='ocr_line' id='line_1_90' title="bbox 2215 4359 3798 4436; baseline -0.005 -17"><span class='ocrx_word' id='word_1_659' title='bbox 2215 4366 2378 4419; x_wconf 83' lang='grc' dir='ltr'>δαίων</span> <span class='ocrx_word' id='word_1_660' title='bbox 2409 4364 2509 4436; x_wconf 82' lang='grc' dir='ltr'>τὴν</span> <span class='ocrx_word' id='word_1_661' title='bbox 2553 4363 2812 4417; x_wconf 82' lang='grc' dir='ltr'>ἀπιστίαν</span> <span class='ocrx_word' id='word_1_662' title='bbox 2832 4363 3003 4432; x_wconf 85' lang='grc' dir='ltr'>λέγει,</span> <span class='ocrx_word' id='word_1_663' title='bbox 3035 4363 3128 4414; x_wconf 80' lang='grc' dir='ltr'><strong>καὶ</strong></span> <span class='ocrx_word' id='word_1_664' title='bbox 3157 4360 3258 4432; x_wconf 81' lang='grc' dir='ltr'>τὴν</span> <span class='ocrx_word' id='word_1_665' title='bbox 3275 4359 3458 4414; x_wconf 84' lang='grc' dir='ltr'>αἰτίαν</span> <span class='ocrx_word' id='word_1_666' title='bbox 3487 4360 3554 4414; x_wconf 82' lang='grc' dir='ltr'>δι’</span> <span class='ocrx_word' id='word_1_667' title='bbox 3573 4360 3642 4432; x_wconf 79' lang='grc' dir='ltr'>ἢν</span> <span class='ocrx_word' id='word_1_668' title='bbox 3666 4379 3798 4430; x_wconf 66' lang='lat' dir='ltr'><strong>atpo-</strong></span> 
     </span>
    </p>
   </div>
   <div class='ocr_carea' id='block_1_91' title="bbox 534 4443 2106 4526">
    <p class='ocr_par' dir='ltr' id='par_1_91' title="bbox 534 4443 2106 4513">
     <span class='ocr_line' id='line_1_91' title="bbox 534 4443 2106 4513; baseline 0.002 -18"><span class='ocrx_word' id='word_1_669' title='bbox 534 4451 700 4497; x_wconf 80' lang='lat' dir='ltr'><strong>tatein</strong></span> <span class='ocrx_word' id='word_1_670' title='bbox 725 4443 1014 4513; x_wconf 82' lang='lat' dir='ltr'><strong>significat,</strong></span> <span class='ocrx_word' id='word_1_671' title='bbox 1042 4451 1096 4496; x_wconf 92' lang='lat' dir='ltr'><strong>et</strong></span> <span class='ocrx_word' id='word_1_672' title='bbox 1132 4457 1356 4498; x_wconf 87' lang='lat' dir='ltr'><strong>causam</strong></span> <span class='ocrx_word' id='word_1_673' title='bbox 1419 4459 1521 4498; x_wconf 92' lang='lat' dir='ltr'><strong>cur</strong></span> <span class='ocrx_word' id='word_1_674' title='bbox 1555 4445 1928 4499; x_wconf 86' lang='lat' dir='ltr'><strong>vehementius</strong></span> <span class='ocrx_word' id='word_1_675' title='bbox 1984 4444 2106 4498; x_wconf 85' lang='lat' dir='ltr'><strong>fidei</strong></span> 
     </span>
    </p>
   </div>
   <div class='ocr_carea' id='block_1_92' title="bbox 2207 4443 3798 4526">
    <p class='ocr_par' dir='ltr' id='par_1_92' title="bbox 2211 4451 3798 4526">
     <span class='ocr_line' id='line_1_92' title="bbox 2211 4451 3798 4526; baseline -0.004 -16"><span class='ocrx_word' id='word_1_676' title='bbox 2211 4455 2467 4526; x_wconf 83' lang='grc' dir='ltr'>δρότερον</span> <span class='ocrx_word' id='word_1_677' title='bbox 2494 4454 2891 4525; x_wconf 84' lang='grc' dir='ltr'>ἀπεχθάνονται</span> <span class='ocrx_word' id='word_1_678' title='bbox 2919 4456 2984 4524; x_wconf 85' lang='grc' dir='ltr'><strong>τῇ</strong></span> <span class='ocrx_word' id='word_1_679' title='bbox 3019 4453 3218 4506; x_wconf 88' lang='grc' dir='ltr'>πίστει.</span> <span class='ocrx_word' id='word_1_680' title='bbox 3240 4451 3339 4505; x_wconf 87' lang='grc' dir='ltr'>Διά</span> <span class='ocrx_word' id='word_1_681' title='bbox 3355 4452 3412 4505; x_wconf 86' lang='grc' dir='ltr'>δὲ</span> <span class='ocrx_word' id='word_1_682' title='bbox 3445 4451 3561 4514; x_wconf 76' lang='grc' dir='ltr'>τοῦ,</span> <span class='ocrx_word' id='word_1_683' title='bbox 3589 4452 3649 4506; x_wconf 73' lang='lat' dir='ltr'><strong>ei</strong></span> <span class='ocrx_word' id='word_1_684' title='bbox 3673 4469 3798 4518; x_wconf 84' lang='grc' dir='ltr'><strong>πως</strong></span> 
     </span>
    </p>
   </div>
   <div class='ocr_carea' id='block_1_93' title="bbox 535 4535 2114 4608">
    <p class='ocr_par' dir='ltr' id='par_1_93' title="bbox 535 4535 2114 4608">
     <span class='ocr_line' id='line_1_93' title="bbox 535 4535 2114 4608; baseline 0.003 -21"><span class='ocrx_word' id='word_1_685' title='bbox 535 4535 919 4601; x_wconf 80' lang='lat' dir='ltr'><strong>adversentur;</strong></span> <span class='ocrx_word' id='word_1_686' title='bbox 941 4550 1063 4588; x_wconf 89' lang='lat' dir='ltr'><strong>cum</strong></span> <span class='ocrx_word' id='word_1_687' title='bbox 1097 4544 1278 4589; x_wconf 90' lang='lat' dir='ltr'><strong>autem</strong></span> <span class='ocrx_word' id='word_1_688' title='bbox 1301 4535 1467 4591; x_wconf 92' lang='lat' dir='ltr'><strong>dicit:</strong></span> <span class='ocrx_word' id='word_1_689' title='bbox 1489 4535 1550 4591; x_wconf 92' lang='lat' dir='ltr'><strong>Si</strong></span> <span class='ocrx_word' id='word_1_690' title='bbox 1574 4537 1832 4608; x_wconf 87' lang='lat' dir='ltr'><strong>quomodo</strong></span> <span class='ocrx_word' id='word_1_691' title='bbox 1862 4538 1931 4591; x_wconf 87' lang='lat' dir='ltr'><strong>ad</strong></span> <span class='ocrx_word' id='word_1_692' title='bbox 1957 4553 2114 4593; x_wconf 71' lang='lat' dir='ltr'><strong>amau-</strong></span> 
     </span>
    </p>
   </div>
   <div class='ocr_carea' id='block_1_94' title="bbox 537 4623 2116 4696">
    <p class='ocr_par' dir='ltr' id='par_1_94' title="bbox 537 4623 2116 4696">
     <span class='ocr_line' id='line_1_94' title="bbox 537 4623 2116 4696; baseline 0.003 -18"><span class='ocrx_word' id='word_1_693' title='bbox 537 4623 792 4678; x_wconf 82' lang='lat' dir='ltr'><strong>lationem</strong></span> <span class='ocrx_word' id='word_1_694' title='bbox 830 4639 1102 4694; x_wconf 80' lang='lat' dir='ltr'><strong>provocem</strong></span> <span class='ocrx_word' id='word_1_695' title='bbox 1152 4641 1363 4678; x_wconf 85' lang='lat' dir='ltr'><strong>carnem</strong></span> <span class='ocrx_word' id='word_1_696' title='bbox 1421 4641 1630 4693; x_wconf 78' lang='lat' dir='ltr'><strong>nteant,</strong></span> <span class='ocrx_word' id='word_1_697' title='bbox 1680 4628 1929 4696; x_wconf 89' lang='lat' dir='ltr'><strong>proprios</strong></span> <span class='ocrx_word' id='word_1_698' title='bbox 1974 4627 2116 4683; x_wconf 82' lang='lat' dir='ltr'><strong>indi-</strong></span> 
     </span>
    </p>
   </div>
   <div class='ocr_carea' id='block_1_95' title="bbox 536 4715 2112 4786">
    <p class='ocr_par' dir='ltr' id='par_1_95' title="bbox 536 4715 2112 4786">
     <span class='ocr_line' id='line_1_95' title="bbox 536 4715 2112 4786; baseline 0.003 -16"><span class='ocrx_word' id='word_1_699' title='bbox 536 4722 626 4771; x_wconf 87' lang='lat' dir='ltr'><strong>cat</strong></span> <span class='ocrx_word' id='word_1_700' title='bbox 651 4725 883 4772; x_wconf 87' lang='lat' dir='ltr'><strong>conatus</strong></span> <span class='ocrx_word' id='word_1_701' title='bbox 908 4717 1109 4786; x_wconf 86' lang='lat' dir='ltr'><strong>quibus</strong></span> <span class='ocrx_word' id='word_1_702' title='bbox 1162 4717 1372 4772; x_wconf 88' lang='lat' dir='ltr'><strong>salvare</strong></span> <span class='ocrx_word' id='word_1_703' title='bbox 1399 4715 1617 4776; x_wconf 72' lang='lat' dir='ltr'><strong>Judaeos</strong></span> <span class='ocrx_word' id='word_1_704' title='bbox 1655 4720 1847 4774; x_wconf 88' lang='lat' dir='ltr'><strong>nititur</strong></span> <span class='ocrx_word' id='word_1_705' title='bbox 1869 4731 1924 4775; x_wconf 87' lang='lat' dir='ltr'><strong>et</strong></span> <span class='ocrx_word' id='word_1_706' title='bbox 1955 4730 2112 4776; x_wconf 83' lang='lat' dir='ltr'><strong>extra</strong></span> 
     </span>
    </p>
   </div>
   <div class='ocr_carea' id='block_1_96' title="bbox 541 4806 2107 4883">
    <p class='ocr_par' dir='ltr' id='par_1_96' title="bbox 541 4806 2107 4883">
     <span class='ocr_line' id='line_1_96' title="bbox 541 4806 2107 4883; baseline 0.003 -21"><span class='ocrx_word' id='word_1_707' title='bbox 541 4809 672 4862; x_wconf 91' lang='lat' dir='ltr'><strong>illud</strong></span> <span class='ocrx_word' id='word_1_708' title='bbox 713 4809 874 4863; x_wconf 88' lang='lat' dir='ltr'><strong>etiam</strong></span> <span class='ocrx_word' id='word_1_709' title='bbox 913 4808 1062 4877; x_wconf 87' lang='lat' dir='ltr'><strong>quod</strong></span> <span class='ocrx_word' id='word_1_710' title='bbox 1107 4806 1365 4874; x_wconf 86' lang='lat' dir='ltr'><strong>diximus,</strong></span> <span class='ocrx_word' id='word_1_711' title='bbox 1404 4825 1513 4864; x_wconf 89' lang='lat' dir='ltr'><strong>non</strong></span> <span class='ocrx_word' id='word_1_712' title='bbox 1587 4809 1663 4866; x_wconf 94' lang='lat' dir='ltr'><strong>ita</strong></span> <span class='ocrx_word' id='word_1_713' title='bbox 1731 4822 2107 4883; x_wconf 82' lang='lat' dir='ltr'><strong>repugnarent</strong></span> 
     </span>
    </p>
   </div>
   <div class='ocr_carea' id='block_1_97' title="bbox 539 4899 2118 4975">
    <p class='ocr_par' dir='ltr' id='par_1_97' title="bbox 539 4899 2118 4975">
     <span class='ocr_line' id='line_1_97' title="bbox 539 4899 2118 4975; baseline 0.005 -22"><span class='ocrx_word' id='word_1_714' title='bbox 539 4899 772 4968; x_wconf 87' lang='lat' dir='ltr'><strong>apostoli</strong></span> <span class='ocrx_word' id='word_1_715' title='bbox 823 4899 1002 4962; x_wconf 71' lang='lat' dir='ltr'><strong>dieue,</strong></span> <span class='ocrx_word' id='word_1_716' title='bbox 1034 4900 1288 4969; x_wconf 85' lang='lat' dir='ltr'><strong>quamvis</strong></span> <span class='ocrx_word' id='word_1_717' title='bbox 1315 4908 1610 4972; x_wconf 89' lang='lat' dir='ltr'><strong>utrumque</strong></span> <span class='ocrx_word' id='word_1_718' title='bbox 1657 4905 1984 4975; x_wconf 87' lang='lat' dir='ltr'><strong>explicando</strong></span> <span class='ocrx_word' id='word_1_719' title='bbox 2033 4905 2118 4960; x_wconf 89' lang='lat' dir='ltr'><strong>di-</strong></span> 
     </span>
    </p>
   </div>
   <div class='ocr_carea' id='block_1_98' title="bbox 538 4986 2115 5066">
    <p class='ocr_par' dir='ltr' id='par_1_98' title="bbox 538 4986 2115 5066">
     <span class='ocr_line' id='line_1_98' title="bbox 538 4986 2115 5066; baseline 0.006 -23"><span class='ocrx_word' id='word_1_720' title='bbox 538 5001 776 5043; x_wconf 88' lang='lat' dir='ltr'><strong>ceretur.</strong></span> <span class='ocrx_word' id='word_1_721' title='bbox 809 4986 1022 5043; x_wconf 89' lang='lat' dir='ltr'><strong>Etenim</strong></span> <span class='ocrx_word' id='word_1_722' title='bbox 1051 4990 1186 5045; x_wconf 88' lang='lat' dir='ltr'><strong>nihil</strong></span> <span class='ocrx_word' id='word_1_723' title='bbox 1217 5001 1424 5047; x_wconf 87' lang='lat' dir='ltr'><strong>vetaret</strong></span> <span class='ocrx_word' id='word_1_724' title='bbox 1453 4993 1753 5063; x_wconf 87' lang='lat' dir='ltr'><strong>quominus</strong></span> <span class='ocrx_word' id='word_1_725' title='bbox 1787 4995 1954 5066; x_wconf 88' lang='lat' dir='ltr'><strong>aliqui</strong></span> <span class='ocrx_word' id='word_1_726' title='bbox 1992 5010 2115 5052; x_wconf 83' lang='lat' dir='ltr'><strong>cre-</strong></span> 
     </span>
    </p>
   </div>
   <div class='ocr_carea' id='block_1_99' title="bbox 539 5078 2120 5150">
    <p class='ocr_par' dir='ltr' id='par_1_99' title="bbox 539 5078 2120 5150">
     <span class='ocr_line' id='line_1_99' title="bbox 539 5078 2120 5150; baseline 0.008 -19"><span class='ocrx_word' id='word_1_727' title='bbox 539 5078 821 5145; x_wconf 86' lang='lat' dir='ltr'><strong>dentium,</strong></span> <span class='ocrx_word' id='word_1_728' title='bbox 891 5079 998 5134; x_wconf 79' lang='lat' dir='ltr'><strong>[ide</strong></span> <span class='ocrx_word' id='word_1_729' title='bbox 1059 5081 1301 5150; x_wconf 85' lang='lat' dir='ltr'><strong>gentium</strong></span> <span class='ocrx_word' id='word_1_730' title='bbox 1365 5085 1626 5148; x_wconf 84' lang='lat' dir='ltr'><strong>excitati,</strong></span> <span class='ocrx_word' id='word_1_731' title='bbox 1686 5087 2012 5143; x_wconf 70' lang='lat' dir='ltr'><strong>aemulentur</strong></span> <span class='ocrx_word' id='word_1_732' title='bbox 2065 5097 2120 5144; x_wconf 89' lang='lat' dir='ltr'><strong>et</strong></span> 
     </span>
    </p>
   </div>
   <div class='ocr_carea' id='block_1_100' title="bbox 541 5167 2118 5244">
    <p class='ocr_par' dir='ltr' id='par_1_100' title="bbox 541 5167 2118 5244">
     <span class='ocr_line' id='line_1_100' title="bbox 541 5167 2118 5244; baseline 0.01 -26"><span class='ocrx_word' id='word_1_733' title='bbox 541 5167 860 5234; x_wconf 85' lang='lat' dir='ltr'><strong>imitentur;</strong></span> <span class='ocrx_word' id='word_1_734' title='bbox 893 5178 946 5224; x_wconf 84' lang='lat' dir='ltr'><strong>et</strong></span> <span class='ocrx_word' id='word_1_735' title='bbox 967 5171 1125 5225; x_wconf 93' lang='lat' dir='ltr'><strong>multi</strong></span> <span class='ocrx_word' id='word_1_736' title='bbox 1151 5172 1390 5227; x_wconf 68' lang='lat' dir='ltr'><strong>vicissim</strong></span> <span class='ocrx_word' id='word_1_737' title='bbox 1421 5190 1527 5228; x_wconf 91' lang='lat' dir='ltr'><strong>non</strong></span> <span class='ocrx_word' id='word_1_738' title='bbox 1573 5176 1935 5244; x_wconf 88' lang='lat' dir='ltr'><strong>credentium,</strong></span> <span class='ocrx_word' id='word_1_739' title='bbox 1990 5179 2118 5235; x_wconf 90' lang='lat' dir='ltr'><strong>odio</strong></span> 
     </span>
    </p>
   </div>
   <div class='ocr_carea' id='block_1_101' title="bbox 539 5256 2118 5336">
    <p class='ocr_par' dir='ltr' id='par_1_101' title="bbox 539 5256 2118 5336">
     <span class='ocr_line' id='line_1_101' title="bbox 539 5256 2118 5336; baseline 0.01 -26"><span class='ocrx_word' id='word_1_740' title='bbox 539 5256 759 5312; x_wconf 85' lang='lat' dir='ltr'><strong>illorum</strong></span> <span class='ocrx_word' id='word_1_741' title='bbox 797 5260 890 5329; x_wconf 89' lang='lat' dir='ltr'><strong>qui</strong></span> <span class='ocrx_word' id='word_1_742' title='bbox 958 5277 1021 5315; x_wconf 89' lang='lat' dir='ltr'><strong>ex</strong></span> <span class='ocrx_word' id='word_1_743' title='bbox 1053 5263 1301 5331; x_wconf 86' lang='lat' dir='ltr'><strong>gentibus</strong></span> <span class='ocrx_word' id='word_1_744' title='bbox 1346 5274 1476 5322; x_wconf 88' lang='lat' dir='ltr'><strong>sunt</strong></span> <span class='ocrx_word' id='word_1_745' title='bbox 1517 5268 1908 5336; x_wconf 87' lang='lat' dir='ltr'><strong>pertinaciores</strong></span> <span class='ocrx_word' id='word_1_746' title='bbox 1942 5279 1997 5324; x_wconf 88' lang='lat' dir='ltr'><strong>et</strong></span> <span class='ocrx_word' id='word_1_747' title='bbox 2031 5271 2118 5326; x_wconf 79' lang='lat' dir='ltr'><strong>in-</strong></span> 
     </span>
    </p>
   </div>
   <div class='ocr_carea' id='block_1_102' title="bbox 538 5350 2120 5430">
    <p class='ocr_par' dir='ltr' id='par_1_102' title="bbox 538 5350 2120 5430">
     <span class='ocr_line' id='line_1_102' title="bbox 538 5350 2120 5430; baseline 0.009 -27"><span class='ocrx_word' id='word_1_748' title='bbox 538 5350 878 5405; x_wconf 87' lang='lat' dir='ltr'><strong>creduliores</strong></span> <span class='ocrx_word' id='word_1_749' title='bbox 915 5360 971 5406; x_wconf 91' lang='lat' dir='ltr'><strong>et</strong></span> <span class='ocrx_word' id='word_1_750' title='bbox 1011 5353 1343 5411; x_wconf 87' lang='lat' dir='ltr'><strong>inlideliores</strong></span> <span class='ocrx_word' id='word_1_751' title='bbox 1373 5360 1687 5427; x_wconf 86' lang='lat' dir='ltr'><strong>evangelico</strong></span> <span class='ocrx_word' id='word_1_752' title='bbox 1727 5361 2000 5430; x_wconf 55' lang='lat' dir='ltr'><strong>praeconio</strong></span> <span class='ocrx_word' id='word_1_753' title='bbox 2024 5363 2120 5417; x_wconf 77' lang='lat' dir='ltr'><strong>ad—</strong></span> 
     </span>
    </p>
   </div>
   <div class='ocr_carea' id='block_1_103' title="bbox 542 5447 2116 5524">
    <p class='ocr_par' dir='ltr' id='par_1_103' title="bbox 542 5447 2116 5524">
     <span class='ocr_line' id='line_1_103' title="bbox 542 5447 2116 5524; baseline 0.011 -31"><span class='ocrx_word' id='word_1_754' title='bbox 542 5451 866 5497; x_wconf 87' lang='lat' dir='ltr'><strong>versentur:</strong></span> <span class='ocrx_word' id='word_1_755' title='bbox 892 5447 1035 5513; x_wconf 88' lang='lat' dir='ltr'><strong>quod</strong></span> <span class='ocrx_word' id='word_1_756' title='bbox 1072 5448 1204 5516; x_wconf 87' lang='lat' dir='ltr'><strong>ipsis</strong></span> <span class='ocrx_word' id='word_1_757' title='bbox 1234 5449 1398 5506; x_wconf 89' lang='lat' dir='ltr'><strong>rebus</strong></span> <span class='ocrx_word' id='word_1_758' title='bbox 1421 5451 1592 5506; x_wconf 90' lang='lat' dir='ltr'><strong>videri</strong></span> <span class='ocrx_word' id='word_1_759' title='bbox 1630 5463 1837 5522; x_wconf 89' lang='lat' dir='ltr'><strong>potest;</strong></span> <span class='ocrx_word' id='word_1_760' title='bbox 1866 5456 2116 5524; x_wconf 90' lang='lat' dir='ltr'><strong>quienim</strong></span> 
     </span>
    </p>
   </div>
   <div class='ocr_carea' id='block_1_104' title="bbox 542 5533 2114 5614">
    <p class='ocr_par' dir='ltr' id='par_1_104' title="bbox 542 5533 2114 5614">
     <span class='ocr_line' id='line_1_104' title="bbox 542 5533 2114 5614; baseline 0.013 -32"><span class='ocrx_word' id='word_1_761' title='bbox 542 5541 732 5598; x_wconf 85' lang='lat' dir='ltr'><strong>gentes</strong></span> <span class='ocrx_word' id='word_1_762' title='bbox 753 5533 1053 5601; x_wconf 88' lang='lat' dir='ltr'><strong>imitantur,</strong></span> <span class='ocrx_word' id='word_1_763' title='bbox 1089 5539 1155 5592; x_wconf 88' lang='lat' dir='ltr'><strong>ad</strong></span> <span class='ocrx_word' id='word_1_764' title='bbox 1208 5538 1368 5595; x_wconf 84' lang='lat' dir='ltr'><strong>fidem</strong></span> <span class='ocrx_word' id='word_1_765' title='bbox 1401 5543 1689 5608; x_wconf 86' lang='lat' dir='ltr'><strong>accedunt,</strong></span> <span class='ocrx_word' id='word_1_766' title='bbox 1715 5551 1770 5598; x_wconf 88' lang='lat' dir='ltr'><strong>et</strong></span> <span class='ocrx_word' id='word_1_767' title='bbox 1797 5545 2114 5614; x_wconf 78' lang='lat' dir='ltr'><strong>salvantur;</strong></span> 
     </span>
    </p>
   </div>
   <div class='ocr_carea' id='block_1_105' title="bbox 544 5619 2119 5702">
    <p class='ocr_par' dir='ltr' id='par_1_105' title="bbox 544 5619 2119 5702">
     <span class='ocr_line' id='line_1_105' title="bbox 544 5619 2119 5702; baseline 0.015 -31"><span class='ocrx_word' id='word_1_768' title='bbox 544 5619 637 5687; x_wconf 86' lang='lat' dir='ltr'><strong>qui</strong></span> <span class='ocrx_word' id='word_1_769' title='bbox 671 5631 850 5676; x_wconf 90' lang='lat' dir='ltr'><strong>autem</strong></span> <span class='ocrx_word' id='word_1_770' title='bbox 899 5627 1152 5694; x_wconf 85' lang='lat' dir='ltr'><strong>gentibus</strong></span> <span class='ocrx_word' id='word_1_771' title='bbox 1169 5631 1553 5702; x_wconf 85' lang='lat' dir='ltr'><strong>adversantur,</strong></span> <span class='ocrx_word' id='word_1_772' title='bbox 1591 5635 1831 5694; x_wconf 85' lang='lat' dir='ltr'><strong>acriores</strong></span> <span class='ocrx_word' id='word_1_773' title='bbox 1859 5637 1982 5694; x_wconf 91' lang='lat' dir='ltr'><strong>lidci</strong></span> <span class='ocrx_word' id='word_1_774' title='bbox 2013 5640 2119 5694; x_wconf 86' lang='lat' dir='ltr'><strong>ini-</strong></span> 
     </span>
    </p>
   </div>
   <div class='ocr_carea' id='block_1_106' title="bbox 545 5715 1134 5776">
    <p class='ocr_par' dir='ltr' id='par_1_106' title="bbox 545 5715 1134 5776">
     <span class='ocr_line' id='line_1_106' title="bbox 545 5715 1134 5776; baseline 0.022 -12"><span class='ocrx_word' id='word_1_775' title='bbox 545 5715 672 5765; x_wconf 88' lang='lat' dir='ltr'><strong>mici</strong></span> <span class='ocrx_word' id='word_1_776' title='bbox 706 5715 1134 5776; x_wconf 85' lang='lat' dir='ltr'><strong>constituuntur.</strong></span> 
     </span>
    </p>
   </div>
   <div class='ocr_carea' id='block_1_107' title="bbox 2216 4540 3796 4612">
    <p class='ocr_par' dir='ltr' id='par_1_107' title="bbox 2216 4540 3796 4612">
     <span class='ocr_line' id='line_1_107' title="bbox 2216 4540 3796 4612; baseline -0.003 -15"><span class='ocrx_word' id='word_1_777' title='bbox 2216 4540 2622 4611; x_wconf 73' lang='grc' dir='ltr'>παραζηλώσω</span> <span class='ocrx_word' id='word_1_778' title='bbox 2671 4545 2788 4611; x_wconf 79' lang='grc' dir='ltr'><strong>τὴν</strong></span> <span class='ocrx_word' id='word_1_779' title='bbox 2833 4541 3052 4611; x_wconf 77' lang='grc' dir='ltr'>σάρκα,</span> <span class='ocrx_word' id='word_1_780' title='bbox 3097 4543 3198 4612; x_wconf 68' lang='grc' dir='ltr'><strong>τὴν</strong></span> <span class='ocrx_word' id='word_1_781' title='bbox 3267 4541 3405 4595; x_wconf 80' lang='grc' dir='ltr'>ἰδίαν</span> <span class='ocrx_word' id='word_1_782' title='bbox 3456 4541 3796 4595; x_wconf 80' lang='grc' dir='ltr'>ἐνδείκνυται</span> 
     </span>
    </p>
   </div>
   <div class='ocr_carea' id='block_1_108' title="bbox 2218 4631 3792 4709">
    <p class='ocr_par' dir='ltr' id='par_1_108' title="bbox 2218 4631 3792 4709">
     <span class='ocr_line' id='line_1_108' title="bbox 2218 4631 3792 4709; baseline 0 -20"><span class='ocrx_word' id='word_1_783' title='bbox 2218 4638 2472 4704; x_wconf 82' lang='grc' dir='ltr'>σπουδὴν,</span> <span class='ocrx_word' id='word_1_784' title='bbox 2509 4637 2575 4709; x_wconf 85' lang='grc' dir='ltr'>ἦν</span> <span class='ocrx_word' id='word_1_785' title='bbox 2623 4631 2771 4707; x_wconf 68' lang='grc' dir='ltr'>εἶχεν</span> <span class='ocrx_word' id='word_1_786' title='bbox 2798 4637 2876 4700; x_wconf 89' lang='grc' dir='ltr'><strong>εἰς</strong></span> <span class='ocrx_word' id='word_1_787' title='bbox 2921 4638 2983 4690; x_wconf 81' lang='grc' dir='ltr'><strong>τὸ</strong></span> <span class='ocrx_word' id='word_1_788' title='bbox 3023 4635 3193 4689; x_wconf 91' lang='grc' dir='ltr'>σῶσαι</span> <span class='ocrx_word' id='word_1_789' title='bbox 3231 4635 3357 4699; x_wconf 79' lang='grc' dir='ltr'>τοὺς</span> <span class='ocrx_word' id='word_1_790' title='bbox 3380 4635 3440 4698; x_wconf 81' lang='grc' dir='ltr'><strong>ἐξ</strong></span> <span class='ocrx_word' id='word_1_791' title='bbox 3503 4635 3792 4690; x_wconf 88' lang='grc' dir='ltr'>Ἰουδαίων.</span> 
     </span>
    </p>
   </div>
   <div class='ocr_carea' id='block_1_109' title="bbox 2219 4726 3796 4801">
    <p class='ocr_par' dir='ltr' id='par_1_109' title="bbox 2219 4726 3796 4801">
     <span class='ocr_line' id='line_1_109' title="bbox 2219 4726 3796 4801; baseline -0.003 -17"><span class='ocrx_word' id='word_1_792' title='bbox 2219 4732 2328 4784; x_wconf 74' lang='grc' dir='ltr'><strong>Καὶ</strong></span> <span class='ocrx_word' id='word_1_793' title='bbox 2353 4729 2522 4800; x_wconf 77' lang='grc' dir='ltr'>χωρὶς</span> <span class='ocrx_word' id='word_1_794' title='bbox 2555 4730 2613 4782; x_wconf 88' lang='grc' dir='ltr'><strong>δέ</strong></span> <span class='ocrx_word' id='word_1_795' title='bbox 2644 4730 2753 4783; x_wconf 87' lang='grc' dir='ltr'><strong>τῶν</strong></span> <span class='ocrx_word' id='word_1_796' title='bbox 2777 4729 3105 4801; x_wconf 84' lang='grc' dir='ltr'>εἰρημένων,</span> <span class='ocrx_word' id='word_1_797' title='bbox 3126 4727 3235 4781; x_wconf 72' lang='grc' dir='ltr'>οὐδ’</span> <span class='ocrx_word' id='word_1_798' title='bbox 3264 4726 3440 4790; x_wconf 78' lang='grc' dir='ltr'>οὕτως</span> <span class='ocrx_word' id='word_1_799' title='bbox 3467 4726 3708 4797; x_wconf 86' lang='grc' dir='ltr'>ἐμάχετο</span> <span class='ocrx_word' id='word_1_800' title='bbox 3731 4727 3796 4779; x_wconf 81' lang='grc' dir='ltr'>τὰ</span> 
     </span>
    </p>
   </div>
   <div class='ocr_carea' id='block_1_110' title="bbox 2216 4816 3796 4891">
    <p class='ocr_par' dir='ltr' id='par_1_110' title="bbox 2216 4816 3796 4891">
     <span class='ocr_line' id='line_1_110' title="bbox 2216 4816 3796 4891; baseline -0.003 -18"><span class='ocrx_word' id='word_1_801' title='bbox 2216 4820 2496 4891; x_wconf 82' lang='grc' dir='ltr'>λεχθέντα,</span> <span class='ocrx_word' id='word_1_802' title='bbox 2533 4821 2634 4874; x_wconf 85' lang='grc' dir='ltr'><strong>κᾶν</strong></span> <span class='ocrx_word' id='word_1_803' title='bbox 2682 4820 2850 4891; x_wconf 78' lang='grc' dir='ltr'>ἄμφω</span> <span class='ocrx_word' id='word_1_804' title='bbox 2875 4818 3264 4889; x_wconf 85' lang='grc' dir='ltr'>ἀποφαντικῶς</span> <span class='ocrx_word' id='word_1_805' title='bbox 3315 4817 3526 4889; x_wconf 86' lang='grc' dir='ltr'>είρητο.</span> <span class='ocrx_word' id='word_1_806' title='bbox 3549 4816 3664 4870; x_wconf 77' lang='grc' dir='ltr'><strong>Καὶ</strong></span> <span class='ocrx_word' id='word_1_807' title='bbox 3691 4818 3796 4886; x_wconf 75' lang='grc' dir='ltr'><strong>γάρ</strong></span> 
     </span>
    </p>
   </div>
   <div class='ocr_carea' id='block_1_111' title="bbox 2219 4909 3798 4984">
    <p class='ocr_par' dir='ltr' id='par_1_111' title="bbox 2219 4909 3798 4984">
     <span class='ocr_line' id='line_1_111' title="bbox 2219 4909 3798 4984; baseline -0.002 -19"><span class='ocrx_word' id='word_1_808' title='bbox 2219 4913 2372 4966; x_wconf 81' lang='grc' dir='ltr'>οὐδὲν</span> <span class='ocrx_word' id='word_1_809' title='bbox 2394 4912 2599 4966; x_wconf 84' lang='grc' dir='ltr'>ἐκώλυε</span> <span class='ocrx_word' id='word_1_810' title='bbox 2623 4913 2776 4976; x_wconf 86' lang='grc' dir='ltr'>τινὰς</span> <span class='ocrx_word' id='word_1_811' title='bbox 2806 4911 2906 4984; x_wconf 81' lang='grc' dir='ltr'><strong>μὲν</strong></span> <span class='ocrx_word' id='word_1_812' title='bbox 2953 4911 3065 4965; x_wconf 90' lang='grc' dir='ltr'><strong>τῶν</strong></span> <span class='ocrx_word' id='word_1_813' title='bbox 3112 4910 3580 4974; x_wconf 84' lang='grc' dir='ltr'>πεπιστευκότων,</span> <span class='ocrx_word' id='word_1_814' title='bbox 3606 4909 3798 4982; x_wconf 83' lang='grc' dir='ltr'>ἀνερε-</span> 
     </span>
    </p>
   </div>
   <div class='ocr_carea' id='block_1_112' title="bbox 2220 4999 3797 5076">
    <p class='ocr_par' dir='ltr' id='par_1_112' title="bbox 2220 4999 3797 5076">
     <span class='ocr_line' id='line_1_112' title="bbox 2220 4999 3797 5076; baseline -0.003 -20"><span class='ocrx_word' id='word_1_815' title='bbox 2220 5003 2503 5068; x_wconf 88' lang='grc' dir='ltr'>θισθέντας</span> <span class='ocrx_word' id='word_1_816' title='bbox 2531 5006 2599 5076; x_wconf 82' lang='grc' dir='ltr'>τῇ</span> <span class='ocrx_word' id='word_1_817' title='bbox 2649 5004 2833 5057; x_wconf 85' lang='grc' dir='ltr'>πίστει</span> <span class='ocrx_word' id='word_1_818' title='bbox 2875 5002 2984 5057; x_wconf 86' lang='grc' dir='ltr'><strong>τῶν</strong></span> <span class='ocrx_word' id='word_1_819' title='bbox 3017 5001 3212 5069; x_wconf 88' lang='grc' dir='ltr'>ἐθνῶν,</span> <span class='ocrx_word' id='word_1_820' title='bbox 3267 5001 3667 5074; x_wconf 81' lang='grc' dir='ltr'>παραζηλῶσαι</span> <span class='ocrx_word' id='word_1_821' title='bbox 3708 4999 3797 5055; x_wconf 78' lang='grc' dir='ltr'>καὶ</span> 
     </span>
    </p>
   </div>
   <div class='ocr_carea' id='block_1_113' title="bbox 2221 5093 3799 5166">
    <p class='ocr_par' dir='ltr' id='par_1_113' title="bbox 2221 5093 3799 5166">
     <span class='ocr_line' id='line_1_113' title="bbox 2221 5093 3799 5166; baseline -0.004 -17"><span class='ocrx_word' id='word_1_822' title='bbox 2221 5094 2534 5149; x_wconf 83' lang='grc' dir='ltr'>πιστεῦσαι.</span> <span class='ocrx_word' id='word_1_823' title='bbox 2565 5096 2679 5150; x_wconf 80' lang='grc' dir='ltr'><strong>Καὶ</strong></span> <span class='ocrx_word' id='word_1_824' title='bbox 2721 5095 2830 5148; x_wconf 87' lang='grc' dir='ltr'><strong>τῶν</strong></span> <span class='ocrx_word' id='word_1_825' title='bbox 2869 5093 2944 5166; x_wconf 80' lang='grc' dir='ltr'><strong>μὴ</strong></span> <span class='ocrx_word' id='word_1_826' title='bbox 2977 5094 3422 5148; x_wconf 79' lang='grc' dir='ltr'>πεπιστευκότων</span> <span class='ocrx_word' id='word_1_827' title='bbox 3472 5093 3639 5146; x_wconf 86' lang='grc' dir='ltr'>πάλιν</span> <span class='ocrx_word' id='word_1_828' title='bbox 3674 5093 3799 5146; x_wconf 84' lang='grc' dir='ltr'>πολ-</span> 
     </span>
    </p>
   </div>
   <div class='ocr_carea' id='block_1_114' title="bbox 2218 5183 3798 5255">
    <p class='ocr_par' dir='ltr' id='par_1_114' title="bbox 2218 5183 3798 5255">
     <span class='ocr_line' id='line_1_114' title="bbox 2218 5183 3798 5255; baseline -0.002 -19"><span class='ocrx_word' id='word_1_829' title='bbox 2218 5183 2367 5251; x_wconf 83' lang='grc' dir='ltr'>λοὺς,</span> <span class='ocrx_word' id='word_1_830' title='bbox 2406 5184 2553 5255; x_wconf 90' lang='grc' dir='ltr'>μίσει</span> <span class='ocrx_word' id='word_1_831' title='bbox 2581 5184 2659 5255; x_wconf 85' lang='grc' dir='ltr'>τῷ</span> <span class='ocrx_word' id='word_1_832' title='bbox 2708 5184 2843 5254; x_wconf 81' lang='grc' dir='ltr'>πρὸς</span> <span class='ocrx_word' id='word_1_833' title='bbox 2866 5186 2992 5247; x_wconf 81' lang='grc' dir='ltr'>τοὺς</span> <span class='ocrx_word' id='word_1_834' title='bbox 3052 5184 3115 5248; x_wconf 79' lang='grc' dir='ltr'><strong>ἐξ</strong></span> <span class='ocrx_word' id='word_1_835' title='bbox 3153 5183 3344 5249; x_wconf 85' lang='grc' dir='ltr'>ἐθνῶν,</span> <span class='ocrx_word' id='word_1_836' title='bbox 3401 5183 3798 5254; x_wconf 80' lang='grc' dir='ltr'>σκληροτέρους</span> 
     </span>
    </p>
   </div>
   <div class='ocr_carea' id='block_1_115' title="bbox 2219 5271 3798 5345">
    <p class='ocr_par' dir='ltr' id='par_1_115' title="bbox 2219 5271 3798 5345">
     <span class='ocr_line' id='line_1_115' title="bbox 2219 5271 3798 5345; baseline -0.003 -19"><span class='ocrx_word' id='word_1_837' title='bbox 2219 5273 2314 5327; x_wconf 75' lang='grc' dir='ltr'>καὶ</span> <span class='ocrx_word' id='word_1_838' title='bbox 2350 5274 2606 5327; x_wconf 87' lang='grc' dir='ltr'>ἀπιστοτέ</span> <span class='ocrx_word' id='word_1_839' title='bbox 2617 5291 2742 5345; x_wconf 86' lang='grc' dir='ltr'>ρους</span> <span class='ocrx_word' id='word_1_840' title='bbox 2768 5277 2862 5328; x_wconf 85' lang='lat' dir='ltr'><strong>xui</strong></span> <span class='ocrx_word' id='word_1_841' title='bbox 2886 5274 3311 5345; x_wconf 75' lang='grc' dir='ltr'>ἀπειθεστέρους</span> <span class='ocrx_word' id='word_1_842' title='bbox 3339 5273 3419 5344; x_wconf 83' lang='grc' dir='ltr'>τῷ</span> <span class='ocrx_word' id='word_1_843' title='bbox 3461 5271 3798 5341; x_wconf 77' lang='grc' dir='ltr'>εὐαγγελικῷ</span> 
     </span>
    </p>
   </div>
   <div class='ocr_carea' id='block_1_116' title="bbox 2221 5365 3798 5437">
    <p class='ocr_par' dir='ltr' id='par_1_116' title="bbox 2221 5365 3798 5437">
     <span class='ocr_line' id='line_1_116' title="bbox 2221 5365 3798 5437; baseline -0.002 -20"><span class='ocrx_word' id='word_1_844' title='bbox 2221 5366 2485 5419; x_wconf 87' lang='grc' dir='ltr'>κινεῖσθαι</span> <span class='ocrx_word' id='word_1_845' title='bbox 2525 5365 2861 5437; x_wconf 85' lang='grc' dir='ltr'>κηρύγματι.</span> <span class='ocrx_word' id='word_1_846' title='bbox 2911 5368 2976 5420; x_wconf 91' lang='grc' dir='ltr'><em>Ὃ</em></span> <span class='ocrx_word' id='word_1_847' title='bbox 3026 5367 3121 5420; x_wconf 77' lang='grc' dir='ltr'><strong>καὶ</strong></span> <span class='ocrx_word' id='word_1_848' title='bbox 3149 5367 3236 5419; x_wconf 86' lang='grc' dir='ltr'>ἐπ’</span> <span class='ocrx_word' id='word_1_849' title='bbox 3266 5366 3447 5418; x_wconf 84' lang='grc' dir='ltr'>αὐτῶν</span> <span class='ocrx_word' id='word_1_850' title='bbox 3501 5366 3633 5418; x_wconf 83' lang='grc' dir='ltr'>ἰδεῖν</span> <span class='ocrx_word' id='word_1_851' title='bbox 3690 5366 3798 5416; x_wconf 80' lang='grc' dir='ltr'>ἔστι</span> 
     </span>
    </p>
   </div>
   <div class='ocr_carea' id='block_1_117' title="bbox 2219 5451 3801 5528">
    <p class='ocr_par' dir='ltr' id='par_1_117' title="bbox 2219 5451 3801 5528">
     <span class='ocr_line' id='line_1_117' title="bbox 2219 5451 3801 5528; baseline 0 -21"><span class='ocrx_word' id='word_1_852' title='bbox 2219 5455 2328 5508; x_wconf 83' lang='grc' dir='ltr'><strong>τῶν</strong></span> <span class='ocrx_word' id='word_1_853' title='bbox 2369 5456 2733 5526; x_wconf 86' lang='grc' dir='ltr'>πραγμάτων.</span> <span class='ocrx_word' id='word_1_854' title='bbox 2786 5459 2849 5511; x_wconf 85' lang='grc' dir='ltr'><strong>υί</strong></span> <span class='ocrx_word' id='word_1_855' title='bbox 2899 5457 3000 5528; x_wconf 84' lang='grc' dir='ltr'><strong>μὲν</strong></span> <span class='ocrx_word' id='word_1_856' title='bbox 3044 5459 3153 5527; x_wconf 85' lang='grc' dir='ltr'><strong>γάρ</strong></span> <span class='ocrx_word' id='word_1_857' title='bbox 3205 5456 3534 5528; x_wconf 83' lang='grc' dir='ltr'>μιμούμενοι</span> <span class='ocrx_word' id='word_1_858' title='bbox 3583 5457 3710 5518; x_wconf 75' lang='grc' dir='ltr'>τοὺς</span> <span class='ocrx_word' id='word_1_859' title='bbox 3745 5451 3801 5518; x_wconf 82' lang='grc' dir='ltr'>ἐξ</span> 
     </span>
    </p>
   </div>
   <div class='ocr_carea' id='block_1_118' title="bbox 2221 5545 3798 5620">
    <p class='ocr_par' dir='ltr' id='par_1_118' title="bbox 2221 5545 3798 5620">
     <span class='ocr_line' id='line_1_118' title="bbox 2221 5545 3798 5620; baseline -0.003 -22"><span class='ocrx_word' id='word_1_860' title='bbox 2221 5547 2410 5610; x_wconf 85' lang='grc' dir='ltr'>ἐθνῶν,</span> <span class='ocrx_word' id='word_1_861' title='bbox 2442 5546 2836 5618; x_wconf 86' lang='grc' dir='ltr'>προσέρχονται</span> <span class='ocrx_word' id='word_1_862' title='bbox 2900 5551 2965 5620; x_wconf 84' lang='grc' dir='ltr'><strong>τῇ</strong></span> <span class='ocrx_word' id='word_1_863' title='bbox 3019 5549 3220 5613; x_wconf 72' lang='grc' dir='ltr'>πίστει,</span> <span class='ocrx_word' id='word_1_864' title='bbox 3283 5548 3378 5600; x_wconf 72' lang='grc' dir='ltr'>καὶ</span> <span class='ocrx_word' id='word_1_865' title='bbox 3427 5545 3709 5610; x_wconf 76' lang='grc' dir='ltr'>σώζονται.</span> <span class='ocrx_word' id='word_1_866' title='bbox 3739 5545 3798 5597; x_wconf 78' lang='lat' dir='ltr'><strong>Oi</strong></span> 
     </span>
    </p>
   </div>
   <div class='ocr_carea' id='block_1_119' title="bbox 2223 5638 3795 5715">
    <p class='ocr_par' dir='ltr' id='par_1_119' title="bbox 2223 5638 3795 5715">
     <span class='ocr_line' id='line_1_119' title="bbox 2223 5638 3795 5715; baseline 0.001 -23"><span class='ocrx_word' id='word_1_867' title='bbox 2223 5639 2279 5692; x_wconf 83' lang='grc' dir='ltr'><strong>δὲ</strong></span> <span class='ocrx_word' id='word_1_868' title='bbox 2336 5639 2548 5704; x_wconf 83' lang='grc' dir='ltr'>τούτοις</span> <span class='ocrx_word' id='word_1_869' title='bbox 2583 5640 3038 5712; x_wconf 84' lang='grc' dir='ltr'>ἀπεχθανόμενοι,</span> <span class='ocrx_word' id='word_1_870' title='bbox 3103 5642 3454 5715; x_wconf 71' lang='grc' dir='ltr'>σφοδρότεροι</span> <span class='ocrx_word' id='word_1_871' title='bbox 3498 5640 3685 5712; x_wconf 76' lang='grc' dir='ltr'>ἐχθροί</span> <span class='ocrx_word' id='word_1_872' title='bbox 3705 5638 3795 5708; x_wconf 77' lang='grc' dir='ltr'><strong>τῆς</strong></span> 
     </span>
    </p>
   </div>
   <div class='ocr_carea' id='block_1_120' title="bbox 2224 5733 2850 5797">
    <p class='ocr_par' dir='ltr' id='par_1_120' title="bbox 2224 5733 2850 5797">
     <span class='ocr_line' id='line_1_120' title="bbox 2224 5733 2850 5797; baseline 0.003 -10"><span class='ocrx_word' id='word_1_873' title='bbox 2224 5733 2458 5797; x_wconf 87' lang='grc' dir='ltr'>πίστεως</span> <span class='ocrx_word' id='word_1_874' title='bbox 2478 5733 2850 5790; x_wconf 85' lang='grc' dir='ltr'>καθίστανται.</span> 
     </span>
    </p>
   </div>
  </div>
