4132 6440
308 409 451 474 1249

414 499 521 558 Καὶ
553 500 641 571 μὴ
694 494 1221 567 συσχηματίζεσθε
1253 495 1331 560 τῷ
1376 496 1546 550 αἰῶνι
1578 496 1785 562 τούτῳ.

379 663 623 717 Φωτίου.
657 662 730 715 Ἦ
760 658 886 716 ἀντὶ
911 657 1034 725 τοῦ,
1065 657 1153 729 Μὴ
1180 654 1654 728 συμμετατίθεσθε
1680 656 1799 718 ταῖς
1818 654 1899 707 δι-

298 756 626 818 δασκαλίαις
688 753 798 807 τῶν
828 754 892 806 ὲκ
929 751 1026 806 τοῦ
1063 749 1259 813 αίῶνος
1303 748 1492 803 τούτου
1524 744 1632 815 ,τοῦ
1685 746 1901 816 ῥέοντος

300 848 403 903 καὶ
433 848 532 917 οὐχ
595 847 891 915 ἱσταμένου
948 842 1049 913 τὴν
1105 840 1456 896 διδασκαλίαν
1487 837 1897 911 προσαγόντων.

298 938 474 993 Τοῦτο
499 938 556 992 δὲ
586 936 758 990 εἰπὼν
797 936 887 989 ἵνα
921 936 995 1005 μή
1021 949 1168 998 τινες
1187 934 1298 987 τῶν
1341 932 1614 987 Ἰουδαίων
1643 930 1895 994 εἴπωσιν,

298 1030 519 1086 Οὑκοῦν
567 1028 798 1091 οὑδόλως
847 1027 928 1080 δεῖ
974 1028 1123 1099 ἡμᾶς
1171 1024 1764 1098 μετασχηματίζεσθαι,
1790 1022 1901 1077 ἀπὸ

297 1122 407 1192 τῆς
433 1119 882 1192 παραδεδομένης
911 1120 1045 1191 ἡμῖν
1081 1119 1175 1172 του
1210 1118 1378 1188 νόμου
1409 1116 1780 1185 διδασκαλίας,
1812 1116 1901 1172 διὰ

300 1215 464 1269 τοῦτο
494 1214 713 1282 ἐπάγει,
742 1212 905 1269 ἀλλὰ
940 1211 1467 1282 μεταμορφοῦσθε,
1503 1210 1773 1277 τουτέστι,
1807 1212 1901 1263 Δεῖ

299 1305 469 1376 ἡμᾶς
497 1307 638 1362 κατὰ
660 1308 722 1361 τὸ
756 1306 971 1377 θέλημα
996 1304 1091 1359 τοῦ
1142 1304 1279 1358 Θεοῦ
1325 1303 1728 1376 μετατίθεσθαι.
1754 1303 1897 1357 Πολὺ

301 1399 365 1453 δὲ
392 1399 454 1452 τὸ
490 1398 656 1468 μέσον
679 1399 778 1468 τῆς
806 1397 917 1451 ἀπὸ
949 1396 1043 1449 τοῦ
1078 1396 1245 1467 νόμου
1271 1395 1647 1461 διδασκαλίας,
1679 1397 1898 1466 καὶτῆς

301 1489 451 1543 κατὰ
480 1490 543 1543 τὸ
570 1489 784 1560 θέλημα
810 1486 906 1541 τοῦ
948 1487 1084 1541 Θεοῦ
1126 1487 1340 1556 σοφίας.
1383 1487 1448 1541 'H
1506 1487 1607 1557 μὲν
1637 1487 1768 1559 γὰρ,
1802 1488 1898 1540 καὶ

304 1580 441 1633 αὐτὸ
467 1580 529 1633 τὸ
560 1579 745 1650 σχῆμα
769 1580 832 1632 τὸ
857 1578 1079 1649 νομικὸν
1102 1579 1419 1643 ἀπόλλυσιν,
1446 1581 1526 1642 είς
1557 1578 1684 1633 ἄλλο
1708 1578 1898 1649 σχῆμα

304 1670 510 1735 κακίας
533 1672 628 1725 καὶ
676 1670 980 1741 διαφθορᾶς
1031 1670 1241 1739 ἄγουσα
1270 1686 1284 1701 ο
1316 1673 1351 1741 ἡ
1402 1669 1481 1737 δὲ,
1512 1669 1574 1723 οὑ
1614 1669 1774 1740 μόνον
1796 1669 1897 1723 οὑκ

303 1762 575 1818 ἀπόλλυσι
605 1764 668 1817 τὸ
699 1763 795 1818 τοῦ
833 1764 1002 1834 νόμου
1048 1764 1234 1834 σχῆμα
1263 1763 1342 1834 (ἐν
1375 1767 1616 1834 σχήματι
1668 1762 1777 1834 γὰρ
1801 1761 1897 1816 καὶ

305 1858 442 1928 σκιᾷ
457 1859 551 1911 καὶ
571 1862 764 1920 τύποις
796 1854 889 1909 τοῦ
918 1857 1086 1927 νόμου
1110 1856 1403 1926 ὑπῆρχεν),
1420 1855 1557 1909 ἀλλὰ
1584 1856 1679 1909 καὶ
1700 1855 1897 1908 τελειοῖ

303 1950 441 2003 αὑτό
474 1966 489 1981 ·
516 1948 616 2019 τὴν
659 1949 988 2019 λειπομένην
1024 1946 1174 2017 αὑτῷ
1231 1948 1446 2019 μορφὴν
1485 1948 1579 2000 καὶ
1612 1946 1672 1999 τὸ
1696 1945 1895 2010 κάλλος

304 2040 691 2112 ἁπαρτίζουσα
713 2042 808 2094 καὶ
834 2038 1249 2111 ἀναπληροῦσα.
1280 2039 1373 2092 Διὸ
1404 2039 1468 2110 δὴ
1492 2038 1673 2101 καλῶς
1708 2052 1895 2109 φησιν·

311 2133 418 2202 Μὴ
460 2132 1004 2203 συσχηματίζεσθε,
1054 2133 1215 2188 ἀλλὰ
1252 2133 1773 2203 μεταμορφοῦσθε.
1826 2131 1901 2186 Τὸ

314 2228 422 2298 μὲν
463 2228 573 2299 γάρ
613 2229 762 2280 ἐστιν
823 2227 1092 2292 ἀπώλεια,
1143 2226 1206 2279 τὸ
1244 2226 1323 2291 δὲ,
1369 2227 1616 2296 σωτηρία
1659 2226 1754 2280 καὶ
1805 2242 1898 2278 τε-

310 2318 554 2390 λειότης.

303 2411 475 2481 Λέγω
504 2411 616 2482 γὰρ
637 2410 735 2465 διὰ
757 2410 867 2478 τῆς
890 2402 1136 2482 χάριτοςζ
1158 2410 1268 2479 τῆς
1285 2411 1569 2479 δοθείσης
1576 2429 1697 2481 μοι,
1717 2412 1899 2482 παντὶ

381 2480 462 2547 τῷ
484 2480 612 2563 ὄντι
653 2482 725 2534 ἐν
776 2482 939 2551 ὑμῖν,
970 2480 973 2481 ⁷
995 2481 1083 2551 μὴ
1134 2482 1541 2552 ὑπερφρονεῖν
1579 2480 1719 2550 ἕταρ’
1750 2480 1781 2536 ὂ
1808 2481 1906 2535 δεῖ

380 2570 648 2622 φρονειν.

379 2647 709 2700 Φωτίου.Ἦ
733 2646 829 2699 καὶ
858 2644 1032 2709 οὕτως
1053 2645 1225 2714 λέγει*
1245 2645 1339 2717 Μὴ
1368 2646 1733 2717 ὑπερφρονεῖν
1753 2647 1898 2719 ὑμᾶς

301 2736 367 2790 ἒν
398 2736 563 2790 παντὶ
585 2736 886 2808 χαρίσματι
915 2735 993 2806 τῷ
1037 2735 1150 2790 δντι
1189 2736 1247 2791 ἐν
1302 2738 1449 2808 ὑμῖν.
1512 2738 1729 2807 Ταύτην
1786 2738 1896 2807 γὰρ

299 2829 408 2900 τὴν
445 2829 633 2883 ἄνοιαν
665 2831 760 2883 καὶ
800 2829 869 2882 τὰ
923 2829 1242 2899 ἐπαγόμενα
1277 2829 1474 2900 δηλῶν,
1497 2833 1553 2884 ὲν
1591 2826 1674 2894 οἷς
1707 2848 1894 2901 φησιν,

316 2918 726 2988 Ἔκάστφώςό
755 2922 899 2987 Θεὸς
918 2921 1179 2993 ἐμέρισε.
1206 2923 1394 2990 Σοφῶς
1419 2922 1475 2975 δὲ
1493 2922 1615 2976 λίαν
1643 2923 1740 2976 καὶ¹
1770 2939 1896 2976 συν-

302 3009 463 3086 ετῶςυ
479 3011 767 3081 προέταξε,
814 3012 877 3065 τὸ
914 3013 1013 3067 διὰ
1038 3014 1149 3080 τῆς
1177 3012 1418 3082 χάριτος
1449 3013 1542 3067 τοῦ
1579 3014 1736 3081 Θεοῦ,
1772 3015 1898 3086 μέλ-

300 3102 417 3155 λων
447 3103 643 3165 αὐτοὺς
666 3102 939 3156 νουθετεῖν
958 3106 1039 3167 είς
1065 3105 1125 3158 τὸ
1152 3106 1229 3175 μὴ
1249 3106 1636 3177 ὑπερφρονεῖν.
1673 3107 1894 3177 Ἐπειδὴ

299 3194 417 3266 γὰρ
446 3194 541 3247 καὶ⁹
571 3194 631 3247 τὸ
657 3195 929 3248 νουθετεῖν
952 3196 1046 3249 καὶ
1074 3198 1385 3250 ἐπιτάττειν
1414 3198 1594 3260 ἄλλοις
1638 3199 1807 3252 ἐνίοτε
1837 3200 1895 3265 ἐξ

300 3286 730 3357 ὑπερφροσύνης
762 3287 997 3356 γίνεται,
1025 3288 1315 3359 προλαϐὼν
1343 3290 1533 3343 ἰάσατο
1566 3290 1693 3352 τοὺς
1713 3290 1892 3344 τοιού·
1918 3264 1962 3326 C

300 3395 435 3442 τους
468 3378 782 3449 λογισμούς.
815 3382 929 3434 Οὐκ
953 3381 1069 3433 ἔστι
1096 3381 1225 3450 γὰρ,
1262 3382 1415 3453 φησὶ,
1439 3382 1498 3448 ἐξ
1525 3382 1667 3453 ἐμῆς
1716 3384 1893 3454 ὁρμῆς

299 3470 369 3523 τὸ
393 3471 664 3524 νουθετεῖν
692 3473 837 3542 ὑμᾶς
862 3487 875 3502 ’
900 3473 1038 3527 ἀλλὰ
1058 3474 1177 3527 ἀπὸ
1202 3472 1310 3540 τῆς
1334 3475 1578 3543 χάριτος
1610 3474 1703 3528 τοῦ
1734 3476 1892 3542 Θεοῦ,

300 3562 473 3616 αὑτοῦ
504 3563 783 3635 διάταγμα
815 3563 1029 3634 πληρῶ.
1067 3564 1321 3635 Ἐμέρισε
1379 3564 1531 3619 δὲτὰ
1576 3565 1896 3637 χαρίσματα

298 3656 368 3710 οὑ
400 3656 542 3709 κατὰ
598 3657 930 3727 φιλοτιμίαν,
964 3657 1101 3710 ἀλλὰ
1144 3659 1294 3712 κατὰ
1317 3659 1385 3711 τὸ
1419 3656 1640 3728 μέτρον
1669 3659 1769 3729 τῆς
1803 3660 1893 3712 πί-

304 3765 505 3811 στεως.
530 3749 772 3812 Πίστεως
796 3750 874 3812 δὲ,
898 3750 958 3802 οὐ
992 3750 1089 3820 τῆς
1130 3751 1270 3803 κατὰ
1293 3751 1390 3820 τὴν
1421 3750 1680 3822 λατρείαν
1708 3751 1894 3821 φησίν.

300 3842 519 3904 Πάντες
541 3842 649 3911 γὰρ
678 3842 858 3895 πιστοὶ
901 3845 995 3896 καὶ
1021 3843 1216 3895 τέλειοι
1266 3844 1322 3895 ὲν
1374 3844 1512 3914 αὐτῇ
1545 3845 1653 3897 εἰσι
1703 3844 1896 3913 δηλον-

298 3932 411 3996 ότι,
444 3933 493 3984 οἱ
551 3934 906 4003 χαρισμάτων
950 3933 1295 3999 ἀξιωθέντες,
1334 3935 1471 3988 ἀλλὰ
1505 3936 1608 4005 τῆς
1643 3938 1785 3989 κατὰ
1828 3936 1896 3989 τὰ

299 4025 622 4097 χαρίσματα
648 4028 905 4092 πίστεως.
930 4028 1129 4093 Καθὼς
1157 4029 1251 4082 καὶ
1282 4029 1338 4082 ἐν
1364 4029 1716 4098 Εὑαγγελίοις
1743 4029 1894 4101 εἴρη-

297 4136 418 4183 ται,
442 4121 638 4187 Κύριε,
668 4124 932 4187 πρόσθες
967 4122 1111 4191 ἡμῖν
1142 4123 1352 4175 πίστιν
1380 4138 1394 4153 ’
1424 4125 1519 4176 καὶ
1548 4123 1730 4186 πάλιν,
1749 4123 1890 4175 Ἐὰν

298 4210 487 4279 ἔχητε
511 4213 721 4266 πίστιν
740 4214 818 4280 ὡς
846 4216 1070 4269 κόκκον
1089 4215 1410 4282 σινάπεως.
1434 4215 1545 4269 Καὶ
1574 4215 1759 4282 πάλιν,
1786 4215 1889 4269 Διὰ

297 4302 423 4369 τὴν
464 4306 884 4373 ὀλιγοπιστίαν
917 4307 1106 4377 ὑμῶν.
1164 4307 1333 4378 Δῆλον
1384 4309 1514 4379 γὰρ,
1570 4308 1645 4371 ὼς
1696 4308 1881 4377 ἕτερον

1178 406 1647 469 FRAGMENTA
1685 406 1767 467 IN
1799 404 2235 466 EPISTOLAM
2271 404 2371 463 AD
2410 400 2797 463 ROMANOS.

1921 493 2150 561 ACAP.
2199 492 2313 546 XII.
2375 492 2541 548 Vens.
2600 489 2655 542 2.
2716 491 2785 545 Et
2850 489 3014 547 nolite
3089 492 3416 561 conformari
3463 493 3585 547 huic

1924 1898 1972 1958 Β

3446 397 3582 466 1250

2686 562 2902 617 swcuto.

2071 654 2467 713 Photii.(1erte
2515 660 2669 726 quasi
2727 659 2957 722 diceret,
3013 656 3183 711 nolite
3244 652 3587 708 conformari

2000 750 2268 807 doctrinis
2294 765 2486 805 eorum
2510 753 2602 820 qui
2630 765 2697 805 ex
2739 751 2847 804 hoc
2895 751 3098 803 saeculo
3127 745 3275 818 quod
3300 746 3503 800 labitur
3532 755 3589 800 et

2001 859 2112 898 non
2144 843 2307 900 desiit
2361 843 2665 899 doctrinam
2699 840 3006 914 proferunt.
3052 840 3131 895 Ita
3162 855 3294 895 vero
3335 839 3580 899 locutus,

2001 944 2063 991 ut
2088 936 2224 990 nulli
2266 933 2579 991 Judaeorum
2633 936 2839 1001 dicant,
2873 949 3008 1005 ergo
3061 949 3194 989 sane
3229 947 3341 987 non
3375 941 3585 1004 oportet

2000 1044 2104 1085 nos
2123 1028 2501 1084 transformari
2534 1028 2604 1083 ab
2636 1028 2728 1083 illa
2757 1042 2880 1099 quae
2930 1026 3090 1082 nobis
3136 1025 3335 1082 tradita
3365 1024 3470 1080 fuit
3506 1025 3586 1080 lc-

2000 1121 2084 1193 gis
2114 1121 2382 1186 doctrina,
2421 1120 2554 1176 illud
2580 1120 2755 1184 addit,
2805 1121 2895 1174 sed
2943 1118 3338 1188 reformamini,
3385 1115 3438 1171 id
3479 1124 3583 1182 est,

1999 1221 2215 1285 oportet
2245 1228 2339 1267 nos
2389 1212 2695 1269 secundum
2745 1210 2841 1267 Dei
2879 1211 3217 1266 voluntatem
3276 1208 3580 1263 immutari.

1997 1305 2256 1378 Magnum
2295 1306 2442 1361 enim
2487 1304 2835 1361 intervallum
2892 1313 2978 1359 est
3020 1304 3163 1358 inter
3195 1303 3366 1367 illam,
3405 1316 3527 1372 qua:
3554 1315 3584 1354 a

1998 1399 2115 1469 lege
2140 1399 2321 1463 datur,
2346 1384 2773 1460 doctrinam,‘et
2808 1395 2978 1461 illam,
3008 1409 3130 1464 quae
3155 1392 3455 1448 secundum
3488 1392 3585 1449 Dei

1996 1490 2332 1545 voluntatem
2357 1497 2461 1553 est,
2493 1486 2838 1557 sapientiam.
2862 1484 2985 1540 Una
3035 1484 3207 1548 enim,
3240 1483 3417 1552 ipsam
3443 1483 3587 1537 hanc

1996 1582 2225 1655 legalem
2249 1580 2483 1636 formam
2506 1579 2763 1643 destruit,
2791 1578 2846 1633 in
2886 1578 3051 1633 aliam
3103 1576 3337 1631 formam
3367 1576 3588 1630 malitiae

1997 1678 2386 1750 etQperditionis
2411 1677 2678 1732 inducens
2695 1673 2909 1745 {altera
2926 1682 3106 1729 autem
3138 1688 3248 1727 non
3285 1672 3453 1727 modo
3476 1686 3586 1725 non

1996 1773 2230 1829 formam
2285 1769 2420 1841 legis
2469 1768 2726 1832 destruit,
2787 1767 2843 1821 in
2884 1765 3061 1820 forma
3108 1764 3253 1819 enim
3286 1772 3341 1818 et
3390 1762 3589 1817 umbra

1997 1875 2053 1923 et
2081 1865 2271 1936 ﬁguris
2296 1864 2432 1935 legis
2458 1871 2692 1926 constat,
2725 1861 2820 1917 sed
2882 1859 3032 1913 illam
3067 1856 3303 1927 perﬁcit.
3336 1855 3586 1911 relictam

2002 1958 2083 2014 illi
2110 1957 2349 2027 speciem
2384 1963 2439 2011 et
2482 1953 2951 2025 pulchritudinem
3001 1964 3339 2020 componens
3362 1958 3417 2004 et
3468 1963 3589 2003 am-

2002 2049 2275 2121 pliﬁcans.
2308 2047 2436 2103 Ideo
2471 2056 2620 2104 recte
2649 2046 2786 2102 dicit
2821 2064 2835 2102 :
2867 2063 2888 2098 ι
2932 2043 3113 2099 Nolite
3134 2043 3584 2113 conformari,....

1999 2138 2092 2192 sed
2129 2136 2518 2206 reformamini.
2568 2153 2589 2188 ι
2638 2135 2778 2190 Illud
2838 2135 2985 2189 enim
3049 2132 3287 2203 perditio
3337 2138 3442 2197 est,
3480 2129 3588 2183 hoc

2001 2238 2182 2285 autem
2206 2228 2358 2284 salus
2380 2237 2437 2283 et
2467 2226 2751 2297 perfectio.

2000 2407 2168 2464 Vens.
2207 2407 2261 2462 3.
2290 2405 2419 2460 Dico
2445 2407 2583 2461 enim
2614 2421 2706 2475 per
2747 2407 2975 2475 gratiam
3000 2419 3117 2473 qua:
3146 2403 3286 2475 data
3315 2411 3391 2456 est
3430 2401 3584 2463 mihi,

2071 2479 2313 2532 omnibus
2365 2479 2454 2547 qui
2500 2472 2624 2531 sunt
2673 2472 2813 2529 inter
2862 2491 2949 2529 vos
2991 2472 3020 2528 :7
3074 2488 3177 2526 non
3231 2472 3350 2542 plus
3399 2488 3589 2541 sapere

2070 2565 2231 2619 quam
2256 2558 2456 2619 oportet
2488 2563 2695 2617 sapere,
2737 2559 2842 2602 οιο.

2073 2641 2276 2697 Photii.
2297 2641 2457 2699 Certe
2475 2652 2529 2697 et
2546 2642 2620 2695 ita
2644 2638 2798 2705 dicit,
2814 2653 2924 2694 non
2941 2639 3065 2709 plus
3081 2651 3273 2706 sapere
3286 2643 3374 2691 aut
3398 2650 3589 2705 super-

2000 2735 2122 2790 bire
2150 2750 2251 2789 vos
2280 2735 2331 2787 in
2366 2734 2513 2788 omni
2547 2733 2693 2787 dono
2717 2732 2860 2801 quod
2884 2740 2967 2786 est
2991 2731 3042 2783 in
3068 2728 3248 2795 vobis,
3266 2728 3410 2785 hanc
3438 2727 3585 2783 enim

1999 2825 2289 2881 stultitiam
2313 2824 2397 2881 his
2427 2838 2550 2894 quae
2573 2821 2908 2890 adjiciuntur
2928 2820 3244 2885 ostendens,
3285 2819 3379 2875 ubi
3418 2818 3584 2873 dicit:

2004 2939 2023 2972 ε
2064 2919 2355 2991 Unicuique
2412 2919 2550 2972 sicut
2586 2915 2731 2973 Deus
2761 2915 2962 2981 divisit,
2998 2914 3273 2983 sapienter
3337 2912 3484 2967 enim
3536 2922 3589 2967 et

1998 3013 2298 3083 prudenter
2345 3011 2627 3081 praevenit,
2656 3027 2747 3080 per
2768 3011 3000 3080 gratiam
3024 3007 3119 3061 Dei
3149 3006 3342 3062 seillos
3365 3004 3586 3067 debere,

1997 3122 2065 3161 ne
2125 3104 2446 3174 superbiant
2513 3117 2757 3158 monere.
2830 3100 2971 3155 Cum
3031 3100 3178 3153 enim
3244 3112 3467 3152 monere
3534 3106 3589 3150 et

1996 3199 2294 3269 praecipere
2345 3198 2468 3252 aliis
2498 3196 2789 3266 aliquando
2816 3211 2846 3249 e
2877 3182 3130 3264 superbia
3191 3191 3557 3262 proﬁciscitur
3567 3226 3582 3258 ,

1998 3300 2330 3363 praeverteris
2388 3290 2538 3344 hisce
2584 3288 2891 3342 rationibus
2923 3287 3191 3342 medetur.
3241 3284 3360 3339 Non
3409 3284 3580 3347 enim,

1996 3385 2196 3455 inquit,
2231 3399 2299 3439 ex
2324 3399 2447 3439 meo
2490 3394 2639 3436 motu
2681 3398 2779 3437 vos
2812 3396 3029 3446 moneo,
3074 3380 3171 3435 sed
3220 3396 3312 3449 per
3351 3381 3584 3450 gratiam

2002 3476 2119 3539 Dei,
2163 3476 2283 3544 ejus
2332 3485 2665 3544 prmeeptum
2713 3473 2934 3543 impleo.
2980 3471 3175 3526 Divisit
3227 3480 3408 3525 autem
3442 3472 3584 3525 dona

2001 3583 2108 3622 non
2145 3567 2446 3622 secundum
2492 3555 2907 3626 liberalitatem,
2940 3563 3033 3619 sed
3075 3562 3379 3619 secundum
3439 3580 3585 3616 men—

2000 3677 2181 3715 suram
2213 3659 2374 3728 ﬁdei;
2403 3658 2526 3713 ﬁdei
2557 3672 2685 3712 vero
2717 3672 2821 3710 non
2861 3657 3006 3713 illius
3029 3671 3152 3725 quae
3179 3667 3263 3711 est
3285 3656 3585 3711 secundum

1999 3752 2349 3817 servitutem,
2384 3752 2561 3821 inquit
2586 3767 2598 3810 ;
2622 3765 2814 3805 omnes
2841 3752 2987 3804 enim
3021 3750 3204 3805 ﬁdeles
3224 3758 3278 3805 et
3304 3750 3587 3805 credentes

1996 3850 2049 3903 in
2074 3849 2161 3903 illa
2193 3858 2323 3903 sunt
2348 3849 2648 3910 evidenter,
2683 3848 2778 3917 qui
2806 3852 3075 3902 donorum
3100 3847 3248 3917 digni
3280 3846 3383 3902 visi
3429 3856 3585 3906 sunt:

1996 3941 2090 3995 sed
2117 3940 2288 4005 illius,
2342 3955 2464 4009 quae
2491 3938 2794 3994 secundum
2838 3941 2977 3995 dona
3018 3949 3102 3995 est
3141 3942 3274 3994 ﬁdes
3312 3959 3324 3994 ε
3375 3939 3591 3993 sicutet

1996 4030 2049 4084 in
2078 4030 2388 4101 Evangeliis
2421 4030 2620 4085 dicitur
2653 4049 2664 4083 :
2698 4030 2945 4098 Domine,
2981 4032 3187 4100 adauqe
3212 4031 3360 4085 nobis
3389 4031 3588 4099 fidem;

1998 4134 2053 4180 et
2091 4126 2290 4181 iterum
2327 4144 2339 4179 :
2371 4123 2431 4179 Si
2463 4125 2751 4177 habueritis
2785 4125 2943 4194 [idem
2992 4138 3050 4177 ut
3079 4141 3307 4195 granum
3336 4124 3539 4193 sinapis
3566 4143 3587 4190 ;

1997 4229 2051 4273 et
2073 4218 2266 4272 iterum
2300 4234 2312 4269 :
2338 4216 2559 4287 Propter
2577 4216 2964 4285 parvamfﬁdem
2990 4229 3235 4269 vestram.
3267 4214 3585 4269 Paletenim

1998 4311 2157 4364 aliam
2184 4312 2325 4364 hanc
2347 4308 2472 4362 ﬁdei
2505 4309 2958 4378 signiﬁcationem
2989 4322 3088 4377 pro
3105 4307 3312 4376 pietate
3340 4307 3509 4363 sumi.

308 4396 476 4452 τοῦτο
503 4398 603 4467 τῆς
630 4398 867 4463 πίστεως
893 4399 953 4452 τὸ
984 4403 1387 4473 σημαινόμενον
1411 4405 1563 4472 παρὰ
1597 4407 1656 4457 τὸ
1689 4407 1784 4458 ἐπὶ
1814 4408 1916 4478 τῆς
1958 4406 2252 4469 εὐσεϐείας
2301 4405 2734 4475 λαμϐανόμενον.

446 4492 587 4545 Εἴτε
637 4495 669 4545 ό
700 4491 1087 4559 παρακαλῶν,
1123 4495 1192 4547 ἐν
1230 4494 1305 4563 τῇ
1342 4497 1744 4564 παρακλήσει.

377 4585 621 4638 Φωτίου.
660 4584 854 4646 ’Ἄλλος
890 4584 946 4635 δὲ
1000 4586 1120 4640 δυσὶ
1156 4588 1380 4657 τρόποις
1427 4588 1547 4641 ὅλον
1590 4589 1891 4660 ἐσχηματί-

300 4674 432 4729 σθαι
461 4676 520 4729 τὸ
542 4677 738 4748 χωρίον
770 4677 896 4749 ἔφη,
924 4680 1027 4741 ἕως
1051 4679 1169 4740 τοῦ,
1206 4680 1345 4734 Εἴτε
1372 4685 1403 4735 ὁ
1428 4681 1794 4750 παρακαλῶν
1819 4684 1890 4737 ἐν

298 4767 381 4837 τῇ
411 4769 813 4838 παρακλήσει.
850 4771 1030 4835 Ποίοις
1064 4772 1315 4841 τούτοις;
1350 4775 1427 4845 τῷ
1456 4777 1736 4848 λεγομένῳ
1785 4777 1894 4831 ἀπὸ

299 4861 488 4914 κοινοῦ
514 4862 610 4914 καὶ
654 4861 731 4932 τῷ
760 4862 1083 4934 ὲλλειπτικῷ
1121 4879 1133 4892 ⁸
1164 4865 1258 4918 καὶ
1290 4867 1397 4937 γὰρ
1419 4867 1480 4920 τὸ
1512 4869 1759 4937 ἔχοντες
1786 4869 1893 4923 ἀπὸ

300 4952 489 5007 κοινοῦ
528 4954 650 5007 καθ’
700 4954 929 5009 ἕκαστον
981 4957 1157 5011 κῶλον
1207 4961 1718 5032 παραλαμϐάνεται.
1743 4959 1891 5027 υἶον,

300 5049 419 5101 εἴτε
464 5048 805 5120 προφητείαν
837 5049 951 5120 ἔχει
1001 5067 1086 5114 τις
1120 5068 1134 5080 °
1178 5052 1287 5105 εἴτε
1330 5053 1607 5108 διακονίαν
1632 5054 1745 5125 ἔχει
1783 5072 1889 5116 τις.

301 5140 477 5194 Τοῦτο
504 5140 561 5193 δὲ
604 5140 664 5193 τὸ
716 5141 827 5194 ἀπὸ
874 5141 1079 5207 κοινοῦ,
1116 5143 1212 5195 καὶ
1265 5143 1480 5214 ζεῦγμα
1514 5145 1777 5206 καλεῖται,
1810 5148 1891 5200 ὅτι

302 5230 562 5299 ζευγνὺει
598 5231 986 5301 πληθυντικὸν,
1025 5233 1211 5305 ἑνικῷ,
1250 5236 1344 5290 καὶ
1380 5238 1633 5308 μετοχὴν,
1662 5240 1887 5309 ῥήματι.

304 5323 495 5385 Οὕτως
522 5319 615 5377 οὗν
649 5324 756 5377 ἀπὸ
784 5324 966 5378 κοινοῦ
1000 5326 1060 5379 τὸ
1099 5326 1349 5395 ἔχοντες
1397 5329 1540 5382 κατὰ
1582 5332 1643 5383 τὸ
1674 5331 1890 5401 ζεῦγμα

301 5413 735 5485 λαμϐανόμενον,
775 5417 1193 5490 ἀπηρτισμένην
1230 5420 1374 5474 κατὰ
1404 5422 1560 5474 τοῦτο
1609 5423 1749 5487 τέως
1790 5426 1890 5493 τὴν

302 5507 514 5561 ἔννοιαν
540 5508 633 5560 καὶ
685 5508 753 5561 τὰ
789 5511 965 5581 χωρία
994 5513 1160 5567 ποιεῖ.
1215 5512 1601 5578 Ἐλλειπιτκῶς
1629 5515 1687 5567 δὲ
1727 5516 1889 5570 πάλιν

302 5598 720 5670 ἐσχημάτισται,
753 5602 836 5654 ὅτι
863 5601 1040 5658 λείπει
1077 5605 1215 5677 πρὸς
1246 5606 1589 5666 μὺτοτέλειαν
1618 5608 1713 5662 τοῦ
1763 5611 1888 5681 νοήο

307 5708 498 5761 ματος.
531 5685 656 5744 Οἷον
685 5693 764 5759 τὸ,
798 5695 1022 5749 Μενέτω
1055 5700 1112 5753 ἐν
1138 5692 1185 5767 ᾧ
1234 5699 1416 5755 ῡαὸεν
1466 5702 1700 5767 ἕκαστος
1731 5704 1887 5774 χαρί-

304 5799 495 5853 σματι.
527 5784 597 5836 Ἢ
619 5785 967 5860 ἀρκείσθω,ῆ
994 5792 1206 5862 στοιχεί-
1234 5810 1299 5858 ω,
1322 5794 1355 5864 ἦ
1375 5794 1707 5849 τιτοιοῦτον.
1738 5791 1884 5863 Οἶον,

306 5878 410 5929 εἴτε
430 5878 769 5949 προφητείαν
798 5878 910 5949 ἔχει
929 5899 1033 5946 τις,
1062 5885 1171 5937 εἴτε
1193 5884 1486 5954 διακονίαν,
1512 5888 1722 5958 μενέτω
1742 5889 1875 5944 ἕκα-

668 5975 940 6037 ΡΔτιιοι..
982 5980 1101 6041 Gn.
1186 5982 1281 6045 CI.

2194 4501 2359 4554 Vens.
2395 4498 2450 4553 8.
2484 4496 2589 4563 Qui
2622 4500 2933 4552 exhortatur
2960 4500 3013 4551 in
3036 4500 3389 4552 exhortando.

2066 4592 2270 4646 Photii.
2312 4590 2470 4646 Alius
2507 4599 2689 4645 autem
2733 4590 2948 4643 duobus
2985 4590 3159 4645 modis
3192 4600 3364 4644 totum
3401 4591 3581 4646 locum

1996 4686 2141 4741 sumi
2177 4683 2334 4747 dixit,
2372 4700 2546 4753 usque
2580 4684 2647 4737 ad
2673 4684 2808 4739 illud
2846 4702 2857 4736 :
2898 4683 3017 4737 Sive
3060 4684 3150 4752 qui
3184 4686 3501 4738 exhortatur
3528 4690 3583 4740 in

1994 4774 2344 4831 exhortando.
2385 4774 2598 4842 Quibus
2640 4776 2854 4831 modis?
2897 4778 2950 4828 in
3012 4778 3318 4841 communi,
3361 4787 3416 4831 et
3459 4779 3583 4832 elli-

1995 4871 2155 4939 ptice.
2179 4868 2390 4926 Etenim
2422 4869 2483 4921 τὸ
2501 4869 2748 4923 habentes
2773 4869 2825 4922 in
2851 4868 3131 4923 communi
3163 4884 3260 4938 per
3277 4871 3583 4925 membrum

1996 4966 2252 5020 dictionis
2314 4965 2576 5035 quodque
2623 4963 2945 5035 intelligitur
2995 4982 3008 5017 :
3056 4973 3151 5025 ut,
3192 4965 3309 5019 sive
3351 4966 3586 5035 prephe-

1997 5060 2126 5113 tiam
2160 5057 2358 5128 aliquis
2391 5057 2577 5122 habet,
2612 5057 2728 5111 sive
2757 5057 3124 5111 ministerium
3153 5057 3353 5128 aliquis
3385 5058 3577 5123 habet;

1996 5150 2101 5205 hoc
2133 5158 2315 5203 autem
2339 5149 2484 5218 quod
2522 5149 2575 5203 in
2604 5150 2885 5203 communi
2910 5157 3013 5215 est,
3049 5150 3367 5219 conjunctio
3397 5150 3583 5220 appel-

1996 5241 2165 5307 latur;
2202 5237 2333 5309 quid
2370 5240 2576 5307 plurale
2615 5240 2881 5309 singulari
2922 5240 3227 5309 conjungit,
3268 5250 3321 5295 et
3356 5242 3580 5310 partiri.

1994 5336 2143 5403 pium
2187 5335 2372 5389 verbo.
2406 5334 2497 5388 Sic
2523 5334 2689 5404 igitur
2714 5335 2766 5387 in
2800 5334 3080 5389 communi
3114 5335 3176 5388 τό
3209 5335 3457 5388 habentes
3490 5351 3580 5389 sc-

1992 5428 2237 5483 cundnm
2297 5426 2751 5495 coniunctionem
2804 5436 3116 5495 sumptum,
3169 5426 3479 5494 adaptatam
3512 5440 3579 5478 eo

1993 5533 2156 5575 sensu
2189 5533 2363 5589 usque
2396 5519 2469 5573 ibi
2504 5518 2831 5574 sententiam
2857 5527 2911 5572 et
2939 5518 3118 5572 locum
3153 5516 3302 5571 facit.
3328 5516 3581 5585 Elliptice

1992 5620 2175 5668 autem
2218 5612 2413 5666 iterum
2438 5611 2690 5679 sumitur,
2727 5613 2854 5681 quia
2891 5611 3047 5665 deest
3068 5610 3274 5679 aliquid
3308 5610 3375 5665 ad
3414 5611 3582 5665 abso-

1992 5706 2165 5759 lutam
2198 5702 2590 5774 perfectionem
2620 5696 2906 5759 sententia:
2940 5723 2951 5757 :
2987 5714 3047 5757 ut
3082 5703 3239 5770 illud,
3268 5713 3489 5758 maneat
3520 5703 3581 5757 in

1992 5812 2102 5868 quo
2144 5797 2358 5867 accepit
2401 5795 2637 5867 quisque
2663 5796 2833 5861 dono,
2884 5805 2979 5852 aut
3031 5805 3323 5852 contentus
3349 5796 3439 5861 sit,
3485 5805 3581 5850 aut

1992 5888 2408 5959 conformetse,
2452 5901 2547 5946 aut
2591 5888 2739 5946 aliud
2767 5890 2899 5963 quid
2926 5891 3142 5957 simile;
3176 5900 3256 5955 ut,
3298 5892 3413 5945 sive
3455 5903 3580 5959 pro-

3197 5993 3273 6054 '40
