4132 6426
559 396 688 460 1251

1747 389 2011 452 ΡΗΟΤιῐΙ
2060 387 2566 450 ΡΑΤΒΙᾹΒΟΗᾸΞ
2594 387 2702 448 CP.

3689 378 3832 446 125?.

556 504 796 576 phetiam
852 504 1048 574 aliquis
1098 502 1283 570 habet,
1328 504 1441 558 sive
1487 501 1873 567 ministerium,
1918 510 2136 556 maneat

2247 517 2361 563 στος
2418 499 2476 551 ἐν
2581 495 2759 550 ἔλαϐε.
2786 495 2896 548 Καὶ
2931 494 3098 565 πολλή
3162 493 3310 547 ἐστιν
3340 495 3374 563 ἡ
3404 493 3512 547 τῶν
3565 492 3833 550 τοιούτων

559 598 792 665 quisque
819 597 870 650 in
903 611 968 650 eo
1001 595 1146 665 quod
1192 596 1423 662 accepit.
1455 594 1655 650 Multus
1685 611 1909 665 quoque
1943 604 2025 648 est
2056 605 2136 647 ta-
2187 655 2194 668 ,

557 686 690 738 lium
723 701 857 740 usus
899 684 1042 754 apud
1083 685 1390 738 mirabilem
1431 685 1679 750 Paulum,
1709 695 1764 739 et
1800 701 1867 741 ne
1895 685 2132 750 mireris,

555 777 662 832 etsi
711 777 929 830 illorum
995 776 1068 831 sit
1113 777 1425 846 imperitus,
1471 778 1617 833 hunc
1660 789 1839 832 tamen
1882 777 1992 832 illis
2033 779 2134 831 uti.

557 868 740 924 Gratia
776 869 923 924 enim
953 869 1162 939 majora
1207 880 1502 940 praestans,
1544 870 1904 924 mediocrium
1936 869 2139 938 saepius

556 963 918 1029 cognitionem
944 964 1167 1031 przebet,
1202 979 1310 1017 non
1341 974 1600 1034 tanquam
1625 978 1819 1034 magna
1849 963 1964 1017 haec
1988 963 2135 1029 sint;

555 1055 687 1124 quid
711 1055 857 1108 enim
897 1063 1044 1109 esset
1083 1056 1232 1109 circa
1279 1071 1441 1110 voces
1471 1065 1525 1110 et
1569 1055 1804 1125 syllabas
1833 1065 1888 1111 et
1921 1055 2137 1110 illorum

556 1146 1012 1216 Compositionem
1053 1147 1382 1216 nugantium
1406 1147 1689 1200 hominum
1725 1146 1878 1201 labor
1903 1157 1957 1201 et
1982 1147 2134 1202 laus!

555 1233 674 1291 Non
704 1252 835 1307 ergo
868 1248 925 1291 ut
957 1239 1171 1308 magnis
1197 1238 1282 1293 his
1315 1252 1454 1292 usus
1485 1248 1589 1303 est,
1623 1238 1718 1292 sed
1752 1247 1812 1292 ut
1842 1238 2142 1296 confundat

557 1343 652 1384 eos
674 1330 768 1398 qui
795 1331 861 1384 de
886 1330 1087 1385 talibus
1120 1332 1463 1400 superbiunt,
1494 1340 1548 1384 et
1579 1340 1639 1386 ut
1665 1331 1946 1386 lucrentur
1973 1331 2012 1385 ii
2041 1334 2141 1385 hu-

557 1420 841 1475 militatem
885 1429 940 1476 et
971 1422 1336 1477 obedientiam
1387 1424 1535 1478 illius
1572 1423 1789 1477 moniti.
1830 1425 1966 1493 Apta
1995 1424 2139 1478 enim

558 1519 688 1565 sunt
710 1513 893 1566 omnia
917 1511 1112 1578 Paulo,
1137 1523 1341 1583 quanta
1368 1529 1496 1568 vere
1519 1513 1573 1568 in
1599 1515 1830 1568 salutem
1857 1514 2138 1568 hominum

559 1603 884 1665 conferunt;
953 1606 1307 1675 quamobrem
1385 1607 1502 1662 loca
1549 1607 1884 1676 pocticorum
1944 1608 2142 1660 carmi-

559 1712 714 1761 num,
760 1708 814 1752 et
851 1696 1054 1752 Graecae
1104 1699 1370 1762 historice,
1423 1713 1532 1752 non
1573 1698 1788 1753 dubitat
1838 1697 2053 1762 aﬂ'erre,
2095 1698 2142 1752 si

558 1803 657 1858 per
691 1789 806 1844 lucc
836 1791 1141 1859 speraverit
1171 1790 1364 1845 salutis
1400 1789 1609 1844 homini
1639 1791 1783 1843 viam
1815 1789 2069 1859 dirigere.

558 1966 712 2023 CAP.
757 1967 892 2022 XIII.
926 1967 1093 2023 Vens.
1135 1969 1219 2022 Η.
1264 1968 1330 2021 Et
1362 1969 1458 2022 hoc
1502 1972 1723 2023 scientes
1757 1978 1976 2039 tempus,
2018 1971 2144 2035 quia

629 2039 760 2092 hora
805 2049 882 2093 est
911 2042 1024 2107 jam
1063 2057 1152 2091 nos
1195 2041 1260 2092 de
1297 2057 1480 2092 somno
1519 2057 1751 2107 surgere.
1791 2039 1945 2093 Nunc
2003 2042 2141 2094 enim

629 2110 844 2178 propior
880 2119 956 2164 est
987 2121 1169 2163 nostra
1191 2111 1357 2174 salus,
1395 2127 1554 2180 quam
1581 2127 1697 2164 eum
1725 2111 2011 2165 credimus.

631 2198 833 2254 Photii.
872 2200 1316 2256 Przecedcntibus
1346 2213 1532 2258 autem
1567 2203 1681 2257 haec
1709 2202 1967 2273 adaptata
1993 2213 2143 2267 sunt,

560 2301 616 2348 et
655 2292 723 2346 ad
774 2292 865 2346 illa
902 2293 1114 2362 adjecta
1161 2303 1326 2358 sunt,
1369 2297 1751 2366 ampliﬁcando
1789 2297 2054 2357 adhibita,
2092 2305 2147 2349 ct

561 2386 998 2440 exhortationem
1023 2387 1089 2441 ad
1110 2387 1200 2440 illa
1219 2403 1341 2457 quae
1359 2388 1502 2442 dicta
1520 2397 1646 2442 sunt
1661 2388 1994 2442 cxhibentia.
2011 2386 2148 2452 Qui-

561 2477 792 2531 busnam
817 2492 949 2532 vero
971 2494 1139 2548 supra
1171 2479 1368 2534 dictis?
1393 2479 1578 2534 Omnis
1598 2481 1776 2534 anima
1804 2480 2146 2547 potestatibus

565 2569 964 2624 sublimioribus
981 2571 1193 2625 subdita
1211 2570 1279 2625 sit
1300 2589 1318 2636 ;
1339 2580 1417 2626 et:
1444 2571 1661 2626 Reddite
1684 2573 1924 2627 omnibus
1943 2572 2142 2637 debita,

561 2671 612 2716 et
645 2678 763 2732 qua:
786 2674 1096 2735 sequuntur.
1118 2662 1245 2720 Haec
1267 2665 1454 2736 igitur,
1488 2665 1643 2731 dicit,
1662 2664 1824 2721 facite
1845 2666 1914 2722 ob
1934 2682 1997 2720 ea
2024 2681 2147 2736 qua:

562 2752 712 2808 dicta
766 2764 917 2821 sunt,
945 2763 999 2809 et
1044 2755 1114 2810 ob
1158 2755 1287 2810 illud
1327 2756 1620 2826 imprimis.
1663 2755 1838 2822 Quam
1884 2756 1954 2810 ob
1993 2756 2148 2811 rem?

564 2846 814 2904 Scientes
843 2847 988 2918 quod
1030 2847 1317 2918 praecisum
1342 2857 1423 2902 est
1447 2847 1571 2902 vita:
1595 2857 1797 2903 nostrae
1823 2858 2058 2917 tempus.
2081 2849 2149 2904 Et

563 2946 783 3007 oportet
807 2952 928 3003 nos,
965 2946 1019 2991 ct
1047 2939 1090 2992 si
1125 2936 1534 2990 dormiebamus
1576 2935 1714 2989 nihil
1746 2944 1988 3006 agentes,
2023 2944 2146 2988 tan-

563 3045 728 3100 quam
757 3046 785 3083 e
811 3044 1016 3093 somno,
1055 3027 1248 3083 saltem
1291 3027 1455 3098 igitur
1481 3043 1626 3082 nunc
1659 3043 1891 3097 surgere.
1923 3026 2146 3082 Clarum

561 3131 650 3177 est
675 3122 820 3175 enim
860 3136 960 3175 nos
994 3136 1140 3175 nunc
1171 3121 1345 3190 magis
1381 3119 1436 3173 in
1469 3120 1576 3174 line
1611 3134 1733 3175 esse
1762 3128 1963 3174 nostra:
1999 3118 2144 3184 vitae,

559 3226 722 3281 quam
754 3226 870 3262 cum
901 3209 1247 3262 credidimus.

558 3303 715 3360 CAP.
743 3301 885 3356 XIV.
927 3301 1093 3357 Vens.
1134 3301 1186 3355 5.
1225 3299 1368 3353 Nam
1409 3300 1551 3354 alius
1581 3300 1796 3367 judicat
1833 3300 1973 3354 diem
2013 3302 2152 3354 inter

633 3375 813 3437 diem;
868 3372 1006 3426 alius
1060 3383 1236 3425 autem
1271 3371 1485 3440 judicat
1515 3386 1718 3424 omnem
1750 3373 1889 3424 diem
1929 3387 1946 3424 .'
1978 3388 2143 3424 unus-

629 3446 849 3514 quisque
882 3445 939 3496 in
977 3459 1072 3496 suo
1112 3458 1267 3495 sensu
1296 3441 1546 3496 abundet.

633 3531 840 3585 l’ltotii.
871 3530 935 3584 Et
976 3531 1020 3584 si
1057 3529 1222 3600 igitur
1249 3529 1449 3598 aliquis
1487 3528 1683 3584 diebus
1725 3528 1951 3585 alternis
1991 3545 2149 3584 man-

561 3624 748 3686 ducat,
787 3623 876 3678 hic
905 3634 1092 3677 autem
1127 3622 1362 3691 singulis
1411 3621 1606 3676 diebus
1637 3637 1745 3676 non
1781 3621 1942 3677 debet
1968 3623 2032 3677 de
2062 3622 2149 3678 his

558 3715 816 3786 judicare
834 3717 1270 3770 ctcondemnare
1290 3714 1523 3768 invicem
1562 3713 1708 3768 hunc
1730 3714 1822 3784 qui
1862 3730 1969 3768 non
1994 3730 2150 3770 man-

561 3809 750 3863 ducat.
785 3806 1004 3878 Jejunat
1044 3808 1189 3862 enim
1233 3807 1515 3878 proximus
1578 3817 1632 3862 et
1672 3808 1875 3862 bonum
1914 3806 2065 3875 facit,
2103 3807 2150 3862 si

560 3909 784 3970 propter
809 3898 976 3954 Deum
1005 3900 1110 3955 hoc
1134 3900 1289 3954 facit.
1319 3899 1507 3971 Neque
1531 3901 1772 3958 vicissim
1805 3900 2146 3971 jejunantem

561 4001 778 4063 oportet
815 3994 1183 4048 condemnare
1211 4008 1322 4049 non
1384 3995 1727 4066 jcjunantem
1766 3994 1996 4065 singulis
2028 3993 2148 4048 die-

564 4084 691 4138 bus.
720 4083 841 4139 Non
869 4085 1014 4140 enim
1038 4088 1292 4156 praecepti
1315 4097 1419 4152 est,
1444 4087 1516 4141 ila
1539 4095 1598 4141 ut
1629 4087 1854 4140 violatio
1879 4086 2147 4156 judicium

561 4184 840 4241 causetur,
865 4177 960 4231 sed
993 4177 1177 4232 libene
1211 4178 1510 4233 voluntatis
1542 4187 1646 4232 est.
1693 4174 1798 4231 Sed
1857 4179 2147 4248 unusquis-

557 4281 662 4336 que
694 4266 983 4321 secundum
1017 4269 1296 4338 proprium
1321 4284 1535 4323 sensum
1569 4266 1836 4334 abundet;
1860 4268 1974 4323 sive
1999 4268 2147 4339 quod

560 4355 702 4412 bene
746 4356 874 4413 facit
927 4374 1144 4428 semper
1181 4359 1461 4429 jejunans.
1512 4361 1629 4417 sive
1671 4362 1816 4432 quod
1852 4378 1964 4419 non
2013 4366 2150 4420 bene

556 4446 693 4503 facit
720 4464 827 4503 non
861 4465 1078 4527 semper
1097 4451 1376 4523 jejunans.

742 4537 911 4597 Vens.
940 4543 993 4598 6.
1029 4541 1134 4606 Qui
1168 4545 1308 4614 sapit
1339 4545 1501 4614 diem,
1537 4545 1763 4604 Domino
1797 4550 1958 4620 sapit.

626 4629 834 4688 Photii.
873 4633 929 4688 Si
965 4651 1094 4691 vero
1123 4636 1191 4691 de
1229 4636 1441 4708 jejunio
1484 4648 1657 4694 totum
1701 4642 1805 4695 hoc
1844 4642 2147 4713 intelligere

557 4723 664 4789 vis,
695 4723 772 4778 ita
816 4739 1062 4782 censeas.
1108 4725 1211 4794 Qui
1247 4729 1459 4798 judicat
1499 4739 1554 4785 et
1595 4731 1896 4787 arbitratur
1937 4734 2142 4788 bonum

549 4831 681 4872 esse
725 4817 956 4887 singulis
1001 4818 1196 4876 diebus
1231 4823 1586 4892 manducare,
1624 4825 1851 4880 Domino
1894 4828 2059 4898 sapit,
2093 4827 2145 4882 id

556 4918 663 4976 est,
706 4911 762 4964 in
793 4909 1026 4966 Domino
1060 4913 1163 4968 hoc
1198 4916 1520 4983 arbitratur,
1573 4918 1679 4973 hoc
1723 4923 1869 4974 enim
1922 4930 2147 4990 propter

557 5000 851 5059 Dominum
881 5004 1034 5062 facit.
1065 5004 1169 5071 Qui
1203 5017 1386 5063 autem
1419 5025 1525 5064 non
1575 5010 1679 5066 hoc
1701 5011 1935 5082 judicat,
1968 5028 2148 5083 neque

553 5094 879 5162 arbitratur,
913 5096 1118 5152 bonum
1145 5113 1266 5154 esse
1291 5101 1522 5172 singulis
1560 5103 1754 5158 diebus
1785 5105 2143 5170 manducare,

551 5196 779 5260 propter
811 5190 1106 5246 Dominum
1139 5192 1352 5264 judicat
1376 5196 1503 5250 illud
1530 5197 1731 5252 bonum
1764 5215 1884 5256 esse
1916 5207 1968 5255 et
2005 5201 2144 5254 arbi-

555 5288 747 5336 tratur.
764 5279 942 5336 Causa
967 5283 1114 5337 enim
1134 5295 1262 5338 sunt
1283 5285 1359 5340 illi
1378 5303 1498 5356 quae
1521 5305 1642 5342 mox
1664 5291 1802 5344 dixit
1819 5292 1936 5361 ejus
1959 5292 2139 5347 verbi:

555 5389 576 5422 ι
605 5369 972 5444 Unusquisque
989 5375 1045 5428 in
1063 5392 1158 5431 suo
1182 5394 1337 5432 sensu
1363 5380 1941 5450 abundetJQuomodO
1962 5396 2141 5441 autem

552 5464 695 5520 istud
717 5465 886 5522 dicis?
917 5467 1081 5522 Paule
1103 5471 1126 5523 ?
1145 5481 1287 5526 recte
1305 5471 1441 5538 dixi,
1462 5473 1655 5544 inquit,
1682 5478 1941 5545 quoniam
1975 5489 2028 5534 et
2049 5481 2142 5549 qui

547 5555 757 5626 jejunat
778 5559 1010 5631 singulis
1031 5562 1248 5631 diebus,
1269 5573 1322 5620 et
1343 5567 1436 5636 qui
1460 5569 1753 5623 manducat
1781 5571 2012 5642 singulis
2039 5573 2146 5629 die-

547 5645 654 5702 bus
679 5649 732 5703 in
760 5652 991 5721 gratiam
1034 5653 1248 5709 Domini
1303 5657 1409 5712 hoc
1434 5657 1668 5717 faciunt.
1711 5659 1896 5732 Neque
1932 5673 2146 5733 oportet

546 5736 1112 5812 admodumjudicare
1154 5746 1383 5802 invicem
1409 5748 1465 5803 in
1507 5751 1635 5804 isto.
1677 5751 1879 5808 Deinde
1918 5769 2142 5810 causam

545 5831 751 5898 munit,
774 5841 827 5888 et
846 5833 995 5901 dicit,
1018 5837 1219 5892 ctenim
1244 5840 1336 5909 qui
1361 5842 1654 5898 manducat
1673 5845 1880 5916 gratias
1906 5847 2014 5919 agit
2035 5847 2144 5905 Deo

2240 592 2438 663 χρῆσις
2465 589 2617 660 παρὰ
2636 587 2714 658 τῷ
2737 587 3024 659 θαυμασίῳ
3073 586 3291 658 Παύλῳ.
3326 588 3437 640 Καὶ
3496 587 3575 656 μὴ
3614 585 3833 655 θαυμά-

2240 699 2340 755 σῃς
2376 683 2424 733 εί
2455 680 2674 751 ἀμαθής
2703 679 2778 733 ῶν
2812 678 3039 742 τούτων,
3070 677 3337 749 ἐκέχρητο
3363 677 3593 740 τούτοις.
3632 677 3696 729 Ἢ
3718 676 3834 747 γὰρ

2238 775 2398 844 χάρις
2422 774 2455 844 ἡ
2480 772 2550 826 ea
2577 773 2750 843 μείζω
2780 771 3119 842 χορηγοῦσα,
3149 773 3244 824 καὶ
3267 771 3376 824 τῶν
3407 771 3643 824 εὐτελῶν
3690 770 3832 824 πολ-

2238 867 2394 929 λάκις
2433 864 2663 936 παρέχει
2687 865 2788 935 τὴν
2825 865 3044 933 γνῶσιν,
3088 865 3187 935 οὑχ
3214 863 3290 927 ὡς
3316 863 3570 934 μεγάλων
3617 864 3832 917 τούτων

2240 957 2617 1030 ὑπαρχόντων.
2645 958 2711 1011 Τί
2736 958 2845 1028 γὰρ
2876 957 2941 1012 ἂν
2970 958 3063 1012 καὶ
3090 959 3173 1028 εῐη
3207 957 3338 1028 περὶ
3371 957 3546 1024 λέξεις
3569 959 3666 1010 καὶ
3696 958 3830 1008 συλ-

2239 1052 2412 1116 λαϐὰς
2447 1051 2544 1106 καὶ
2594 1051 2691 1121 τὴν
2732 1051 2937 1104 τούτων
2989 1049 3265 1120 συνθήκην
3315 1051 3834 1122 μικρολογουμένων

2239 1144 2543 1216 ἀνθρώπων
2579 1144 2740 1206 πόνος
2769 1142 2863 1195 καὶ
2891 1143 3133 1212 ὀνόματα
3162 1158 3177 1208 ;
3232 1139 3443 1194 Οὔκουν
3487 1141 3564 1203 ὡς
3619 1142 3836 1211 μεγάλα

2240 1237 2382 1289 τισὶν
2433 1235 2701 1306 ἐκέχρητο
2749 1231 2981 1296 τούτοις,
3032 1229 3147 1284 ἀλλ’
3189 1233 3268 1294 εἰς
3331 1230 3391 1284 τὸ
3440 1230 3833 1300 καταισχύνειν

2240 1328 2366 1392 τοὺς
2399 1327 2493 1381 ἐπὶ
2542 1329 2652 1388 τοῖς
2696 1325 2956 1387 τοιούτοις
3007 1323 3150 1392 μέγα
3185 1320 3538 1392 φρονοῦντας,
3572 1311 3666 1373 καί
3697 1337 3835 1390 κερσ-

2240 1422 2398 1491 δῆσαι
2425 1421 2621 1482 αὐτοὺς
2644 1420 2724 1482 είς
2758 1415 3259 1488 ταπεινοφροσύνην
3295 1416 3390 1469 καὶ
3443 1414 3696 1483 ὑπακοὴν
3731 1413 3836 1482 τῆς

2243 1512 2408 1566 αὑτοῦ
2437 1511 2733 1574 νουθεσίας.
2761 1512 2964 1564 Ἀοκνα
2989 1509 3098 1580 γὰρ
3127 1509 3374 1579 ὑπῆρχεν
3400 1508 3617 1562 ἅπαντα
3634 1505 3839 1578 Παύλῳ

2242 1605 2342 1658 ὃσα
2393 1605 2667 1675 σωτηρίαν
2716 1603 3028 1676 ἀνθρώποις
3077 1601 3273 1672 ἔφερεν
3321 1601 3560 1669 ἀληθῶς.
3594 1601 3686 1653 Διὸ
3740 1603 3839 1652 καὶ

2245 1699 2470 1770 χρήσεις
2514 1697 2812 1768 ποιητικῶν
2868 1697 3090 1767 στίχων,
3151 1695 3245 1748 καὶ
3293 1696 3538 1766 ἱστορίας
3595 1694 3839 1764 Ἐλληνι-

2245 1791 2370 1862 κὲις,
2401 1791 2502 1844 οὐκ
2552 1791 2702 1844 ὀκνεῖ
2761 1789 3176 1862 προσκομίζειν,
3237 1788 3303 1842 ἂν
3357 1790 3451 1841 καὶ
3479 1787 3570 1841 διὰ
3626 1787 3839 1840 τούτων

2177 1865 2219 1920 Β
2250 1856 2444 1954 ἐλπίζῃ
2481 1882 2755 1953 σωτηρίαν
2782 1856 3126 1952 κατορθῶσαι
3158 1879 3450 1950 ἀνθρώπῳ.

2250 1975 2360 2028 Kal
2420 1974 2617 2035 τοῦτο,
2656 1973 2877 2036 εἰδότες
2927 1972 3036 2026 τὸν
3083 1972 3314 2039 καιρὸν,
3350 1972 3440 2024 ὅτι
3489 1970 3612 2038 ὥρα
3673 1970 3839 2040 ἡμᾶς

2319 2043 2435 2113 ἤδη
2475 2045 2542 2108 ἐξ
2590 2045 2784 2098 ὕπνου
2836 2041 3152 2112 ἐγερθῆναι
3186 2057 3198 2069 '
3226 2042 3344 2095 νῦν
3385 2042 3495 2110 γὰρ
3513 2043 3840 2110 ἐγγύτερον

2319 2115 2488 2184 ἡμῶν
2525 2116 2563 2184 ἡ
2594 2115 2878 2182 σωτηρία,
2910 2115 2948 2181 ἢ
2983 2113 3080 2166 ὅτε
3111 2113 3580 2182 ἐπιστεύσαμεν.

2320 2206 2566 2259 Φωτίου.
2595 2205 2720 2268 Τοῖς
2745 2205 2858 2258 ἅνω
2885 2203 2941 2256 δὲ
2973 2202 3144 2257 ταῦτα
3181 2205 3538 2273 συνήρτηται,
3568 2205 3665 2256 καὶ
3699 2203 3838 2272 πρὸς

2249 2298 2432 2351 ἐκεῖνα
2462 2297 2792 2350 ἀποδίδοται.
2834 2297 3116 2360 Ἐπίτασις
3161 2296 3362 2366 μᾶλλον
3389 2296 3540 2361 ὄντα,
3578 2298 3674 2349 καὶ
3703 2313 3840 2366 προ-

2249 2389 2459 2460 τροπὴν
2489 2388 2596 2460 τῶν
2618 2387 2924 2459 εἰρημένων
2970 2387 3330 2458 ἐμφαίνοντα.
3359 2387 3540 2450 Ποίοις
3593 2386 3651 2439 δέ
3678 2387 3794 2440 ἄνω
3822 2404 3836 2446 ;

2250 2478 2426 2535 Πᾶσα
2487 2478 2659 2548 ψυχὴ
2712 2479 3021 2544 ἐξουσίαις
3074 2479 3515 2547 ὑπερεχούσαις
3566 2479 3839 2532 ὑποτασ-

2249 2570 2470 2636 σέσθω,
2500 2573 2614 2635 καὶ,
2662 2572 2942 2626 Ἀπόδοτε
2979 2569 3131 2626 πᾶσι
3176 2570 3284 2637 τὰς
3307 2572 3575 2640 ὀφειλάς,
3617 2572 3715 2623 καὶ
3767 2571 3839 2622 τὰ

2250 2661 2396 2733 ἐξῆς.
2431 2662 2619 2717 Ταῦτα
2637 2663 2754 2731 οὖν,
2791 2663 2946 2734 φησὶ,
2973 2663 3177 2716 ποιεῖτε
3206 2663 3295 2715 διὰ
3321 2663 3390 2716 τὰ
3429 2663 3837 2733 προειρημένα,

2250 2755 2345 2808 καὶ
2368 2753 2458 2806 διὰ
2493 2752 2653 2806 τοῦτο
2709 2753 2958 2824 μάλιστα.
2990 2752 3090 2805 Διά
3133 2754 3315 2818 ποῖον;
3347 2752 3563 2816 Εἱδότες
3590 2755 3673 2806 ὅτι
3703 2771 3838 2806 συν-

2249 2847 2516 2918 τέτμηται
2545 2846 2646 2915 τῆς
2676 2846 2820 2916 ζωῆς
2848 2847 3005 2916 ἡμῶν
3032 2847 3059 2897 ὁ
3090 2845 3302 2919 χρόνος.
3331 2847 3443 2900 Kal
3471 2848 3552 2899 δεῖ
3571 2848 3744 2916 ἡμᾶς,
3787 2849 3838 2898 εἰ

2249 2944 2349 2996 καὶ
2390 2941 2755 3010 ἐκαθεύδομεν
2791 2941 2956 3011 μηδὲν
3016 2942 3366 3011 πράττοντες,
3397 2940 3472 3003 ὡς
3505 2940 3575 3004 ἐξ
3609 2941 3838 3001 ὕπνου,

2249 3035 2354 3088 κᾶν
2374 3034 2503 3101 γοῦν
2523 3033 2639 3096 νῦν,
2661 3032 2996 3103 ἐγερθῆναι.
3019 3034 3256 3103 Φανερὸν
3279 3033 3386 3104 γὰρ
3409 3036 3490 3087 ὅτι
3509 3033 3602 3086 νῦν
3631 3036 3842 3104 μᾶλλον

2251 3127 2388 3196 πρὸς
2415 3125 2492 3196 τῷ
2513 3125 2656 3178 τέλει
2692 3125 2858 3195 ἐσμὲν
2887 3125 2987 3195 τῆς
3009 3125 3343 3196 ζωήςήμῶν,
3369 3127 3400 3196 ἢ
3431 3127 3531 3180 ὅτε
3547 3128 3839 3181 ἐπιστεύ-

2173 3211 2217 3269 C
2251 3232 2465 3288 σαμεν.

2259 3312 2364 3375 ’ος
2385 3311 2500 3384 μὲν
2532 3309 2722 3384 κρίνει
2752 3309 2982 3384 ἡμέραν
3010 3314 3148 3380 παρ’
3189 3311 3438 3384 ἡμέραν,
3463 3313 3530 3379 ὃς
3549 3311 3618 3366 δὲ
3644 3317 3843 3384 κρίνει

2326 3383 2535 3454 πᾶσαν
2578 3381 2826 3449 ἡμέραν.
2873 3382 3176 3450 Ἕκαστος
3207 3382 3288 3448 τῷ
3332 3384 3461 3450 ἰδίῳ
3485 3384 3582 3437 νοῒ
3606 3381 3843 3454 πλημο-

2321 3453 2640 3519 φορείσθω-

2325 3545 2570 3599 Φωτίου.
2605 3543 2716 3598 Καὶ
2744 3546 2793 3598 εί
2822 3544 2932 3616 ἄρα
2962 3547 2989 3597 6
3028 3549 3128 3616 μέν
3161 3564 3243 3610 τις
3277 3547 3490 3620 ἡμέραν
3530 3551 3664 3620 παρ’
3693 3552 3844 3623 ἡμέ-

2253 3653 2354 3708 ραν
2402 3636 2605 3690 ἐσθίεισ
2662 3638 2692 3690 6
2738 3637 2792 3690 δὲ
2816 3637 2938 3690 καθ’
2991 3639 3226 3707 ἡμέραν,
3262 3641 3323 3691 οὐ
3374 3640 3453 3693 δεῖ
3494 3641 3590 3694 ἐπὶ
3623 3643 3843 3698 τούτων

2253 3730 2461 3799 κρίνειν
2484 3731 2577 3784 καὶ
2601 3732 2955 3800 κατακρίνειν
2989 3731 3273 3801 ἀλλήλους,
3297 3732 3420 3785 οὔτε
3442 3735 3536 3788 τὸν
3560 3737 3841 3793 ἐσθίοντα.

2253 3821 2525 3892 Νηστεύει
2578 3822 2685 3894 γὰρ
2732 3823 2760 3874 ὁ
2817 3823 3042 3893 πλησίον
3101 3825 3196 3877 καὶ
3227 3826 3429 3894 ἀγαθὸν
3460 3831 3623 3891 ποιεῖ,
3662 3829 3844 3882 ποιῶν

2251 3913 2383 3966 αὐτὸ
2423 3913 2512 3967 διὰ
2551 3914 2640 3967 τὸν
2687 3915 2840 3968 Θεόν.
2891 3915 3029 3969 Οὔτε
3075 3917 3238 3971 πάλιν
3270 3918 3362 3972 τὸν
3397 3921 3731 3990 νηστεύοντα
3759 3923 3846 3976 δεῖ

2253 4006 2608 4076 κατακρίνειν
2668 4008 2760 4062 τὸν
2805 4008 2879 4080 μὴ
2937 4008 3268 4080 νηστεύοντα
3315 4012 3446 4083 παρ’
3478 4013 3715 4084 ἡμέραν.
3762 4017 3840 4068 Ού

2250 4099 2360 4169 γὰρ
2411 4099 2732 4168 νομοθεσίας
2802 4101 2973 4165 ἐστὶν,
3019 4101 3107 4154 ἵνα
3154 4105 3188 4172 ἡ
3228 4103 3543 4174 παράϐασις
3595 4105 3844 4178 προξενῇ

2251 4194 2447 4262 κρῖμα,
2497 4192 2632 4247 ἀλλά
2692 4194 2858 4264 μόνης
2906 4196 3299 4266 προαιρέσεως.
3365 4198 3518 4252 Ἀλλ’
3573 4198 3847 4265 ἕκαστος

2249 4285 2400 4338 κατὰ
2453 4285 2561 4338 τὸν
2636 4285 2792 4340 ἴδιον
2863 4285 3016 4340 νοῦν
3076 4291 3605 4358 πληροφορείσθωο
3665 4294 3698 4363 ῆ
3756 4296 3847 4346 ὅτι

2250 4376 2437 4441 καλῶς
2476 4380 2621 4431 ποιεῖ
2659 4380 2936 4450 νηστεύων
2961 4381 3085 4434 ἀεί·
3116 4381 3149 4452 ἢ
3183 4383 3268 4436 ὅτι
3299 4383 3360 4436 οὐ
3418 4384 3600 4450 καλῶς
3628 4385 3709 4458 μὴ
3740 4405 3846 4440 vr.-

2252 4469 2459 4522 στεύων
2489 4470 2597 4525 ἀεί.

2409 4561 2470 4614 '0
2500 4560 2743 4630 φρονῶν
2783 4561 2898 4630 τὴν
2933 4562 3186 4633 ἡμέραν,
3236 4567 3434 4634 Κυρίῳ
3461 4568 3693 4636 φρονεῖ.

2320 4656 2570 4710 Φωτίου.
2599 4656 2666 4710 EI
2723 4656 2781 4710 δὲ
2834 4658 2965 4729 περὶ
3018 4659 3276 4728 νηστείας
3324 4660 3386 4713 τὸ
3417 4663 3527 4714 πᾶν
3575 4663 3847 4717 ἐκλαϐεῖν

2250 4744 2453 4817 βούλει,
2499 4747 2644 4800 οὕτω
2677 4749 2890 4820 νόησονο
2935 4750 2994 4800 '0
3044 4751 3248 4822 κρίνων
3310 4755 3406 4805 καὶ
3474 4753 3842 4824 λογιζόμενος

2249 4838 2412 4892 καλὸν
2438 4834 2578 4893 εἶναι
2612 4840 2735 4894 καθ’
2791 4841 3002 4913 ἡμέραν
3034 4848 3249 4914 φαγεῖν,
3277 4846 3355 4917 τῷ
3385 4848 3576 4919 Κυρίῳ
3607 4852 3806 4918 φρονεί
3828 4868 3844 4882 ο

2247 4929 2546 4995 τουτέστιν,
2574 4932 2632 4985 ἐν
2666 4933 2860 5004 Κυρίῳ
2887 4933 3047 4989 τοῦτο
3079 4937 3375 5006 λογίζεται.
3407 4941 3580 4996 Τοῦτο
3605 4943 3718 5016 γὰρ
3748 4946 3844 5000 διὰ

2246 5023 2340 5077 τὸν
2398 5023 2602 5096 Κύριον
2648 5028 2814 5081 ποιεῖ.
2867 5029 2979 5082 Καὶ
3025 5031 3053 5084 6
3089 5030 3167 5102 μὴ
3217 5032 3419 5104 κρίνων
3458 5035 3638 5099 τοῦτο,
3699 5041 3847 5109 μηδὲ

2247 5112 2618 5184 λογιζόμενος,
2673 5118 2756 5170 ὅτι
2801 5118 2968 5172 καλόν
3019 5122 3136 5174 ἐστι
3172 5123 3297 5176 καθ’
3344 5126 3557 5197 ἡμέραν
3615 5134 3843 5199 φαγεῖν,

2246 5206 2335 5260 διὰ
2383 5207 2474 5261 τὸν
2523 5209 2732 5279 Κύριον
2793 5212 2970 5280 κρίνει
3018 5214 3178 5269 τοῦτο
3235 5217 3396 5271 καλὸν
3433 5216 3596 5283 εἶναι,
3628 5223 3729 5276 καὶ
3755 5225 3846 5277 λο-

2248 5297 2484 5364 γίζεται.
2520 5301 2682 5356 Δί’τια
2711 5303 2820 5373 γάρ
2855 5306 2974 5358 ἐστι
3024 5306 3198 5360 ταῦτα
3240 5308 3309 5362 τὰ
3359 5310 3627 5381 εἰρημένα
3686 5316 3845 5384 αὐτῷ

2248 5388 2673 5460 τοῦ,Ἕκαστος
2695 5395 2766 5448 ἐν
2797 5395 2876 5460 τῷ
2901 5396 3027 5460 ἰδίῳ
3047 5399 3145 5452 νοῒ
3172 5404 3691 5471 πληροφορείσθω.
3719 5408 3847 5470 Πῶς

2248 5482 2304 5536 δὲ
2335 5483 2513 5553 λέγεις
2536 5485 2715 5552 τοῦτο,
2740 5487 2951 5554 ﬂatile;
2987 5489 3182 5554 Καλῶς
3205 5486 3377 5558 εἶπον,
3413 5495 3600 5564 φησίν.
3620 5497 3846 5568 Ἐπειδὴ

2249 5575 2346 5627 καὶ
2393 5577 2422 5628 6
2478 5577 2757 5647 νηστεύων
2805 5579 2945 5650 ὑπὲρ
2995 5582 3235 5652 ἡμέραν,
3267 5585 3362 5638 καὶ
3400 5585 3429 5636 ὀ
3482 5585 3681 5639 ἐσθίων
3717 5588 3848 5640 καθ’

2250 5667 2485 5739 ἡμέραν,
2539 5671 2620 5733 είς
2667 5671 2962 5740 ἀρέσκειαν
3009 5675 3214 5744 Κυρίου
3263 5674 3422 5730 τοῦτο
3457 5677 3694 5732 ποιοῦσι.
3735 5682 3850 5734 Καὶ

2249 5761 2310 5813 ού
2369 5761 2452 5814 δεῖ
2509 5761 2712 5833 κρίνειν
2759 5765 2900 5830 ὅλως
2964 5767 3235 5837 ἀλλήλους
3293 5770 3388 5824 ἐπὶ
3446 5771 3643 5842 τούτῳ.
3704 5771 3846 5827 Εἶτα

2249 5853 2511 5908 ἐπιτείνει
2557 5855 2657 5926 τὴν
2701 5856 2904 5924 αἰτίαν,
2939 5859 3032 5913 καί
3063 5876 3249 5931 φησιν.
3283 5861 3393 5915 Καὶ
3418 5860 3529 5933 γὰρ
3580 5862 3610 5915 6
3639 5863 3843 5918 ἐσθίων
