4132 6430
388 430 523 495 1253

1238 426 1705 487 FRAGMENTA
1736 426 1819 485 IN
1866 424 2294 485 EPISTOLAM
2333 425 2433 484 AD
2472 423 2864 484 HEBR/EOS.

3512 421 3645 485 125i

386 542 701 616 εὐχαριστεῖ
760 542 838 614 τῷ
898 543 1018 615 Θεῷ
1070 546 1128 597 ὲν
1204 546 1284 614 τῷ
1356 545 1578 599 ἐσθίειν.
1646 544 1770 597 ’Ότι
1831 536 3104 609 ἔδω-Αηιοηᾱυοιιηάοηιιοᾱᾱούὶιιιοηιὶηἰὺυε
3136 533 3646 590 viametsuilicien-

384 646 480 683 κεν
536 628 847 702 ἀνθρώποις
903 633 1071 703 πόρον
1128 634 1224 688 καὶ
1280 635 1558 705 συνέχειαν
1597 634 1765 703 ζωῆς.
1797 634 1905 686 Καὶ
1940 636 1967 687 ὁ

384 720 661 788 νηστεύων
708 724 1042 793 εὐχαριστεῖ,
1072 726 1153 779 ὅτι
1180 726 1379 781 ἔδωκεν
1420 725 1731 798 ἀνθρώποις
1768 743 1966 798 καρτε-

388 811 509 883 ρίας
535 813 633 866 καὶ
670 814 951 884 μεθόδους,
1001 816 1068 870 δι’
1097 811 1173 872 ὧν
1203 837 1284 882 τις
1316 818 1538 872 δύναται
1583 819 1968 890 περιγενέσθαι

384 902 496 957 τῶν
548 907 649 977 τῆς
709 908 913 976 σαρκὸς
974 910 1184 965 παθῶν.
1230 911 1290 965 Ὀ
1321 911 1378 965 δὲ
1416 912 1593 975 ἄλλως
1626 912 1964 983 νηστεύωνῆ

385 996 604 1063 ἐσθίων,
657 999 1014 1072 κατάκριτος,
1078 1003 1270 1076 ὥσπερ
1312 1004 1422 1059 τῶν
1468 1006 1766 1077 αἱρετικῶν
1795 1025 1964 1071 τινες.

386 1088 575 1144 Ταῦτα
623 1086 716 1145 οὖν
766 1095 897 1165 περὶ
948 1095 1058 1149 τῶν
1116 1099 1483 1166 νηστευόντων
1535 1097 1631 1153 καὶ
1680 1098 1969 1154 ἐσθιόντων

392 1180 575 1245 ίδικῶς
628 1182 950 1253 ἐκληπτέον,
1005 1186 1142 1242 ἀλλὰ
1184 1190 1259 1260 μὴ
1289 1192 1418 1261 περὶ
1463 1190 1642 1247 ἄλλων
1675 1192 1856 1245 τινῶν.
1889 1192 1968 1247 Οὐ

385 1270 496 1341 γὰρ
528 1272 620 1325 ἐπὶ
648 1274 858 1338 πάντας
887 1279 914 1329 ὁ
945 1277 1125 1331 κανὼν
1159 1275 1315 1344 οὗτος
1343 1283 1543 1352 διήκει.
1578 1282 1671 1336 Διὸ
1723 1282 1846 1337 οὐδὲ
1876 1283 1971 1336 ἐπὶ

385 1361 482 1415 τοῦ
520 1362 626 1433 πρὸ
654 1368 853 1437 μικροῦ
882 1369 1171 1440 εἰρημένου
1207 1374 1505 1442 κεφαλαίου
1540 1376 1793 1448 ἁρμόζει.
1844 1371 1971 1431 Οἷον

386 1455 482 1507 ἐπὶ
532 1455 625 1509 τοῦ
674 1459 733 1510 ἐν
779 1462 894 1523 τοῖς
947 1462 1199 1533 βρώμασι
1251 1465 1685 1538 διακρινομένου.
1712 1468 1825 1523 Καὶ
1862 1469 1971 1541 γὰρ

387 1547 595 1611 ἐκεῖνος
618 1549 694 1621 μὴ
722 1550 938 1620 ἐσθίων,
961 1556 1061 1608 οὐκ
1086 1557 1168 1619 εἰς
1196 1557 1352 1622 δόξαν
1372 1560 1472 1613 οὐκ
1500 1560 1673 1614 ἐσθίει
1694 1562 1789 1615 τοῦ
1812 1561 1969 1628 Θεοῦ,

388 1636 505 1690 ἀλλ’
531 1637 607 1702 ὡς
641 1641 969 1712 ἀστήρικτος
999 1645 1058 1697 ἐν
1086 1648 1151 1717 τῇ
1180 1646 1382 1702 πίστει.
1438 1649 1579 1703 Ἀλλ’
1616 1652 1831 1704 ἐκεῖνον
1869 1652 1971 1722 μέν

386 1730 451 1782 ού
509 1732 591 1783 δεῖ
648 1735 1002 1805 κατακρίνειν
1050 1738 1140 1791 διὰ
1168 1739 1261 1793 τὸν
1294 1740 1486 1812 καιρόν
1507 1758 1521 1773 ο
1555 1743 1640 1797 ὅτι
1695 1744 1843 1816 ἀρχὴ
1874 1743 1970 1797 τοῦ

389 1823 750 1893 κηρύγματος
805 1821 895 1896 ἦν.
954 1828 1057 1881 Τὸν
1107 1830 1164 1883 δὲ
1220 1831 1469 1886 ἐσθίοντα
1512 1834 1837 1907 καθημέραν
1876 1836 1972 1890 καὶ

2072 631 2203 686 tiam
2247 630 2394 684 vitae.
2439 629 2505 682 Et
2542 628 2636 696 qui
2663 628 2879 697 jejunat
2904 626 3106 695 gratias
3146 625 3275 694 agit,
3319 622 3464 692 quod
3505 624 3649 677 dedit

2072 722 2391 777 hominibus
2434 722 2602 775 robur
2636 727 2691 774 et
2737 719 2939 782 media,
2983 718 3184 787 quibus
3228 714 3430 785 aliquis
3474 715 3648 785 possit

2071 814 2252 870 carnis
2285 814 2570 884 passiones
2592 826 2873 880 superare.
2907 808 3011 876 Qui
3043 818 3223 863 autem
3263 806 3481 862 aliunde
3503 805 3649 875 jeju-

2072 915 2290 964 nataut
2324 907 2419 977 qui
2464 908 2757 962 manducat
2786 906 3203 969 condemnatus,
3245 902 3387 957 sicut
3429 900 3649 971 quidam

2070 998 2312 1054 hmretici
2341 997 2553 1063 dicunt,
2586 998 2702 1052 haec
2726 998 2892 1067 igitur
2921 995 2987 1049 de
3005 994 3383 1064 jejunantibus
3412 1001 3467 1047 et
3489 1005 3649 1043 man—

2071 1091 2398 1147 ducantibus
2436 1090 2660 1161 proprie
2702 1104 2813 1145 non
2857 1087 3201 1157 intelligenda
3253 1094 3406 1146 sunt,
3453 1081 3549 1138 sed
3587 1081 3653 1134 de

2071 1183 2401 1253 quibusdam
2440 1182 2604 1250 aliis;
2646 1196 2756 1235 non
2809 1180 2954 1235 enim
3004 1179 3057 1233 in
3093 1192 3282 1232 omnes
3314 1175 3497 1245 regula
3548 1173 3654 1229 ista

2071 1275 2408 1331 extenditur.
2449 1273 2574 1330 Ideo
2602 1273 2739 1328 nihil
2774 1273 2829 1326 in
2856 1287 2920 1326 eo
2946 1269 3089 1341 quod
3113 1270 3274 1340 paulo
3300 1276 3425 1323 ante
3449 1268 3652 1323 dictum

2072 1378 2155 1425 est
2208 1370 2386 1440 capite
2438 1368 2713 1432 convenit,
2781 1365 3060 1436 quomodo
3113 1362 3169 1417 in
3222 1362 3313 1416 illo
3378 1360 3526 1430 quod
3587 1358 3657 1413 de

2072 1466 2215 1522 escis
2258 1465 2588 1521 declaratur.
2635 1463 2849 1518 Etenim
2894 1461 2986 1515 ille
3049 1459 3141 1530 qui
3186 1472 3299 1512 non
3340 1455 3655 1518 manducat,

2074 1574 2181 1613 non
2210 1558 2266 1612 in
2290 1557 2521 1627 gloriam
2559 1556 2651 1610 Dei
2683 1569 2791 1609 non
2823 1552 3142 1614 manducat,
3176 1549 3272 1604 sed
3309 1558 3562 1615 tanquam
3600 1544 3658 1597 in

2074 1651 2180 1707 fide
2216 1650 2446 1718 debilis;
2474 1650 2629 1704 illum
2658 1655 2845 1703 autem
2871 1660 2981 1700 non
3009 1650 3222 1714 oportet
3243 1640 3493 1711 judicare
3528 1649 3659 1707 pro-

2044 1752 2202 1817 lpter
2232 1751 2486 1813 tempus;
2522 1739 2671 1812 quod
2710 1737 3038 1810 principium
3059 1734 3319 1790 doctrinae
3365 1738 3502 1785 erat.
3554 1727 3660 1793 Qui

2076 1845 2259 1890 autem
2288 1835 2589 1890 manducat
2620 1830 2853 1902 singulis
2874 1829 3068 1884 diebus
3093 1837 3148 1881 et
3176 1826 3271 1896 qui
3300 1823 3508 1894 ieiunat
3541 1822 3661 1876 sin-

389 1914 723 1982 νηστεύοντα
755 1895 896 1987 ὺπέρ
927 1918 1165 1991 ἡμέραν,
1203 1922 1264 1976 οὐ
1294 1923 1376 1976 δεῖ
1407 1924 1543 1989 ὅλως
1565 1895 1848 1998 οὐθέτερον
1877 1927 1970 1981 ού-

2076 1929 2222 2000 gulis
2252 1927 2467 1991 diebus,
2507 1940 2617 1980 non
2662 1932 2876 1996 Oportet
2908 1922 3135 1977 omnino
3178 1927 3432 1974 neutrum
3478 1917 3660 1970 neutri

385 2004 593 2078 δετέρῳ
629 2009 840 2079 μέμψιν
897 2013 1162 2082 ἐπάγειν’
1216 2016 1299 2069 ὅτι
1340 2019 1433 2070 καὶ
1476 2017 1645 2088 ἄμφω
1685 2020 1766 2083 εἰς
1811 2020 1972 2085 δόξαν

391 2097 603 2168 Κυρίου
641 2100 888 2154 ποιοῦσιν
932 2104 1068 2175 ὅπερ
1106 2108 1371 2163 ποιοῦσιν,
1408 2109 1623 2177 Οὐδεὶς
1652 2112 1764 2181 γὰρ
1802 2112 1974 2181 ἡμῶν

384 2187 580 2256 ἐαυτῷ
612 2190 701 2260 ζῇ,
731 2194 830 2248 καὶ
849 2196 1047 2263 οὐδεὶς
1076 2199 1268 2265 ἐαυτῷ
1299 2202 1694 2272 ἀποθνήσκει.
1734 2205 1880 2260 Ἐάν
1911 2223 1975 2260 τε

384 2282 501 2350 γὰρ
530 2280 736 2353 ζῶμεν,
773 2284 853 2351 τῷ
878 2291 1075 2356 Κυρίῳ
1104 2291 1311 2360 ζῶμεν,
1343 2294 1452 2349 ἐάν
1478 2312 1544 2348 τε
1578 2295 1976 2365 ἀποθνήσκω-

379 2389 520 2441 μεν,
556 2373 639 2440 τῷ
687 2379 885 2446 Κυρίῳ
917 2381 1408 2454 ἀποθνήσκομεν.
1458 2384 1601 2441 Ἐάν
1665 2405 1729 2441 τε
1762 2387 1969 2457 ζῶμεν.

384 2463 498 2518 ἐάν
535 2483 601 2521 τε
624 2469 1123 2543 ἀποθνήσκωμεν,
1200 2477 1310 2531 τοῦ
1346 2479 1566 2547 Κυρίου
1614 2480 1822 2550 ἐσμέν.
1868 2484 1975 2547 Είς

384 2556 565 2610 τοῦτο
592 2559 703 2628 γὰρ
732 2563 986 2632 Χριστὸς
1028 2565 1310 2635 ἀπέθανε,
1336 2572 1437 2627 καὶ
1467 2574 1695 2644 ἀνέστη
1726 2573 1824 2628 καὶ
1847 2574 1977 2643 ἐζη-

382 2661 523 2715 σεν,
546 2650 648 2705 ἵνα
668 2650 898 2713 (ibi-terr
923 2658 1021 2712 καὶ
1053 2660 1284 2728 νεκρῶν
1306 2667 1621 2736 κυριεύσῃ.

2076 2021 2480 2077 incusationem
2506 2018 2748 2090 injicere,
2781 2017 2910 2087 quia
2947 2023 3177 2084 uterque
3202 2013 3258 2067 in
3287 2010 3517 2082 gloriam
3550 2009 3661 2062 Do-

2077 2111 2214 2167 mini
2254 2110 2465 2167 faciunt
2485 2108 2631 2180 quod
2666 2106 2899 2163 faciunt.
2924 2104 3096 2159 Nemo
3126 2104 3263 2158 enim
3295 2109 3536 2156 nostrum
3558 2096 3661 2151 sibi

2079 2206 2224 2270 vivit,
2254 2213 2304 2259 et
2343 2219 2492 2259 nemo
2531 2202 2634 2256 sibi
2663 2202 2909 2255 moritur.
2952 2198 3071 2253 Sive
3108 2198 3247 2252 enim
3279 2194 3525 2258 vivimus,
3551 2189 3664 2244 Do-

2080 2300 2226 2353 mino
2258 2297 2503 2363 vivimus;
2531 2296 2638 2350 sive
2667 2295 2948 2360 morimur,
2982 2292 3209 2346 Domino
3241 2288 3531 2349 morimur;
3559 2285 3665 2340 sive

2081 2393 2324 2456 vivimus,
2357 2392 2464 2445 sive
2490 2389 2772 2452 morimur,
2808 2385 3024 2440 Domini
3052 2399 3255 2437 sumus.
3293 2379 3360 2435 In
3400 2379 3496 2432 hoc
3522 2378 3662 2432 enim

2083 2483 2333 2543 Christus
2374 2493 2615 2538 mortuus
2646 2491 2723 2535 est
2758 2490 2807 2534 et
2839 2478 3125 2532 resurrexit
3162 2484 3210 2529 et
3246 2474 3401 2537 vixit,
3438 2482 3492 2525 ut
3526 2472 3666 2524 vivo-

2084 2594 2201 2632 rum
2226 2587 2276 2631 et
2311 2584 2650 2630 mortuorum
2678 2572 3004 2627 dominetur.

1368 2780 1438 2836 ll.
1473 2780 1541 2836 IN
1578 2781 1964 2841 EPISTOLAM
2001 2781 2044 2835 ll
2081 2781 2174 2837 AD
2212 2776 2656 2835 CORINTHIOS.

1684 2881 1931 2937 Crumen.
1974 2888 2017 2936 t.
2056 2880 2148 2937 Vl.
2188 2892 2244 2937 ι).
2288 2877 2411 2932 597.

1684 2881 1907 2936 Crumen
1974 2888 1994 2936 t

398 2959 475 3015 Ἦ
506 2961 618 3033 γὰρ
639 2963 793 3019 κατὰ
821 2966 971 3023 Θεὸν
999 2972 1167 3042 λύπη
1195 2973 1523 3047 μετάνοιαν
1551 2977 1637 3040 εὶς
1663 2884 1981 3047 (adimplen-

2076 2882 2079 2887 ,
2362 2878 2411 2931 7.

2076 2876 2594 3047 )V'Elis.
2664 2968 2749 3047 ιο.
2787 2968 2919 3047 Qua:
2958 2967 3123 3047 enim.
3157 2966 3471 3047 secundum_
3502 2962 3669 3017 Deum

968 3042 1399 3114 κατεργάζεται.

456 3124 659 3180 Λοιπὸν
687 3131 815 3199 περὶ
847 3134 947 3201 τῆς
975 3133 1153 3204 λύπης
1180 3137 1281 3201 τῆς
1328 3136 1469 3190 κατὰ
1500 3138 1633 3191 Θεὸν
1665 3139 1970 3208 φιλοσοφεῖ,

384 3216 615 3287 διαιρῶν
640 3220 809 3290 αὐτὴν
844 3223 945 3292 τῆς
970 3224 1065 3277 τοῦ
1106 3226 1313 3296 κόσμου
1343 3227 1542 3300 λύπης,
1567 3231 1659 3283 καί
1696 3247 1882 3300 φησιν,
1903 3230 1977 3284 'H

383 3306 499 3375 γὰρ
531 3308 681 3362 κατὰ
708 3312 857 3365 Θεὸν
876 3313 1042 3383 λύπη
1067 3314 1520 3385 ἀμεταμέλητον
1537 3318 1969 3387 κατεργάζεται,

382 3401 470 3466 ὡς
495 3401 534 3470 ἢ
558 3419 626 3471 γε
643 3403 750 3457 τοῦ
788 3406 1024 3475 κόσμου
1068 3408 1349 3477 θάνατον,
1387 3411 1517 3463 ὅταν
1565 3412 1654 3465 διὰ
1687 3412 1969 3484 χρήματα,

386 3494 521 3547 ὃταν
573 3495 660 3549 διὰ
708 3497 866 3565 δόξαν
918 3499 1156 3571 λυπῆταί
1204 3520 1311 3566 τις.
1356 3502 1576 3573 Ἐπειδὴ
1612 3504 1717 3577 γὰρ
1750 3505 1813 3558 τὸ
1871 3506 1974 3573 τῆς

2193 3044 2433 3097 tristitia:
2452 3052 2547 3105 est,
2579 3040 2941 3110 paenitentiam
2966 3038 3020 3090 in
3042 3036 3271 3091 salutem
3292 3043 3559 3105 operatur.

2155 3135 2211 3189 ln
2246 3136 2456 3204 reliquo
2496 3134 2563 3187 de
2606 3132 2824 3186 tristitia
2870 3130 3172 3185 secundum
3216 3128 3389 3186 Deum
3426 3126 3672 3200 philoso-

2079 3228 2302 3299 phatur,
2337 3228 2659 3281 discernens
2681 3240 2800 3279 eam
2849 3239 2880 3275 a
2917 3223 3137 3276 tristitia
3161 3224 3374 3288 smeuli,
3423 3232 3477 3276 et
3513 3223 3667 3285 dicit,

2080 3321 2212 3385 Quae
2252 3320 2390 3373 enim
2418 3321 2707 3373 secundum
2741 3316 2906 3370 Deum
2938 3314 3162 3368 tristitia
3204 3325 3283 3369 est
3308 3317 3670 3385 paenitentiam

2082 3422 2355 3482 operatur,
2414 3412 2601 3467 swculi
2649 3418 2827 3463 autem
2878 3398 3100 3464 tristitia
3143 3420 3401 3478 mortem,
3448 3412 3669 3480 quando

2081 3516 2301 3575 propter
2344 3506 2485 3559 bona
2531 3514 2627 3558 aut
2672 3511 2894 3573 propter
2940 3505 3207 3558 honorem
3268 3504 3419 3573 luget
3460 3503 3668 3574 aliquis

385 3586 570 3659 λύπης
596 3590 889 3661 φάρμακον
905 3595 987 3657 εἰς
1013 3595 1074 3648 τὸ
1102 3595 1200 3659 τὰς
1215 3596 1490 3668 ἁμαρτίας
1516 3597 1807 3651 λυπεῖσθαι
1841 3615 1979 3651 κατ-

2083 3597 2217 3652 Cum
2251 3598 2394 3653 enim
2430 3597 2666 3652 tristitia:
2702 3597 3003 3652 remedium
3036 3596 3090 3650 in
3118 3594 3343 3650 tristitia
3373 3595 3440 3649 de
3470 3609 3668 3664 pecea-

386 3681 717 3737 εσκεύασται
774 3687 955 3757 μόνον,
1013 3689 1070 3741 ἐν
1120 3690 1294 3762 τούτῳ
1326 3691 1487 3761 μόνον
1532 3693 1627 3743 καὶ
1660 3689 1881 3759 ὠφελεῖ,
1917 3692 1974 3745 ἐν

386 3772 449 3825 δὲ
480 3776 592 3838 τοῖς
627 3775 832 3841 λοιποῖς
865 3780 960 3832 καὶ
1009 3779 1274 3849 βλάπτειο
1312 3782 1463 3850 παρὰ
1494 3784 1658 3851 φύσιν
1692 3782 1801 3853 γὰρ
1832 3784 1972 3855 αὐτῇ

388 3863 677 3936 χρώμεθα.
711 3867 852 3921 Οὔτε
904 3870 1012 3940 γὰρ
1041 3873 1069 3925 ὁ
1105 3871 1370 3943 λυπηθεὶς
1432 3874 1578 3927 κατὰ
1614 3874 1746 3927 Θεὸν
1804 3892 1975 3944 μετα-

348 3954 353 3957 ’
391 3957 656 4029 μεληθείη
684 3961 869 4033 ποτὲῆ
892 3964 1140 4033 κατέγνω
1165 3966 1381 4022 ἑαυτοῦ.
1412 3967 1478 4019 Τί
1506 3968 1706 4039 δήποτε
1736 3967 1976 4037 λελύπη-

389 4067 516 4118 cat;
551 4054 688 4124 ὅπερ
742 4054 836 4109 ἐπὶ
868 4057 965 4128 τῆς
1014 4057 1111 4111 τοῦ
1165 4059 1375 4131 κόσμου
1428 4059 1605 4132 λύπης
1656 4060 1977 4132 συμϐαίνειν

392 4145 608 4203 εἴωθεν.

2082 3690 2154 3744 tis
2180 3689 2428 3743 habenda
2464 3688 2809 3743 solummodo
2835 3696 3208 3757 comparatur,
3240 3686 3297 3740 in
3332 3682 3436 3741 hoc
3462 3693 3669 3739 tantum

2085 3783 2329 3854 prodest,
2366 3782 2421 3836 in
2454 3782 2683 3852 reliquis
2708 3791 2890 3837 autem
2928 3781 3011 3836 vel
3042 3788 3224 3843 nocet,
3254 3780 3373 3835 haec
3398 3780 3546 3835 enim
3581 3795 3672 3836 se-

2085 3874 2330 3929 cundum
2354 3884 2609 3929 naturam
2636 3875 2854 3930 tristitia
2888 3884 2993 3931 est.
3037 3874 3157 3930 Non
3190 3875 3340 3931 enim
3379 3874 3471 3944 qui
3500 3874 3674 3931 tristi-

2087 3967 2218 4020 tiam
2248 3966 2328 4022 sic
2355 3966 2522 4020 habet
2548 3967 2850 4021 secundum
2873 3964 3043 4021 Deum
3072 3965 3453 4035 paenitentiam
3475 3964 3671 4020 admit-

2086 4067 2223 4113 teret
2252 4066 2349 4113 aut
2392 4072 2453 4113 se
2482 4056 2908 4123 condemnaret,
2940 4072 3041 4112 cur
3075 4072 3207 4127 ergo
3251 4057 3535 4111 tristitiam
3569 4056 3670 4111 ha-

2084 4152 2244 4208 buit?
2273 4150 2433 4217 Quod
2483 4150 2540 4203 in
2576 4149 2761 4205 saeculi
2788 4148 3010 4203 tristitia
3038 4149 3248 4203 versari
3280 4156 3538 4204 assuetus
3562 4158 3667 4210 est,

1451 4268 1538 4325 Ill.
1580 4268 1650 4323 IN
1688 4265 2079 4324 EPISTOLAM
2118 4263 2210 4317 AD
2249 4258 2618 4317 HEBREOS.

1669 4363 1934 4437 (CRAMER.
1972 4373 2009 4416 ι.
2050 4357 2157 4427 VII,
2186 4358 2397 4431 p.405.)

2127 4474 2280 4531 CAP.
2306 4472 2372 4529 ll.
2412 4471 2577 4529 Vsus.
2610 4474 2699 4528 15.
2734 4473 2805 4528 Et
2833 4475 3025 4529 iterum
3056 4490 3072 4527 :
3111 4473 3221 4544 Ego
3251 4490 3340 4529 ero
3369 4473 3538 4542 ﬁdens
3577 4473 3637 4526 in

2781 4562 2969 4603 eum...

463 4633 713 4689 Φωτίου.
732 4634 807 4689 Τὸ
824 4636 905 4701 δὲ,
935 4636 1083 4709 Ἐγὼ
1111 4635 1327 4707 ἔσομαι
1359 4640 1658 4707 πεποιθὼς
1678 4640 1773 4693 ἐπ’
1797 4638 1978 4706 αὐτῷ,

2159 4638 2360 4693 Photii.
2384 4637 2520 4695 Illud
2540 4638 2864 4710 autem,Ego
2880 4655 2967 4694 ero
2983 4638 3149 4706 ﬁdens
3167 4639 3221 4691 in
3232 4653 3370 4703 eum,
3385 4636 3514 4706 quid
3535 4636 3674 4690 vult?

392 4723 448 4778 τί
481 4724 767 4795 βούλεται;
808 4729 844 4799 ἢ
876 4728 1018 4799 τάχα
1069 4729 1260 4801 ἐπειδὴ
1293 4731 1406 4786 ἄνω
1436 4726 1593 4786 εἶπεν
1623 4733 1789 4786 αὑτὸν
1817 4733 1976 4787 ἁδελ-

2092 4740 2243 4787 certe
2270 4747 2396 4788 cum
2442 4732 2700 4802 superius
2736 4731 2874 4786 dixit
2912 4731 3068 4784 illum
3110 4729 3336 4785 fratrem
3365 4740 3418 4785 ct
3443 4728 3673 4785 inferius

392 4816 496 4886 φὺν
516 4816 612 4869 καὶ
635 4817 785 4872 κάτω
808 4820 1041 4892 πατέρα,
1081 4822 1141 4874 ἐν
1182 4822 1333 4893 μέσῳ
1366 4822 1660 4894 ἐσήμανεν,
1692 4824 1773 4878 ὅτι
1804 4825 1981 4880 ταῦτα

2090 4832 2325 4894 patrem,
2363 4825 2419 4878 in
2453 4823 2635 4879 medio
2667 4822 3015 4889 signiﬁcavit,
3045 4821 3190 4890 quod
3224 4820 3318 4875 illa
3349 4829 3476 4875 sunt
3504 4820 3672 4875 bene-

396 4906 500 4977 μὲν
527 4909 942 4980 φιλανθρωπίας
990 4911 1235 4982 ὀνόματα
1266 4916 1363 4967 καὶ
1393 4915 1619 4988 χάριτος
1656 4918 1756 4989 τῆς
1780 4918 1972 4972 αὐτοῦ.

2086 4914 2343 4970 volentia;
2364 4915 2591 4969 nomina
2618 4922 2673 4970 et
2697 4913 2887 4985 gratiae
2918 4912 3086 4968 illius.
3126 4912 3261 4968 Illud
3291 4927 3441 4977 vero,
3477 4920 3674 4965 natura

393 5001 469 5054 Τὸ
495 5000 552 5054 δὲ
574 5038 591 5065 ,
624 5000 785 5070 φύσει
831 5004 928 5059 καὶ
953 5002 1171 5074 ἀὶηθῶς
1195 5004 1327 5067 Θεὸς
1354 5004 1507 5078 ἔστη,
1542 5007 1697 5078 φησί.
1745 5008 1840 5071 Τίς
1866 5010 1974 5077 γὰρ

2085 5011 2140 5057 et
2162 5018 2290 5059 vere
2320 5001 2469 5059 Deus
2499 5002 2672 5068 stetit,
2702 5002 2903 5072 inquit.
2940 5001 3076 5056 Nam
3111 5002 3236 5071 quis
3268 5001 3383 5055 ﬁdit
3415 5000 3469 5053 in
3504 5000 3672 5054 alium

396 5092 655 5145 πέποιθεν
678 5094 772 5147 ἐπὶ
792 5094 964 5167 ἑτέρῳ
993 5095 1099 5149 τινὶ
1118 5098 1169 5149 εἰ
1198 5096 1274 5167 μὴ
1304 5097 1401 5150 ἐπὶ
1441 5098 1588 5170 μόνῳ
1624 5098 1778 5169 Θεῴ;
1834 5100 1984 5154 Ὢσεὶ

2084 5096 2345 5167 aliquem,
2379 5096 2485 5152 nisi
2519 5096 2574 5150 in
2599 5095 2779 5151 solum
2805 5094 2977 5151 Deum
3002 5095 3025 5148 ?
3055 5093 3211 5149 Sicut
3245 5093 3400 5158 dixit,
3434 5108 3541 5146 non
3570 5107 3670 5147 au-

399 5182 588 5253 έλεγε·
621 5185 715 5257 Μὴ
775 5186 1069 5252 ἀκούοντες
1100 5186 1263 5242 αὐτὸν
1309 5189 1542 5259 ἀδελφὸν
1589 5192 1688 5246 καὶ
1746 5192 1982 5265 πατέρα,

2083 5188 2298 5245 dientes
2330 5188 2484 5243 illum
2525 5186 2754 5243 fratrem
2786 5198 2842 5243 et
2871 5195 3103 5258 patrem,
3136 5195 3319 5255 putate
3347 5198 3517 5239 unum
3550 5197 3676 5238 esse

402 5272 659 5347 νομίσητε
711 5276 807 5332 ἕνα
833 5272 975 5332 εἶναι
1022 5278 1134 5332 τῶν
1183 5278 1417 5349 πολλῶν,
1449 5280 1580 5345 Θεός
1618 5282 1765 5336 ἐστιν
1795 5283 1880 5352 ἐφ’
1926 5283 1986 5337 ὃν

2086 5296 2118 5337 e
2147 5281 2371 5349 multis;
2406 5280 2549 5337 Deus
2576 5289 2662 5336 est
2693 5281 2747 5337 in
2790 5296 2953 5352 quem
2980 5278 3243 5349 scriptum
3281 5286 3363 5333 est
3399 5275 3674 5332 ﬁdendum

395 5360 709 5434 γέγραπται
734 5365 1052 5422 πεποιθέναι
1076 5363 1271 5437 χρεών.
2089 5389 2231 5433 esse.

649 4474 799 4546 Ἐγὼ
834 4478 1049 4547 ἔσομαι
1086 4480 1386 4545 πεποιθὼς
1423 4480 1518 4533 ἐπ’
1557 4479 1737 4545 αὐτῷ.
