4132 6458
1726 572 2141 635 MONITUM.

1942 790 2018 803 —

365 920 533 994 Quin
555 926 925 1001 sequuntur
954 918 1351 1000 qutestiones
1381 918 1494 980 diu
1524 915 1749 981 multis
1779 918 2086 998 expensis
2131 918 2464 999 multaque
2494 918 2832 998 diligentia
2872 917 3113 983 frustra
3170 921 3588 1000 quaesivera-

287 1042 457 1086 mus.
500 1026 701 1087 Nobis
734 1026 1020 1101 tandem,
1066 1024 1366 1088 absoluto
1393 1024 1526 1104 jam
1585 1024 1944 1100 volumine,
1988 1042 2097 1087 eas
2133 1025 2430 1087 Venetiis
2467 1024 2536 1085 in
2579 1023 2777 1086 Codd.
2809 1024 3007 1085 Graec.
3046 1024 3132 1096 X,
3166 1024 3282 1095 XI,
3319 1024 3437 1084 ΧΙΙ
3475 1021 3588 1083 Bi-

284 1126 630 1188 bliothecaa
682 1126 1025 1188 Marciana)
1063 1128 1283 1189 datum
1324 1133 1423 1188 est
1461 1126 1795 1205 detegere.
1830 1127 2217 1202 Quas,fcum
2268 1142 2463 1187 suum
2498 1125 2629 1206 jam
2688 1141 2814 1187 non
2850 1124 3100 1204 possint
3140 1124 3355 1186 locum
3410 1124 3589 1187 obti-

285 1245 473 1302 nere,
508 1227 584 1288 ad
621 1228 858 1290 calcem
899 1226 1258 1291 voluminis
1286 1228 1614 1309 appositas
1650 1225 1822 1290 haud
1871 1224 2143 1307 ingrate,
2167 1242 2530 1308 speramus,
2565 1226 2763 1289 lector
2807 1225 3120 1287 inveniet.
3155 1226 3335 1288 Εοιτ.

1301 1600 2600 1734 SUPPLEMENTUM

802 1861 954 1951 AD
1047 1857 1851 1967 QUIESTIONES
1942 1858 2323 1949 AMPHI
2348 1858 3066 1955 LOCHIANAS.

1900 2076 1973 2093 ὴ

812 2207 1149 2262 ΕΡΩΡΗΣΙΣ
1180 2204 1370 2262 PMII'.
1934 2207 1981 2271 Α,

1934 2207 1981 2271 Α.
2470 2210 2805 2279 ΩΗᾹΞΞΤΙΟ
2851 2214 3132 2274 CXLVIII.

289 2308 366 2361 Εε
382 2302 453 2358 δὲ
483 2301 806 2384 ἀλλήᾷοιξς
919 2317 1082 2384 {fere
1112 2300 1217 2384 καί
1236 2299 1605 2384 κατεσθίετε.
1624 2299 1893 2365 βλέπετε

1644 2299 1893 2355 ϐλέπετε
2007 2373 2044 2384 ﬂ
2144 2372 2157 2384 _
2208 2372 2222 2384 .
2325 2300 2506 2384 [Deest
2545 2306 2599 2358 in
2638 2302 2813 2384 Coisl.
2838 2316 2887 2361 et
2915 2307 3080 2364 Taur.
3102 2307 3276 2384 βαιὴ]

604 2372 694 2445 μὴ
736 2375 837 2428 ὑπ’
864 2372 1158 2440 ἀλλήλων
1184 2372 1562 2439 ἀναλωθῆτε.
2001 2372 2157 2438 Quod
2173 2372 2561 2447 sivesinvicem
2589 2378 2840 2432 mordetis
2861 2391 2909 2432 et
2926 2382 3226 2447 comeditis,
3254 2372 3424 2439 {videte
3444 2402 3508 2441 ne
3529 2387 3596 2441 ab

2383 2446 2602 2500 invicem
2651 2453 3040 2506 consumamini
3073 2453 3089 2483 ί
3120 2446 3223 2525 (a).

363 2532 554 2586 Εἰπὼν
574 2532 603 2585 ὁ
628 2530 866 2596 Παῦλος,
896 2522 959 2583 οὒ
982 2531 1015 2601 ὴ
1039 2529 1259 2599 γλῶττα
1292 2528 1388 2583 τοῦ
1425 2527 1695 2597 παναγίου
1719 2527 1896 2582 Πνεῦ-

2075 2540 2271 2598 Dicens
2322 2540 2552 2607 Paulus,
2587 2543 2748 2613 cujus
2783 2545 2967 2612 lingua
3021 2522 3199 2603 sancti
3247 2547 3487 2620 Spiritus
3513 2560 3600 2607 est

293 2643 467 2699 ματος
517 2627 773 2698 ὄργανον,
825 2622 1028 2694 ’Υμεῖς
1078 2621 1192 2693 γὰρ
1236 2622 1331 2675 ἐπ’
1354 2624 1668 2691 ἐλευθερίᾳ
1707 2623 1895 2692 ἐκλή-

2000 2647 2294 2703 organum,
2331 2633 2433 2690 Vos
2468 2636 2606 2690 enim
2644 2638 2699 2691 in
2745 2637 3040 2694 libertatem
3086 2644 3259 2696 vocati
3287 2643 3439 2708 estis,
3480 2644 3599 2712 fra-

291 2725 465 2790 θητε,
529 2717 811 2788 ἀδελφοί,
861 2718 960 2771 καὶ
1023 2716 1264 2782 διδάξας,
1310 2716 1387 2781 ὡς
1441 2716 1539 2788 οὐχ
1580 2716 1897 2771 ὑπόκεινται

2002 2734 2110 2779 tres
2135 2726 2179 2791 ²,
2206 2736 2264 2781 et
2304 2727 2535 2792 docens,
2572 2728 2720 2799 quod
2767 2745 2876 2785 non
2919 2730 3298 2801 subjiciuntur
3341 2738 3596 2793 servituti

290 2813 511 2885 δουλείᾳ
553 2810 882 2884 περιτομῆς,
910 2810 1034 2863 οὐδὲ
1079 2808 1161 2882 τῷ
1202 2808 1298 2862 τοῦ
1328 2809 1501 2879 νόμου
1525 2808 1677 2881 ζυγῴ
1726 2826 1901 2863 κατα·-

2001 2820 2467 2887 circumcisionis,
2507 2838 2686 2893 neque
2716 2824 2847 2895 jnge
2878 2826 3012 2897 legis
3047 2837 3395 2897 premuntur,
3444 2841 3502 2886 ut
3534 2848 3603 2888 ne

289 2905 599 2975 τρίϐεσθαι,
631 2903 721 2958 ἴνα
752 2901 828 2974 μὴ
856 2903 960 2971 τὴν
983 2899 1307 2971 ἐλευθερίαν
1339 2900 1546 2967 αὐτοῖς,
1579 2901 1676 2994 καί
1694 2901 1796 2954 ὅσα
1822 2900 1899 2994 pi}

2013 2909 2326 2967 libertatem
2360 2913 2487 2981 illis,
2516 2921 2572 2969 ct
2601 2918 2784 2970 omnia
2813 2933 2938 2987 qua:
2982 2934 3093 2974 non
3122 2931 3360 2990 oportet,
3396 2923 3594 2994 largita

289 2996 395 3057 δεῖ,
438 2992 763 3066 χαρίζεσθαι
816 2991 1105 3064 νομίσωσι,
1191 2993 1287 3045 καὶ
1345 2992 1446 3064 τὴν
1469 2990 1728 3063 ἀφορμὴν
1792 2992 1895 3061 τῆς

2002 3000 2175 3058 fuisse
2206 3012 2421 3074 putent,
2455 3015 2594 3060 etex
2618 3006 2741 3075 jure
2773 3006 3048 3065 libertatis
3077 3011 3348 3066 libertatis
3374 2990 3600 3082 injusti-

288 3091 612 3163 ἐλευθερίας
666 3087 826 3160 ὓϐριν
864 3089 1200 3158 ποιήσωνται
1245 3085 1346 3156 τῆς
1404 3083 1741 3155 ἐλευθερίας,
1771 3085 1904 3139 ὐπο-

2000 3094 2135 3147 tiam
2165 3095 2393 3163 faciant,
2446 3097 2709 3153 submissi
2745 3101 2926 3167 carni,
2963 3100 3117 3157 addit
3152 3121 3166 3158 :
3204 3104 3310 3158 Sed
3341 3122 3435 3175 per
3467 3107 3600 3161 cha-

285 3188 620 3260 τασσόμενοι
664 3188 731 3258 τῇ
788 3185 975 3253 σαρκὶ,
1023 3183 1352 3251 ἐπήγαγενο
1407 3182 1587 3237 Ἀλλὰ
1642 3181 1740 3237 διὰ
1784 3180 1897 3251 rﬁc

1998 3185 2219 3240 ritatem
2254 3189 2445 3243 servite
2499 3190 2741 3245 invicem.
2797 3190 2990 3248 Vocati
3050 3197 3210 3263 estis,
3276 3198 3478 3269 inquit,
3529 3200 3598 3255 ad

289 3282 535 3353 ἀγάπης
574 3279 899 3334 δουλεύετε
936 3276 1258 3346 ἀλλήλοις.
1304 3274 1696 3346 ’Δνεκλήθητε,
1726 3276 1893 3345 φησὶ,

2000 3275 2351 3346 libertatem;
2388 3279 2559 3351 fugite
2588 3284 2773 3338 carnis
2815 3285 3178 3354 servitutem;
3215 3290 3402 3344 carnis
3430 3307 3599 3361 porro

287 3375 433 3448 πρὸς
460 3372 801 3445 ἐλευθερίαν,
834 3369 1068 3440 φεύγετε
1099 3370 1198 3440 τῆς
1245 3368 1449 3439 σαρκὸς
1478 3368 1577 3439 τὴν
1610 3368 1857 3421 δουλείαν
1876 3384 1891 3398 ·

1999 3372 2241 3427 servitus
2272 3373 2573 3429 multorum
2604 3384 2691 3430 est
2711 3390 2880 3431 causa
2924 3376 3176 3433 dolorum
3209 3392 3265 3437 et
3298 3384 3596 3454 tualorum,

288 3470 324 3532 ἡ
355 3467 419 3520 δὲ
466 3465 569 3536 τῆς
601 3465 808 3536 σαρκὸς
832 3462 1050 3516 δουλεία
1077 3460 1289 3515 πολλῶν
1318 3460 1418 3531 μὲν
1451 3462 1546 3514 καὶ
1568 3460 1746 3514 ἄλλων
1769 3460 1885 3513 ἐστὶ

1999 3465 2286 3535 ipsamque
2329 3466 2657 3523 charitatem
2717 3469 2882 3523 mittit
2912 3469 3086 3527 foras.
3123 3470 3194 3527 Ut
3237 3491 3369 3546 ergo
3397 3490 3599 3535 caetera

286 3559 554 3633 πρόξενος
589 3556 782 3612 παθῶν
837 3555 934 3609 καὶ
966 3553 1193 3620 κακίας,
1225 3552 1370 3621 ἀτὰρ
1402 3552 1467 3623 δὴ
1493 3551 1588 3605 καὶ
1615 3549 1716 3623 τὴν
1743 3550 1889 3621 ἀγά-

1994 3559 2273 3625 ouuittam,
2299 3559 2402 3615 hoc
2432 3561 2631 3616 vulnus
2660 3578 2692 3617 e
2723 3579 2890 3619 carne
2931 3577 3123 3622 contra
3164 3586 3268 3626 nos
3300 3580 3515 3640 natum,
3542 3574 3598 3630 id

282 3672 403 3725 πην
442 3651 767 3707 ἀπωθεῖται.
828 3650 952 3704 ἰνα
994 3649 1176 3702 τοίνυν
1213 3647 1281 3701 τὰ
1336 3646 1474 3701 ἄλλα
1528 3645 1666 3708 τέως
1719 3645 1887 3708 ἐάσω,

1999 3658 2104 3714 est,
2127 3666 2251 3719 qu.»
2267 3651 2564 3706 mortiﬂeat
2577 3653 2932 3720 charitatem,
2946 3658 3175 3713 minime
3198 3661 3252 3714 in
3278 3663 3434 3719 vobis
3457 3666 3595 3735 ipsis

282 3747 497 3817 ταύτην
533 3743 633 3816 τὴν
667 3743 777 3798 ἀπὸ
822 3744 922 3814 τῆς
947 3740 1151 3812 σαρκὸς
1176 3740 1488 3811 ἐρχομένην
1521 3737 1737 3810 πληγὴν
1764 3736 1890 3792 καθ’

2000 3745 2355 3799 tentationem
2400 3744 2517 3799 ﬁeri
2550 3749 2903 3816 permittatis.
2946 3748 3235 3816 Quomodo
3261 3753 3410 3811 istud
3468 3758 3602 3814 fiet?

282 3839 471 3911 ἡμῶν,
514 3836 786 3899 τουτέστι,
820 3836 926 3908 τὴν
953 3832 1260 3906 νεκροῦσαν
1304 3833 1406 3905 τὴν
1430 3832 1675 3912 ἀγάπην,
1715 3831 1888 3904 μηδα-

1999 3836 2057 3891 Si
2103 3853 2196 3907 per
2248 3838 2562 3894 clmritatem
2628 3842 2873 3897 serviatis
2925 3843 3183 3911 invicem;
3218 3863 3316 3917 per
3356 3848 3602 3904 charito-

286 3932 411 4003 μῶς
445 3931 505 3984 ἐν
529 3931 742 3993 ἑαυτοῖς
774 3926 1066 3998 παρελθεῖν
1097 3925 1375 3997 πρόφασιν
1406 3922 1887 3994 ὑποωτακλιθῆτε

1998 3929 2780 3999 temenimquaeestservitus,
2815 3949 2964 4002 pune
2991 3933 3289 3993 desursum
3330 3939 3602 3999 libertatis

280 4023 494 4078 δοῦναι.
512 4020 684 4075 Τοῦτο
705 4020 760 4074 δὲ
779 4019 932 4073 ἔσται
953 4017 1110 4085 πῶςς
1143 4018 1202 4071 Et
1237 4016 1335 4070 διὰ
1351 4014 1464 4086 τῆς
1488 4014 1733 4086 ἀγάπης
1755 4013 1890 4069 δου-

1995 4028 2081 4074 est
2120 4022 2341 4091 pignus,
2375 4032 2431 4075 et
2457 4035 2646 4092 pacem
2678 4026 2941 4079 cordibus
2968 4026 3253 4083 hominum
3288 4029 3600 4089 inhabitare

278 4116 497 4172 λεύετε
518 4113 838 4182 ἀλλήλοιςο
864 4113 898 4182 ἡ
923 4111 1033 4182 γὰρ
1059 4109 1150 4164 διὰ
1172 4113 1273 4180 τῆς
1302 4108 1525 4180 ἀγάπης
1545 4107 1764 4163 δουλεία
1788 4107 1887 4179 τὴν

1999 4108 2153 4167 facit.
2211 4111 2422 4167 Deinde
2482 4114 2802 4180 ostendens,
2845 4118 2993 4186 quod
3056 4119 3193 4191 legis
3244 4134 3462 4176 summa
3509 4134 3597 4180 est

280 4210 497 4265 ἄνωθεν
518 4206 959 4280 άρῤαὸωνίξεται
997 4203 1248 4275 καθαρὰν
1281 4202 1626 4273 ἐλευθερίαν,
1653 4202 1750 4256 καὶ
1775 4200 1880 4272 τὴν

1994 4199 2225 4272 diligere
2259 4205 2571 4274 proximum
2605 4205 2750 4260 sicut
2778 4208 3023 4278 seipsutn
3052 4209 3093 4276 ³,
3125 4211 3317 4282 sicque
3347 4214 3596 4271 Charita-

278 4301 519 4373 είρήνην
540 4302 660 4361 ταῖς
685 4294 999 4367 ἀνθρώπων
1030 4294 1282 4365 καρδίαις
1316 4292 1723 4364 ἐγκατοικίζει.
1749 4287 1886 4345 Εἶτα

1996 4294 2068 4350 tis
2099 4294 2271 4349 altum
2300 4305 2356 4351 et
2388 4298 2523 4352 utile
2564 4298 2839 4356 exhibens
2878 4318 2943 4357 ex
2993 4304 3393 4364 comitantibus
3420 4308 3593 4365 vitam

275 4391 526 4458 δεικνὺς,
554 4391 638 4444 ὅτι
662 4388 760 4442 καὶ
789 4389 958 4457 νόμον
998 4385 1293 4456 κεφάλαιόν
1316 4386 1437 4439 ἐστι
1467 4384 1529 4438 τὸ
1560 4384 1782 4454 ἀγαπᾷν
1807 4383 1885 4448 ὡς

1994 4384 2293 4441 lnunanam
2341 4389 2651 4453 eventibus,
2705 4392 2949 4447 concinit
2988 4392 3406 4453 documentum.
3451 4398 3591 4455 Cum

276 4483 481 4538 ἑαυτὸν
510 4481 601 4534 τὸν
631 4479 883 4549 πλησίον,
916 4476 1206 4549 καὶταύτῃ
1238 4475 1341 4546 τῆς
1368 4475 1593 4548 ἀγάπης
1633 4477 1696 4528 τὸ
1745 4474 1885 4546 ὑψη-

1992 4482 2139 4534 enim
2179 4482 2552 4537 omnishomo
2587 4499 2702 4539 non
2724 4485 2939 4556 legibus
2981 4498 3037 4545 et
3088 4491 3255 4547 minis
3296 4509 3492 4566 pinnas
3528 4498 3595 4551 fi-

276 4579 375 4631 λδν
409 4575 506 4630 καὶ
546 4572 829 4643 ὠφέλιμον
870 4569 1235 4641 παραστήσας
1270 4567 1382 4622 ἀπὸ
1414 4567 1524 4622 τῶν
1557 4568 1883 4639 παρεπομέ-

1991 4572 2149 4626 nales
2192 4575 2598 4639 minitantibus,
2640 4579 2755 4631 vult
2786 4579 3028 4647 edoceri,
3066 4583 3289 4639 nuntiat
3326 4594 3595 4656 quantum

273 4687 389 4725 νων
419 4666 785 4740 ἀνθρωπίνων
808 4663 886 4735 τῷ
929 4662 1031 4734 βίῳ
1070 4663 1521 4733 συμπτωμάτων,
1558 4662 1882 4732 ἐπισφίγγει

1990 4683 2056 4721 ex
2088 4672 2517 4737 ρι’ξεεοιιιὶιιιιειιι
2539 4672 2951 4730 imminentibus
2974 4677 3306 4748 supplicium
3332 4696 3347 4747 ;
3384 4692 3438 4736 et
3462 4698 3598 4737 con-

269 4762 381 4832 τὴν
416 4756 803 4814 διδασκαλίανο
841 4755 1032 4828 ἐπειδὴ
1077 4757 1189 4826 γὰρ
1218 4755 1248 4807 ὁ
1274 4755 1444 4819 πολὺς
1493 4753 1784 4826 ἄνθρωπος
1817 4756 1880 4809 οὐ

1989 4760 2162 4815 cludit
2180 4762 2305 4816 inde
2325 4762 2788 4819 exhortationem.
2810 4764 2867 4819 Si
2894 4783 3022 4823 vero
3054 4783 3233 4839 neque
3259 4770 3486 4827 libertas
3511 4789 3605 4827 vn.

270 4851 540 4908 τοσοῦτον
585 4851 775 4921 νόμοις
826 4850 923 4903 καὶ
971 4845 1305 4920 [άπειλαῖς],
1348 4849 1471 4910 ταῖς
1518 4846 1878 4913 ἀπειλούσαις

1991 4852 2078 4906 bis
2115 4852 2314 4921 placet,
2340 4866 2520 4923 neque
2550 4853 2696 4925 quod
2725 4858 2988 4911 convenit
3028 4859 3240 4916 servire
3264 4861 3499 4918 invicem
3536 4864 3590 4920 iu

271 4945 379 5010 τὰς
407 4944 730 5006 τελευταίας
752 4940 1027 5006 κολάσεις,
1070 4939 1507 5013 σωφρονίζεσθαι
1536 4939 1701 5006 θέλει,
1736 4957 1883 5013 παρ-

1985 4943 2283 5012 chat-itate,
2322 4960 2506 5015 neque
2536 4947 2681 5015 quod
2710 4947 3125 5017 implementum
3155 4949 3291 5022 legis
3328 4953 3592 5024 perfectio

272 5037 541 5108 αγγέλλει
598 5036 727 5090 ὅσον
752 5033 864 5089 ἀπὸ
896 5033 1007 5087 τῶν
1038 5032 1395 5105 προσκαίρων
1420 5035 1515 5087 καὶ
1539 5033 1876 5102 ἐγγιζόντων

1991 5034 2317 5103 charitatis;
2393 5037 2489 5091 sed
2545 5039 2661 5092 hanc
2721 5040 2909 5094 omnia
2983 5042 3192 5098 nullius
3250 5046 3595 5103 aestimantes

273 5131 361 5191 είς
402 5124 703 5199 τιμωρίαν,
757 5124 1014 5195 ἐπιφέρει
1059 5122 1160 5194 τὴν
1210 5124 1549 5195 παραίνεσιν
1594 5124 1874 5180 κάκεῖθεν.

1986 5128 2211 5182 invicem
2274 5144 2365 5183 vos
2413 5131 2669 5185 mordetis
2721 5140 2771 5186 et
2833 5134 3132 5200 comeditis.
3202 5145 3409 5206 tamen,
3486 5141 3592 5197 nisi

274 5222 342 5274 Et
368 5217 428 5273 δὲ
465 5218 603 5290 μήτε
649 5215 713 5270 τὸ
765 5216 867 5287 τῆς
926 5213 1244 5284 ἐλευθερίας
1277 5214 1425 5285 ὑμᾶς
1458 5214 1724 5281 δυσωπεῖ,
1751 5216 1882 5287 μηδ’

1985 5221 2132 5277 aliud
2160 5230 2216 5276 at
2257 5222 2311 5278 id
2353 5223 2547 5279 saltem
2589 5224 2937 5283 considerate
2982 5229 3134 5301 quod
3184 5230 3241 5286 in
3284 5232 3501 5288 ruinam
3536 5245 3593 5290 et

269 5317 360 5368 ὅτι
397 5312 645 5384 προσῆκε
688 5308 966 5363 δουλεύειν
1012 5306 1269 5380 ἀλλήλοις
1303 5308 1361 5360 ἐν
1400 5308 1613 5382 ἀγάπῃ,
1649 5306 1775 5379 μηδ’
1798 5309 1882 5362 ὅτι

1988 5316 2269 5372 interitum
2333 5331 2579 5374 vestrum
2652 5322 2781 5376 talis
2846 5323 2993 5378 actio
3058 5332 3323 5383 vertetur.
3399 5326 3594 5385 Cavete

273 5407 560 5479 πλήρωμα
596 5405 766 5477 νόμου
817 5404 880 5458 τὸ
928 5401 1270 5475 κατόρθωμα
1303 5401 1401 5473 τῆς
1451 5401 1696 5473 ἀγάπης,
1743 5402 1883 5456 ἀλλὰ

1989 5409 2156 5479 igitur
2186 5424 2249 5461 ne
2294 5408 2555 5463 excidatis
2600 5427 2633 5464 a
2673 5412 2976 5478 charitate;
3018 5415 3277 5473 excidere
3318 5420 3467 5474 enim
3514 5421 3583 5477 ab

270 5499 454 5554 ταῦτα
484 5498 666 5554 πάντα
688 5497 907 5570 θέμενοι
954 5494 1115 5569 παρὰ
1154 5494 1383 5566 φαῦλον,
1417 5494 1747 5563 Ἀλλήλους
1779 5495 1888 5550 δά-

1994 5498 2110 5562 illa.
2132 5499 2187 5552 in
2224 5513 2436 5571 pugnas
2463 5515 2561 5557 vos
2585 5511 2641 5557 et
2681 5505 3070 5562 contentiones
3104 5506 3281 5577 ducit,
3309 5520 3366 5565 et
3397 5511 3589 5585 dispo-

356 5661 375 5693 ¹
404 5660 585 5717 Galat.
618 5676 673 5729 v,
709 5660 799 5716 I5.
875 5662 897 5693 ²
928 5660 1062 5717 ibid.
1094 5660 1182 5717 15.
1259 5661 1280 5694 ³
1304 5660 1439 5717 ibid.
1483 5661 1573 5721 14.

349 5801 429 5873 (α)
466 5800 538 5859 De
571 5803 673 5860 hoc
715 5815 1042 5876 argumento
1080 5807 1205 5866 vide
1251 5808 1419 5867 etiam
1448 5810 1808 5881 quaestionem
1848 5810 1985 5868 LIV.
