  <div class='ocr_page' id='page_1' title='image "/cluster/home/n/w/nwhite01/storage/ocr_20150623/101:no.1/coo.31924054870054/667.png"; bbox 0 0 4132 6476; ppageno 0'>
   <div class='ocr_carea' id='block_1_1' title="bbox 1814 398 2119 467">
    <p class='ocr_par' dir='ltr' id='par_1_1' title="bbox 1814 403 2119 466">
     <span class='ocr_line' id='line_1_1' title="bbox 1814 403 2119 466; baseline -0.01 0"><span class='ocrx_word' id='word_1_1' title='bbox 1814 404 1911 466; x_wconf 88' lang='lat' dir='ltr'><strong>SU</strong></span> <span class='ocrx_word' id='word_1_2' title='bbox 1919 403 2119 464; x_wconf 81' lang='lat' dir='ltr'><strong>PPPLl</strong></span> 
     </span>
    </p>
   </div>
   <div class='ocr_carea' id='block_1_2' title="bbox 2234 398 3843 467">
    <p class='ocr_par' dir='ltr' id='par_1_2' title="bbox 2234 398 3843 467">
     <span class='ocr_line' id='line_1_2' title="bbox 2234 398 3843 467; baseline 0.003 -7"><span class='ocrx_word' id='word_1_3' title='bbox 2234 398 2497 462; x_wconf 77' lang='lat' dir='ltr'><strong>ENTUM</strong></span> <span class='ocrx_word' id='word_1_4' title='bbox 3689 399 3843 467; x_wconf 75' lang='grc'><strong>1280</strong></span> 
     </span>
    </p>
   </div>
   <div class='ocr_carea' id='block_1_3' title="bbox 535 416 674 483">
    <p class='ocr_par' dir='ltr' id='par_1_3' title="bbox 535 416 674 483">
     <span class='ocr_line' id='line_1_3' title="bbox 535 416 674 483; baseline -0.014 0"><span class='ocrx_word' id='word_1_5' title='bbox 535 416 674 483; x_wconf 73' lang='grc'><strong>1279</strong></span> 
     </span>
    </p>
   </div>
   <div class='ocr_carea' id='block_1_4' title="bbox 529 510 2119 592">
    <p class='ocr_par' dir='ltr' id='par_1_4' title="bbox 529 516 2112 592">
     <span class='ocr_line' id='line_1_4' title="bbox 529 516 2112 592; baseline -0.014 -1"><span class='ocrx_word' id='word_1_6' title='bbox 529 537 613 592; x_wconf 93' lang='lat' dir='ltr'><strong>nit</strong></span> <span class='ocrx_word' id='word_1_7' title='bbox 653 528 955 589; x_wconf 88' lang='lat' dir='ltr'><strong>adhostilia</strong></span> <span class='ocrx_word' id='word_1_8' title='bbox 1027 539 1180 582; x_wconf 89' lang='lat' dir='ltr'><strong>arma</strong></span> <span class='ocrx_word' id='word_1_9' title='bbox 1223 520 1489 579; x_wconf 83' lang='lat' dir='ltr'><strong>sumenda</strong></span> <span class='ocrx_word' id='word_1_10' title='bbox 1526 537 1543 588; x_wconf 94' lang='lat'><strong>;</strong></span> <span class='ocrx_word' id='word_1_11' title='bbox 1584 519 1704 576; x_wconf 63' lang='lat' dir='ltr'><strong>haec</strong></span> <span class='ocrx_word' id='word_1_12' title='bbox 1753 533 1886 575; x_wconf 89' lang='lat' dir='ltr'><strong>vero</strong></span> <span class='ocrx_word' id='word_1_13' title='bbox 1950 516 2112 573; x_wconf 90' lang='lat' dir='ltr'><strong>interi</strong></span> 
     </span>
    </p>
   </div>
   <div class='ocr_carea' id='block_1_5' title="bbox 2234 510 3851 592">
    <p class='ocr_par' dir='ltr' id='par_1_5' title="bbox 2245 510 3851 585">
     <span class='ocr_line' id='line_1_5' title="bbox 2245 510 3851 585; baseline 0.002 -17"><span class='ocrx_word' id='word_1_14' title='bbox 2245 529 2383 568; x_wconf 83' lang='grc' dir='ltr'>νετε</span> <span class='ocrx_word' id='word_1_15' title='bbox 2430 510 2531 566; x_wconf 78' lang='grc' dir='ltr'><strong>καί</strong></span> <span class='ocrx_word' id='word_1_16' title='bbox 2587 513 2955 580; x_wconf 78' lang='grc' dir='ltr'><strong>κατεσθίετε,</strong></span> <span class='ocrx_word' id='word_1_17' title='bbox 2988 512 3097 568; x_wconf 79' lang='grc' dir='ltr'><strong>κᾶν</strong></span> <span class='ocrx_word' id='word_1_18' title='bbox 3136 510 3289 583; x_wconf 83' lang='grc' dir='ltr'>γοῦν,</span> <span class='ocrx_word' id='word_1_19' title='bbox 3347 510 3401 566; x_wconf 87' lang='grc' dir='ltr'><strong>εί</strong></span> <span class='ocrx_word' id='word_1_20' title='bbox 3457 511 3534 585; x_wconf 88' lang='grc' dir='ltr'><strong>μή</strong></span> <span class='ocrx_word' id='word_1_21' title='bbox 3592 528 3648 566; x_wconf 90' lang='grc' dir='ltr'><strong>τι</strong></span> <span class='ocrx_word' id='word_1_22' title='bbox 3694 512 3851 572; x_wconf 63' lang='grc' dir='ltr'>ἀλλ’.</span> 
     </span>
    </p>
   </div>
   <div class='ocr_carea' id='block_1_6' title="bbox 527 598 2119 691">
    <p class='ocr_par' dir='ltr' id='par_1_6' title="bbox 527 615 2119 691">
     <span class='ocr_line' id='line_1_6' title="bbox 527 615 2119 691; baseline -0.013 -8"><span class='ocrx_word' id='word_1_23' title='bbox 527 638 648 683; x_wconf 92' lang='lat' dir='ltr'><strong>tum</strong></span> <span class='ocrx_word' id='word_1_24' title='bbox 717 633 964 680; x_wconf 89' lang='lat' dir='ltr'><strong>vestrum</strong></span> <span class='ocrx_word' id='word_1_25' title='bbox 1018 624 1353 691; x_wconf 66' lang='lat' dir='ltr'><strong>praeparant.</strong></span> <span class='ocrx_word' id='word_1_26' title='bbox 1419 615 1522 671; x_wconf 87' lang='lat' dir='ltr'><strong>Hic</strong></span> <span class='ocrx_word' id='word_1_27' title='bbox 1591 627 1760 686; x_wconf 88' lang='lat' dir='ltr'><strong>porro</strong></span> <span class='ocrx_word' id='word_1_28' title='bbox 1821 616 2119 682; x_wconf 75' lang='lat' dir='ltr'><strong>opportunc</strong></span> 
     </span>
    </p>
   </div>
   <div class='ocr_carea' id='block_1_7' title="bbox 2234 598 3847 691">
    <p class='ocr_par' dir='ltr' id='par_1_7' title="bbox 2238 598 3847 677">
     <span class='ocr_line' id='line_1_7' title="bbox 2238 598 3847 677; baseline 0.001 -18"><span class='ocrx_word' id='word_1_29' title='bbox 2238 604 2398 660; x_wconf 77' lang='grc' dir='ltr'>τοῦτο</span> <span class='ocrx_word' id='word_1_30' title='bbox 2446 607 2853 677; x_wconf 79' lang='grc' dir='ltr'><strong>κατανοήσατε,</strong></span> <span class='ocrx_word' id='word_1_31' title='bbox 2888 606 2968 670; x_wconf 86' lang='grc' dir='ltr'>ὡς</span> <span class='ocrx_word' id='word_1_32' title='bbox 2990 607 3071 671; x_wconf 90' lang='grc' dir='ltr'>εἰς</span> <span class='ocrx_word' id='word_1_33' title='bbox 3107 606 3317 677; x_wconf 72' lang='grc' dir='ltr'>φθορὰν</span> <span class='ocrx_word' id='word_1_34' title='bbox 3350 605 3509 677; x_wconf 85' lang='grc' dir='ltr'>ὑμῶν</span> <span class='ocrx_word' id='word_1_35' title='bbox 3556 608 3657 660; x_wconf 79' lang='grc' dir='ltr'><strong>καὶ</strong></span> <span class='ocrx_word' id='word_1_36' title='bbox 3702 598 3847 676; x_wconf 67' lang='grc' dir='ltr'>ἀφα-</span> 
     </span>
    </p>
   </div>
   <div class='ocr_carea' id='block_1_8' title="bbox 527 697 2119 777">
    <p class='ocr_par' dir='ltr' id='par_1_8' title="bbox 527 702 2119 777">
     <span class='ocr_line' id='line_1_8' title="bbox 527 702 2119 777; baseline -0.014 -1"><span class='ocrx_word' id='word_1_37' title='bbox 527 717 853 776; x_wconf 89' lang='lat' dir='ltr'><strong>charitatem</strong></span> <span class='ocrx_word' id='word_1_38' title='bbox 903 714 1184 777; x_wconf 89' lang='lat' dir='ltr'><strong>insinuat,</strong></span> <span class='ocrx_word' id='word_1_39' title='bbox 1249 706 1695 765; x_wconf 81' lang='lat' dir='ltr'><strong>circumcisiouis</strong></span> <span class='ocrx_word' id='word_1_40' title='bbox 1772 702 2119 758; x_wconf 73' lang='lat' dir='ltr'><strong>abolitionem</strong></span> 
     </span>
    </p>
   </div>
   <div class='ocr_carea' id='block_1_9' title="bbox 2234 697 3848 777">
    <p class='ocr_par' dir='ltr' id='par_1_9' title="bbox 2237 697 3848 773">
     <span class='ocr_line' id='line_1_9' title="bbox 2237 697 3848 773; baseline 0.001 -21"><span class='ocrx_word' id='word_1_41' title='bbox 2237 697 2493 772; x_wconf 83' lang='grc' dir='ltr'>νισμὺνή</span> <span class='ocrx_word' id='word_1_42' title='bbox 2522 698 2749 771; x_wconf 82' lang='grc' dir='ltr'><strong>τοιαύτη</strong></span> <span class='ocrx_word' id='word_1_43' title='bbox 2807 699 3012 773; x_wconf 78' lang='grc' dir='ltr'>πρᾶξις</span> <span class='ocrx_word' id='word_1_44' title='bbox 3062 699 3419 771; x_wconf 78' lang='grc' dir='ltr'>καταντήσει.</span> <span class='ocrx_word' id='word_1_45' title='bbox 3472 698 3848 764; x_wconf 75' lang='grc' dir='ltr'>Φυλάξασθε</span> 
     </span>
    </p>
   </div>
   <div class='ocr_carea' id='block_1_10' title="bbox 482 787 2119 895">
    <p class='ocr_par' dir='ltr' id='par_1_10' title="bbox 482 797 2119 895">
     <span class='ocr_line' id='line_1_10' title="bbox 482 797 2119 895; baseline -0.013 -27"><span class='ocrx_word' id='word_1_46' title='bbox 482 894 485 895; x_wconf 13' lang='grc' dir='ltr'><em>ν</em></span> <span class='ocrx_word' id='word_1_47' title='bbox 527 814 682 885; x_wconf 87' lang='lat' dir='ltr'><strong>prius</strong></span> <span class='ocrx_word' id='word_1_48' title='bbox 710 809 971 871; x_wconf 87' lang='lat' dir='ltr'><strong>suadens,</strong></span> <span class='ocrx_word' id='word_1_49' title='bbox 1009 817 1064 861; x_wconf 87' lang='lat' dir='ltr'><strong>et</strong></span> <span class='ocrx_word' id='word_1_50' title='bbox 1105 805 1239 861; x_wconf 91' lang='lat' dir='ltr'><strong>illud</strong></span> <span class='ocrx_word' id='word_1_51' title='bbox 1271 802 1375 859; x_wconf 83' lang='lat' dir='ltr'><strong>sibi</strong></span> <span class='ocrx_word' id='word_1_52' title='bbox 1409 814 1748 872; x_wconf 86' lang='lat' dir='ltr'><strong>proponens,</strong></span> <span class='ocrx_word' id='word_1_53' title='bbox 1778 797 1999 852; x_wconf 88' lang='lat' dir='ltr'><strong>scilicet</strong></span> <span class='ocrx_word' id='word_1_54' title='bbox 2050 802 2119 857; x_wconf 53' lang='lat' dir='ltr'><strong>ut,</strong></span> 
     </span>
    </p>
   </div>
   <div class='ocr_carea' id='block_1_11' title="bbox 2234 787 3850 895">
    <p class='ocr_par' dir='ltr' id='par_1_11' title="bbox 2239 787 3850 895">
     <span class='ocr_line' id='line_1_11' title="bbox 2239 787 3850 895; baseline -0.001 -49"><span class='ocrx_word' id='word_1_55' title='bbox 2388 789 2477 862; x_wconf 78' lang='grc' dir='ltr'><strong>μὴ</strong></span> <span class='ocrx_word' id='word_1_56' title='bbox 2528 791 2845 895; x_wconf 73' lang='grc' dir='ltr'>διαπεσεῖν</span> <span class='ocrx_word' id='word_1_57' title='bbox 2867 791 2979 861; x_wconf 83' lang='grc' dir='ltr'>τῆς</span> <span class='ocrx_word' id='word_1_58' title='bbox 3008 790 3271 863; x_wconf 75' lang='grc' dir='ltr'>ἀγάπης.</span> <span class='ocrx_word' id='word_1_59' title='bbox 3314 791 3391 845; x_wconf 86' lang='grc' dir='ltr'><strong>Τὸ</strong></span> <span class='ocrx_word' id='word_1_60' title='bbox 3421 791 3531 863; x_wconf 84' lang='grc' dir='ltr'><strong>γὰρ</strong></span> <span class='ocrx_word' id='word_1_61' title='bbox 3562 792 3850 846; x_wconf 80' lang='grc' dir='ltr'>διαπεσεῖν</span> 
     </span>
    </p>
   </div>
   <div class='ocr_carea' id='block_1_12' title="bbox 526 884 2119 961">
    <p class='ocr_par' dir='ltr' id='par_1_12' title="bbox 526 884 2119 961">
     <span class='ocr_line' id='line_1_12' title="bbox 526 884 2119 961; baseline -0.013 -3"><span class='ocrx_word' id='word_1_62' title='bbox 526 884 726 959; x_wconf 81' lang='lat' dir='ltr'><strong>divisis</strong></span> <span class='ocrx_word' id='word_1_63' title='bbox 766 900 909 955; x_wconf 84' lang='lat' dir='ltr'><strong>inter</strong></span> <span class='ocrx_word' id='word_1_64' title='bbox 942 912 1023 961; x_wconf 88' lang='lat' dir='ltr'><strong>se,</strong></span> <span class='ocrx_word' id='word_1_65' title='bbox 1050 903 1106 951; x_wconf 90' lang='lat' dir='ltr'><strong>et</strong></span> <span class='ocrx_word' id='word_1_66' title='bbox 1153 892 1508 948; x_wconf 74' lang='lat' dir='ltr'><strong>laudantibus</strong></span> <span class='ocrx_word' id='word_1_67' title='bbox 1540 886 2045 949; x_wconf 84' lang='lat' dir='ltr'><strong>circutncisiouem,</strong></span> <span class='ocrx_word' id='word_1_68' title='bbox 2077 893 2119 938; x_wconf 88' lang='lat' dir='ltr'><strong>el</strong></span> 
     </span>
    </p>
   </div>
   <div class='ocr_carea' id='block_1_13' title="bbox 2234 884 3849 961">
    <p class='ocr_par' dir='ltr' id='par_1_13' title="bbox 2242 884 3849 957">
     <span class='ocr_line' id='line_1_13' title="bbox 2242 884 3849 957; baseline -0.001 -19"><span class='ocrx_word' id='word_1_69' title='bbox 2242 884 2461 955; x_wconf 77' lang='grc' dir='ltr'><strong>ἐκείνης</strong></span> <span class='ocrx_word' id='word_1_70' title='bbox 2497 885 2576 949; x_wconf 90' lang='grc' dir='ltr'><strong>είς</strong></span> <span class='ocrx_word' id='word_1_71' title='bbox 2634 885 2815 955; x_wconf 79' lang='grc' dir='ltr'>μάχας</span> <span class='ocrx_word' id='word_1_72' title='bbox 2872 885 3020 955; x_wconf 78' lang='grc' dir='ltr'>ὑμᾶς</span> <span class='ocrx_word' id='word_1_73' title='bbox 3072 885 3170 939; x_wconf 78' lang='grc' dir='ltr'>καὶ</span> <span class='ocrx_word' id='word_1_74' title='bbox 3225 886 3375 957; x_wconf 73' lang='grc' dir='ltr'>ἕρεις</span> <span class='ocrx_word' id='word_1_75' title='bbox 3425 885 3716 956; x_wconf 74' lang='grc' dir='ltr'><strong>διεγείρει,</strong></span> <span class='ocrx_word' id='word_1_76' title='bbox 3752 886 3849 938; x_wconf 69' lang='grc' dir='ltr'><strong>καὶ</strong></span> 
     </span>
    </p>
   </div>
   <div class='ocr_carea' id='block_1_14' title="bbox 525 976 2119 1065">
    <p class='ocr_par' dir='ltr' id='par_1_14' title="bbox 525 978 2119 1065">
     <span class='ocr_line' id='line_1_14' title="bbox 525 978 2119 1065; baseline -0.013 -13"><span class='ocrx_word' id='word_1_77' title='bbox 525 995 583 1052; x_wconf 91' lang='lat' dir='ltr'><strong>in</strong></span> <span class='ocrx_word' id='word_1_78' title='bbox 640 994 873 1065; x_wconf 79' lang='lat' dir='ltr'><strong>gratiam</strong></span> <span class='ocrx_word' id='word_1_79' title='bbox 945 990 1080 1061; x_wconf 82' lang='lat' dir='ltr'><strong>legis</strong></span> <span class='ocrx_word' id='word_1_80' title='bbox 1127 986 1284 1042; x_wconf 85' lang='lat' dir='ltr'><strong>Pauli</strong></span> <span class='ocrx_word' id='word_1_81' title='bbox 1326 984 1491 1039; x_wconf 87' lang='lat' dir='ltr'><strong>verba</strong></span> <span class='ocrx_word' id='word_1_82' title='bbox 1548 978 1968 1041; x_wconf 88' lang='lat' dir='ltr'><strong>adhibentibus,</strong></span> <span class='ocrx_word' id='word_1_83' title='bbox 2027 989 2119 1032; x_wconf 85' lang='lat' dir='ltr'><strong>nm</strong></span> 
     </span>
    </p>
   </div>
   <div class='ocr_carea' id='block_1_15' title="bbox 2234 976 3837 1065">
    <p class='ocr_par' dir='ltr' id='par_1_15' title="bbox 2241 976 3837 1049">
     <span class='ocr_line' id='line_1_15' title="bbox 2241 976 3837 1049; baseline -0.003 -18"><span class='ocrx_word' id='word_1_84' title='bbox 2241 978 2364 1031; x_wconf 84' lang='grc' dir='ltr'>κατ’</span> <span class='ocrx_word' id='word_1_85' title='bbox 2397 976 2643 1047; x_wconf 83' lang='grc' dir='ltr'>ἀλλήλων</span> <span class='ocrx_word' id='word_1_86' title='bbox 2673 978 2995 1043; x_wconf 74' lang='grc' dir='ltr'><strong>ὁπλίζεσθαι</strong></span> <span class='ocrx_word' id='word_1_87' title='bbox 3023 978 3477 1049; x_wconf 73' lang='grc' dir='ltr'>παρασκευάζει·</span> <span class='ocrx_word' id='word_1_88' title='bbox 3508 977 3582 1030; x_wconf 70' lang='grc' dir='ltr'>τὰ</span> <span class='ocrx_word' id='word_1_89' title='bbox 3615 977 3700 1042; x_wconf 81' lang='grc' dir='ltr'><strong>δὲ,</strong></span> <span class='ocrx_word' id='word_1_90' title='bbox 3735 976 3837 1047; x_wconf 77' lang='grc' dir='ltr'>τὴν</span> 
     </span>
    </p>
   </div>
   <div class='ocr_carea' id='block_1_16' title="bbox 528 1069 2143 1154">
    <p class='ocr_par' dir='ltr' id='par_1_16' title="bbox 528 1069 2143 1154">
     <span class='ocr_line' id='line_1_16' title="bbox 528 1069 2143 1154; baseline -0.017 -6"><span class='ocrx_word' id='word_1_91' title='bbox 528 1105 651 1148; x_wconf 81' lang='lat' dir='ltr'><strong>sese</strong></span> <span class='ocrx_word' id='word_1_92' title='bbox 676 1086 947 1154; x_wconf 88' lang='lat' dir='ltr'><strong>dissidiis,</strong></span> <span class='ocrx_word' id='word_1_93' title='bbox 978 1081 1309 1139; x_wconf 83' lang='lat' dir='ltr'><strong>tumultibus</strong></span> <span class='ocrx_word' id='word_1_94' title='bbox 1339 1087 1394 1134; x_wconf 90' lang='lat' dir='ltr'><strong>et</strong></span> <span class='ocrx_word' id='word_1_95' title='bbox 1431 1075 1630 1147; x_wconf 81' lang='lat' dir='ltr'><strong>pugnis</strong></span> <span class='ocrx_word' id='word_1_96' title='bbox 1674 1071 1897 1136; x_wconf 88' lang='lat' dir='ltr'><strong>dedant,</strong></span> <span class='ocrx_word' id='word_1_97' title='bbox 1941 1069 2143 1141; x_wconf 83' lang='lat' dir='ltr'><strong>quibus</strong></span> 
     </span>
    </p>
   </div>
   <div class='ocr_carea' id='block_1_17' title="bbox 526 1160 2142 1240">
    <p class='ocr_par' dir='ltr' id='par_1_17' title="bbox 526 1160 2142 1240">
     <span class='ocr_line' id='line_1_17' title="bbox 526 1160 2142 1240; baseline -0.014 -2"><span class='ocrx_word' id='word_1_98' title='bbox 526 1182 748 1239; x_wconf 80' lang='lat' dir='ltr'><strong>facilius</strong></span> <span class='ocrx_word' id='word_1_99' title='bbox 773 1182 919 1236; x_wconf 85' lang='lat' dir='ltr'><strong>inter</strong></span> <span class='ocrx_word' id='word_1_100' title='bbox 950 1193 1011 1234; x_wconf 87' lang='lat' dir='ltr'><strong>se</strong></span> <span class='ocrx_word' id='word_1_101' title='bbox 1036 1176 1349 1238; x_wconf 86' lang='lat' dir='ltr'><strong>destruant;</strong></span> <span class='ocrx_word' id='word_1_102' title='bbox 1373 1170 1424 1225; x_wconf 89' lang='lat' dir='ltr'><strong>id</strong></span> <span class='ocrx_word' id='word_1_103' title='bbox 1453 1165 1601 1240; x_wconf 85' lang='lat' dir='ltr'><strong>quod</strong></span> <span class='ocrx_word' id='word_1_104' title='bbox 1627 1181 1771 1236; x_wconf 61' lang='lat' dir='ltr'><strong>saepe</strong></span> <span class='ocrx_word' id='word_1_105' title='bbox 1798 1164 1999 1219; x_wconf 87' lang='lat' dir='ltr'><strong>visum.</strong></span> <span class='ocrx_word' id='word_1_106' title='bbox 2017 1160 2142 1216; x_wconf 76' lang='lat' dir='ltr'><strong>Haec</strong></span> 
     </span>
    </p>
   </div>
   <div class='ocr_carea' id='block_1_18' title="bbox 524 1253 2142 1339">
    <p class='ocr_par' dir='ltr' id='par_1_18' title="bbox 524 1253 2142 1339">
     <span class='ocr_line' id='line_1_18' title="bbox 524 1253 2142 1339; baseline -0.015 -6"><span class='ocrx_word' id='word_1_107' title='bbox 524 1289 740 1333; x_wconf 80' lang='lat' dir='ltr'><strong>veroex</strong></span> <span class='ocrx_word' id='word_1_108' title='bbox 766 1268 1185 1339; x_wconf 82' lang='lat' dir='ltr'><strong>manuscriptis,</strong></span> <span class='ocrx_word' id='word_1_109' title='bbox 1207 1266 1352 1323; x_wconf 87' lang='lat' dir='ltr'><strong>sicut</strong></span> <span class='ocrx_word' id='word_1_110' title='bbox 1380 1261 1556 1333; x_wconf 81' lang='lat' dir='ltr'><strong>potui,</strong></span> <span class='ocrx_word' id='word_1_111' title='bbox 1595 1255 1919 1327; x_wconf 66' lang='lat' dir='ltr'><strong>transcripsi</strong></span> <span class='ocrx_word' id='word_1_112' title='bbox 1948 1253 2142 1321; x_wconf 86' lang='lat' dir='ltr'><strong>;libris</strong></span> 
     </span>
    </p>
   </div>
   <div class='ocr_carea' id='block_1_19' title="bbox 524 1350 2129 1435">
    <p class='ocr_par' dir='ltr' id='par_1_19' title="bbox 524 1350 2129 1435">
     <span class='ocr_line' id='line_1_19' title="bbox 524 1350 2129 1435; baseline -0.017 -8"><span class='ocrx_word' id='word_1_113' title='bbox 524 1370 698 1435; x_wconf 86' lang='lat' dir='ltr'><strong>enim,</strong></span> <span class='ocrx_word' id='word_1_114' title='bbox 768 1374 832 1422; x_wconf 91' lang='lat' dir='ltr'><strong>ut</strong></span> <span class='ocrx_word' id='word_1_115' title='bbox 882 1364 989 1421; x_wconf 90' lang='lat' dir='ltr'><strong>scit</strong></span> <span class='ocrx_word' id='word_1_116' title='bbox 1037 1373 1131 1417; x_wconf 91' lang='lat' dir='ltr'><strong>tua</strong></span> <span class='ocrx_word' id='word_1_117' title='bbox 1199 1355 1559 1417; x_wconf 83' lang='lat' dir='ltr'><strong>sacerdotalis</strong></span> <span class='ocrx_word' id='word_1_118' title='bbox 1640 1350 1931 1415; x_wconf 86' lang='lat' dir='ltr'><strong>celsitudo,</strong></span> <span class='ocrx_word' id='word_1_119' title='bbox 2001 1362 2129 1402; x_wconf 88' lang='lat' dir='ltr'><strong>cum</strong></span> 
     </span>
    </p>
   </div>
   <div class='ocr_carea' id='block_1_20' title="bbox 524 1440 2131 1532">
    <p class='ocr_par' dir='ltr' id='par_1_20' title="bbox 524 1440 2131 1532">
     <span class='ocr_line' id='line_1_20' title="bbox 524 1440 2131 1532; baseline -0.017 -10"><span class='ocrx_word' id='word_1_120' title='bbox 524 1466 675 1531; x_wconf 89' lang='lat' dir='ltr'><strong>aliis,</strong></span> <span class='ocrx_word' id='word_1_121' title='bbox 701 1478 769 1519; x_wconf 81' lang='lat' dir='ltr'><strong>ex</strong></span> <span class='ocrx_word' id='word_1_122' title='bbox 797 1460 1001 1532; x_wconf 85' lang='lat' dir='ltr'><strong>quibus</strong></span> <span class='ocrx_word' id='word_1_123' title='bbox 1029 1453 1295 1529; x_wconf 85' lang='lat' dir='ltr'><strong>possibile</strong></span> <span class='ocrx_word' id='word_1_124' title='bbox 1331 1450 1529 1507; x_wconf 82' lang='lat' dir='ltr'><strong>fuisset</strong></span> <span class='ocrx_word' id='word_1_125' title='bbox 1580 1448 1787 1513; x_wconf 78' lang='lat' dir='ltr'><strong>vivere,</strong></span> <span class='ocrx_word' id='word_1_126' title='bbox 1839 1440 2131 1513; x_wconf 83' lang='lat' dir='ltr'><strong>captivitas</strong></span> 
     </span>
    </p>
   </div>
   <div class='ocr_carea' id='block_1_21' title="bbox 524 1553 917 1627">
    <p class='ocr_par' dir='ltr' id='par_1_21' title="bbox 524 1553 917 1627">
     <span class='ocr_line' id='line_1_21' title="bbox 524 1553 917 1627; baseline -0.025 -11"><span class='ocrx_word' id='word_1_127' title='bbox 524 1574 614 1616; x_wconf 88' lang='lat' dir='ltr'><strong>me</strong></span> <span class='ocrx_word' id='word_1_128' title='bbox 638 1553 917 1627; x_wconf 87' lang='lat' dir='ltr'><strong>spoliavit.</strong></span> 
     </span>
    </p>
   </div>
   <div class='ocr_carea' id='block_1_22' title="bbox 2242 1067 3843 1141">
    <p class='ocr_par' dir='ltr' id='par_1_22' title="bbox 2242 1067 3843 1141">
     <span class='ocr_line' id='line_1_22' title="bbox 2242 1067 3843 1141; baseline -0.002 -17"><span class='ocrx_word' id='word_1_129' title='bbox 2242 1070 2453 1141; x_wconf 75' lang='grc' dir='ltr'>φθοράν</span> <span class='ocrx_word' id='word_1_130' title='bbox 2480 1070 2638 1141; x_wconf 85' lang='grc' dir='ltr'>ύμῶν</span> <span class='ocrx_word' id='word_1_131' title='bbox 2670 1071 2766 1125; x_wconf 73' lang='grc' dir='ltr'>καὶ</span> <span class='ocrx_word' id='word_1_132' title='bbox 2798 1070 3082 1125; x_wconf 86' lang='grc' dir='ltr'>ἀπώλειαν</span> <span class='ocrx_word' id='word_1_133' title='bbox 3139 1069 3685 1139; x_wconf 79' lang='grc' dir='ltr'>συγκατασκευάζει.</span> <span class='ocrx_word' id='word_1_134' title='bbox 3723 1067 3843 1121; x_wconf 86' lang='grc' dir='ltr'><strong>Ἐν-</strong></span> 
     </span>
    </p>
   </div>
   <div class='ocr_carea' id='block_1_23' title="bbox 2240 1158 3844 1232">
    <p class='ocr_par' dir='ltr' id='par_1_23' title="bbox 2240 1158 3844 1232">
     <span class='ocr_line' id='line_1_23' title="bbox 2240 1158 3844 1232; baseline -0.001 -17"><span class='ocrx_word' id='word_1_135' title='bbox 2240 1160 2422 1216; x_wconf 85' lang='grc' dir='ltr'>ταῦθα</span> <span class='ocrx_word' id='word_1_136' title='bbox 2445 1160 2503 1215; x_wconf 84' lang='grc' dir='ltr'>δὲ</span> <span class='ocrx_word' id='word_1_137' title='bbox 2531 1160 2630 1232; x_wconf 82' lang='grc' dir='ltr'>τὴν</span> <span class='ocrx_word' id='word_1_138' title='bbox 2677 1160 2903 1231; x_wconf 81' lang='grc' dir='ltr'><strong>ἀγάπην</strong></span> <span class='ocrx_word' id='word_1_139' title='bbox 2930 1160 3204 1232; x_wconf 80' lang='grc' dir='ltr'>εὐκαίρως</span> <span class='ocrx_word' id='word_1_140' title='bbox 3229 1160 3599 1232; x_wconf 81' lang='grc' dir='ltr'>παρενέϐαλε,</span> <span class='ocrx_word' id='word_1_141' title='bbox 3634 1158 3733 1214; x_wconf 86' lang='grc' dir='ltr'><strong>καί</strong></span> <span class='ocrx_word' id='word_1_142' title='bbox 3762 1176 3844 1213; x_wconf 88' lang='grc' dir='ltr'><strong>τοι</strong></span> 
     </span>
    </p>
   </div>
   <div class='ocr_carea' id='block_1_24' title="bbox 2241 1253 3847 1328">
    <p class='ocr_par' dir='ltr' id='par_1_24' title="bbox 2241 1253 3847 1328">
     <span class='ocr_line' id='line_1_24' title="bbox 2241 1253 3847 1328; baseline -0.001 -20"><span class='ocrx_word' id='word_1_143' title='bbox 2241 1257 2343 1326; x_wconf 83' lang='grc' dir='ltr'>τῆς</span> <span class='ocrx_word' id='word_1_144' title='bbox 2372 1255 2679 1328; x_wconf 81' lang='grc' dir='ltr'>περιτομῆς</span> <span class='ocrx_word' id='word_1_145' title='bbox 2729 1256 2993 1327; x_wconf 82' lang='grc' dir='ltr'><strong>ἀθέτησιν</strong></span> <span class='ocrx_word' id='word_1_146' title='bbox 3045 1255 3479 1327; x_wconf 79' lang='grc' dir='ltr'><strong>προηγουμένως</strong></span> <span class='ocrx_word' id='word_1_147' title='bbox 3512 1253 3847 1326; x_wconf 84' lang='grc' dir='ltr'>εἰσηγούμε-</span> 
     </span>
    </p>
   </div>
   <div class='ocr_carea' id='block_1_25' title="bbox 2237 1330 3843 1421">
    <p class='ocr_par' dir='ltr' id='par_1_25' title="bbox 2237 1330 3843 1421">
     <span class='ocr_line' id='line_1_25' title="bbox 2237 1330 3843 1421; baseline 0.007 -20"><span class='ocrx_word' id='word_1_148' title='bbox 2237 1364 2350 1412; x_wconf 82' lang='grc' dir='ltr'>νος,</span> <span class='ocrx_word' id='word_1_149' title='bbox 2392 1350 2490 1403; x_wconf 76' lang='grc' dir='ltr'>καὶ</span> <span class='ocrx_word' id='word_1_150' title='bbox 2544 1349 2754 1420; x_wconf 83' lang='grc' dir='ltr'>ταύτης</span> <span class='ocrx_word' id='word_1_151' title='bbox 2811 1349 2964 1420; x_wconf 86' lang='grc' dir='ltr'>αύτῷ</span> <span class='ocrx_word' id='word_1_152' title='bbox 2995 1349 3097 1421; x_wconf 78' lang='grc' dir='ltr'>τῆς</span> <span class='ocrx_word' id='word_1_153' title='bbox 3132 1350 3373 1419; x_wconf 78' lang='grc' dir='ltr'>σπουδῆς</span> <span class='ocrx_word' id='word_1_154' title='bbox 3424 1330 3806 1420; x_wconf 75' lang='grc' dir='ltr'>προκείμένης</span> <span class='ocrx_word' id='word_1_155' title='bbox 3829 1365 3843 1380; x_wconf 89' lang='grc'><strong><em>⁸</em></strong></span> 
     </span>
    </p>
   </div>
   <div class='ocr_carea' id='block_1_26' title="bbox 2237 1439 3849 1515">
    <p class='ocr_par' dir='ltr' id='par_1_26' title="bbox 2237 1439 3849 1515">
     <span class='ocr_line' id='line_1_26' title="bbox 2237 1439 3849 1515; baseline 0.001 -22"><span class='ocrx_word' id='word_1_156' title='bbox 2237 1439 2329 1495; x_wconf 79' lang='grc' dir='ltr'>ἵνα</span> <span class='ocrx_word' id='word_1_157' title='bbox 2360 1442 2460 1512; x_wconf 82' lang='grc' dir='ltr'><strong>μὴ,</strong></span> <span class='ocrx_word' id='word_1_158' title='bbox 2489 1441 2878 1514; x_wconf 81' lang='grc' dir='ltr'>διαιρεθέντων</span> <span class='ocrx_word' id='word_1_159' title='bbox 2924 1443 3062 1515; x_wconf 83' lang='grc' dir='ltr'>πρὸς</span> <span class='ocrx_word' id='word_1_160' title='bbox 3104 1442 3372 1513; x_wconf 82' lang='grc' dir='ltr'><strong>ἀλλήλους</strong></span> <span class='ocrx_word' id='word_1_161' title='bbox 3399 1441 3511 1495; x_wconf 84' lang='grc' dir='ltr'><strong>τῶν</strong></span> <span class='ocrx_word' id='word_1_162' title='bbox 3538 1458 3597 1494; x_wconf 86' lang='grc' dir='ltr'><strong>τε</strong></span> <span class='ocrx_word' id='word_1_163' title='bbox 3622 1440 3725 1511; x_wconf 81' lang='grc' dir='ltr'><strong>τὴν</strong></span> <span class='ocrx_word' id='word_1_164' title='bbox 3751 1458 3849 1495; x_wconf 63' lang='grc' dir='ltr'>περ</span> 
     </span>
    </p>
   </div>
   <div class='ocr_carea' id='block_1_27' title="bbox 2240 1533 3845 1608">
    <p class='ocr_par' dir='ltr' id='par_1_27' title="bbox 2240 1533 3845 1608">
     <span class='ocr_line' id='line_1_27' title="bbox 2240 1533 3845 1608; baseline -0.001 -21"><span class='ocrx_word' id='word_1_165' title='bbox 2240 1533 2470 1606; x_wconf 79' lang='grc' dir='ltr'>ριτομὴν</span> <span class='ocrx_word' id='word_1_166' title='bbox 2500 1535 2891 1608; x_wconf 85' lang='grc' dir='ltr'>σεμνολόγημα</span> <span class='ocrx_word' id='word_1_167' title='bbox 2923 1536 3290 1608; x_wconf 78' lang='grc' dir='ltr'>ποιουμένων,</span> <span class='ocrx_word' id='word_1_168' title='bbox 3319 1534 3417 1589; x_wconf 69' lang='grc' dir='ltr'>καὶ</span> <span class='ocrx_word' id='word_1_169' title='bbox 3451 1534 3563 1589; x_wconf 86' lang='grc' dir='ltr'><strong>τῶν</strong></span> <span class='ocrx_word' id='word_1_170' title='bbox 3585 1534 3726 1605; x_wconf 75' lang='grc' dir='ltr'>πρὸς</span> <span class='ocrx_word' id='word_1_171' title='bbox 3744 1534 3845 1605; x_wconf 73' lang='grc' dir='ltr'><strong>τήν</strong></span> 
     </span>
    </p>
   </div>
   <div class='ocr_carea' id='block_1_28' title="bbox 522 1627 3848 1723">
    <p class='ocr_par' dir='ltr' id='par_1_28' title="bbox 522 1627 3848 1723">
     <span class='ocr_line' id='line_1_28' title="bbox 522 1627 3848 1723; baseline -0.007 -15"><span class='ocrx_word' id='word_1_172' title='bbox 522 1649 853 1723; x_wconf 76' lang='grc' dir='ltr'>νομοθεσίαν</span> <span class='ocrx_word' id='word_1_173' title='bbox 911 1644 1023 1699; x_wconf 85' lang='grc' dir='ltr'><strong>τῶν</strong></span> <span class='ocrx_word' id='word_1_174' title='bbox 1079 1639 1296 1697; x_wconf 81' lang='grc' dir='ltr'>Παύλου</span> <span class='ocrx_word' id='word_1_175' title='bbox 1370 1633 1637 1708; x_wconf 82' lang='grc' dir='ltr'>ῥημάτων</span> <span class='ocrx_word' id='word_1_176' title='bbox 1680 1628 2032 1723; x_wconf 83' lang='grc' dir='ltr'>ἀνηγμένων,</span> <span class='ocrx_word' id='word_1_177' title='bbox 2105 1627 2332 1682; x_wconf 82' lang='grc' dir='ltr'>στάσεσι</span> <span class='ocrx_word' id='word_1_178' title='bbox 2385 1631 2509 1702; x_wconf 67' lang='grc' dir='ltr'>καὶ,</span> <span class='ocrx_word' id='word_1_179' title='bbox 2526 1631 2780 1703; x_wconf 76' lang='grc' dir='ltr'>θορύϐοις</span> <span class='ocrx_word' id='word_1_180' title='bbox 2834 1631 2932 1688; x_wconf 73' lang='grc' dir='ltr'>καὶ</span> <span class='ocrx_word' id='word_1_181' title='bbox 2982 1630 3187 1704; x_wconf 78' lang='grc' dir='ltr'>μάχαις</span> <span class='ocrx_word' id='word_1_182' title='bbox 3241 1629 3475 1695; x_wconf 78' lang='grc' dir='ltr'>ἑαυτοὺς</span> <span class='ocrx_word' id='word_1_183' title='bbox 3542 1633 3848 1700; x_wconf 86' lang='grc' dir='ltr'>ποιήσωσιν</span> 
     </span>
    </p>
   </div>
   <div class='ocr_carea' id='block_1_29' title="bbox 522 1716 3849 1811">
    <p class='ocr_par' dir='ltr' id='par_1_29' title="bbox 522 1716 3849 1811">
     <span class='ocr_line' id='line_1_29' title="bbox 522 1716 3849 1811; baseline -0.007 -10"><span class='ocrx_word' id='word_1_184' title='bbox 522 1746 799 1811; x_wconf 70' lang='grc' dir='ltr'>ἐκδότους,</span> <span class='ocrx_word' id='word_1_185' title='bbox 830 1740 897 1795; x_wconf 87' lang='grc' dir='ltr'><strong>δι’</strong></span> <span class='ocrx_word' id='word_1_186' title='bbox 926 1737 1001 1794; x_wconf 80' lang='grc' dir='ltr'>ὧν</span> <span class='ocrx_word' id='word_1_187' title='bbox 1034 1738 1133 1792; x_wconf 55' lang='grc' dir='ltr'><strong>καὶ⁵</strong></span> <span class='ocrx_word' id='word_1_188' title='bbox 1160 1734 1221 1789; x_wconf 86' lang='grc' dir='ltr'>τὸ</span> <span class='ocrx_word' id='word_1_189' title='bbox 1258 1731 1351 1787; x_wconf 79' lang='grc' dir='ltr'>ὑπ’</span> <span class='ocrx_word' id='word_1_190' title='bbox 1383 1729 1631 1799; x_wconf 86' lang='grc' dir='ltr'>ἀλλήλων</span> <span class='ocrx_word' id='word_1_191' title='bbox 1660 1722 2114 1792; x_wconf 81' lang='grc' dir='ltr'>καταναλωθῆναι</span> <span class='ocrx_word' id='word_1_192' title='bbox 2156 1722 2355 1776; x_wconf 78' lang='grc' dir='ltr'>θᾶττόν</span> <span class='ocrx_word' id='word_1_193' title='bbox 2384 1724 2447 1778; x_wconf 79' lang='grc' dir='ltr'><strong>τέ</strong></span> <span class='ocrx_word' id='word_1_194' title='bbox 2509 1724 2629 1778; x_wconf 83' lang='grc' dir='ltr'>ὲστι</span> <span class='ocrx_word' id='word_1_195' title='bbox 2696 1725 2795 1780; x_wconf 73' lang='grc' dir='ltr'>καὶ</span> <span class='ocrx_word' id='word_1_196' title='bbox 2857 1725 3252 1798; x_wconf 85' lang='grc' dir='ltr'>καθορώμενον</span> <span class='ocrx_word' id='word_1_197' title='bbox 3302 1716 3582 1799; x_wconf 85' lang='grc' dir='ltr'>συνήθως.</span> <span class='ocrx_word' id='word_1_198' title='bbox 3658 1724 3849 1778; x_wconf 81' lang='grc' dir='ltr'>Ταῦτα</span> 
     </span>
    </p>
   </div>
   <div class='ocr_carea' id='block_1_30' title="bbox 526 1816 3846 1913">
    <p class='ocr_par' dir='ltr' id='par_1_30' title="bbox 526 1816 3846 1913">
     <span class='ocr_line' id='line_1_30' title="bbox 526 1816 3846 1913; baseline -0.007 -19"><span class='ocrx_word' id='word_1_199' title='bbox 526 1839 628 1913; x_wconf 81' lang='grc' dir='ltr'><strong>μὲν</strong></span> <span class='ocrx_word' id='word_1_200' title='bbox 665 1836 775 1893; x_wconf 82' lang='grc' dir='ltr'><strong>ἀπὸ</strong></span> <span class='ocrx_word' id='word_1_201' title='bbox 827 1831 1150 1906; x_wconf 79' lang='grc' dir='ltr'>σχεδαρίων,</span> <span class='ocrx_word' id='word_1_202' title='bbox 1209 1827 1286 1892; x_wconf 82' lang='grc' dir='ltr'><strong>ὡς</strong></span> <span class='ocrx_word' id='word_1_203' title='bbox 1354 1822 1729 1913; x_wconf 70' lang='grc' dir='ltr'>ἠδυνήθημεν,</span> <span class='ocrx_word' id='word_1_204' title='bbox 1765 1816 2217 1913; x_wconf 75' lang='grc' dir='ltr'>μετεγράψαμεν,</span> <span class='ocrx_word' id='word_1_205' title='bbox 2247 1819 2318 1873; x_wconf 74' lang='grc' dir='ltr'><strong>τὰ</strong></span> <span class='ocrx_word' id='word_1_206' title='bbox 2342 1819 2400 1873; x_wconf 82' lang='grc' dir='ltr'>δὲ</span> <span class='ocrx_word' id='word_1_207' title='bbox 2435 1816 2639 1889; x_wconf 78' lang='grc' dir='ltr'>βιϐλία,</span> <span class='ocrx_word' id='word_1_208' title='bbox 2709 1819 2786 1883; x_wconf 82' lang='grc' dir='ltr'>ὡς</span> <span class='ocrx_word' id='word_1_209' title='bbox 2852 1821 2950 1875; x_wconf 74' lang='grc' dir='ltr'><strong>καὶ</strong></span> <span class='ocrx_word' id='word_1_210' title='bbox 2977 1821 3012 1891; x_wconf 86' lang='grc' dir='ltr'><strong>ή</strong></span> <span class='ocrx_word' id='word_1_211' title='bbox 3066 1819 3134 1891; x_wconf 77' lang='grc' dir='ltr'>σὴ</span> <span class='ocrx_word' id='word_1_212' title='bbox 3198 1820 3567 1895; x_wconf 82' lang='grc' dir='ltr'>ἀρχιερατικὴ</span> <span class='ocrx_word' id='word_1_213' title='bbox 3642 1819 3846 1875; x_wconf 74' lang='grc' dir='ltr'>τελειί-</span> 
     </span>
    </p>
   </div>
   <div class='ocr_carea' id='block_1_31' title="bbox 521 1909 3210 2008">
    <p class='ocr_par' dir='ltr' id='par_1_31' title="bbox 521 1909 3210 2008">
     <span class='ocr_line' id='line_1_31' title="bbox 521 1909 3210 2008; baseline -0.018 -19"><span class='ocrx_word' id='word_1_214' title='bbox 521 1909 623 2008; x_wconf 74' lang='grc' dir='ltr'><strong>της</strong></span> <span class='ocrx_word' id='word_1_215' title='bbox 646 1929 1060 1993; x_wconf 76' lang='grc' dir='ltr'>συνεπίσταται,</span> <span class='ocrx_word' id='word_1_216' title='bbox 1089 1923 1230 1996; x_wconf 88' lang='grc' dir='ltr'><strong>μετά</strong></span> <span class='ocrx_word' id='word_1_217' title='bbox 1252 1922 1364 1975; x_wconf 87' lang='grc' dir='ltr'>τῶν</span> <span class='ocrx_word' id='word_1_218' title='bbox 1392 1918 1590 1985; x_wconf 78' lang='grc' dir='ltr'>ἄλλων,</span> <span class='ocrx_word' id='word_1_219' title='bbox 1618 1915 1678 1983; x_wconf 77' lang='grc' dir='ltr'><strong>ἐξ</strong></span> <span class='ocrx_word' id='word_1_220' title='bbox 1704 1912 1779 1968; x_wconf 82' lang='grc' dir='ltr'>ὧν</span> <span class='ocrx_word' id='word_1_221' title='bbox 1801 1910 1869 1985; x_wconf 66' lang='grc' dir='ltr'>ἦν</span> <span class='ocrx_word' id='word_1_222' title='bbox 1891 1910 2117 1965; x_wconf 84' lang='grc' dir='ltr'>δυνατὸν</span> <span class='ocrx_word' id='word_1_223' title='bbox 2156 1909 2279 1982; x_wconf 77' lang='grc' dir='ltr'>ζῇν,</span> <span class='ocrx_word' id='word_1_224' title='bbox 2319 1913 2354 1985; x_wconf 72' lang='grc' dir='ltr'><strong>ἡ</strong></span> <span class='ocrx_word' id='word_1_225' title='bbox 2385 1911 2740 1986; x_wconf 73' lang='grc' dir='ltr'>αἰχμαλωσία</span> <span class='ocrx_word' id='word_1_226' title='bbox 2760 1911 3005 1985; x_wconf 72' lang='grc' dir='ltr'>λάφυρον</span> <span class='ocrx_word' id='word_1_227' title='bbox 3032 1912 3210 1968; x_wconf 47' lang='grc' dir='ltr'><strong>ἔθετο.</strong></span> 
     </span>
    </p>
   </div>
   <div class='ocr_carea' id='block_1_32' title="bbox 521 2007 2119 2120">
    <p class='ocr_par' dir='ltr' id='par_1_32' title="bbox 521 2007 2117 2120">
     <span class='ocr_line' id='line_1_32' title="bbox 521 2007 2117 2120; baseline -0.019 -10"><span class='ocrx_word' id='word_1_228' title='bbox 521 2045 856 2120; x_wconf 60' lang='grc' dir='ltr'>ρυιεετιο</span> <span class='ocrx_word' id='word_1_229' title='bbox 893 2040 1156 2101; x_wconf 82' lang='lat' dir='ltr'><strong>CLXXV.</strong></span> <span class='ocrx_word' id='word_1_230' title='bbox 1192 2035 1382 2113; x_wconf 79' lang='lat' dir='ltr'><strong>[CoisL</strong></span> <span class='ocrx_word' id='word_1_231' title='bbox 1414 2032 1628 2092; x_wconf 75' lang='lat' dir='ltr'><strong>CCXVI</strong></span> <span class='ocrx_word' id='word_1_232' title='bbox 1665 2030 1835 2087; x_wconf 89' lang='lat' dir='ltr'><strong>Taur.</strong></span> <span class='ocrx_word' id='word_1_233' title='bbox 1877 2025 2117 2100; x_wconf 70' lang='lat' dir='ltr'><strong>CCV’II.]</strong></span> 
     </span>
    </p>
   </div>
   <div class='ocr_carea' id='block_1_33' title="bbox 2234 2007 3315 2120">
    <p class='ocr_par' dir='ltr' id='par_1_33' title="bbox 2760 2029 3315 2085">
     <span class='ocr_line' id='line_1_33' title="bbox 2760 2029 3315 2085; baseline 0.002 -2"><span class='ocrx_word' id='word_1_234' title='bbox 2760 2029 3101 2083; x_wconf 81' lang='grc' dir='ltr'><strong>ΕΡΩΤΗΣΙΣ</strong></span> <span class='ocrx_word' id='word_1_235' title='bbox 3141 2029 3315 2085; x_wconf 83' lang='lat' dir='ltr'><strong>PHZ&#39;.</strong></span> 
     </span>
    </p>
   </div>
   <div class='ocr_carea' id='block_1_34' title="bbox 596 2139 2119 2268">
    <p class='ocr_par' dir='ltr' id='par_1_34' title="bbox 596 2145 2048 2268">
     <span class='ocr_line' id='line_1_34' title="bbox 596 2145 2048 2262; baseline -0.017 -39"><span class='ocrx_word' id='word_1_236' title='bbox 596 2164 710 2223; x_wconf 86' lang='lat' dir='ltr'><strong>Cur</strong></span> <span class='ocrx_word' id='word_1_237' title='bbox 739 2162 788 2218; x_wconf 86' lang='lat' dir='ltr'><em>F</em></span> <span class='ocrx_word' id='word_1_238' title='bbox 791 2162 919 2218; x_wconf 82' lang='lat' dir='ltr'><strong>ilius</strong></span> <span class='ocrx_word' id='word_1_239' title='bbox 955 2174 1082 2215; x_wconf 87' lang='lat' dir='ltr'><strong>caro</strong></span> <span class='ocrx_word' id='word_1_240' title='bbox 1112 2156 1288 2227; x_wconf 77' lang='lat' dir='ltr'><strong>factus</strong></span> <span class='ocrx_word' id='word_1_241' title='bbox 1324 2162 1427 2217; x_wconf 81' lang='lat' dir='ltr'><strong>est,</strong></span> <span class='ocrx_word' id='word_1_242' title='bbox 1456 2168 1558 2262; x_wconf 51' lang='lat' dir='ltr'><strong>1iret:</strong></span> <span class='ocrx_word' id='word_1_243' title='bbox 1613 2148 1728 2204; x_wconf 79' lang='lat' dir='ltr'><strong>alia</strong></span> <span class='ocrx_word' id='word_1_244' title='bbox 1760 2145 2048 2203; x_wconf 75' lang='lat' dir='ltr'><strong>Trinitatis</strong></span> 
     </span>
     <span class='ocr_line' id='line_1_35' title="bbox 1199 2243 1465 2268; baseline 0 0"><span class='ocrx_word' id='word_1_245' title='bbox 1199 2243 1428 2268; x_wconf 66' lang='lat' dir='ltr'><strong>rwrxmrn</strong></span> <span class='ocrx_word' id='word_1_246' title='bbox 1455 2265 1465 2268; x_wconf 88' lang='lat'><em>_</em></span> 
     </span>
    </p>
   </div>
   <div class='ocr_carea' id='block_1_35' title="bbox 2234 2139 3851 2268">
    <p class='ocr_par' dir='ltr' id='par_1_35' title="bbox 2234 2139 3851 2268">
     <span class='ocr_line' id='line_1_36' title="bbox 2234 2139 3851 2217; baseline 0.002 -22"><span class='ocrx_word' id='word_1_247' title='bbox 2234 2140 2326 2197; x_wconf 79' lang='grc' dir='ltr'><strong>Διὰ</strong></span> <span class='ocrx_word' id='word_1_248' title='bbox 2347 2139 2405 2196; x_wconf 86' lang='grc' dir='ltr'><strong>τί</strong></span> <span class='ocrx_word' id='word_1_249' title='bbox 2426 2142 2460 2197; x_wconf 85' lang='grc' dir='ltr'><strong>ό</strong></span> <span class='ocrx_word' id='word_1_250' title='bbox 2488 2141 2623 2211; x_wconf 76' lang='grc' dir='ltr'><strong>Υιός</strong></span> <span class='ocrx_word' id='word_1_251' title='bbox 2642 2140 2980 2212; x_wconf 78' lang='grc' dir='ltr'>ἐσαρκώθη,</span> <span class='ocrx_word' id='word_1_252' title='bbox 3009 2142 3109 2197; x_wconf 78' lang='grc' dir='ltr'><strong>καί</strong></span> <span class='ocrx_word' id='word_1_253' title='bbox 3132 2144 3247 2210; x_wconf 85' lang='grc' dir='ltr'><strong>οὐχ</strong></span> <span class='ocrx_word' id='word_1_254' title='bbox 3270 2140 3445 2217; x_wconf 79' lang='grc' dir='ltr'>ἑτέρα</span> <span class='ocrx_word' id='word_1_255' title='bbox 3460 2140 3575 2212; x_wconf 83' lang='grc' dir='ltr'>τῆς</span> <span class='ocrx_word' id='word_1_256' title='bbox 3603 2141 3851 2214; x_wconf 79' lang='grc' dir='ltr'>Τριάδος</span> 
     </span>
     <span class='ocr_line' id='line_1_37' title="bbox 2846 2216 3234 2268; baseline 0.003 -1"><span class='ocrx_word' id='word_1_257' title='bbox 2846 2216 3193 2268; x_wconf 68' lang='grc' dir='ltr'>ὑπόστασις</span> <span class='ocrx_word' id='word_1_258' title='bbox 3213 2229 3234 2268; x_wconf 88' lang='lat'><strong><em>:</em></strong></span> 
     </span>
    </p>
   </div>
   <div class='ocr_carea' id='block_1_36' title="bbox 2846 2228 3234 2281">
    <p class='ocr_par' dir='ltr' id='par_1_36' title="bbox 2846 2228 3234 2281">
     <span class='ocr_line' id='line_1_38' title="bbox 2846 2228 3234 2281; baseline -0.003 -12"><span class='ocrx_word' id='word_1_259' title='bbox 2846 2228 3193 2281; x_wconf 69' lang='grc' dir='ltr'>ὑπόστασις</span> <span class='ocrx_word' id='word_1_260' title='bbox 3213 2229 3234 2279; x_wconf 85' lang='lat'><strong>;</strong></span> 
     </span>
    </p>
   </div>
   <div class='ocr_carea' id='block_1_37' title="bbox 2259 2292 3852 2380">
    <p class='ocr_par' dir='ltr' id='par_1_37' title="bbox 2259 2292 3852 2380">
     <span class='ocr_line' id='line_1_39' title="bbox 2259 2292 3852 2380; baseline 0.002 -20"><span class='ocrx_word' id='word_1_261' title='bbox 2259 2306 2367 2360; x_wconf 60' lang='grc' dir='ltr'><strong>γαπ</strong></span> <span class='ocrx_word' id='word_1_262' title='bbox 2410 2304 2479 2360; x_wconf 88' lang='grc' dir='ltr'>Τί</span> <span class='ocrx_word' id='word_1_263' title='bbox 2527 2305 2732 2378; x_wconf 86' lang='grc' dir='ltr'>δήποτε</span> <span class='ocrx_word' id='word_1_264' title='bbox 2782 2307 2812 2361; x_wconf 87' lang='grc' dir='ltr'><strong>ό</strong></span> <span class='ocrx_word' id='word_1_265' title='bbox 2845 2306 2995 2372; x_wconf 82' lang='grc' dir='ltr'>Υἱὸς,</span> <span class='ocrx_word' id='word_1_266' title='bbox 3026 2306 3125 2362; x_wconf 80' lang='grc' dir='ltr'>και</span> <span class='ocrx_word' id='word_1_267' title='bbox 3157 2306 3259 2378; x_wconf 84' lang='grc' dir='ltr'>οὐχ</span> <span class='ocrx_word' id='word_1_268' title='bbox 3312 2307 3479 2380; x_wconf 81' lang='grc' dir='ltr'>ἑτέρα</span> <span class='ocrx_word' id='word_1_269' title='bbox 3529 2292 3648 2380; x_wconf 58' lang='grc' dir='ltr'><strong>τῆξ</strong></span> <span class='ocrx_word' id='word_1_270' title='bbox 3682 2308 3852 2377; x_wconf 85' lang='grc' dir='ltr'>ἁγίας</span> 
     </span>
    </p>
   </div>
   <div class='ocr_carea' id='block_1_38' title="bbox 2225 2395 3848 2471">
    <p class='ocr_par' dir='ltr' id='par_1_38' title="bbox 2225 2395 3848 2471">
     <span class='ocr_line' id='line_1_40' title="bbox 2225 2395 3848 2471; baseline 0.002 -21"><span class='ocrx_word' id='word_1_271' title='bbox 2225 2395 2461 2468; x_wconf 85' lang='grc' dir='ltr'>Τριάδος</span> <span class='ocrx_word' id='word_1_272' title='bbox 2490 2395 2825 2464; x_wconf 80' lang='grc' dir='ltr'>ὑπόστασις,</span> <span class='ocrx_word' id='word_1_273' title='bbox 2852 2397 2953 2468; x_wconf 81' lang='grc' dir='ltr'>τὴν</span> <span class='ocrx_word' id='word_1_274' title='bbox 3001 2397 3284 2470; x_wconf 80' lang='grc' dir='ltr'>ἡμετέραν</span> <span class='ocrx_word' id='word_1_275' title='bbox 3338 2398 3631 2453; x_wconf 75' lang='grc' dir='ltr'>ἀναλαϐὼν</span> <span class='ocrx_word' id='word_1_276' title='bbox 3677 2400 3848 2471; x_wconf 80' lang='grc' dir='ltr'><strong>ἑσαρ⁴</strong></span> 
     </span>
    </p>
   </div>
   <div class='ocr_carea' id='block_1_39' title="bbox 2224 2490 3847 2562">
    <p class='ocr_par' dir='ltr' id='par_1_39' title="bbox 2224 2490 3847 2562">
     <span class='ocr_line' id='line_1_41' title="bbox 2224 2490 3847 2562; baseline 0.002 -17"><span class='ocrx_word' id='word_1_277' title='bbox 2224 2490 2376 2562; x_wconf 84' lang='grc' dir='ltr'>κὼθη</span> <span class='ocrx_word' id='word_1_278' title='bbox 2409 2490 2609 2561; x_wconf 86' lang='grc' dir='ltr'>φύσιν;</span> <span class='ocrx_word' id='word_1_279' title='bbox 2641 2490 2708 2544; x_wconf 88' lang='grc' dir='ltr'><strong>Τί</strong></span> <span class='ocrx_word' id='word_1_280' title='bbox 2737 2491 2978 2562; x_wconf 77' lang='grc' dir='ltr'>δήποτες</span> <span class='ocrx_word' id='word_1_281' title='bbox 3034 2491 3123 2545; x_wconf 78' lang='grc' dir='ltr'>ἵνα</span> <span class='ocrx_word' id='word_1_282' title='bbox 3151 2493 3181 2546; x_wconf 90' lang='lat'><strong>6</strong></span> <span class='ocrx_word' id='word_1_283' title='bbox 3213 2491 3327 2546; x_wconf 82' lang='grc' dir='ltr'><strong>ἀνω</strong></span> <span class='ocrx_word' id='word_1_284' title='bbox 3357 2492 3509 2557; x_wconf 77' lang='grc' dir='ltr'>Υἱὸς,</span> <span class='ocrx_word' id='word_1_285' title='bbox 3544 2493 3644 2547; x_wconf 72' lang='grc' dir='ltr'>καὶ</span> <span class='ocrx_word' id='word_1_286' title='bbox 3687 2494 3847 2549; x_wconf 83' lang='grc' dir='ltr'>κάτω</span> 
     </span>
    </p>
   </div>
   <div class='ocr_carea' id='block_1_40' title="bbox 2226 2582 3849 2659">
    <p class='ocr_par' dir='ltr' id='par_1_40' title="bbox 2226 2582 3849 2659">
     <span class='ocr_line' id='line_1_42' title="bbox 2226 2582 3849 2659; baseline 0.004 -22"><span class='ocrx_word' id='word_1_287' title='bbox 2226 2586 2368 2658; x_wconf 81' lang='grc' dir='ltr'>μένῃ</span> <span class='ocrx_word' id='word_1_288' title='bbox 2394 2583 2545 2650; x_wconf 77' lang='grc' dir='ltr'>Υἱὸς,</span> <span class='ocrx_word' id='word_1_289' title='bbox 2583 2582 2649 2638; x_wconf 79' lang='grc' dir='ltr'>ὲκ</span> <span class='ocrx_word' id='word_1_290' title='bbox 2693 2584 2801 2637; x_wconf 82' lang='grc' dir='ltr'><strong>τῶν</strong></span> <span class='ocrx_word' id='word_1_291' title='bbox 2831 2586 3120 2655; x_wconf 84' lang='grc' dir='ltr'>ἀχράντων</span> <span class='ocrx_word' id='word_1_292' title='bbox 3167 2586 3264 2638; x_wconf 74' lang='grc' dir='ltr'><strong>καὶ</strong></span> <span class='ocrx_word' id='word_1_293' title='bbox 3308 2587 3664 2656; x_wconf 81' lang='grc' dir='ltr'>παρθενικῶν</span> <span class='ocrx_word' id='word_1_294' title='bbox 3712 2605 3849 2659; x_wconf 85' lang='grc' dir='ltr'>σαρ-</span> 
     </span>
    </p>
   </div>
   <div class='ocr_carea' id='block_1_41' title="bbox 2223 2674 3852 2750">
    <p class='ocr_par' dir='ltr' id='par_1_41' title="bbox 2223 2674 3852 2750">
     <span class='ocr_line' id='line_1_43' title="bbox 2223 2674 3852 2750; baseline 0.001 -17"><span class='ocrx_word' id='word_1_295' title='bbox 2223 2677 2493 2749; x_wconf 81' lang='grc' dir='ltr'>κούμενος</span> <span class='ocrx_word' id='word_1_296' title='bbox 2526 2674 2803 2749; x_wconf 80' lang='grc' dir='ltr'>αἱμάτων,</span> <span class='ocrx_word' id='word_1_297' title='bbox 2833 2679 2928 2731; x_wconf 73' lang='grc' dir='ltr'><strong>καὶ</strong></span> <span class='ocrx_word' id='word_1_298' title='bbox 2972 2678 3006 2749; x_wconf 82' lang='grc' dir='ltr'><strong>ἡ</strong></span> <span class='ocrx_word' id='word_1_299' title='bbox 3053 2677 3419 2743; x_wconf 81' lang='grc' dir='ltr'>ἀναλλοίωτος</span> <span class='ocrx_word' id='word_1_300' title='bbox 3451 2679 3618 2749; x_wconf 80' lang='grc' dir='ltr'>φύσις</span> <span class='ocrx_word' id='word_1_301' title='bbox 3673 2681 3852 2750; x_wconf 63' lang='grc' dir='ltr'>μηδεε</span> 
     </span>
    </p>
   </div>
   <div class='ocr_carea' id='block_1_42' title="bbox 2226 2769 3840 2844">
    <p class='ocr_par' dir='ltr' id='par_1_42' title="bbox 2226 2769 3840 2844">
     <span class='ocr_line' id='line_1_44' title="bbox 2226 2769 3840 2844; baseline 0.002 -19"><span class='ocrx_word' id='word_1_302' title='bbox 2226 2771 2358 2843; x_wconf 93' lang='grc' dir='ltr'>μίαν</span> <span class='ocrx_word' id='word_1_303' title='bbox 2390 2769 2750 2844; x_wconf 79' lang='grc' dir='ltr'>παραλλαγὴν</span> <span class='ocrx_word' id='word_1_304' title='bbox 2775 2770 2884 2824; x_wconf 78' lang='grc' dir='ltr'><strong>ἀπὸ</strong></span> <span class='ocrx_word' id='word_1_305' title='bbox 2911 2772 3010 2841; x_wconf 85' lang='grc' dir='ltr'><strong>τῆς</strong></span> <span class='ocrx_word' id='word_1_306' title='bbox 3059 2771 3551 2843; x_wconf 77' lang='grc' dir='ltr'>παραλλαττούσης</span> <span class='ocrx_word' id='word_1_307' title='bbox 3588 2773 3840 2844; x_wconf 80' lang='grc' dir='ltr'>σχέσεως</span> 
     </span>
    </p>
   </div>
   <div class='ocr_carea' id='block_1_43' title="bbox 2221 2860 3731 2939">
    <p class='ocr_par' dir='ltr' id='par_1_43' title="bbox 2221 2860 3731 2939">
     <span class='ocr_line' id='line_1_45' title="bbox 2221 2860 3731 2939; baseline 0.001 -17"><span class='ocrx_word' id='word_1_308' title='bbox 2221 2866 2254 2939; x_wconf 78' lang='grc' dir='ltr'>ἢ</span> <span class='ocrx_word' id='word_1_309' title='bbox 2287 2866 2574 2922; x_wconf 83' lang='grc' dir='ltr'>ἀλλοίωσιν</span> <span class='ocrx_word' id='word_1_310' title='bbox 2593 2864 2826 2936; x_wconf 75' lang='grc' dir='ltr'>ἐλεγχθῇ</span> <span class='ocrx_word' id='word_1_311' title='bbox 2855 2862 3129 2936; x_wconf 81' lang='grc' dir='ltr'>δεξαμένη</span> <span class='ocrx_word' id='word_1_312' title='bbox 3148 2879 3162 2894; x_wconf 79' lang='lat'>&#39;</span> <span class='ocrx_word' id='word_1_313' title='bbox 3201 2863 3259 2918; x_wconf 79' lang='grc' dir='ltr'>ἓν</span> <span class='ocrx_word' id='word_1_314' title='bbox 3286 2865 3387 2935; x_wconf 81' lang='grc' dir='ltr'><strong>μὲν</strong></span> <span class='ocrx_word' id='word_1_315' title='bbox 3420 2860 3515 2919; x_wconf 79' lang='grc' dir='ltr'><strong>οὖν</strong></span> <span class='ocrx_word' id='word_1_316' title='bbox 3545 2865 3731 2923; x_wconf 82' lang='grc' dir='ltr'>τοῦτο.</span> 
     </span>
    </p>
   </div>
   <div class='ocr_carea' id='block_1_44' title="bbox 2294 2958 3853 3033">
    <p class='ocr_par' dir='ltr' id='par_1_44' title="bbox 2294 2958 3853 3033">
     <span class='ocr_line' id='line_1_46' title="bbox 2294 2958 3853 3033; baseline -0.001 -16"><span class='ocrx_word' id='word_1_317' title='bbox 2294 2961 2361 3033; x_wconf 83' lang='grc' dir='ltr'><strong>β’.</strong></span> <span class='ocrx_word' id='word_1_318' title='bbox 2391 2960 2625 3033; x_wconf 81' lang='grc' dir='ltr'>Ἕτερον</span> <span class='ocrx_word' id='word_1_319' title='bbox 2655 2960 2736 3024; x_wconf 80' lang='grc' dir='ltr'><strong>δὲ,</strong></span> <span class='ocrx_word' id='word_1_320' title='bbox 2764 2960 2856 3013; x_wconf 79' lang='grc' dir='ltr'><strong>τὸν</strong></span> <span class='ocrx_word' id='word_1_321' title='bbox 2886 2958 3231 3032; x_wconf 81' lang='grc' dir='ltr'>Δημιουργὸν</span> <span class='ocrx_word' id='word_1_322' title='bbox 3266 2959 3375 3014; x_wconf 77' lang='grc' dir='ltr'>ἔδει</span> <span class='ocrx_word' id='word_1_323' title='bbox 3400 2999 3416 3025; x_wconf 92' lang='grc'><strong>,</strong></span> <span class='ocrx_word' id='word_1_324' title='bbox 3447 2959 3743 3031; x_wconf 81' lang='grc' dir='ltr'>συντριόὲν</span> <span class='ocrx_word' id='word_1_325' title='bbox 3785 2960 3853 3015; x_wconf 76' lang='grc' dir='ltr'>τὸ</span> 
     </span>
    </p>
   </div>
   <div class='ocr_carea' id='block_1_45' title="bbox 2218 3051 3853 3127">
    <p class='ocr_par' dir='ltr' id='par_1_45' title="bbox 2218 3051 3853 3127">
     <span class='ocr_line' id='line_1_47' title="bbox 2218 3051 3853 3127; baseline -0.001 -18"><span class='ocrx_word' id='word_1_326' title='bbox 2218 3055 2636 3127; x_wconf 83' lang='grc' dir='ltr'>δημιούργημα,</span> <span class='ocrx_word' id='word_1_327' title='bbox 2659 3054 2760 3109; x_wconf 81' lang='grc' dir='ltr'><strong>οὐκ</strong></span> <span class='ocrx_word' id='word_1_328' title='bbox 2789 3052 2972 3121; x_wconf 83' lang='grc' dir='ltr'>ἄλλον,</span> <span class='ocrx_word' id='word_1_329' title='bbox 2999 3053 3117 3107; x_wconf 76' lang='grc' dir='ltr'>ἀλλ’</span> <span class='ocrx_word' id='word_1_330' title='bbox 3140 3052 3305 3107; x_wconf 64' lang='grc' dir='ltr'>αὐτὸν</span> <span class='ocrx_word' id='word_1_331' title='bbox 3327 3051 3679 3109; x_wconf 85' lang='grc' dir='ltr'>ἀναπλάσαι·</span> <span class='ocrx_word' id='word_1_332' title='bbox 3712 3056 3763 3109; x_wconf 87' lang='grc' dir='ltr'><strong>εί</strong></span> <span class='ocrx_word' id='word_1_333' title='bbox 3782 3052 3814 3107; x_wconf 91' lang='grc' dir='ltr'><strong>δ</strong></span> <span class='ocrx_word' id='word_1_334' title='bbox 3833 3059 3853 3081; x_wconf 71' lang='grc'>⁸</span> 
     </span>
    </p>
   </div>
   <div class='ocr_carea' id='block_1_46' title="bbox 2219 3143 3847 3219">
    <p class='ocr_par' dir='ltr' id='par_1_46' title="bbox 2219 3143 3847 3219">
     <span class='ocr_line' id='line_1_48' title="bbox 2219 3143 3847 3219; baseline -0.002 -16"><span class='ocrx_word' id='word_1_335' title='bbox 2219 3146 2378 3212; x_wconf 83' lang='grc' dir='ltr'>ἄλλος</span> <span class='ocrx_word' id='word_1_336' title='bbox 2407 3145 2508 3219; x_wconf 76' lang='grc' dir='ltr'><strong>μὲν</strong></span> <span class='ocrx_word' id='word_1_337' title='bbox 2538 3145 2797 3210; x_wconf 76' lang='grc' dir='ltr'>ἔπλασεν,</span> <span class='ocrx_word' id='word_1_338' title='bbox 2826 3144 2986 3211; x_wconf 83' lang='grc' dir='ltr'>ἀλλος</span> <span class='ocrx_word' id='word_1_339' title='bbox 3010 3145 3055 3200; x_wconf 86' lang='grc' dir='ltr'>δ’</span> <span class='ocrx_word' id='word_1_340' title='bbox 3080 3143 3439 3213; x_wconf 83' lang='grc' dir='ltr'>ἀναπλάττει,</span> <span class='ocrx_word' id='word_1_341' title='bbox 3460 3145 3487 3200; x_wconf 80' lang='grc' dir='ltr'>ὃ</span> <span class='ocrx_word' id='word_1_342' title='bbox 3521 3147 3623 3218; x_wconf 80' lang='grc' dir='ltr'><strong>μὲν</strong></span> <span class='ocrx_word' id='word_1_343' title='bbox 3648 3146 3678 3198; x_wconf 93' lang='lat'><strong>6</strong></span> <span class='ocrx_word' id='word_1_344' title='bbox 3698 3145 3847 3200; x_wconf 85' lang='grc' dir='ltr'>πλά-</span> 
     </span>
    </p>
   </div>
   <div class='ocr_carea' id='block_1_47' title="bbox 2222 3232 3848 3311">
    <p class='ocr_par' dir='ltr' id='par_1_47' title="bbox 2222 3232 3848 3311">
     <span class='ocr_line' id='line_1_49' title="bbox 2222 3232 3848 3311; baseline -0.001 -17"><span class='ocrx_word' id='word_1_345' title='bbox 2222 3256 2323 3304; x_wconf 86' lang='grc' dir='ltr'><strong>σας</strong></span> <span class='ocrx_word' id='word_1_346' title='bbox 2371 3232 2541 3311; x_wconf 79' lang='grc' dir='ltr'>εῖχεν,</span> <span class='ocrx_word' id='word_1_347' title='bbox 2573 3238 2676 3292; x_wconf 87' lang='grc' dir='ltr'><strong>ούκ</strong></span> <span class='ocrx_word' id='word_1_348' title='bbox 2700 3237 2837 3310; x_wconf 76' lang='grc' dir='ltr'>ἔχει,</span> <span class='ocrx_word' id='word_1_349' title='bbox 2880 3236 2910 3292; x_wconf 86' lang='grc' dir='ltr'><strong>δ</strong></span> <span class='ocrx_word' id='word_1_350' title='bbox 2958 3237 3016 3291; x_wconf 84' lang='grc' dir='ltr'>δὲ</span> <span class='ocrx_word' id='word_1_351' title='bbox 3069 3239 3097 3292; x_wconf 90' lang='lat'><strong>6</strong></span> <span class='ocrx_word' id='word_1_352' title='bbox 3148 3237 3470 3303; x_wconf 84' lang='grc' dir='ltr'>ἀναπλάσας</span> <span class='ocrx_word' id='word_1_353' title='bbox 3530 3239 3848 3310; x_wconf 79' lang='grc' dir='ltr'>χαρίζεται,</span> 
     </span>
    </p>
   </div>
   <div class='ocr_carea' id='block_1_48' title="bbox 2220 3329 3843 3403">
    <p class='ocr_par' dir='ltr' id='par_1_48' title="bbox 2220 3329 3843 3403">
     <span class='ocr_line' id='line_1_50' title="bbox 2220 3329 3843 3403; baseline -0.001 -16"><span class='ocrx_word' id='word_1_354' title='bbox 2220 3332 2384 3388; x_wconf 76' lang='grc' dir='ltr'>τοῦτο</span> <span class='ocrx_word' id='word_1_355' title='bbox 2439 3332 2516 3403; x_wconf 79' lang='grc' dir='ltr'>μὴ</span> <span class='ocrx_word' id='word_1_356' title='bbox 2569 3330 2717 3402; x_wconf 76' lang='grc' dir='ltr'>ἔχειν</span> <span class='ocrx_word' id='word_1_357' title='bbox 2769 3330 2863 3385; x_wconf 78' lang='grc' dir='ltr'><strong>τὸν</strong></span> <span class='ocrx_word' id='word_1_358' title='bbox 2913 3329 3197 3385; x_wconf 86' lang='grc' dir='ltr'>πλάσαντα</span> <span class='ocrx_word' id='word_1_359' title='bbox 3227 3331 3261 3399; x_wconf 89' lang='grc' dir='ltr'><strong>ή</strong></span> <span class='ocrx_word' id='word_1_360' title='bbox 3296 3329 3392 3383; x_wconf 84' lang='grc' dir='ltr'>τοῦ</span> <span class='ocrx_word' id='word_1_361' title='bbox 3444 3330 3640 3403; x_wconf 82' lang='grc' dir='ltr'>ἑτέρου</span> <span class='ocrx_word' id='word_1_362' title='bbox 3675 3330 3843 3402; x_wconf 84' lang='grc' dir='ltr'>χρεία</span> 
     </span>
    </p>
   </div>
   <div class='ocr_carea' id='block_1_49' title="bbox 2228 3421 3850 3498">
    <p class='ocr_par' dir='ltr' id='par_1_49' title="bbox 2228 3421 3850 3498">
     <span class='ocr_line' id='line_1_51' title="bbox 2228 3421 3850 3498; baseline -0.002 -19"><span class='ocrx_word' id='word_1_363' title='bbox 2228 3423 2640 3498; x_wconf 87' lang='grc' dir='ltr'>παραδεικνύει.</span> <span class='ocrx_word' id='word_1_364' title='bbox 2660 3422 2798 3477; x_wconf 83' lang='grc' dir='ltr'>Ἀλλ’</span> <span class='ocrx_word' id='word_1_365' title='bbox 2822 3423 2977 3477; x_wconf 79' lang='grc' dir='ltr'>οὐδὲν</span> <span class='ocrx_word' id='word_1_366' title='bbox 3001 3421 3244 3476; x_wconf 76' lang='grc' dir='ltr'>τοιοῦτον</span> <span class='ocrx_word' id='word_1_367' title='bbox 3265 3424 3323 3476; x_wconf 82' lang='grc' dir='ltr'>ὲν</span> <span class='ocrx_word' id='word_1_368' title='bbox 3351 3425 3417 3494; x_wconf 79' lang='grc' dir='ltr'>τῇ</span> <span class='ocrx_word' id='word_1_369' title='bbox 3450 3422 3721 3494; x_wconf 79' lang='grc' dir='ltr'>θεαρχικῇ</span> <span class='ocrx_word' id='word_1_370' title='bbox 3746 3423 3850 3477; x_wconf 71' lang='grc' dir='ltr'>καὶ</span> 
     </span>
    </p>
   </div>
   <div class='ocr_carea' id='block_1_50' title="bbox 2230 3515 3850 3590">
    <p class='ocr_par' dir='ltr' id='par_1_50' title="bbox 2230 3515 3850 3590">
     <span class='ocr_line' id='line_1_52' title="bbox 2230 3515 3850 3590; baseline -0.001 -18"><span class='ocrx_word' id='word_1_371' title='bbox 2230 3519 2712 3590; x_wconf 82' lang='grc' dir='ltr'>παντοκρατορικῇ</span> <span class='ocrx_word' id='word_1_372' title='bbox 2743 3517 2973 3589; x_wconf 79' lang='grc' dir='ltr'>Τριάδι·</span> <span class='ocrx_word' id='word_1_373' title='bbox 3011 3516 3341 3587; x_wconf 82' lang='grc' dir='ltr'>δημιουργεῖ</span> <span class='ocrx_word' id='word_1_374' title='bbox 3394 3518 3424 3571; x_wconf 97' lang='lat'><strong>6</strong></span> <span class='ocrx_word' id='word_1_375' title='bbox 3480 3515 3612 3581; x_wconf 78' lang='grc' dir='ltr'>Υἱὸς</span> <span class='ocrx_word' id='word_1_376' title='bbox 3638 3556 3655 3581; x_wconf 95' lang='grc'><strong>,</strong></span> <span class='ocrx_word' id='word_1_377' title='bbox 3706 3534 3850 3587; x_wconf 81' lang='grc' dir='ltr'>συμ-</span> 
     </span>
    </p>
   </div>
   <div class='ocr_carea' id='block_1_51' title="bbox 2229 3607 3853 3684">
    <p class='ocr_par' dir='ltr' id='par_1_51' title="bbox 2229 3607 3853 3684">
     <span class='ocr_line' id='line_1_53' title="bbox 2229 3607 3853 3684; baseline -0.002 -18"><span class='ocrx_word' id='word_1_378' title='bbox 2229 3613 2464 3684; x_wconf 85' lang='grc' dir='ltr'>πάρεστι</span> <span class='ocrx_word' id='word_1_379' title='bbox 2510 3610 2659 3664; x_wconf 77' lang='grc' dir='ltr'>καὶὸ</span> <span class='ocrx_word' id='word_1_380' title='bbox 2688 3609 2881 3680; x_wconf 77' lang='grc' dir='ltr'>Πατὴρ</span> <span class='ocrx_word' id='word_1_381' title='bbox 2926 3608 3022 3663; x_wconf 74' lang='grc' dir='ltr'>καὶ</span> <span class='ocrx_word' id='word_1_382' title='bbox 3073 3607 3135 3662; x_wconf 82' lang='grc' dir='ltr'>τὸ</span> <span class='ocrx_word' id='word_1_383' title='bbox 3188 3608 3449 3679; x_wconf 79' lang='grc' dir='ltr'>Πνεῦμαο</span> <span class='ocrx_word' id='word_1_384' title='bbox 3502 3608 3853 3663; x_wconf 82' lang='grc' dir='ltr'>ἀναπλάττει</span> 
     </span>
    </p>
   </div>
   <div class='ocr_carea' id='block_1_52' title="bbox 2230 3702 3847 3773">
    <p class='ocr_par' dir='ltr' id='par_1_52' title="bbox 2230 3702 3847 3773">
     <span class='ocr_line' id='line_1_54' title="bbox 2230 3702 3847 3773; baseline -0.002 -14"><span class='ocrx_word' id='word_1_385' title='bbox 2230 3706 2394 3759; x_wconf 86' lang='grc' dir='ltr'>πάλιν</span> <span class='ocrx_word' id='word_1_386' title='bbox 2415 3706 2443 3758; x_wconf 90' lang='lat'><strong>6</strong></span> <span class='ocrx_word' id='word_1_387' title='bbox 2469 3704 2620 3768; x_wconf 77' lang='grc' dir='ltr'>Υἱὸς,</span> <span class='ocrx_word' id='word_1_388' title='bbox 2654 3703 2868 3757; x_wconf 82' lang='grc' dir='ltr'>εὐδοκεῖ</span> <span class='ocrx_word' id='word_1_389' title='bbox 2896 3703 2991 3756; x_wconf 59' lang='grc' dir='ltr'><strong>καὶ⁹</strong></span> <span class='ocrx_word' id='word_1_390' title='bbox 3021 3704 3277 3773; x_wconf 88' lang='grc' dir='ltr'>συνεργεί</span> <span class='ocrx_word' id='word_1_391' title='bbox 3304 3705 3372 3773; x_wconf 81' lang='grc' dir='ltr'>τῇ</span> <span class='ocrx_word' id='word_1_392' title='bbox 3409 3702 3724 3756; x_wconf 87' lang='grc' dir='ltr'>ἀναπλάσει</span> <span class='ocrx_word' id='word_1_393' title='bbox 3748 3704 3847 3757; x_wconf 69' lang='grc' dir='ltr'>καὶ</span> 
     </span>
    </p>
   </div>
   <div class='ocr_carea' id='block_1_53' title="bbox 2227 3792 3852 3866">
    <p class='ocr_par' dir='ltr' id='par_1_53' title="bbox 2227 3792 3852 3866">
     <span class='ocr_line' id='line_1_55' title="bbox 2227 3792 3852 3866; baseline 0 -18"><span class='ocrx_word' id='word_1_394' title='bbox 2227 3795 2256 3848; x_wconf 92' lang='lat'><strong>6</strong></span> <span class='ocrx_word' id='word_1_395' title='bbox 2291 3794 2483 3866; x_wconf 79' lang='grc' dir='ltr'>Πατὴρ</span> <span class='ocrx_word' id='word_1_396' title='bbox 2508 3795 2605 3848; x_wconf 73' lang='grc' dir='ltr'><strong>καὶ</strong></span> <span class='ocrx_word' id='word_1_397' title='bbox 2628 3793 2688 3848; x_wconf 75' lang='grc' dir='ltr'>τὺ</span> <span class='ocrx_word' id='word_1_398' title='bbox 2713 3792 2961 3865; x_wconf 82' lang='grc' dir='ltr'>Πνεῦμα.</span> <span class='ocrx_word' id='word_1_399' title='bbox 2998 3792 3114 3847; x_wconf 79' lang='grc' dir='ltr'>Μία</span> <span class='ocrx_word' id='word_1_400' title='bbox 3143 3793 3251 3847; x_wconf 84' lang='grc' dir='ltr'><strong>τῶν</strong></span> <span class='ocrx_word' id='word_1_401' title='bbox 3281 3792 3453 3865; x_wconf 86' lang='grc' dir='ltr'>τριῶν</span> <span class='ocrx_word' id='word_1_402' title='bbox 3484 3794 3516 3864; x_wconf 80' lang='grc' dir='ltr'><strong>ἡ</strong></span> <span class='ocrx_word' id='word_1_403' title='bbox 3556 3793 3753 3866; x_wconf 84' lang='grc' dir='ltr'>βουλὴ,</span> <span class='ocrx_word' id='word_1_404' title='bbox 3785 3794 3852 3850; x_wconf 72' lang='grc' dir='ltr'><strong>τὸ</strong></span> 
     </span>
    </p>
   </div>
   <div class='ocr_carea' id='block_1_54' title="bbox 2227 3882 3745 3956">
    <p class='ocr_par' dir='ltr' id='par_1_54' title="bbox 2227 3882 3745 3956">
     <span class='ocr_line' id='line_1_56' title="bbox 2227 3882 3745 3956; baseline 0.003 -18"><span class='ocrx_word' id='word_1_405' title='bbox 2227 3886 2430 3954; x_wconf 82' lang='grc' dir='ltr'>κράτος</span> <span class='ocrx_word' id='word_1_406' title='bbox 2461 3882 2543 3950; x_wconf 79' lang='grc' dir='ltr'>ἓν,</span> <span class='ocrx_word' id='word_1_407' title='bbox 2574 3883 2675 3955; x_wconf 81' lang='grc' dir='ltr'>οὐχ</span> <span class='ocrx_word' id='word_1_408' title='bbox 2703 3884 2925 3956; x_wconf 81' lang='grc' dir='ltr'>ὲτέραὴ</span> <span class='ocrx_word' id='word_1_409' title='bbox 2961 3884 3236 3955; x_wconf 76' lang='grc' dir='ltr'>ἐνέργεια,</span> <span class='ocrx_word' id='word_1_410' title='bbox 3263 3885 3297 3955; x_wconf 81' lang='grc' dir='ltr'>ἡ</span> <span class='ocrx_word' id='word_1_411' title='bbox 3334 3884 3586 3956; x_wconf 85' lang='grc' dir='ltr'>βασιλεία</span> <span class='ocrx_word' id='word_1_412' title='bbox 3619 3885 3745 3956; x_wconf 86' lang='grc' dir='ltr'>μία.</span> 
     </span>
    </p>
   </div>
   <div class='ocr_carea' id='block_1_55' title="bbox 2299 3977 3851 4052">
    <p class='ocr_par' dir='ltr' id='par_1_55' title="bbox 2299 3977 3851 4052">
     <span class='ocr_line' id='line_1_57' title="bbox 2299 3977 3851 4052; baseline 0.001 -19"><span class='ocrx_word' id='word_1_413' title='bbox 2299 3983 2373 4048; x_wconf 83' lang='grc' dir='ltr'><strong>γ’.</strong></span> <span class='ocrx_word' id='word_1_414' title='bbox 2413 3978 2603 4045; x_wconf 87' lang='grc' dir='ltr'>Πάλιν,</span> <span class='ocrx_word' id='word_1_415' title='bbox 2639 3978 2762 4031; x_wconf 78' lang='grc' dir='ltr'>ἐπεὶ</span> <span class='ocrx_word' id='word_1_416' title='bbox 2793 3978 2967 4046; x_wconf 87' lang='grc' dir='ltr'>Λόγος</span> <span class='ocrx_word' id='word_1_417' title='bbox 2992 3979 3021 4032; x_wconf 93' lang='grc' dir='ltr'><strong>ό</strong></span> <span class='ocrx_word' id='word_1_418' title='bbox 3050 3977 3179 4042; x_wconf 76' lang='grc' dir='ltr'>Υἱὸς</span> <span class='ocrx_word' id='word_1_419' title='bbox 3212 3977 3309 4032; x_wconf 78' lang='grc' dir='ltr'><strong>τοῦ</strong></span> <span class='ocrx_word' id='word_1_420' title='bbox 3346 3979 3583 4052; x_wconf 59' lang='grc' dir='ltr'>Πατρὶς,</span> <span class='ocrx_word' id='word_1_421' title='bbox 3610 3980 3743 4044; x_wconf 72' lang='grc' dir='ltr'>τοὺς</span> <span class='ocrx_word' id='word_1_422' title='bbox 3762 3980 3851 4046; x_wconf 78' lang='grc' dir='ltr'>εἷς</span> 
     </span>
    </p>
   </div>
   <div class='ocr_carea' id='block_1_56' title="bbox 2227 4066 3853 4143">
    <p class='ocr_par' dir='ltr' id='par_1_56' title="bbox 2227 4066 3853 4143">
     <span class='ocr_line' id='line_1_58' title="bbox 2227 4066 3853 4143; baseline 0.004 -20"><span class='ocrx_word' id='word_1_423' title='bbox 2227 4067 2456 4138; x_wconf 87' lang='grc' dir='ltr'>ἀλογίαν</span> <span class='ocrx_word' id='word_1_424' title='bbox 2511 4069 2926 4134; x_wconf 86' lang='grc' dir='ltr'>καταπεσόντας</span> <span class='ocrx_word' id='word_1_425' title='bbox 2972 4069 3065 4122; x_wconf 85' lang='grc' dir='ltr'><strong>τὸν</strong></span> <span class='ocrx_word' id='word_1_426' title='bbox 3112 4069 3288 4140; x_wconf 89' lang='grc' dir='ltr'>Λόγον</span> <span class='ocrx_word' id='word_1_427' title='bbox 3332 4066 3405 4143; x_wconf 76' lang='grc' dir='ltr'>ἦν</span> <span class='ocrx_word' id='word_1_428' title='bbox 3444 4072 3853 4129; x_wconf 76' lang='grc' dir='ltr'>ἀνακαλεῖσθαι</span> 
     </span>
    </p>
   </div>
   <div class='ocr_carea' id='block_1_57' title="bbox 2229 4160 3857 4238">
    <p class='ocr_par' dir='ltr' id='par_1_57' title="bbox 2229 4160 3857 4238">
     <span class='ocr_line' id='line_1_59' title="bbox 2229 4160 3857 4238; baseline 0.004 -24"><span class='ocrx_word' id='word_1_429' title='bbox 2229 4163 2512 4233; x_wconf 79' lang='grc' dir='ltr'>προσῆκον</span> <span class='ocrx_word' id='word_1_430' title='bbox 2539 4160 2723 4234; x_wconf 80' lang='grc' dir='ltr'>(λόγῳ</span> <span class='ocrx_word' id='word_1_431' title='bbox 2759 4161 2870 4234; x_wconf 80' lang='grc' dir='ltr'><strong>γάρ</strong></span> <span class='ocrx_word' id='word_1_432' title='bbox 2900 4161 2934 4233; x_wconf 88' lang='grc' dir='ltr'><strong>ή</strong></span> <span class='ocrx_word' id='word_1_433' title='bbox 2966 4161 3159 4230; x_wconf 85' lang='grc' dir='ltr'>ἀλογία</span> <span class='ocrx_word' id='word_1_434' title='bbox 3194 4162 3545 4236; x_wconf 78' lang='grc' dir='ltr'>ῥυθμίζεται,</span> <span class='ocrx_word' id='word_1_435' title='bbox 3576 4168 3675 4220; x_wconf 75' lang='grc' dir='ltr'><strong>καὶ</strong></span> <span class='ocrx_word' id='word_1_436' title='bbox 3707 4168 3857 4238; x_wconf 80' lang='grc' dir='ltr'>πρὸς</span> 
     </span>
    </p>
   </div>
   <div class='ocr_carea' id='block_1_58' title="bbox 2226 4253 3855 4329">
    <p class='ocr_par' dir='ltr' id='par_1_58' title="bbox 2226 4253 3855 4329">
     <span class='ocr_line' id='line_1_60' title="bbox 2226 4253 3855 4329; baseline 0.004 -20"><span class='ocrx_word' id='word_1_437' title='bbox 2226 4254 2321 4309; x_wconf 76' lang='grc' dir='ltr'>τὸν</span> <span class='ocrx_word' id='word_1_438' title='bbox 2349 4253 2509 4324; x_wconf 93' lang='grc' dir='ltr'>λόγον</span> <span class='ocrx_word' id='word_1_439' title='bbox 2539 4254 2638 4327; x_wconf 84' lang='grc' dir='ltr'>τὴν</span> <span class='ocrx_word' id='word_1_440' title='bbox 2668 4257 2951 4329; x_wconf 78' lang='grc' dir='ltr'>ἀναφορὰν</span> <span class='ocrx_word' id='word_1_441' title='bbox 2976 4258 3009 4327; x_wconf 85' lang='grc' dir='ltr'><strong>ή</strong></span> <span class='ocrx_word' id='word_1_442' title='bbox 3033 4258 3324 4329; x_wconf 85' lang='grc' dir='ltr'>διόρθωσις</span> <span class='ocrx_word' id='word_1_443' title='bbox 3353 4259 3463 4312; x_wconf 86' lang='grc' dir='ltr'><strong>τῶν</strong></span> <span class='ocrx_word' id='word_1_444' title='bbox 3490 4261 3855 4315; x_wconf 79' lang='grc' dir='ltr'>ἐκπεσόντων</span> 
     </span>
    </p>
   </div>
   <div class='ocr_carea' id='block_1_59' title="bbox 2226 4347 3854 4424">
    <p class='ocr_par' dir='ltr' id='par_1_59' title="bbox 2226 4347 3854 4424">
     <span class='ocr_line' id='line_1_61' title="bbox 2226 4347 3854 4424; baseline 0.005 -23"><span class='ocrx_word' id='word_1_445' title='bbox 2226 4347 2329 4419; x_wconf 81' lang='grc' dir='ltr'>τῆς</span> <span class='ocrx_word' id='word_1_446' title='bbox 2378 4348 2605 4420; x_wconf 88' lang='grc' dir='ltr'>χάριτος</span> <span class='ocrx_word' id='word_1_447' title='bbox 2647 4348 2806 4419; x_wconf 80' lang='grc' dir='ltr'>ἔχει)ο</span> <span class='ocrx_word' id='word_1_448' title='bbox 2846 4348 2881 4419; x_wconf 85' lang='grc' dir='ltr'><strong>ή</strong></span> <span class='ocrx_word' id='word_1_449' title='bbox 2926 4348 3209 4420; x_wconf 71' lang='grc' dir='ltr'>σάρκωσις</span> <span class='ocrx_word' id='word_1_450' title='bbox 3236 4350 3330 4405; x_wconf 75' lang='grc' dir='ltr'><strong>τού</strong></span> <span class='ocrx_word' id='word_1_451' title='bbox 3363 4350 3495 4406; x_wconf 80' lang='grc' dir='ltr'>Υίοϋ</span> <span class='ocrx_word' id='word_1_452' title='bbox 3545 4353 3712 4424; x_wconf 79' lang='grc' dir='ltr'>δῆλον</span> <span class='ocrx_word' id='word_1_453' title='bbox 3759 4355 3854 4409; x_wconf 82' lang='grc' dir='ltr'>ὃτι</span> 
     </span>
    </p>
   </div>
   <div class='ocr_carea' id='block_1_60' title="bbox 2229 4439 3858 4517">
    <p class='ocr_par' dir='ltr' id='par_1_60' title="bbox 2229 4439 3858 4517">
     <span class='ocr_line' id='line_1_62' title="bbox 2229 4439 3858 4517; baseline 0.005 -23"><span class='ocrx_word' id='word_1_454' title='bbox 2229 4439 2369 4513; x_wconf 82' lang='grc' dir='ltr'>πρὸς</span> <span class='ocrx_word' id='word_1_455' title='bbox 2399 4440 2569 4511; x_wconf 84' lang='grc' dir='ltr'>μόνην</span> <span class='ocrx_word' id='word_1_456' title='bbox 2618 4441 2719 4513; x_wconf 83' lang='grc' dir='ltr'>τὴν</span> <span class='ocrx_word' id='word_1_457' title='bbox 2759 4441 2870 4494; x_wconf 84' lang='grc' dir='ltr'><strong>τῶν</strong></span> <span class='ocrx_word' id='word_1_458' title='bbox 2900 4441 3212 4513; x_wconf 85' lang='grc' dir='ltr'>ἀνθρώπων</span> <span class='ocrx_word' id='word_1_459' title='bbox 3239 4443 3423 4517; x_wconf 78' lang='grc' dir='ltr'>ἀφορᾷ</span> <span class='ocrx_word' id='word_1_460' title='bbox 3448 4446 3755 4517; x_wconf 85' lang='grc' dir='ltr'>σωτηρίαν.</span> <span class='ocrx_word' id='word_1_461' title='bbox 3787 4448 3858 4502; x_wconf 84' lang='grc' dir='ltr'><strong>Εἰ</strong></span> 
     </span>
    </p>
   </div>
   <div class='ocr_carea' id='block_1_61' title="bbox 1198 2226 1479 2297">
    <p class='ocr_par' dir='ltr' id='par_1_61' title="bbox 1198 2226 1479 2297">
     <span class='ocr_line' id='line_1_63' title="bbox 1198 2226 1479 2297; baseline -0.018 -15"><span class='ocrx_word' id='word_1_462' title='bbox 1198 2243 1429 2297; x_wconf 74' lang='lat' dir='ltr'><strong>persona</strong></span> <span class='ocrx_word' id='word_1_463' title='bbox 1454 2226 1479 2278; x_wconf 85' lang='lat'><strong><em>?</em></strong></span> 
     </span>
    </p>
   </div>
   <div class='ocr_carea' id='block_1_62' title="bbox 593 2308 2118 2400">
    <p class='ocr_par' dir='ltr' id='par_1_62' title="bbox 593 2308 2118 2400">
     <span class='ocr_line' id='line_1_64' title="bbox 593 2308 2118 2400; baseline -0.014 -13"><span class='ocrx_word' id='word_1_464' title='bbox 593 2330 648 2386; x_wconf 78' lang='grc'><strong>1.</strong></span> <span class='ocrx_word' id='word_1_465' title='bbox 677 2328 792 2386; x_wconf 86' lang='lat' dir='ltr'><strong>Cur</strong></span> <span class='ocrx_word' id='word_1_466' title='bbox 823 2338 1013 2400; x_wconf 69' lang='lat' dir='ltr'><strong>quaeso</strong></span> <span class='ocrx_word' id='word_1_467' title='bbox 1040 2319 1219 2377; x_wconf 87' lang='lat' dir='ltr'><strong>Filius</strong></span> <span class='ocrx_word' id='word_1_468' title='bbox 1242 2330 1297 2376; x_wconf 88' lang='lat' dir='ltr'><strong>et</strong></span> <span class='ocrx_word' id='word_1_469' title='bbox 1320 2333 1431 2374; x_wconf 89' lang='lat' dir='ltr'><strong>non</strong></span> <span class='ocrx_word' id='word_1_470' title='bbox 1458 2316 1564 2371; x_wconf 89' lang='lat' dir='ltr'><strong>alia</strong></span> <span class='ocrx_word' id='word_1_471' title='bbox 1597 2321 1804 2372; x_wconf 81' lang='lat' dir='ltr'><strong>sanctae</strong></span> <span class='ocrx_word' id='word_1_472' title='bbox 1822 2308 2118 2367; x_wconf 84' lang='lat' dir='ltr'><strong>Trinitatis</strong></span> 
     </span>
    </p>
   </div>
   <div class='ocr_carea' id='block_1_63' title="bbox 520 2402 2120 2501">
    <p class='ocr_par' dir='ltr' id='par_1_63' title="bbox 520 2402 2120 2501">
     <span class='ocr_line' id='line_1_65' title="bbox 520 2402 2120 2501; baseline -0.016 -19"><span class='ocrx_word' id='word_1_473' title='bbox 520 2439 785 2501; x_wconf 87' lang='lat' dir='ltr'><strong>persona,</strong></span> <span class='ocrx_word' id='word_1_474' title='bbox 821 2428 1070 2478; x_wconf 90' lang='lat' dir='ltr'><strong>nostram</strong></span> <span class='ocrx_word' id='word_1_475' title='bbox 1135 2411 1424 2485; x_wconf 88' lang='lat' dir='ltr'><strong>accipiens</strong></span> <span class='ocrx_word' id='word_1_476' title='bbox 1450 2417 1703 2464; x_wconf 89' lang='lat' dir='ltr'><strong>naturam</strong></span> <span class='ocrx_word' id='word_1_477' title='bbox 1758 2419 1892 2461; x_wconf 88' lang='lat' dir='ltr'><strong>caro</strong></span> <span class='ocrx_word' id='word_1_478' title='bbox 1940 2402 2120 2458; x_wconf 83' lang='lat' dir='ltr'><strong>factus</strong></span> 
     </span>
    </p>
   </div>
   <div class='ocr_carea' id='block_1_64' title="bbox 518 2496 2116 2587">
    <p class='ocr_par' dir='ltr' id='par_1_64' title="bbox 518 2496 2116 2587">
     <span class='ocr_line' id='line_1_66' title="bbox 518 2496 2116 2587; baseline -0.017 -9"><span class='ocrx_word' id='word_1_479' title='bbox 518 2496 787 2577; x_wconf 73' lang='lat' dir='ltr'><strong>est?Cur</strong></span> <span class='ocrx_word' id='word_1_480' title='bbox 821 2512 1028 2587; x_wconf 84' lang='lat' dir='ltr'><strong>igitur?</strong></span> <span class='ocrx_word' id='word_1_481' title='bbox 1063 2508 1135 2565; x_wconf 91' lang='lat' dir='ltr'><strong>Ut</strong></span> <span class='ocrx_word' id='word_1_482' title='bbox 1158 2518 1272 2563; x_wconf 91' lang='lat' dir='ltr'><strong>tum</strong></span> <span class='ocrx_word' id='word_1_483' title='bbox 1296 2506 1474 2560; x_wconf 86' lang='lat' dir='ltr'><strong>Filius</strong></span> <span class='ocrx_word' id='word_1_484' title='bbox 1514 2503 1569 2557; x_wconf 92' lang='lat' dir='ltr'><strong>iu</strong></span> <span class='ocrx_word' id='word_1_485' title='bbox 1592 2501 1742 2565; x_wconf 88' lang='lat' dir='ltr'><strong>altis,</strong></span> <span class='ocrx_word' id='word_1_486' title='bbox 1782 2508 1897 2554; x_wconf 87' lang='lat' dir='ltr'><strong>tutu</strong></span> <span class='ocrx_word' id='word_1_487' title='bbox 1941 2496 2116 2551; x_wconf 88' lang='lat' dir='ltr'><strong>Filius</strong></span> 
     </span>
    </p>
   </div>
   <div class='ocr_carea' id='block_1_65' title="bbox 520 2590 2105 2672">
    <p class='ocr_par' dir='ltr' id='par_1_65' title="bbox 520 2590 2105 2672">
     <span class='ocr_line' id='line_1_67' title="bbox 520 2590 2105 2672; baseline -0.016 -4"><span class='ocrx_word' id='word_1_488' title='bbox 520 2613 575 2669; x_wconf 91' lang='lat' dir='ltr'><strong>iu</strong></span> <span class='ocrx_word' id='word_1_489' title='bbox 610 2611 738 2667; x_wconf 91' lang='lat' dir='ltr'><strong>imis</strong></span> <span class='ocrx_word' id='word_1_490' title='bbox 767 2606 1058 2672; x_wconf 88' lang='lat' dir='ltr'><strong>manserit,</strong></span> <span class='ocrx_word' id='word_1_491' title='bbox 1083 2605 1408 2659; x_wconf 89' lang='lat' dir='ltr'><strong>incarnatus</strong></span> <span class='ocrx_word' id='word_1_492' title='bbox 1431 2613 1495 2652; x_wconf 84' lang='lat' dir='ltr'><strong>ex</strong></span> <span class='ocrx_word' id='word_1_493' title='bbox 1542 2594 1843 2667; x_wconf 86' lang='lat' dir='ltr'><strong>purissimo</strong></span> <span class='ocrx_word' id='word_1_494' title='bbox 1888 2598 1942 2646; x_wconf 85' lang='lat' dir='ltr'><strong>et</strong></span> <span class='ocrx_word' id='word_1_495' title='bbox 1987 2590 2105 2645; x_wconf 86' lang='lat' dir='ltr'><strong>vir-</strong></span> 
     </span>
    </p>
   </div>
   <div class='ocr_carea' id='block_1_66' title="bbox 517 2678 2115 2778">
    <p class='ocr_par' dir='ltr' id='par_1_66' title="bbox 517 2678 2115 2778">
     <span class='ocr_line' id='line_1_68' title="bbox 517 2678 2115 2778; baseline -0.019 -18"><span class='ocrx_word' id='word_1_496' title='bbox 517 2705 682 2778; x_wconf 79' lang='lat' dir='ltr'><strong>gineo</strong></span> <span class='ocrx_word' id='word_1_497' title='bbox 702 2700 974 2771; x_wconf 79' lang='lat' dir='ltr'><strong>sanguine</strong></span> <span class='ocrx_word' id='word_1_498' title='bbox 1021 2704 1074 2752; x_wconf 89' lang='lat' dir='ltr'><strong>et</strong></span> <span class='ocrx_word' id='word_1_499' title='bbox 1104 2701 1167 2748; x_wconf 92' lang='lat' dir='ltr'><strong>ut</strong></span> <span class='ocrx_word' id='word_1_500' title='bbox 1214 2686 1581 2746; x_wconf 84' lang='lat' dir='ltr'><strong>inuuutahilis</strong></span> <span class='ocrx_word' id='word_1_501' title='bbox 1645 2691 1843 2739; x_wconf 84' lang='lat' dir='ltr'><strong>natura</strong></span> <span class='ocrx_word' id='word_1_502' title='bbox 1901 2678 2115 2734; x_wconf 91' lang='lat' dir='ltr'><strong>nullam</strong></span> 
     </span>
    </p>
   </div>
   <div class='ocr_carea' id='block_1_67' title="bbox 519 2773 2114 2855">
    <p class='ocr_par' dir='ltr' id='par_1_67' title="bbox 519 2773 2114 2855">
     <span class='ocr_line' id='line_1_69' title="bbox 519 2773 2114 2855; baseline -0.016 -5"><span class='ocrx_word' id='word_1_503' title='bbox 519 2773 960 2852; x_wconf 74' lang='lat' dir='ltr'><strong>vicissitudinem</strong></span> <span class='ocrx_word' id='word_1_504' title='bbox 989 2828 1007 2855; x_wconf 94' lang='lat'><strong>,</strong></span> <span class='ocrx_word' id='word_1_505' title='bbox 1032 2795 1177 2844; x_wconf 88' lang='lat' dir='ltr'><strong>statu</strong></span> <span class='ocrx_word' id='word_1_506' title='bbox 1206 2788 1479 2847; x_wconf 88' lang='lat' dir='ltr'><strong>mutante,</strong></span> <span class='ocrx_word' id='word_1_507' title='bbox 1503 2778 1722 2835; x_wconf 87' lang='lat' dir='ltr'><strong>subisse</strong></span> <span class='ocrx_word' id='word_1_508' title='bbox 1755 2773 2114 2829; x_wconf 86' lang='lat' dir='ltr'><strong>mutationem</strong></span> 
     </span>
    </p>
   </div>
   <div class='ocr_carea' id='block_1_68' title="bbox 523 2878 1376 2960">
    <p class='ocr_par' dir='ltr' id='par_1_68' title="bbox 523 2878 1376 2960">
     <span class='ocr_line' id='line_1_70' title="bbox 523 2878 1376 2960; baseline -0.015 -16"><span class='ocrx_word' id='word_1_509' title='bbox 523 2894 872 2960; x_wconf 79' lang='lat' dir='ltr'><strong>argueretur.</strong></span> <span class='ocrx_word' id='word_1_510' title='bbox 910 2882 1029 2938; x_wconf 89' lang='lat' dir='ltr'><strong>Una</strong></span> <span class='ocrx_word' id='word_1_511' title='bbox 1066 2881 1209 2935; x_wconf 89' lang='lat' dir='ltr'><strong>ratio</strong></span> <span class='ocrx_word' id='word_1_512' title='bbox 1236 2878 1376 2933; x_wconf 70' lang='lat' dir='ltr'><strong>hazc.</strong></span> 
     </span>
    </p>
   </div>
   <div class='ocr_carea' id='block_1_69' title="bbox 590 2966 2118 3043">
    <p class='ocr_par' dir='ltr' id='par_1_69' title="bbox 590 2966 2118 3043">
     <span class='ocr_line' id='line_1_71' title="bbox 590 2966 2118 3043; baseline -0.014 -8"><span class='ocrx_word' id='word_1_513' title='bbox 590 2981 648 3037; x_wconf 74' lang='lat'><strong>2.</strong></span> <span class='ocrx_word' id='word_1_514' title='bbox 675 2979 862 3035; x_wconf 83' lang='lat' dir='ltr'><strong>Altera</strong></span> <span class='ocrx_word' id='word_1_515' title='bbox 916 2983 1133 3031; x_wconf 89' lang='lat' dir='ltr'><strong>autem:</strong></span> <span class='ocrx_word' id='word_1_516' title='bbox 1183 2970 1475 3043; x_wconf 85' lang='lat' dir='ltr'><strong>oportebat</strong></span> <span class='ocrx_word' id='word_1_517' title='bbox 1542 2966 1890 3027; x_wconf 88' lang='lat' dir='ltr'><strong>Creatorem,</strong></span> <span class='ocrx_word' id='word_1_518' title='bbox 1934 2972 2118 3030; x_wconf 85' lang='lat' dir='ltr'><strong>neque</strong></span> 
     </span>
    </p>
   </div>
   <div class='ocr_carea' id='block_1_70' title="bbox 518 3060 2111 3143">
    <p class='ocr_par' dir='ltr' id='par_1_70' title="bbox 518 3060 2111 3143">
     <span class='ocr_line' id='line_1_72' title="bbox 518 3060 2111 3143; baseline -0.015 -12"><span class='ocrx_word' id='word_1_519' title='bbox 518 3074 689 3131; x_wconf 91' lang='lat' dir='ltr'><strong>alium</strong></span> <span class='ocrx_word' id='word_1_520' title='bbox 734 3070 831 3129; x_wconf 88' lang='lat' dir='ltr'><strong>sed</strong></span> <span class='ocrx_word' id='word_1_521' title='bbox 860 3065 1497 3143; x_wconf 87' lang='lat' dir='ltr'><strong>ipsum,comminututu</strong></span> <span class='ocrx_word' id='word_1_522' title='bbox 1549 3060 1830 3133; x_wconf 81' lang='lat' dir='ltr'><strong>opiﬁcium</strong></span> <span class='ocrx_word' id='word_1_523' title='bbox 1887 3065 2111 3112; x_wconf 84' lang='lat' dir='ltr'><strong>restau-</strong></span> 
     </span>
    </p>
   </div>
   <div class='ocr_carea' id='block_1_71' title="bbox 516 3147 2114 3227">
    <p class='ocr_par' dir='ltr' id='par_1_71' title="bbox 516 3147 2114 3227">
     <span class='ocr_line' id='line_1_73' title="bbox 516 3147 2114 3227; baseline -0.017 -3"><span class='ocrx_word' id='word_1_524' title='bbox 516 3182 667 3224; x_wconf 83' lang='lat' dir='ltr'><strong>rare.</strong></span> <span class='ocrx_word' id='word_1_525' title='bbox 707 3163 1026 3227; x_wconf 88' lang='lat' dir='ltr'><strong>Euimvero,</strong></span> <span class='ocrx_word' id='word_1_526' title='bbox 1060 3160 1104 3216; x_wconf 90' lang='lat' dir='ltr'><strong>si</strong></span> <span class='ocrx_word' id='word_1_527' title='bbox 1136 3159 1279 3213; x_wconf 89' lang='lat' dir='ltr'><strong>alius</strong></span> <span class='ocrx_word' id='word_1_528' title='bbox 1310 3154 1579 3217; x_wconf 86' lang='lat' dir='ltr'><strong>condidit,</strong></span> <span class='ocrx_word' id='word_1_529' title='bbox 1623 3160 1791 3222; x_wconf 90' lang='lat' dir='ltr'><strong>atque</strong></span> <span class='ocrx_word' id='word_1_530' title='bbox 1834 3147 1979 3203; x_wconf 91' lang='lat' dir='ltr'><strong>alius</strong></span> <span class='ocrx_word' id='word_1_531' title='bbox 2022 3159 2114 3200; x_wconf 38' lang='lat' dir='ltr'><strong>res</strong></span> 
     </span>
    </p>
   </div>
   <div class='ocr_carea' id='block_1_72' title="bbox 519 3234 2113 3327">
    <p class='ocr_par' dir='ltr' id='par_1_72' title="bbox 519 3234 2113 3327">
     <span class='ocr_line' id='line_1_74' title="bbox 519 3234 2113 3327; baseline -0.016 -11"><span class='ocrx_word' id='word_1_532' title='bbox 519 3263 760 3323; x_wconf 89' lang='lat' dir='ltr'><strong>staurat,</strong></span> <span class='ocrx_word' id='word_1_533' title='bbox 794 3254 940 3327; x_wconf 88' lang='lat' dir='ltr'><strong>quod</strong></span> <span class='ocrx_word' id='word_1_534' title='bbox 970 3252 1229 3308; x_wconf 89' lang='lat' dir='ltr'><strong>conditor</strong></span> <span class='ocrx_word' id='word_1_535' title='bbox 1254 3248 1449 3306; x_wconf 87' lang='lat' dir='ltr'><strong>habuit</strong></span> <span class='ocrx_word' id='word_1_536' title='bbox 1492 3244 1730 3315; x_wconf 83' lang='lat' dir='ltr'><strong>necjam</strong></span> <span class='ocrx_word' id='word_1_537' title='bbox 1790 3240 1978 3303; x_wconf 86' lang='lat' dir='ltr'><strong>habet,</strong></span> <span class='ocrx_word' id='word_1_538' title='bbox 2019 3234 2113 3293; x_wconf 87' lang='lat' dir='ltr'><strong>sed</strong></span> 
     </span>
    </p>
   </div>
   <div class='ocr_carea' id='block_1_73' title="bbox 517 3334 2114 3423">
    <p class='ocr_par' dir='ltr' id='par_1_73' title="bbox 517 3334 2114 3423">
     <span class='ocr_line' id='line_1_75' title="bbox 517 3334 2114 3423; baseline -0.015 -17"><span class='ocrx_word' id='word_1_539' title='bbox 517 3350 668 3423; x_wconf 90' lang='lat' dir='ltr'><strong>quod</strong></span> <span class='ocrx_word' id='word_1_540' title='bbox 706 3347 987 3405; x_wconf 87' lang='lat' dir='ltr'><strong>condonat</strong></span> <span class='ocrx_word' id='word_1_541' title='bbox 1018 3351 1387 3404; x_wconf 86' lang='lat' dir='ltr'><strong>restaurator,</strong></span> <span class='ocrx_word' id='word_1_542' title='bbox 1420 3339 1566 3410; x_wconf 91' lang='lat' dir='ltr'><strong>quod</strong></span> <span class='ocrx_word' id='word_1_543' title='bbox 1604 3353 1713 3392; x_wconf 91' lang='lat' dir='ltr'><strong>non</strong></span> <span class='ocrx_word' id='word_1_544' title='bbox 1750 3334 1954 3390; x_wconf 87' lang='lat' dir='ltr'><strong>habere</strong></span> <span class='ocrx_word' id='word_1_545' title='bbox 1979 3346 2114 3386; x_wconf 78' lang='lat' dir='ltr'><strong>eou-</strong></span> 
     </span>
    </p>
   </div>
   <div class='ocr_carea' id='block_1_74' title="bbox 517 3425 2105 3501">
    <p class='ocr_par' dir='ltr' id='par_1_74' title="bbox 517 3425 2105 3501">
     <span class='ocr_line' id='line_1_76' title="bbox 517 3425 2105 3501; baseline -0.014 -1"><span class='ocrx_word' id='word_1_546' title='bbox 517 3444 755 3501; x_wconf 86' lang='lat' dir='ltr'><strong>ditorcm</strong></span> <span class='ocrx_word' id='word_1_547' title='bbox 808 3438 1117 3495; x_wconf 89' lang='lat' dir='ltr'><strong>necessitas</strong></span> <span class='ocrx_word' id='word_1_548' title='bbox 1174 3436 1409 3491; x_wconf 89' lang='lat' dir='ltr'><strong>alterius</strong></span> <span class='ocrx_word' id='word_1_549' title='bbox 1438 3430 1815 3489; x_wconf 86' lang='lat' dir='ltr'><strong>demonstrat.</strong></span> <span class='ocrx_word' id='word_1_550' title='bbox 1862 3427 1932 3481; x_wconf 80' lang='lat' dir='ltr'><strong>At</strong></span> <span class='ocrx_word' id='word_1_551' title='bbox 1967 3425 2105 3480; x_wconf 86' lang='lat' dir='ltr'><strong>nihil</strong></span> 
     </span>
    </p>
   </div>
   <div class='ocr_carea' id='block_1_75' title="bbox 521 3516 2117 3599">
    <p class='ocr_par' dir='ltr' id='par_1_75' title="bbox 521 3516 2117 3599">
     <span class='ocr_line' id='line_1_77' title="bbox 521 3516 2117 3599; baseline -0.013 -10"><span class='ocrx_word' id='word_1_552' title='bbox 521 3535 630 3590; x_wconf 86' lang='lat' dir='ltr'><strong>tale</strong></span> <span class='ocrx_word' id='word_1_553' title='bbox 660 3532 714 3587; x_wconf 92' lang='lat' dir='ltr'><strong>in</strong></span> <span class='ocrx_word' id='word_1_554' title='bbox 746 3529 939 3586; x_wconf 89' lang='lat' dir='ltr'><strong>divine</strong></span> <span class='ocrx_word' id='word_1_555' title='bbox 967 3528 1277 3599; x_wconf 87' lang='lat' dir='ltr'><strong>imperante</strong></span> <span class='ocrx_word' id='word_1_556' title='bbox 1309 3532 1366 3579; x_wconf 92' lang='lat' dir='ltr'><strong>et</strong></span> <span class='ocrx_word' id='word_1_557' title='bbox 1390 3524 1769 3593; x_wconf 84' lang='lat' dir='ltr'><strong>omnipotente</strong></span> <span class='ocrx_word' id='word_1_558' title='bbox 1796 3516 2072 3573; x_wconf 83' lang='lat' dir='ltr'><strong>Trinitate</strong></span> <span class='ocrx_word' id='word_1_559' title='bbox 2102 3527 2117 3569; x_wconf 88' lang='lat'><strong>:</strong></span> 
     </span>
    </p>
   </div>
   <div class='ocr_carea' id='block_1_76' title="bbox 526 3611 2115 3687">
    <p class='ocr_par' dir='ltr' id='par_1_76' title="bbox 526 3611 2115 3687">
     <span class='ocr_line' id='line_1_78' title="bbox 526 3611 2115 3687; baseline -0.015 -4"><span class='ocrx_word' id='word_1_560' title='bbox 526 3632 693 3683; x_wconf 91' lang='lat' dir='ltr'><strong>creat</strong></span> <span class='ocrx_word' id='word_1_561' title='bbox 722 3622 920 3687; x_wconf 85' lang='lat' dir='ltr'><strong>Filius,</strong></span> <span class='ocrx_word' id='word_1_562' title='bbox 950 3620 1109 3676; x_wconf 89' lang='lat' dir='ltr'><strong>adest</strong></span> <span class='ocrx_word' id='word_1_563' title='bbox 1138 3626 1195 3673; x_wconf 90' lang='lat' dir='ltr'><strong>et</strong></span> <span class='ocrx_word' id='word_1_564' title='bbox 1240 3616 1405 3672; x_wconf 87' lang='lat' dir='ltr'><strong>Pater</strong></span> <span class='ocrx_word' id='word_1_565' title='bbox 1452 3622 1508 3670; x_wconf 89' lang='lat' dir='ltr'><strong>et</strong></span> <span class='ocrx_word' id='word_1_566' title='bbox 1553 3611 1837 3682; x_wconf 84' lang='lat' dir='ltr'><strong>Spiritus;</strong></span> <span class='ocrx_word' id='word_1_567' title='bbox 1891 3620 2115 3663; x_wconf 87' lang='lat' dir='ltr'><strong>rursum</strong></span> 
     </span>
    </p>
   </div>
   <div class='ocr_carea' id='block_1_77' title="bbox 524 3698 2118 3781">
    <p class='ocr_par' dir='ltr' id='par_1_77' title="bbox 524 3698 2118 3781">
     <span class='ocr_line' id='line_1_79' title="bbox 524 3698 2118 3781; baseline -0.015 -5"><span class='ocrx_word' id='word_1_568' title='bbox 524 3722 805 3776; x_wconf 90' lang='lat' dir='ltr'><strong>inslaurat</strong></span> <span class='ocrx_word' id='word_1_569' title='bbox 830 3714 1027 3780; x_wconf 85' lang='lat' dir='ltr'><strong>Filius,</strong></span> <span class='ocrx_word' id='word_1_570' title='bbox 1059 3712 1207 3768; x_wconf 81' lang='lat' dir='ltr'><strong>favet</strong></span> <span class='ocrx_word' id='word_1_571' title='bbox 1253 3721 1309 3766; x_wconf 90' lang='lat' dir='ltr'><strong>et</strong></span> <span class='ocrx_word' id='word_1_572' title='bbox 1358 3707 1658 3781; x_wconf 84' lang='lat' dir='ltr'><strong>participat</strong></span> <span class='ocrx_word' id='word_1_573' title='bbox 1719 3698 2118 3761; x_wconf 90' lang='lat' dir='ltr'><strong>instaurationi</strong></span> 
     </span>
    </p>
   </div>
   <div class='ocr_carea' id='block_1_78' title="bbox 519 3800 2112 3879">
    <p class='ocr_par' dir='ltr' id='par_1_78' title="bbox 519 3800 2112 3879">
     <span class='ocr_line' id='line_1_80' title="bbox 519 3800 2112 3879; baseline -0.013 -10"><span class='ocrx_word' id='word_1_574' title='bbox 519 3820 576 3869; x_wconf 89' lang='lat' dir='ltr'><strong>et</strong></span> <span class='ocrx_word' id='word_1_575' title='bbox 590 3811 755 3866; x_wconf 86' lang='lat' dir='ltr'><strong>Pater</strong></span> <span class='ocrx_word' id='word_1_576' title='bbox 775 3816 831 3865; x_wconf 90' lang='lat' dir='ltr'><strong>et</strong></span> <span class='ocrx_word' id='word_1_577' title='bbox 856 3807 1129 3879; x_wconf 90' lang='lat' dir='ltr'><strong>Spiritus.</strong></span> <span class='ocrx_word' id='word_1_578' title='bbox 1161 3804 1284 3861; x_wconf 89' lang='lat' dir='ltr'><strong>Una</strong></span> <span class='ocrx_word' id='word_1_579' title='bbox 1329 3803 1496 3859; x_wconf 90' lang='lat' dir='ltr'><strong>trium</strong></span> <span class='ocrx_word' id='word_1_580' title='bbox 1535 3800 1812 3865; x_wconf 90' lang='lat' dir='ltr'><strong>voluntas,</strong></span> <span class='ocrx_word' id='word_1_581' title='bbox 1861 3802 2112 3871; x_wconf 82' lang='lat' dir='ltr'><strong>potestas</strong></span> 
     </span>
    </p>
   </div>
   <div class='ocr_carea' id='block_1_79' title="bbox 521 3901 1706 3971">
    <p class='ocr_par' dir='ltr' id='par_1_79' title="bbox 521 3901 1706 3971">
     <span class='ocr_line' id='line_1_81' title="bbox 521 3901 1706 3971; baseline -0.009 -10"><span class='ocrx_word' id='word_1_582' title='bbox 521 3920 657 3971; x_wconf 89' lang='lat' dir='ltr'><strong>una,</strong></span> <span class='ocrx_word' id='word_1_583' title='bbox 682 3918 783 3959; x_wconf 92' lang='lat' dir='ltr'><strong>nec</strong></span> <span class='ocrx_word' id='word_1_584' title='bbox 806 3903 982 3958; x_wconf 87' lang='lat' dir='ltr'><strong>altera</strong></span> <span class='ocrx_word' id='word_1_585' title='bbox 1004 3901 1207 3964; x_wconf 89' lang='lat' dir='ltr'><strong>virtus,</strong></span> <span class='ocrx_word' id='word_1_586' title='bbox 1240 3912 1474 3970; x_wconf 78' lang='lat' dir='ltr'><strong>regnum</strong></span> <span class='ocrx_word' id='word_1_587' title='bbox 1506 3909 1706 3951; x_wconf 89' lang='lat' dir='ltr'><strong>unum.</strong></span> 
     </span>
    </p>
   </div>
   <div class='ocr_carea' id='block_1_80' title="bbox 592 3982 2120 4067">
    <p class='ocr_par' dir='ltr' id='par_1_80' title="bbox 592 3982 2120 4067">
     <span class='ocr_line' id='line_1_82' title="bbox 592 3982 2120 4067; baseline -0.013 -12"><span class='ocrx_word' id='word_1_588' title='bbox 592 4001 648 4055; x_wconf 81' lang='lat'><strong>&#39;5.</strong></span> <span class='ocrx_word' id='word_1_589' title='bbox 702 3997 943 4053; x_wconf 79' lang='lat' dir='ltr'><strong>Rursum</strong></span> <span class='ocrx_word' id='word_1_590' title='bbox 996 3994 1124 4067; x_wconf 90' lang='lat' dir='ltr'><strong>quia</strong></span> <span class='ocrx_word' id='word_1_591' title='bbox 1188 3990 1524 4047; x_wconf 87' lang='lat' dir='ltr'><strong>conveniens</strong></span> <span class='ocrx_word' id='word_1_592' title='bbox 1578 3995 1699 4043; x_wconf 89' lang='lat' dir='ltr'><strong>erat</strong></span> <span class='ocrx_word' id='word_1_593' title='bbox 1758 3991 1818 4041; x_wconf 92' lang='lat' dir='ltr'><strong>ut</strong></span> <span class='ocrx_word' id='word_1_594' title='bbox 1857 3982 2120 4047; x_wconf 80' lang='lat' dir='ltr'><strong>Verbum,</strong></span> 
     </span>
    </p>
   </div>
   <div class='ocr_carea' id='block_1_81' title="bbox 520 4078 2123 4160">
    <p class='ocr_par' dir='ltr' id='par_1_81' title="bbox 520 4078 2123 4160">
     <span class='ocr_line' id='line_1_83' title="bbox 520 4078 2123 4160; baseline -0.014 -9"><span class='ocrx_word' id='word_1_595' title='bbox 520 4093 699 4151; x_wconf 89' lang='lat' dir='ltr'><strong>Filius</strong></span> <span class='ocrx_word' id='word_1_596' title='bbox 733 4091 940 4160; x_wconf 87' lang='lat' dir='ltr'><strong>Patris,</strong></span> <span class='ocrx_word' id='word_1_597' title='bbox 970 4090 1026 4146; x_wconf 93' lang='lat' dir='ltr'><strong>in</strong></span> <span class='ocrx_word' id='word_1_598' title='bbox 1074 4101 1321 4145; x_wconf 88' lang='lat' dir='ltr'><strong>errorem</strong></span> <span class='ocrx_word' id='word_1_599' title='bbox 1376 4084 1562 4155; x_wconf 89' lang='lat' dir='ltr'><strong>lapsos</strong></span> <span class='ocrx_word' id='word_1_600' title='bbox 1612 4089 1902 4138; x_wconf 84' lang='lat' dir='ltr'><strong>revocaret</strong></span> <span class='ocrx_word' id='word_1_601' title='bbox 1984 4078 2123 4147; x_wconf 84' lang='lat' dir='ltr'><strong>(ra-</strong></span> 
     </span>
    </p>
   </div>
   <div class='ocr_carea' id='block_1_82' title="bbox 523 4170 2117 4241">
    <p class='ocr_par' dir='ltr' id='par_1_82' title="bbox 523 4170 2117 4241">
     <span class='ocr_line' id='line_1_84' title="bbox 523 4170 2117 4241; baseline -0.011 -2"><span class='ocrx_word' id='word_1_602' title='bbox 523 4186 675 4241; x_wconf 91' lang='lat' dir='ltr'><strong>tione</strong></span> <span class='ocrx_word' id='word_1_603' title='bbox 727 4184 877 4239; x_wconf 90' lang='lat' dir='ltr'><strong>enim</strong></span> <span class='ocrx_word' id='word_1_604' title='bbox 942 4179 1312 4235; x_wconf 88' lang='lat' dir='ltr'><strong>concinnatur</strong></span> <span class='ocrx_word' id='word_1_605' title='bbox 1359 4190 1537 4240; x_wconf 88' lang='lat' dir='ltr'><strong>error,</strong></span> <span class='ocrx_word' id='word_1_606' title='bbox 1586 4179 1642 4228; x_wconf 90' lang='lat' dir='ltr'><strong>et</strong></span> <span class='ocrx_word' id='word_1_607' title='bbox 1714 4171 1780 4226; x_wconf 75' lang='lat' dir='ltr'><strong>atl</strong></span> <span class='ocrx_word' id='word_1_608' title='bbox 1845 4170 2117 4225; x_wconf 90' lang='lat' dir='ltr'><strong>rationem</strong></span> 
     </span>
    </p>
   </div>
   <div class='ocr_carea' id='block_1_83' title="bbox 518 4261 2121 4349">
    <p class='ocr_par' dir='ltr' id='par_1_83' title="bbox 518 4261 2121 4349">
     <span class='ocr_line' id='line_1_85' title="bbox 518 4261 2121 4349; baseline -0.011 -15"><span class='ocrx_word' id='word_1_609' title='bbox 518 4276 765 4349; x_wconf 87' lang='lat' dir='ltr'><strong>pertinet</strong></span> <span class='ocrx_word' id='word_1_610' title='bbox 809 4273 1083 4345; x_wconf 71' lang='lat' dir='ltr'><strong>{reductio</strong></span> <span class='ocrx_word' id='word_1_611' title='bbox 1133 4279 1190 4327; x_wconf 87' lang='lat' dir='ltr'><strong>et</strong></span> <span class='ocrx_word' id='word_1_612' title='bbox 1222 4271 1456 4325; x_wconf 86' lang='lat' dir='ltr'><strong>directio</strong></span> <span class='ocrx_word' id='word_1_613' title='bbox 1485 4263 1903 4338; x_wconf 78' lang='lat' dir='ltr'><strong>peccatorum);</strong></span> <span class='ocrx_word' id='word_1_614' title='bbox 1934 4261 2121 4318; x_wconf 87' lang='lat' dir='ltr'><strong>mani-</strong></span> 
     </span>
    </p>
   </div>
   <div class='ocr_carea' id='block_1_84' title="bbox 518 4354 2120 4436">
    <p class='ocr_par' dir='ltr' id='par_1_84' title="bbox 518 4354 2120 4436">
     <span class='ocr_line' id='line_1_86' title="bbox 518 4354 2120 4436; baseline -0.012 -9"><span class='ocrx_word' id='word_1_615' title='bbox 518 4372 661 4427; x_wconf 83' lang='lat' dir='ltr'><strong>feste</strong></span> <span class='ocrx_word' id='word_1_616' title='bbox 719 4367 789 4425; x_wconf 92' lang='lat' dir='ltr'><strong>ad</strong></span> <span class='ocrx_word' id='word_1_617' title='bbox 845 4368 1019 4423; x_wconf 88' lang='lat' dir='ltr'><strong>solam</strong></span> <span class='ocrx_word' id='word_1_618' title='bbox 1062 4364 1279 4436; x_wconf 78' lang='lat' dir='ltr'><strong>generis</strong></span> <span class='ocrx_word' id='word_1_619' title='bbox 1329 4361 1558 4417; x_wconf 85' lang='lat' dir='ltr'><strong>humani</strong></span> <span class='ocrx_word' id='word_1_620' title='bbox 1627 4358 1865 4415; x_wconf 86' lang='lat' dir='ltr'><strong>salutem</strong></span> <span class='ocrx_word' id='word_1_621' title='bbox 1936 4354 2120 4426; x_wconf 86' lang='lat' dir='ltr'><strong>respi-</strong></span> 
     </span>
    </p>
   </div>
   <div class='ocr_carea' id='block_1_85' title="bbox 521 4449 2121 4528">
    <p class='ocr_par' dir='ltr' id='par_1_85' title="bbox 521 4449 2121 4528">
     <span class='ocr_line' id='line_1_87' title="bbox 521 4449 2121 4528; baseline -0.011 -9"><span class='ocrx_word' id='word_1_622' title='bbox 521 4463 601 4519; x_wconf 92' lang='lat' dir='ltr'><strong>cit</strong></span> <span class='ocrx_word' id='word_1_623' title='bbox 634 4460 946 4516; x_wconf 87' lang='lat' dir='ltr'><strong>inearnatio</strong></span> <span class='ocrx_word' id='word_1_624' title='bbox 980 4457 1135 4513; x_wconf 87' lang='lat' dir='ltr'><strong>Filii.</strong></span> <span class='ocrx_word' id='word_1_625' title='bbox 1171 4455 1338 4528; x_wconf 86' lang='lat' dir='ltr'><strong>Atqui</strong></span> <span class='ocrx_word' id='word_1_626' title='bbox 1367 4456 1484 4511; x_wconf 91' lang='lat' dir='ltr'><strong>sive</strong></span> <span class='ocrx_word' id='word_1_627' title='bbox 1528 4451 1718 4517; x_wconf 89' lang='lat' dir='ltr'><strong>Pater,</strong></span> <span class='ocrx_word' id='word_1_628' title='bbox 1772 4449 1889 4505; x_wconf 90' lang='lat' dir='ltr'><strong>sive</strong></span> <span class='ocrx_word' id='word_1_629' title='bbox 1936 4462 2121 4505; x_wconf 87' lang='lat' dir='ltr'><strong>sacro-</strong></span> 
     </span>
    </p>
   </div>
   <div class='ocr_carea' id='block_1_86' title="bbox 529 4548 2117 4625">
    <p class='ocr_par' dir='ltr' id='par_1_86' title="bbox 529 4548 2117 4625">
     <span class='ocr_line' id='line_1_88' title="bbox 529 4548 2117 4625; baseline -0.013 -10"><span class='ocrx_word' id='word_1_630' title='bbox 529 4565 763 4615; x_wconf 89' lang='lat' dir='ltr'><strong>sanctus</strong></span> <span class='ocrx_word' id='word_1_631' title='bbox 791 4553 1038 4625; x_wconf 87' lang='lat' dir='ltr'><strong>Spiritus</strong></span> <span class='ocrx_word' id='word_1_632' title='bbox 1081 4550 1424 4623; x_wconf 90' lang='lat' dir='ltr'><strong>suscepisset</strong></span> <span class='ocrx_word' id='word_1_633' title='bbox 1478 4548 1778 4602; x_wconf 89' lang='lat' dir='ltr'><strong>humauam</strong></span> <span class='ocrx_word' id='word_1_634' title='bbox 1832 4550 2117 4609; x_wconf 89' lang='lat' dir='ltr'><strong>naturam,</strong></span> 
     </span>
    </p>
   </div>
   <div class='ocr_carea' id='block_1_87' title="bbox 522 4640 2117 4719">
    <p class='ocr_par' dir='ltr' id='par_1_87' title="bbox 522 4640 2117 4719">
     <span class='ocr_line' id='line_1_89' title="bbox 522 4640 2117 4719; baseline -0.013 -11"><span class='ocrx_word' id='word_1_635' title='bbox 522 4666 634 4708; x_wconf 91' lang='lat' dir='ltr'><strong>non</strong></span> <span class='ocrx_word' id='word_1_636' title='bbox 663 4649 828 4705; x_wconf 87' lang='lat' dir='ltr'><strong>modo</strong></span> <span class='ocrx_word' id='word_1_637' title='bbox 859 4660 1210 4719; x_wconf 83' lang='lat' dir='ltr'><strong>nequaquam</strong></span> <span class='ocrx_word' id='word_1_638' title='bbox 1258 4640 1590 4699; x_wconf 89' lang='lat' dir='ltr'><strong>redemisset</strong></span> <span class='ocrx_word' id='word_1_639' title='bbox 1625 4653 1801 4711; x_wconf 85' lang='lat' dir='ltr'><strong>genus</strong></span> <span class='ocrx_word' id='word_1_640' title='bbox 1836 4644 2117 4700; x_wconf 85' lang='lat' dir='ltr'><strong>nostrum,</strong></span> 
     </span>
    </p>
   </div>
   <div class='ocr_carea' id='block_1_88' title="bbox 2230 4532 3861 4613">
    <p class='ocr_par' dir='ltr' id='par_1_88' title="bbox 2230 4532 3861 4613">
     <span class='ocr_line' id='line_1_90' title="bbox 2230 4532 3861 4613; baseline 0.003 -25"><span class='ocrx_word' id='word_1_641' title='bbox 2230 4534 2412 4589; x_wconf 85' lang='grc' dir='ltr'>τοίνυν</span> <span class='ocrx_word' id='word_1_642' title='bbox 2441 4536 2470 4588; x_wconf 91' lang='lat'><strong>6</strong></span> <span class='ocrx_word' id='word_1_643' title='bbox 2498 4532 2690 4606; x_wconf 80' lang='grc' dir='ltr'>Πατὴρ</span> <span class='ocrx_word' id='word_1_644' title='bbox 2728 4534 3039 4607; x_wconf 72' lang='grc' dir='ltr'>προσέλαϐε</span> <span class='ocrx_word' id='word_1_645' title='bbox 3070 4537 3171 4608; x_wconf 82' lang='grc' dir='ltr'>τὴν</span> <span class='ocrx_word' id='word_1_646' title='bbox 3197 4536 3553 4608; x_wconf 83' lang='grc' dir='ltr'>ἀνθρωπίνην</span> <span class='ocrx_word' id='word_1_647' title='bbox 3585 4539 3780 4609; x_wconf 84' lang='grc' dir='ltr'>φύσιν,</span> <span class='ocrx_word' id='word_1_648' title='bbox 3819 4542 3861 4613; x_wconf 82' lang='grc' dir='ltr'>ἦ</span> 
     </span>
    </p>
   </div>
   <div class='ocr_carea' id='block_1_89' title="bbox 2228 4627 3865 4699">
    <p class='ocr_par' dir='ltr' id='par_1_89' title="bbox 2228 4627 3865 4699">
     <span class='ocr_line' id='line_1_91' title="bbox 2228 4627 3865 4699; baseline 0.004 -17"><span class='ocrx_word' id='word_1_649' title='bbox 2228 4627 2290 4682; x_wconf 78' lang='grc' dir='ltr'>τὸ</span> <span class='ocrx_word' id='word_1_650' title='bbox 2322 4627 2593 4697; x_wconf 85' lang='grc' dir='ltr'>πανάγιον</span> <span class='ocrx_word' id='word_1_651' title='bbox 2622 4627 2871 4699; x_wconf 82' lang='grc' dir='ltr'>Πνεῦμα,</span> <span class='ocrx_word' id='word_1_652' title='bbox 2900 4628 2962 4682; x_wconf 80' lang='grc' dir='ltr'>οὐ</span> <span class='ocrx_word' id='word_1_653' title='bbox 2997 4628 3161 4699; x_wconf 90' lang='grc' dir='ltr'>μόνον</span> <span class='ocrx_word' id='word_1_654' title='bbox 3197 4630 3351 4684; x_wconf 74' lang='grc' dir='ltr'>οὐδὲν</span> <span class='ocrx_word' id='word_1_655' title='bbox 3388 4630 3456 4685; x_wconf 85' lang='grc' dir='ltr'>ἂν</span> <span class='ocrx_word' id='word_1_656' title='bbox 3497 4630 3765 4688; x_wconf 83' lang='grc' dir='ltr'>ἀπώνατο</span> <span class='ocrx_word' id='word_1_657' title='bbox 3792 4635 3865 4689; x_wconf 78' lang='grc' dir='ltr'><strong>τὸ</strong></span> 
     </span>
    </p>
   </div>
   <div class='ocr_carea' id='block_1_90' title="bbox 522 4720 2119 4816">
    <p class='ocr_par' dir='ltr' id='par_1_90' title="bbox 522 4726 2119 4810">
     <span class='ocr_line' id='line_1_92' title="bbox 522 4726 2119 4810; baseline -0.013 -9"><span class='ocrx_word' id='word_1_658' title='bbox 522 4743 623 4801; x_wconf 88' lang='lat' dir='ltr'><strong>sed</strong></span> <span class='ocrx_word' id='word_1_659' title='bbox 671 4742 738 4798; x_wconf 83' lang='lat' dir='ltr'><strong>ad</strong></span> <span class='ocrx_word' id='word_1_660' title='bbox 783 4726 1042 4799; x_wconf 79' lang='lat' dir='ltr'><strong>diliicilus</strong></span> <span class='ocrx_word' id='word_1_661' title='bbox 1077 4736 1422 4810; x_wconf 90' lang='lat' dir='ltr'><strong>propositum</strong></span> <span class='ocrx_word' id='word_1_662' title='bbox 1457 4749 1517 4790; x_wconf 90' lang='lat' dir='ltr'><strong>se</strong></span> <span class='ocrx_word' id='word_1_663' title='bbox 1543 4732 1908 4805; x_wconf 71' lang='lat' dir='ltr'><strong>praebuissent</strong></span> <span class='ocrx_word' id='word_1_664' title='bbox 1933 4728 2119 4783; x_wconf 89' lang='lat' dir='ltr'><strong>inten-</strong></span> 
     </span>
    </p>
   </div>
   <div class='ocr_carea' id='block_1_91' title="bbox 2234 4720 3866 4816">
    <p class='ocr_par' dir='ltr' id='par_1_91' title="bbox 2234 4720 3866 4816">
     <span class='ocr_line' id='line_1_93' title="bbox 2234 4720 3866 4816; baseline 0.003 -41"><span class='ocrx_word' id='word_1_665' title='bbox 2234 4722 2499 4816; x_wconf 77' lang='grc' dir='ltr'>ἡμέτερον</span> <span class='ocrx_word' id='word_1_666' title='bbox 2533 4720 2715 4816; x_wconf 81' lang='grc' dir='ltr'>γένος,</span> <span class='ocrx_word' id='word_1_667' title='bbox 2745 4720 2883 4777; x_wconf 78' lang='grc' dir='ltr'>ἀλλὰ</span> <span class='ocrx_word' id='word_1_668' title='bbox 2915 4723 3012 4776; x_wconf 77' lang='grc' dir='ltr'>καὶ</span> <span class='ocrx_word' id='word_1_669' title='bbox 3038 4722 3176 4791; x_wconf 80' lang='grc' dir='ltr'>πρὸς</span> <span class='ocrx_word' id='word_1_670' title='bbox 3207 4722 3269 4778; x_wconf 84' lang='grc' dir='ltr'><strong>τὸ</strong></span> <span class='ocrx_word' id='word_1_671' title='bbox 3297 4724 3684 4797; x_wconf 79' lang='grc' dir='ltr'>χαλεπώτερον</span> <span class='ocrx_word' id='word_1_672' title='bbox 3712 4728 3866 4781; x_wconf 72' lang='grc' dir='ltr'>ἑαυ-</span> 
     </span>
    </p>
   </div>
   <div class='ocr_carea' id='block_1_92' title="bbox 521 4813 2119 4893">
    <p class='ocr_par' dir='ltr' id='par_1_92' title="bbox 521 4823 2119 4893">
     <span class='ocr_line' id='line_1_94' title="bbox 521 4823 2119 4893; baseline -0.011 0"><span class='ocrx_word' id='word_1_673' title='bbox 521 4846 632 4893; x_wconf 84' lang='lat' dir='ltr'><strong>tos.</strong></span> <span class='ocrx_word' id='word_1_674' title='bbox 694 4833 913 4890; x_wconf 84' lang='lat' dir='ltr'><strong>Etenim</strong></span> <span class='ocrx_word' id='word_1_675' title='bbox 968 4832 1015 4888; x_wconf 92' lang='lat' dir='ltr'><strong>si</strong></span> <span class='ocrx_word' id='word_1_676' title='bbox 1076 4846 1247 4886; x_wconf 89' lang='lat' dir='ltr'><strong>carne</strong></span> <span class='ocrx_word' id='word_1_677' title='bbox 1295 4827 1524 4884; x_wconf 87' lang='lat' dir='ltr'><strong>indutus</strong></span> <span class='ocrx_word' id='word_1_678' title='bbox 1574 4832 1630 4881; x_wconf 91' lang='lat' dir='ltr'><strong>et</strong></span> <span class='ocrx_word' id='word_1_679' title='bbox 1681 4823 1810 4877; x_wconf 62' lang='lat' dir='ltr'><strong>vitze</strong></span> <span class='ocrx_word' id='word_1_680' title='bbox 1872 4834 2119 4893; x_wconf 65' lang='lat' dir='ltr'><strong>praesens</strong></span> 
     </span>
    </p>
   </div>
   <div class='ocr_carea' id='block_1_93' title="bbox 2234 4813 3865 4893">
    <p class='ocr_par' dir='ltr' id='par_1_93' title="bbox 2234 4813 3865 4891">
     <span class='ocr_line' id='line_1_95' title="bbox 2234 4813 3865 4891; baseline 0.004 -26"><span class='ocrx_word' id='word_1_681' title='bbox 2234 4813 2359 4876; x_wconf 79' lang='grc' dir='ltr'>τοὺς</span> <span class='ocrx_word' id='word_1_682' title='bbox 2395 4814 2661 4886; x_wconf 84' lang='grc' dir='ltr'>παρεῖχον</span> <span class='ocrx_word' id='word_1_683' title='bbox 2693 4813 3172 4885; x_wconf 78' lang='grc' dir='ltr'>ἀποτεταμένουςο</span> <span class='ocrx_word' id='word_1_684' title='bbox 3203 4816 3250 4869; x_wconf 86' lang='grc' dir='ltr'><strong>εί</strong></span> <span class='ocrx_word' id='word_1_685' title='bbox 3271 4816 3382 4889; x_wconf 80' lang='grc' dir='ltr'><strong>γὰρ</strong></span> <span class='ocrx_word' id='word_1_686' title='bbox 3409 4819 3438 4870; x_wconf 89' lang='grc' dir='ltr'><strong>ό</strong></span> <span class='ocrx_word' id='word_1_687' title='bbox 3468 4817 3652 4889; x_wconf 82' lang='grc' dir='ltr'>σάρκα</span> <span class='ocrx_word' id='word_1_688' title='bbox 3682 4834 3865 4891; x_wconf 81' lang='grc' dir='ltr'>περι-</span> 
     </span>
    </p>
   </div>
   <div class='ocr_carea' id='block_1_94' title="bbox 521 4903 2119 4997">
    <p class='ocr_par' dir='ltr' id='par_1_94' title="bbox 521 4914 2119 4997">
     <span class='ocr_line' id='line_1_96' title="bbox 521 4914 2119 4997; baseline -0.012 -12"><span class='ocrx_word' id='word_1_689' title='bbox 521 4928 792 4985; x_wconf 80' lang='lat' dir='ltr'><strong>dixisset:</strong></span> <span class='ocrx_word' id='word_1_690' title='bbox 828 4924 942 4997; x_wconf 86' lang='lat' dir='ltr'><strong>Ego</strong></span> <span class='ocrx_word' id='word_1_691' title='bbox 968 4941 1087 4978; x_wconf 64' lang='lat' dir='ltr'><strong>sum</strong></span> <span class='ocrx_word' id='word_1_692' title='bbox 1106 4923 1199 4978; x_wconf 85' lang='lat' dir='ltr'><strong>Dei</strong></span> <span class='ocrx_word' id='word_1_693' title='bbox 1228 4922 1417 4984; x_wconf 79' lang='lat' dir='ltr'><strong>Pater,</strong></span> <span class='ocrx_word' id='word_1_694' title='bbox 1468 4926 1586 4983; x_wconf 89' lang='lat' dir='ltr'><strong>aut,</strong></span> <span class='ocrx_word' id='word_1_695' title='bbox 1619 4915 1809 4973; x_wconf 89' lang='lat' dir='ltr'><strong>carnis</strong></span> <span class='ocrx_word' id='word_1_696' title='bbox 1855 4914 2119 4969; x_wconf 84' lang='lat' dir='ltr'><strong>crassitu-</strong></span> 
     </span>
    </p>
   </div>
   <div class='ocr_carea' id='block_1_95' title="bbox 2234 4903 3865 4997">
    <p class='ocr_par' dir='ltr' id='par_1_95' title="bbox 2234 4903 3865 4997">
     <span class='ocr_line' id='line_1_97' title="bbox 2234 4903 3865 4997; baseline 0.004 -39"><span class='ocrx_word' id='word_1_697' title='bbox 2234 4904 2487 4997; x_wconf 86' lang='grc' dir='ltr'>κείμενος</span> <span class='ocrx_word' id='word_1_698' title='bbox 2537 4904 2633 4997; x_wconf 75' lang='grc' dir='ltr'><strong>καὶ</strong></span> <span class='ocrx_word' id='word_1_699' title='bbox 2678 4904 2758 4975; x_wconf 80' lang='grc' dir='ltr'><strong>τῷ</strong></span> <span class='ocrx_word' id='word_1_700' title='bbox 2805 4903 2908 4975; x_wconf 83' lang='grc' dir='ltr'><strong>βίῳ</strong></span> <span class='ocrx_word' id='word_1_701' title='bbox 2955 4905 3151 4977; x_wconf 86' lang='grc' dir='ltr'>παρὼν</span> <span class='ocrx_word' id='word_1_702' title='bbox 3200 4906 3418 4974; x_wconf 78' lang='grc' dir='ltr'><strong>ἔλεγεν⁸</strong></span> <span class='ocrx_word' id='word_1_703' title='bbox 3468 4908 3617 4980; x_wconf 64' lang='grc' dir='ltr'><strong>Ἐγώ</strong></span> <span class='ocrx_word' id='word_1_704' title='bbox 3659 4911 3790 4979; x_wconf 77' lang='grc' dir='ltr'>ειμι</span> <span class='ocrx_word' id='word_1_705' title='bbox 3823 4914 3865 4965; x_wconf 87' lang='lat' dir='ltr'><strong>d</strong></span> 
     </span>
    </p>
   </div>
   <div class='ocr_carea' id='block_1_96' title="bbox 522 4995 2119 5089">
    <p class='ocr_par' dir='ltr' id='par_1_96' title="bbox 522 4995 2119 5089">
     <span class='ocr_line' id='line_1_98' title="bbox 522 4995 2119 5089; baseline -0.011 -12"><span class='ocrx_word' id='word_1_706' title='bbox 522 5021 653 5076; x_wconf 86' lang='lat' dir='ltr'><strong>dine</strong></span> <span class='ocrx_word' id='word_1_707' title='bbox 680 4995 1003 5089; x_wconf 83' lang='lat' dir='ltr'><strong>apparente,</strong></span> <span class='ocrx_word' id='word_1_708' title='bbox 1041 5016 1316 5072; x_wconf 78' lang='lat' dir='ltr'><strong>dixisset:</strong></span> <span class='ocrx_word' id='word_1_709' title='bbox 1353 5011 1465 5083; x_wconf 86' lang='lat' dir='ltr'><strong>Ego</strong></span> <span class='ocrx_word' id='word_1_710' title='bbox 1501 5027 1620 5065; x_wconf 80' lang='lat' dir='ltr'><strong>sum</strong></span> <span class='ocrx_word' id='word_1_711' title='bbox 1666 5006 1941 5078; x_wconf 81' lang='lat' dir='ltr'><strong>Spiritus:</strong></span> <span class='ocrx_word' id='word_1_712' title='bbox 1977 5020 2119 5077; x_wconf 87' lang='lat' dir='ltr'><strong>quo-</strong></span> 
     </span>
    </p>
   </div>
   <div class='ocr_carea' id='block_1_97' title="bbox 2234 4995 3863 5089">
    <p class='ocr_par' dir='ltr' id='par_1_97' title="bbox 2234 4995 3863 5089">
     <span class='ocr_line' id='line_1_99' title="bbox 2234 4995 3863 5089; baseline 0.005 -39"><span class='ocrx_word' id='word_1_713' title='bbox 2234 4996 2438 5089; x_wconf 50' lang='lat' dir='ltr'><strong>&quot;atﬁp</strong></span> <span class='ocrx_word' id='word_1_714' title='bbox 2477 4995 2586 5089; x_wconf 76' lang='grc' dir='ltr'>τοῦ</span> <span class='ocrx_word' id='word_1_715' title='bbox 2623 4997 2794 5063; x_wconf 88' lang='grc' dir='ltr'>Θεοῦ,</span> <span class='ocrx_word' id='word_1_716' title='bbox 2827 4996 2897 5068; x_wconf 82' lang='grc' dir='ltr'>ἦ,</span> <span class='ocrx_word' id='word_1_717' title='bbox 2926 4998 3027 5067; x_wconf 85' lang='grc' dir='ltr'>τῆς</span> <span class='ocrx_word' id='word_1_718' title='bbox 3056 5000 3116 5052; x_wconf 83' lang='grc' dir='ltr'><strong>ὲν</strong></span> <span class='ocrx_word' id='word_1_719' title='bbox 3148 5001 3314 5073; x_wconf 69' lang='grc' dir='ltr'>σαρκὶ</span> <span class='ocrx_word' id='word_1_720' title='bbox 3348 5001 3661 5072; x_wconf 81' lang='grc' dir='ltr'>παχύτητος</span> <span class='ocrx_word' id='word_1_721' title='bbox 3710 5021 3863 5071; x_wconf 75' lang='grc' dir='ltr'>φαι-</span> 
     </span>
    </p>
   </div>
   <div class='ocr_carea' id='block_1_98' title="bbox 522 5086 2119 5169">
    <p class='ocr_par' dir='ltr' id='par_1_98' title="bbox 522 5095 2119 5169">
     <span class='ocr_line' id='line_1_100' title="bbox 522 5095 2119 5169; baseline -0.013 0"><span class='ocrx_word' id='word_1_722' title='bbox 522 5112 690 5169; x_wconf 89' lang='lat' dir='ltr'><strong>modo</strong></span> <span class='ocrx_word' id='word_1_723' title='bbox 734 5110 957 5166; x_wconf 63' lang='lat' dir='ltr'><strong>Judaeus</strong></span> <span class='ocrx_word' id='word_1_724' title='bbox 1014 5123 1126 5164; x_wconf 88' lang='lat' dir='ltr'><strong>non</strong></span> <span class='ocrx_word' id='word_1_725' title='bbox 1189 5105 1474 5162; x_wconf 87' lang='lat' dir='ltr'><strong>reuuisset</strong></span> <span class='ocrx_word' id='word_1_726' title='bbox 1526 5100 1647 5158; x_wconf 92' lang='lat' dir='ltr'><strong>solo</strong></span> <span class='ocrx_word' id='word_1_727' title='bbox 1699 5098 1892 5153; x_wconf 90' lang='lat' dir='ltr'><strong>auditu</strong></span> <span class='ocrx_word' id='word_1_728' title='bbox 1946 5095 2119 5167; x_wconf 86' lang='lat' dir='ltr'><strong>ipsius</strong></span> 
     </span>
    </p>
   </div>
   <div class='ocr_carea' id='block_1_99' title="bbox 2234 5086 3866 5169">
    <p class='ocr_par' dir='ltr' id='par_1_99' title="bbox 2234 5086 3866 5163">
     <span class='ocr_line' id='line_1_101' title="bbox 2234 5086 3866 5163; baseline 0.005 -23"><span class='ocrx_word' id='word_1_729' title='bbox 2234 5086 2492 5157; x_wconf 83' lang='grc' dir='ltr'>νομένης,</span> <span class='ocrx_word' id='word_1_730' title='bbox 2525 5086 2712 5156; x_wconf 80' lang='grc' dir='ltr'>ἔλεγεν</span> <span class='ocrx_word' id='word_1_731' title='bbox 2736 5102 2748 5115; x_wconf 88' lang='grc'><strong>·</strong></span> <span class='ocrx_word' id='word_1_732' title='bbox 2797 5086 2946 5157; x_wconf 64' lang='grc' dir='ltr'><strong>Ἐγώ</strong></span> <span class='ocrx_word' id='word_1_733' title='bbox 2991 5091 3109 5160; x_wconf 70' lang='grc' dir='ltr'>εἶμι</span> <span class='ocrx_word' id='word_1_734' title='bbox 3160 5090 3225 5144; x_wconf 82' lang='grc' dir='ltr'>τὸ</span> <span class='ocrx_word' id='word_1_735' title='bbox 3274 5094 3544 5163; x_wconf 74' lang='grc' dir='ltr'>Πνεῦμα,</span> <span class='ocrx_word' id='word_1_736' title='bbox 3571 5095 3687 5158; x_wconf 83' lang='grc' dir='ltr'><strong>πῶς</strong></span> <span class='ocrx_word' id='word_1_737' title='bbox 3722 5094 3799 5148; x_wconf 82' lang='grc' dir='ltr'>ἂν</span> <span class='ocrx_word' id='word_1_738' title='bbox 3831 5099 3866 5148; x_wconf 83' lang='grc' dir='ltr'>ὁ</span> 
     </span>
    </p>
   </div>
   <div class='ocr_carea' id='block_1_100' title="bbox 520 5184 2119 5275">
    <p class='ocr_par' dir='ltr' id='par_1_100' title="bbox 520 5190 2119 5275">
     <span class='ocr_line' id='line_1_102' title="bbox 520 5190 2119 5275; baseline -0.011 -13"><span class='ocrx_word' id='word_1_739' title='bbox 520 5205 676 5263; x_wconf 87' lang='lat' dir='ltr'><strong>vocis</strong></span> <span class='ocrx_word' id='word_1_740' title='bbox 704 5205 954 5275; x_wconf 86' lang='lat' dir='ltr'><strong>recipere</strong></span> <span class='ocrx_word' id='word_1_741' title='bbox 986 5200 1233 5259; x_wconf 78' lang='lat' dir='ltr'><strong>sonum?</strong></span> <span class='ocrx_word' id='word_1_742' title='bbox 1261 5198 1464 5254; x_wconf 84' lang='lat' dir='ltr'><strong>Verum</strong></span> <span class='ocrx_word' id='word_1_743' title='bbox 1513 5196 1823 5257; x_wconf 86' lang='lat' dir='ltr'><strong>enimvero,</strong></span> <span class='ocrx_word' id='word_1_744' title='bbox 1888 5190 1959 5254; x_wconf 84' lang='lat' dir='ltr'><strong>si,</strong></span> <span class='ocrx_word' id='word_1_745' title='bbox 1994 5204 2119 5245; x_wconf 92' lang='lat' dir='ltr'><strong>cum</strong></span> 
     </span>
    </p>
   </div>
   <div class='ocr_carea' id='block_1_101' title="bbox 2234 5184 3862 5275">
    <p class='ocr_par' dir='ltr' id='par_1_101' title="bbox 2247 5184 3862 5275">
     <span class='ocr_line' id='line_1_103' title="bbox 2247 5184 3862 5275; baseline 0.002 -36"><span class='ocrx_word' id='word_1_746' title='bbox 2247 5184 2502 5249; x_wconf 86' lang='grc' dir='ltr'>Ἰουδαῖος</span> <span class='ocrx_word' id='word_1_747' title='bbox 2530 5186 2665 5249; x_wconf 83' lang='grc' dir='ltr'>ὅλως</span> <span class='ocrx_word' id='word_1_748' title='bbox 2697 5185 2961 5259; x_wconf 79' lang='grc' dir='ltr'>ἠνέσχετο</span> <span class='ocrx_word' id='word_1_749' title='bbox 2986 5187 3091 5275; x_wconf 13' lang='grc' dir='ltr'>,καὶ</span> <span class='ocrx_word' id='word_1_750' title='bbox 3125 5187 3299 5257; x_wconf 80' lang='grc' dir='ltr'>αὐτῆς</span> <span class='ocrx_word' id='word_1_751' title='bbox 3330 5190 3431 5260; x_wconf 83' lang='grc' dir='ltr'>τῆς</span> <span class='ocrx_word' id='word_1_752' title='bbox 3480 5188 3667 5260; x_wconf 79' lang='grc' dir='ltr'>φωνῆς</span> <span class='ocrx_word' id='word_1_753' title='bbox 3703 5189 3862 5262; x_wconf 77' lang='grc' dir='ltr'>ἀκοῇ</span> 
     </span>
    </p>
   </div>
   <div class='ocr_carea' id='block_1_102' title="bbox 524 5274 2119 5359">
    <p class='ocr_par' dir='ltr' id='par_1_102' title="bbox 524 5274 2119 5359">
     <span class='ocr_line' id='line_1_104' title="bbox 524 5274 2119 5359; baseline -0.012 -4"><span class='ocrx_word' id='word_1_754' title='bbox 524 5299 782 5355; x_wconf 86' lang='lat' dir='ltr'><strong>Salvator</strong></span> <span class='ocrx_word' id='word_1_755' title='bbox 809 5274 1045 5354; x_wconf 74' lang='lat' dir='ltr'><strong>dixisset</strong></span> <span class='ocrx_word' id='word_1_756' title='bbox 1076 5310 1136 5352; x_wconf 85' lang='lat' dir='ltr'><strong>se</strong></span> <span class='ocrx_word' id='word_1_757' title='bbox 1175 5307 1301 5350; x_wconf 90' lang='lat' dir='ltr'><strong>esse</strong></span> <span class='ocrx_word' id='word_1_758' title='bbox 1339 5290 1539 5347; x_wconf 83' lang='lat' dir='ltr'><strong>Filium</strong></span> <span class='ocrx_word' id='word_1_759' title='bbox 1580 5287 1673 5343; x_wconf 90' lang='lat' dir='ltr'><strong>Dei</strong></span> <span class='ocrx_word' id='word_1_760' title='bbox 1711 5284 1882 5359; x_wconf 84' lang='lat' dir='ltr'><strong>(quod</strong></span> <span class='ocrx_word' id='word_1_761' title='bbox 1940 5291 2119 5337; x_wconf 89' lang='lat' dir='ltr'><strong>tamen</strong></span> 
     </span>
    </p>
   </div>
   <div class='ocr_carea' id='block_1_103' title="bbox 2234 5274 3862 5359">
    <p class='ocr_par' dir='ltr' id='par_1_103' title="bbox 2234 5274 3862 5354">
     <span class='ocr_line' id='line_1_105' title="bbox 2234 5274 3862 5354; baseline 0.004 -24"><span class='ocrx_word' id='word_1_762' title='bbox 2234 5277 2373 5352; x_wconf 81' lang='grc' dir='ltr'>μόνῃ</span> <span class='ocrx_word' id='word_1_763' title='bbox 2412 5277 2824 5350; x_wconf 80' lang='grc' dir='ltr'>παραδέξασθαι</span> <span class='ocrx_word' id='word_1_764' title='bbox 2853 5278 2948 5332; x_wconf 82' lang='grc' dir='ltr'><strong>τὸν</strong></span> <span class='ocrx_word' id='word_1_765' title='bbox 2977 5274 3148 5351; x_wconf 80' lang='grc' dir='ltr'>ἧχον;</span> <span class='ocrx_word' id='word_1_766' title='bbox 3182 5280 3245 5333; x_wconf 77' lang='lat' dir='ltr'><strong>Ei</strong></span> <span class='ocrx_word' id='word_1_767' title='bbox 3280 5279 3390 5354; x_wconf 82' lang='grc' dir='ltr'>γὰρ</span> <span class='ocrx_word' id='word_1_768' title='bbox 3436 5280 3536 5335; x_wconf 77' lang='grc' dir='ltr'>τοῦ</span> <span class='ocrx_word' id='word_1_769' title='bbox 3584 5280 3862 5354; x_wconf 80' lang='grc' dir='ltr'>Σωτῆρος</span> 
     </span>
    </p>
   </div>
   <div class='ocr_carea' id='block_1_104' title="bbox 525 5364 2119 5463">
    <p class='ocr_par' dir='ltr' id='par_1_104' title="bbox 525 5375 2119 5463">
     <span class='ocr_line' id='line_1_106' title="bbox 525 5375 2119 5463; baseline -0.014 -13"><span class='ocrx_word' id='word_1_770' title='bbox 525 5403 583 5450; x_wconf 90' lang='lat' dir='ltr'><strong>et</strong></span> <span class='ocrx_word' id='word_1_771' title='bbox 603 5394 716 5450; x_wconf 91' lang='lat' dir='ltr'><strong>illis</strong></span> <span class='ocrx_word' id='word_1_772' title='bbox 741 5407 891 5463; x_wconf 66' lang='lat' dir='ltr'><strong>saepe</strong></span> <span class='ocrx_word' id='word_1_773' title='bbox 912 5391 1123 5447; x_wconf 89' lang='lat' dir='ltr'><strong>dictum</strong></span> <span class='ocrx_word' id='word_1_774' title='bbox 1165 5387 1334 5458; x_wconf 87' lang='lat' dir='ltr'><strong>erat),</strong></span> <span class='ocrx_word' id='word_1_775' title='bbox 1370 5384 1427 5440; x_wconf 92' lang='lat' dir='ltr'><strong>in</strong></span> <span class='ocrx_word' id='word_1_776' title='bbox 1454 5381 1720 5439; x_wconf 90' lang='lat' dir='ltr'><strong>cordibus</strong></span> <span class='ocrx_word' id='word_1_777' title='bbox 1766 5378 1886 5435; x_wconf 91' lang='lat' dir='ltr'><strong>suis</strong></span> <span class='ocrx_word' id='word_1_778' title='bbox 1912 5375 2119 5432; x_wconf 83' lang='lat' dir='ltr'><strong>inﬂam-</strong></span> 
     </span>
    </p>
   </div>
   <div class='ocr_carea' id='block_1_105' title="bbox 2234 5364 3863 5463">
    <p class='ocr_par' dir='ltr' id='par_1_105' title="bbox 2234 5364 3863 5463">
     <span class='ocr_line' id='line_1_107' title="bbox 2234 5364 3863 5463; baseline 0.002 -40"><span class='ocrx_word' id='word_1_779' title='bbox 2234 5371 2479 5463; x_wconf 80' lang='grc' dir='ltr'>λέγοντος</span> <span class='ocrx_word' id='word_1_780' title='bbox 2504 5370 2701 5425; x_wconf 79' lang='grc' dir='ltr'>ἑαυτὸν</span> <span class='ocrx_word' id='word_1_781' title='bbox 2727 5370 2856 5424; x_wconf 83' lang='grc' dir='ltr'>Υίὸν</span> <span class='ocrx_word' id='word_1_782' title='bbox 2887 5364 3027 5427; x_wconf 76' lang='grc' dir='ltr'>εἷναι</span> <span class='ocrx_word' id='word_1_783' title='bbox 3060 5370 3154 5425; x_wconf 82' lang='grc' dir='ltr'>τοῦ</span> <span class='ocrx_word' id='word_1_784' title='bbox 3198 5371 3335 5425; x_wconf 83' lang='grc' dir='ltr'><strong>Θεοῦ</strong></span> <span class='ocrx_word' id='word_1_785' title='bbox 3375 5371 3443 5443; x_wconf 85' lang='grc' dir='ltr'><strong>(ὃ</strong></span> <span class='ocrx_word' id='word_1_786' title='bbox 3467 5370 3534 5444; x_wconf 81' lang='grc' dir='ltr'>δὴ</span> <span class='ocrx_word' id='word_1_787' title='bbox 3566 5373 3863 5439; x_wconf 80' lang='grc' dir='ltr'>κάκείνοις</span> 
     </span>
    </p>
   </div>
   <div class='ocr_carea' id='block_1_106' title="bbox 526 5461 2119 5555">
    <p class='ocr_par' dir='ltr' id='par_1_106' title="bbox 526 5461 2119 5555">
     <span class='ocr_line' id='line_1_108' title="bbox 526 5461 2119 5555; baseline -0.013 -12"><span class='ocrx_word' id='word_1_788' title='bbox 526 5488 659 5543; x_wconf 89' lang='lat' dir='ltr'><strong>mali</strong></span> <span class='ocrx_word' id='word_1_789' title='bbox 690 5502 757 5543; x_wconf 85' lang='lat' dir='ltr'><strong>ex</strong></span> <span class='ocrx_word' id='word_1_790' title='bbox 781 5461 863 5542; x_wconf 79' lang='lat' dir='ltr'><strong>ira</strong></span> <span class='ocrx_word' id='word_1_791' title='bbox 895 5485 963 5541; x_wconf 93' lang='lat' dir='ltr'><strong>ad</strong></span> <span class='ocrx_word' id='word_1_792' title='bbox 988 5482 1201 5540; x_wconf 49' lang='lat' dir='ltr'><strong>caedem</strong></span> <span class='ocrx_word' id='word_1_793' title='bbox 1252 5478 1396 5555; x_wconf 91' lang='lat' dir='ltr'><strong>pulsi</strong></span> <span class='ocrx_word' id='word_1_794' title='bbox 1424 5476 1835 5533; x_wconf 82' lang='lat' dir='ltr'><strong>vociferaruut:</strong></span> <span class='ocrx_word' id='word_1_795' title='bbox 1872 5470 1949 5526; x_wconf 88' lang='lat' dir='ltr'><strong>De</strong></span> <span class='ocrx_word' id='word_1_796' title='bbox 1991 5469 2119 5524; x_wconf 82' lang='lat' dir='ltr'><strong>bona</strong></span> 
     </span>
    </p>
   </div>
   <div class='ocr_carea' id='block_1_107' title="bbox 2234 5461 3857 5555">
    <p class='ocr_par' dir='ltr' id='par_1_107' title="bbox 2234 5461 3857 5534">
     <span class='ocr_line' id='line_1_109' title="bbox 2234 5461 3857 5534; baseline 0.002 -19"><span class='ocrx_word' id='word_1_797' title='bbox 2234 5462 2492 5526; x_wconf 89' lang='grc' dir='ltr'>πολλάκις</span> <span class='ocrx_word' id='word_1_798' title='bbox 2525 5461 2755 5534; x_wconf 73' lang='grc' dir='ltr'>ὲρρήθη,</span> <span class='ocrx_word' id='word_1_799' title='bbox 2790 5463 2904 5527; x_wconf 83' lang='grc' dir='ltr'>τοῖς</span> <span class='ocrx_word' id='word_1_800' title='bbox 2946 5463 3141 5533; x_wconf 83' lang='grc' dir='ltr'>θυμοῖς</span> <span class='ocrx_word' id='word_1_801' title='bbox 3180 5461 3583 5532; x_wconf 75' lang='grc' dir='ltr'>ἀναφλέγοντες</span> <span class='ocrx_word' id='word_1_802' title='bbox 3614 5463 3857 5533; x_wconf 72' lang='grc' dir='ltr'>αὐτοὺς,</span> 
     </span>
    </p>
   </div>
   <div class='ocr_carea' id='block_1_108' title="bbox 526 5555 2119 5651">
    <p class='ocr_par' dir='ltr' id='par_1_108' title="bbox 526 5563 2119 5651">
     <span class='ocr_line' id='line_1_110' title="bbox 526 5563 2119 5651; baseline -0.012 -16"><span class='ocrx_word' id='word_1_803' title='bbox 526 5598 679 5651; x_wconf 86' lang='lat' dir='ltr'><strong>opere</strong></span> <span class='ocrx_word' id='word_1_804' title='bbox 700 5598 803 5635; x_wconf 87' lang='lat' dir='ltr'><strong>non</strong></span> <span class='ocrx_word' id='word_1_805' title='bbox 828 5579 1133 5649; x_wconf 81' lang='lat' dir='ltr'><strong>lapidamus</strong></span> <span class='ocrx_word' id='word_1_806' title='bbox 1157 5585 1226 5643; x_wconf 82' lang='lat' dir='ltr'><strong>te,</strong></span> <span class='ocrx_word' id='word_1_807' title='bbox 1284 5572 1376 5628; x_wconf 81' lang='lat' dir='ltr'><strong>sed</strong></span> <span class='ocrx_word' id='word_1_808' title='bbox 1406 5572 1535 5643; x_wconf 84' lang='lat' dir='ltr'><strong>quia</strong></span> <span class='ocrx_word' id='word_1_809' title='bbox 1573 5578 1631 5623; x_wconf 82' lang='lat' dir='ltr'><strong>tu</strong></span> <span class='ocrx_word' id='word_1_810' title='bbox 1681 5567 1835 5620; x_wconf 86' lang='lat' dir='ltr'><strong>homo</strong></span> <span class='ocrx_word' id='word_1_811' title='bbox 1872 5580 1993 5618; x_wconf 89' lang='lat' dir='ltr'><strong>cum</strong></span> <span class='ocrx_word' id='word_1_812' title='bbox 2025 5563 2119 5629; x_wconf 84' lang='lat' dir='ltr'><strong>sis,</strong></span> 
     </span>
    </p>
   </div>
   <div class='ocr_carea' id='block_1_109' title="bbox 2234 5555 3863 5651">
    <p class='ocr_par' dir='ltr' id='par_1_109' title="bbox 2234 5555 3863 5628">
     <span class='ocr_line' id='line_1_111' title="bbox 2234 5555 3863 5628; baseline 0.001 -17"><span class='ocrx_word' id='word_1_813' title='bbox 2234 5558 2311 5622; x_wconf 85' lang='grc' dir='ltr'><strong>είς</strong></span> <span class='ocrx_word' id='word_1_814' title='bbox 2344 5557 2508 5626; x_wconf 86' lang='grc' dir='ltr'>φόνον</span> <span class='ocrx_word' id='word_1_815' title='bbox 2535 5555 2635 5626; x_wconf 78' lang='grc' dir='ltr'><strong>τὴν</strong></span> <span class='ocrx_word' id='word_1_816' title='bbox 2664 5555 2836 5628; x_wconf 80' lang='grc' dir='ltr'>ὀργὴν</span> <span class='ocrx_word' id='word_1_817' title='bbox 2865 5555 3087 5626; x_wconf 78' lang='grc' dir='ltr'>ἐξῆγον,</span> <span class='ocrx_word' id='word_1_818' title='bbox 3108 5555 3204 5610; x_wconf 70' lang='grc' dir='ltr'><strong>καὶ</strong></span> <span class='ocrx_word' id='word_1_819' title='bbox 3229 5555 3402 5610; x_wconf 79' lang='grc' dir='ltr'>ὲδὸων</span> <span class='ocrx_word' id='word_1_820' title='bbox 3427 5573 3440 5586; x_wconf 76' lang='grc' dir='ltr'><strong>ο</strong></span> <span class='ocrx_word' id='word_1_821' title='bbox 3480 5557 3618 5626; x_wconf 76' lang='grc' dir='ltr'>Περὶ</span> <span class='ocrx_word' id='word_1_822' title='bbox 3648 5560 3863 5614; x_wconf 73' lang='grc' dir='ltr'>κτιλοῦ</span> 
     </span>
    </p>
   </div>
   <div class='ocr_carea' id='block_1_110' title="bbox 528 5647 2119 5744">
    <p class='ocr_par' dir='ltr' id='par_1_110' title="bbox 528 5647 2119 5744">
     <span class='ocr_line' id='line_1_112' title="bbox 528 5647 2119 5744; baseline -0.013 -15"><span class='ocrx_word' id='word_1_823' title='bbox 528 5647 667 5744; x_wconf 77' lang='lat' dir='ltr'><strong>facis</strong></span> <span class='ocrx_word' id='word_1_824' title='bbox 710 5682 759 5727; x_wconf 85' lang='lat' dir='ltr'><strong>te</strong></span> <span class='ocrx_word' id='word_1_825' title='bbox 785 5647 960 5741; x_wconf 77' lang='lat' dir='ltr'><strong>ipsum</strong></span> <span class='ocrx_word' id='word_1_826' title='bbox 992 5669 1164 5724; x_wconf 84' lang='lat' dir='ltr'><strong>Deum</strong></span> <span class='ocrx_word' id='word_1_827' title='bbox 1196 5667 1240 5722; x_wconf 67' lang='grc'><strong>⁸.</strong></span> <span class='ocrx_word' id='word_1_828' title='bbox 1266 5664 1412 5733; x_wconf 85' lang='lat' dir='ltr'><strong>Quid</strong></span> <span class='ocrx_word' id='word_1_829' title='bbox 1436 5677 1570 5733; x_wconf 81' lang='lat' dir='ltr'><strong>ergo</strong></span> <span class='ocrx_word' id='word_1_830' title='bbox 1602 5657 1971 5715; x_wconf 88' lang='lat' dir='ltr'><strong>absurditatis</strong></span> <span class='ocrx_word' id='word_1_831' title='bbox 2007 5669 2119 5710; x_wconf 92' lang='lat' dir='ltr'><strong>non</strong></span> 
     </span>
    </p>
   </div>
   <div class='ocr_carea' id='block_1_111' title="bbox 2234 5647 3865 5744">
    <p class='ocr_par' dir='ltr' id='par_1_111' title="bbox 2236 5647 3865 5723">
     <span class='ocr_line' id='line_1_113' title="bbox 2236 5647 3865 5723; baseline -0.001 -16"><span class='ocrx_word' id='word_1_832' title='bbox 2236 5651 2418 5723; x_wconf 74' lang='grc' dir='ltr'>ἔργου</span> <span class='ocrx_word' id='word_1_833' title='bbox 2470 5651 2543 5706; x_wconf 85' lang='grc' dir='ltr'>οὐ</span> <span class='ocrx_word' id='word_1_834' title='bbox 2584 5647 2904 5718; x_wconf 71' lang='grc' dir='ltr'>λιθάζομέν</span> <span class='ocrx_word' id='word_1_835' title='bbox 2949 5664 3044 5716; x_wconf 86' lang='grc' dir='ltr'><strong>σε,</strong></span> <span class='ocrx_word' id='word_1_836' title='bbox 3074 5649 3212 5705; x_wconf 66' lang='grc' dir='ltr'><strong>ἀλλ’</strong></span> <span class='ocrx_word' id='word_1_837' title='bbox 3257 5647 3349 5703; x_wconf 79' lang='grc' dir='ltr'>ὅτι</span> <span class='ocrx_word' id='word_1_838' title='bbox 3398 5649 3483 5704; x_wconf 76' lang='grc' dir='ltr'>σὺ</span> <span class='ocrx_word' id='word_1_839' title='bbox 3530 5651 3865 5719; x_wconf 71' lang='grc' dir='ltr'>ἄνθρωπος</span> 
     </span>
    </p>
   </div>
   <div class='ocr_carea' id='block_1_112' title="bbox 528 5744 2119 5834">
    <p class='ocr_par' dir='ltr' id='par_1_112' title="bbox 528 5754 2119 5834">
     <span class='ocr_line' id='line_1_114' title="bbox 528 5754 2119 5834; baseline -0.013 -11"><span class='ocrx_word' id='word_1_840' title='bbox 528 5764 965 5831; x_wconf 88' lang='lat' dir='ltr'><strong>commisissent,</strong></span> <span class='ocrx_word' id='word_1_841' title='bbox 994 5761 1127 5834; x_wconf 79' lang='lat' dir='ltr'><strong>quid</strong></span> <span class='ocrx_word' id='word_1_842' title='bbox 1159 5774 1290 5817; x_wconf 83' lang='lat' dir='ltr'><strong>vero</strong></span> <span class='ocrx_word' id='word_1_843' title='bbox 1318 5773 1425 5814; x_wconf 89' lang='lat' dir='ltr'><strong>non</strong></span> <span class='ocrx_word' id='word_1_844' title='bbox 1445 5754 1563 5812; x_wconf 88' lang='lat' dir='ltr'><strong>ausi</strong></span> <span class='ocrx_word' id='word_1_845' title='bbox 1608 5758 1819 5817; x_wconf 86' lang='lat' dir='ltr'><strong>essent,</strong></span> <span class='ocrx_word' id='word_1_846' title='bbox 1850 5759 2119 5819; x_wconf 78' lang='lat' dir='ltr'><strong>quamque</strong></span> 
     </span>
    </p>
   </div>
   <div class='ocr_carea' id='block_1_113' title="bbox 2234 5744 3866 5834">
    <p class='ocr_par' dir='ltr' id='par_1_113' title="bbox 2237 5744 3866 5820">
     <span class='ocr_line' id='line_1_115' title="bbox 2237 5744 3866 5820; baseline 0 -19"><span class='ocrx_word' id='word_1_847' title='bbox 2237 5746 2343 5813; x_wconf 81' lang='grc' dir='ltr'><strong>ὢν,</strong></span> <span class='ocrx_word' id='word_1_848' title='bbox 2377 5744 2568 5811; x_wconf 82' lang='grc' dir='ltr'>ποιεῖς</span> <span class='ocrx_word' id='word_1_849' title='bbox 2594 5744 2861 5800; x_wconf 76' lang='grc' dir='ltr'>σεαυτὸν</span> <span class='ocrx_word' id='word_1_850' title='bbox 2891 5744 3061 5813; x_wconf 73' lang='grc' dir='ltr'>Θεὸν,</span> <span class='ocrx_word' id='word_1_851' title='bbox 3094 5747 3145 5799; x_wconf 89' lang='grc' dir='ltr'><strong>τί</strong></span> <span class='ocrx_word' id='word_1_852' title='bbox 3187 5744 3253 5801; x_wconf 81' lang='grc' dir='ltr'><strong>ἂν</strong></span> <span class='ocrx_word' id='word_1_853' title='bbox 3297 5747 3405 5802; x_wconf 80' lang='grc' dir='ltr'><strong>τῶν</strong></span> <span class='ocrx_word' id='word_1_854' title='bbox 3440 5747 3660 5803; x_wconf 76' lang='grc' dir='ltr'>ἀτόπων</span> <span class='ocrx_word' id='word_1_855' title='bbox 3706 5765 3866 5820; x_wconf 81' lang='grc' dir='ltr'>παρ-</span> 
     </span>
    </p>
   </div>
   <div class='ocr_carea' id='block_1_114' title="bbox 601 5901 1021 5971">
    <p class='ocr_par' dir='ltr' id='par_1_114' title="bbox 601 5901 1021 5971">
     <span class='ocr_line' id='line_1_116' title="bbox 601 5901 1021 5971; baseline -0.01 -11"><span class='ocrx_word' id='word_1_856' title='bbox 601 5903 621 5936; x_wconf 67' lang='grc' dir='ltr'>δ</span> <span class='ocrx_word' id='word_1_857' title='bbox 641 5901 803 5960; x_wconf 82' lang='lat' dir='ltr'><strong>Joan.</strong></span> <span class='ocrx_word' id='word_1_858' title='bbox 837 5919 891 5971; x_wconf 71' lang='grc' dir='ltr'>ς,</span> <span class='ocrx_word' id='word_1_859' title='bbox 928 5902 1021 5957; x_wconf 74' lang='grc'><strong>55.</strong></span> 
     </span>
    </p>
   </div>
  </div>
