4132 6466
242 428 375 496 1281

1208 430 1310 491 AD
1347 428 1845 501 QUzESTIONES
1873 427 2578 490 AMPHILOCIIIANAS.

3405 431 3546 497 1282

237 549 422 620 ἦλθον,
454 545 508 600 τί
538 545 584 600 δ’
620 545 721 600 οὐκ
762 543 1029 615 ἐτόλμων,
1059 541 1185 596 τίνα
1214 541 1271 595 δὲ
1303 541 1654 596 διδασκαλίαν
1689 542 1723 612 ἢ
1749 559 1839 594 vo-

1964 540 2250 597 Ioctrinam
2283 542 2761 613 legislationemve
2805 544 3053 615 accipere
3098 547 3356 603 tulissent
3387 550 3433 606 si
3474 564 3537 604 se

245 639 503 713 μοθεσίαν
532 637 837 709 ὑπέμειναν
868 633 1303 708 παραδέξασθαι,
1330 635 1378 687 εἰ
1407 633 1634 704 Πνεῦμα
1664 633 1840 701 ἆγιον,

238 733 272 803 ἦ
304 732 528 803 Πατέρα
557 729 653 783 τοῦ
679 728 817 783 ε)εοῦ
852 728 881 781 6
911 728 1009 799 τὴν
1040 726 1317 797 σωτηρίαν
1346 725 1441 779 τοῦ
1476 727 1671 794 γένους
1699 742 1846 795 πρα-

238 826 658 896 γματευόμενος
703 822 899 878 ἑαυτὸν
956 820 1334 891 ἀνωμολόγει;
1395 818 1607 872 Οὐκοῦν
1663 818 1731 871 δι’
1782 810 1844 871 οὗ

243 920 449 989 μᾶλλον
475 917 855 988 συνηπίστατο
884 916 983 983 τὴν
1022 914 1298 985 σωτηρίαν
1327 914 1476 982 ἡμᾶς
1518 910 1843 983 κερδαίνειν,

240 1013 306 1065 δι’
366 1013 583 1065 ἐκείνου
637 1012 734 1064 καὶ
794 1010 894 1080 τὴν
948 1009 1223 1079 σάρκωσιν
1266 1008 1363 1060 καὶ
1408 1006 1508 1078 τὴν
1546 1005 1846 1073 ἀνάκλησιν

243 1106 404 1176 ἡμῶν
435 1108 468 1175 ἡ
497 1105 887 1176 φιλάνθρωπος
932 1102 1028 1156 καί
1068 1100 1315 1167 παναγία
1346 1097 1518 1170 Τριάς
1551 1098 1847 1168 ὲμεθόδευ-

245 1216 358 1252 σεν.
401 1198 617 1260 ’Ἄλλως
661 1214 720 1249 τε
763 1196 845 1262 δὲ,
888 1194 1017 1257 τοὺς
1053 1195 1133 1256 εἰς
1165 1193 1393 1261 ἀλογίαν
1438 1190 1849 1254 ἁπονεύσαντας

246 1292 340 1348 καὶ
370 1291 910 1362 παραπεπτωκότας,
951 1286 1284 1357 οἰκειότερον
1319 1280 1388 1355 ἦν
1418 1283 1508 1339 διὰ
1539 1283 1634 1336 τοῦ
1668 1285 1845 1352 Λόγου

248 1382 346 1451 τῆς
378 1381 606 1450 ἀλογίας
646 1379 1055 1447 ἀπαλλαγῆναι·
1091 1377 1182 1430 διὰ
1207 1374 1369 1428 τοῦτο
1403 1374 1515 1445 γὰρ
1544 1376 1849 1443 οἰκονομεῖ-

248 1493 341 1528 ται
370 1474 471 1527 καὶ
494 1477 561 1544 τῇ
586 1472 696 1526 τῶν
718 1472 932 1541 ἀλόγων
962 1468 1327 1539 ἀνακλιθῆναι
1351 1468 1527 1538 φάτνῃ
1555 1467 1583 1518 6
1612 1468 1725 1529 τοῖς
1747 1467 1851 1518 Χε-

252 1567 454 1639 ρουϐὶμ
501 1567 894 1638 ἐποχούμενος,
934 1565 1030 1619 καὶ
1081 1563 1244 1635 μέσον
1289 1561 1503 1629 ἀλόγων
1555 1560 1849 1615 ἀναπεσεῖν

250 1662 755 1733 ἐσπαργανωμένος
791 1662 820 1713 ὁ
862 1656 1201 1729 δημιουργὸς
1244 1655 1540 1725 συμπάσης
1582 1654 1683 1725 τῆς
1731 1652 1852 1707 κτί-

247 1773 410 1819 σεως.
483 1755 805 1824 Ἐννοήσαις
846 1753 894 1806 δ’
922 1752 989 1805 ἂν
1024 1750 1273 1813 εἰκότως,
1322 1749 1400 1812 ὡς
1448 1747 1556 1801 ἔδει
1611 1748 1708 1800 καὶ
1751 1747 1853 1817 τὴν

244 1846 678 1918 ἀπαράλλακτον
712 1844 809 1899 καὶ
844 1842 1085 1914 φυσικὴν
1124 1841 1309 1895 εἰκόνα
1336 1840 1432 1893 τοῦ
1464 1839 1700 1908 Πατρὸς,
1725 1838 1854 1901 τοὺς

1952 632 2217 703 Spiritum
2250 644 2524 701 sanctum,
2565 643 2662 690 aut
2696 636 2787 691 Dei
2829 635 3047 693 Patrem
3103 642 3325 710 generis
3392 644 3542 698 salu-

1948 732 2058 781 tem
2108 741 2347 796 operans
2399 727 2690 784 conlessus
2739 730 2932 785 esset?
2967 731 3157 803 Atqui,
3216 748 3314 803 per
3370 750 3536 806 quem

1948 819 2129 890 magis
2177 820 2389 875 sciebat
2439 836 2541 876 nos
2596 821 2825 877 salutem
2882 824 3231 892 lucrifacere,
3269 843 3367 897 per
3395 829 3543 884 hunc

1950 912 2193 967 hominis
2236 927 2427 968 amans
2454 923 2507 968 et
2536 924 2885 970 sacrosancta
2930 917 3172 974 Trinitas
3205 920 3543 975 incarnatio-

1948 1020 2074 1059 nem
2102 1012 2157 1059 et
2187 1005 2594 1061 revocationem
2621 1017 2864 1063 nostram
2895 1010 3181 1068 instruxit.
3214 1012 3337 1067 Alio
3378 1016 3542 1069 modo

1950 1095 2006 1149 in
2063 1110 2311 1151 errorem
2352 1098 2646 1154 inclinatos
2679 1110 2731 1155 et
2752 1101 2863 1172 jam
2904 1102 3088 1172 lapsos
3139 1107 3294 1174 quasi
3333 1123 3541 1163 conve-

1951 1186 2194 1243 nientius
2260 1200 2380 1246 erat
2456 1191 2691 1247 Verbum
2728 1208 2758 1246 a
2800 1204 3027 1264 peccatu
3086 1197 3393 1267 reducere;
3458 1201 3542 1256 id-

1952 1285 2108 1335 circo
2161 1280 2520 1352 diSpeusatur
2578 1285 2649 1339 ab
2690 1284 3095 1342 irrationalium
3122 1291 3344 1345 stabulo
3380 1307 3545 1347 revo-

1952 1385 2082 1426 care
2118 1373 2212 1442 qui
2240 1373 2786 1442 iusidetChernbim,
2811 1386 2866 1432 et
2889 1378 3316 1436 discumberein
3358 1384 3540 1438 medio

1956 1464 2363 1520 irrationalium
2398 1467 2719 1523 Creatorem
2774 1470 2960 1526 omnis
3022 1482 3293 1528 creaturae
3344 1477 3542 1545 pannis

1955 1557 2285 1614 involutum.
2320 1558 2607 1630 Cogitabis
2631 1561 2988 1631 probabiliter
3004 1566 3133 1636 quia
3162 1570 3407 1637 oportuit
3429 1570 3536 1623 im-

1955 1654 2277 1708 mutabilem
2308 1664 2363 1709 et
2393 1656 2700 1711 naturalem
2732 1655 2916 1713 Patris
2951 1658 3267 1729 imaginem,
3300 1662 3367 1715 ad
3402 1662 3543 1717 ima-

1955 1745 2134 1814 ginem
2172 1744 2265 1800 Dei
2294 1758 2346 1802 et
2372 1748 2559 1816 gratiae
2592 1748 2927 1816 productos:
2955 1751 3328 1807 adulterantes
3359 1764 3543 1810 autent

1956 1844 2010 1891 et
2040 1836 2404 1907 depravantes
2435 1839 2880 1903 similitudinem.
2912 1859 3011 1913 per
3054 1846 3455 1903 immutabilem
3492 1856 3549 1903 et

244 1916 587 1995 κατ’-εἰκόνα
621 1939 719 2009 μὲν
749 1937 887 1991 Θεοῦ
918 1936 1014 1990 καὶ
1040 1935 1224 2006 χάριτι
1250 1934 1570 2002 γεγονότας,
1593 1948 1850 2002 παραχα-

1964 1930 2589 1999 naturalemimaginem
2642 1932 2711 1987 ad
2739 1935 3023 2005 antiquam
3079 1945 3134 1991 et
3178 1936 3541 1995 excellentem

248 2031 532 2102 ράξαντας
585 2031 641 2083 δὲ
689 2030 785 2084 καὶ
835 2025 1446 2098 κατακιὸδηλεύσαντας
1479 2024 1540 2077 τὸ
1575 2023 1851 2094 ὁμοίωμα,

1964 2021 2194 2076 formam
2229 2022 2514 2080 reducere.

242 2127 337 2180 διὰ
399 2126 503 2196 τῆς
598 2123 1022 2196 ἀπαραλλάκτου
1091 2122 1188 2175 καὶ⁸
1246 2121 1486 2192 φυσικῆς
1548 2120 1759 2184 εἰκόνος
1810 2119 1891 2184 είς
1966 2120 2067 2190 τὴν
2135 2120 2373 2191 ἀρχαίαν
2446 2122 2822 2197 ἐπαναχθῆναι
2892 2125 3107 2199 μορφὴν
3181 2128 3275 2181 καί⁸
3343 2129 3549 2201 εὐπρέ-

245 2237 436 2274 πειαν.
2818 2216 2823 2224 ’

320 2315 387 2368 δ’.
430 2310 503 2366 Σὺ
533 2312 592 2365 δὲ
620 2313 715 2365 καὶ
746 2310 908 2365 τοῦτο
940 2311 1181 2381 λογίζου.
1218 2310 1377 2365 Ἐπεὶ
1408 2310 1604 2383 κριτὴς
1631 2310 1852 2376 ζώντων

246 2407 345 2460 καὶ
378 2404 593 2474 νεκρῶν
621 2405 648 2455 6
680 2401 830 2464 Υἱὸς,
855 2402 974 2469 Τὴν
1006 2403 1117 2471 γὰρ
1148 2402 1355 2471 κρίσιν
1378 2400 1588 2455 πᾶσαν
1611 2400 1855 2465 δέδωκε,

248 2499 415 2569 φησὶ,
468 2492 551 2560 τῷ
610 2493 740 2560 Υίῷ,
774 2494 865 2547 διὰ
894 2493 1052 2547 τοῦτο
1081 2494 1170 2547 τὸν
1206 2494 1470 2565 μέλλοντα
1508 2494 1717 2565 κρίνειν
1763 2494 1859 2546 καὶ

247 2590 508 2654 δικάζειν
536 2588 665 2651 τοὺς
702 2587 1057 2657 βεϐιωκότας,
1090 2587 1280 2640 τοῦτον
1313 2587 1477 2642 αὑτὸν
1510 2587 1607 2639 καὶ
1632 2585 1858 2656 νομοθέ-

251 2700 358 2752 την
402 2682 512 2735 ἕδει
546 2682 642 2735 καὶ
686 2680 990 2750 εἰσηγητὴν
1038 2680 1271 2750 ὁρᾶσθαι
1302 2680 1410 2731 τῶν
1444 2679 1760 2751 πρακτέων,
1794 2678 1857 2732 οὐ

258 2778 480 2849 ῥήμασι
541 2773 679 2849 πρὸς
726 2772 824 2842 τὴν
857 2772 1090 2844 μίμησιν
1144 2772 1571 2843 παρακαλοῦντα
1621 2772 1860 2843 (πολλοῖς

254 2873 373 2942 γὰρ
419 2869 579 2924 τοῦτο
626 2868 720 2922 καὶ
752 2868 933 2932 ἄλλοις
971 2869 1172 2939 μελέτη
1213 2871 1308 2924 καὶ
1354 2870 1680 2940 σπούδασμα
1730 2887 1863 2923 κατ-

258 2965 422 3034 έστη,
454 2962 553 3016 καὶ
594 2961 772 3025 ἄλλως
798 2961 1246 3033 δυσκατόρθωτον
1281 2963 1359 3034 τῷ
1388 2964 1587 3035 πλήθει
1618 2964 1741 3023 τοὺς
1771 2962 1863 3015 λό-

256 3072 402 3122 γους
456 3054 606 3125 ἔργῳ
657 3052 986 3122 περαίνειν),
1010 3053 1098 3107 διὰ
1122 3053 1179 3106 δὲ
1211 3053 1317 3107 τῶν
1356 3053 1501 3108 κατὰ
1532 3053 1631 3124 τὴν
1664 3053 1865 3123 πρᾶξιν

259 3147 711 3218 ὑποδειγμάτων,
740 3138 816 3201 ὧν
850 3145 915 3199 ἄν
944 3163 1028 3207 τις
1068 3144 1371 3216 αὐτουργὸς
1402 3148 1617 3215 γένοιτο
1658 3148 1753 3199 καὶ
1784 3146 1867 3199 δι-

259 3240 537 3303 δάσκαλος
572 3239 660 3293 διὰ
689 3238 783 3291 τοῦ
816 3237 955 3308 βίου,
1004 3236 1197 3310 ὥσπερ
1255 3239 1355 3302 τὰς
1416 3239 1720 3310 προφάσεις
1772 3237 1865 3291 τοῦ

264 3331 715 3405 παρολισθαίνειν
780 3330 963 3392 πάσας
1023 3328 1274 3399 ἀφαιρῶν
1333 3330 1361 3383 6
1410 3330 1693 3401 παραινῶν
1742 3330 1873 3399 όρᾶ·

261 3444 388 3489 ται,
433 3424 530 3477 καὶ
556 3422 656 3493 τὴν
685 3421 924 3493 μίμησιν
970 3420 1369 3492 εὐχερεστέραν
1406 3421 1661 3492 παρέχει.
1708 3419 1873 3474 Ἀλλὰ

269 3519 378 3573 καὶ
409 3516 472 3569 τὸ
502 3515 749 3584 φίλτρον,
776 3514 804 3567 ὃ
855 3516 969 3577 τοῖς
993 3513 1326 3581 μανθάνουσι
1372 3514 1494 3583 καὶ]
1516 3513 1879 3583 μιμουμένοις

268 3606 559 3674 διασώζει,
608 3603 814 3677 μᾶλλον
879 3604 1054 3676 ταύτῃ
1118 3603 1450 3672 γινώσκεται
1498 3601 1875 3675 ἐπιδεδειγμέ-

274 3721 373 3759 νος
382 3745 394 3756 .

342 3742 416 3850 ἓ.
449 3794 559 3848 Ναὶ
589 3794 655 3864 δὴ
699 3797 794 3847 καὶ
820 3792 956 3846 διότι
1003 3790 1168 3862 σοφία
1192 3790 1288 3846 καὶ
1320 3789 1484 3845 εἰκὼν
1516 3790 1760 3861 ἔμψυχος
1789 3794 1861 3844 κα

2062 3788 2115 3843 5.
2142 3788 2307 3844 Certe
2338 3788 2507 3861 igitur
2525 3798 2579 3847 et
2614 3789 2744 3861 quia
2778 3791 3049 3863 sapientia
3089 3800 3146 3849 et
3178 3792 3361 3866 imago
3401 3798 3571 3867 spiri-

275 3886 707 3959 ἀπαράλλακτος
768 3884 864 3937 τοῦ
931 3883 1145 3955 Πατρός
1186 3886 1215 3937 6
1266 3884 1417 3948 Υἱὸς,
1474 3883 1583 3936 ἔδει
1612 3883 1712 3953 τὴν
1766 3901 1861 3937 κατ

1990 3882 2158 3939 tualis
2192 3882 2663 3954 immutabilisque
2688 3881 2888 3950 Patris,
2924 3883 3116 3951 Filius,
3151 3885 3387 3944 debebat
3421 3890 3569 3945 illam

274 3978 471 4033 εἰκόνα
508 3976 607 4048 μὲν
635 3975 772 4028 Θεοῦ
821 3975 1265 4047 μεμορφωμένην
1310 3976 1408 4028 καὶ
1463 3973 1856 4046 ἐξωραῖσθεῖσα

1991 3977 2234 4030 animam
2285 3974 2355 4029 ad
2410 3975 2707 4048 imaginem
2741 3976 2837 4033 Dei
2877 3978 3170 4035 formatam
3202 3990 3258 4038 et
3303 3995 3575 4048 ornatam,

278 4071 491 4143 ψυχὴν,
525 4068 707 4132 νόθοις
736 4066 793 4119 δὲ
820 4065 1018 4137 βαφαῖς
1060 4068 1157 4121 καὶ
1190 4065 1466 4136 κιϐδήλοις
1487 4066 1779 4138 χρώμασιν
1812 4067 1860 4120 εί

1992 4074 2051 4124 et
2095 4081 2217 4137 quae
2245 4066 2492 4121 colorum
2533 4065 3025 4123 dehonestamento
3059 4071 3269 4139 peccati
3325 4081 3579 4130 naturau

281 4165 351 4220 τὺ
399 4164 503 4233 τῆς
563 4161 846 4233 ἁμαρτίας
882 4160 1125 4225 δυσειδὲς
1161 4178 1220 4214 τε
1266 4161 1362 4215 καὶ
1419 4160 1668 4232 ἄμορφον
1724 4177 1861 4231 μετα

1996 4172 2062 4211 ac
2090 4155 2322 4211 formam
2356 4169 2540 4225 praese
2567 4153 2801 4220 ferebat,
2830 4156 2980 4211 illam
3002 4158 3070 4214 ab
3109 4159 3413 4230 ignominia
3450 4164 3589 4217 Iibe-

286 4254 702 4329 μορφωθεῖσαν,
781 4253 871 4307 διὰ
935 4253 1096 4306 τοῦτο
1178 4251 1370 4306 τοῦτον
1456 4253 1624 4324 ἐχρῆν
1692 4252 1861 4325 ταύτη

1999 4265 2144 4305 rare.
2168 4249 2308 4304 Hinc
2347 4256 2467 4304 arte
2494 4249 2725 4319 pictoria
2752 4257 2996 4305 utentem
3021 4250 3310 4322 oportebat
3341 4268 3466 4308 eum
3489 4270 3589 4309 na-

284 4346 606 4411 ἀπαλλάξαι
670 4345 766 4399 τοῦ
840 4346 1086 4415 αἴσχους,
1142 4345 1238 4398 καὶ
1308 4341 1396 4397 οἷα
1451 4345 1732 4416 γραφικὴν
1780 4347 1861 4397 tm

2002 4350 2138 4397 turae
2168 4342 2466 4413 deperdita:
2492 4348 2547 4397 et
2578 4344 2870 4397 maculatae
2902 4343 2977 4399 ita
2998 4344 3228 4404 mederi.
3260 4353 3319 4400 ut
3340 4347 3591 4417 pulchri-

290 4440 538 4493 ϐαλόντα
600 4440 759 4509 χεῖρα
793 4436 872 4507 τῷ
930 4435 1280 4507 διερῤυηκότι
1342 4435 1440 4488 καὶ
1498 4434 1861 4506 λελυμασμένι

2006 4435 2139 4489 tudo
2170 4450 2233 4490 ac
2272 4435 2533 4491 nobilitas
2571 4435 2847 4505 primitiva
2886 4446 3330 4507 regeneraretur.
3377 4440 3434 4494 Si
3461 4456 3594 4511 ergo

289 4533 637 4606 χαρακτῆρι,
674 4529 1073 4601 ἀναμορφῶσαί
1097 4546 1157 4582 τε
1190 4529 1286 4582 καὶ
1313 4529 1395 4591 είς
1420 4529 1481 4581 τὸ
1507 4530 1734 4599 ἀρχαῖον
1762 4530 1861 4582 ἀνα

2007 4528 2245 4600 Spiritus
2290 4538 2388 4585 aut
2427 4527 2588 4585 Pater
2616 4545 2715 4600 pro
2762 4531 2962 4595 nobis,
3004 4539 3186 4587 autem
3222 4530 3600 4589 Filiusiucar-

290 4594 666 4698 ξωγραφῆσαι
726 4594 947 4688 κάλλος,
1003 4620 1100 4674 καὶ
1161 4620 1260 4691 τὴν
1316 4594 1720 4691 φιλανθρώπως
1795 4620 1861 4690 μὲ

1964 4655 1977 4701 ι
2006 4632 2172 4679 natus
2201 4630 2367 4688 esset,
2400 4622 2538 4677 nihil
2568 4620 2793 4679 fecisset
2823 4632 3063 4694 utquam
3097 4624 3334 4681 maxime
3357 4627 3597 4680 humana

2026 2310 2082 2364 4.
2116 2310 2217 2366 Sed
2241 2311 2444 2367 etillud
2465 2313 2667 2385 cegita.
2695 2313 2831 2369 Cum
2859 2314 3106 2371 vivorum
3130 2326 3547 2374 etmortuorum

1951 2403 2115 2473 judex
2175 2404 2248 2461 sit
2301 2405 2475 2462 Filius
2518 2425 2531 2462 :
2569 2406 2738 2464 Omne
2765 2409 2932 2477 enim,
2987 2411 3084 2477 ait,
3125 2412 3394 2482 judicium
3460 2415 3553 2470 de-

1957 2496 2033 2549 dit
2068 2495 2212 2552 Filio
2254 2499 2277 2530 ⁵
2308 2514 2322 2551 :
2374 2500 2519 2568 ideo,
2546 2502 2943 2572 quiajudicare
2963 2504 3332 2573 etjustificare
3358 2523 3552 2563 onmrs

1964 2590 2058 2657 qui
2082 2589 2345 2646 vixerunt
2393 2594 2598 2659 veniet,
2644 2596 2932 2665 oportebat
2966 2597 3146 2667 ipsum
3180 2599 3549 2670 legislature":

1965 2690 2018 2733 et
2042 2681 2367 2737 monitorem
2400 2683 2576 2740 videri
2610 2685 2903 2753 factorum,
2945 2704 3057 2744 non
3102 2691 3286 2747 verbis
3315 2693 3384 2747 ad
3430 2697 3554 2748 imi-

1966 2773 2226 2827 tationem
2260 2775 2573 2830 hortantem
2629 2778 2842 2848 (multis
2877 2780 3024 2834 enim
3083 2782 3207 2837 aliis
3256 2785 3372 2841 haec
3418 2802 3555 2842 cura

1965 2870 2020 2915 et
2066 2862 2342 2932 diligentia
2376 2863 2506 2931 fuit,
2542 2874 2598 2921 et
2672 2867 2752 2923 sic
2796 2879 3005 2924 tantum
3057 2870 3356 2929 multitudo
3392 2878 3554 2931 verba

1968 2954 2277 3011 actionibus
2336 2956 2668 3014 conﬁrmare
2720 2960 3056 3029 consuevit);
3121 2967 3388 3036 exemplis
3463 2984 3556 3023 au-

1971 3047 2367 3103 temexbibitis
2444 3064 2539 3119 per
2588 3067 2712 3121 qua:
2766 3062 2821 3108 et
2880 3053 3065 3123 opifex
3124 3066 3178 3112 et
3248 3072 3557 3129 praeceptor

1975 3141 2185 3195 exstitit
2210 3152 2265 3195 et
2300 3144 2505 3199 erroris
2530 3144 2674 3198 viam
2700 3145 2935 3202 destruit
2964 3158 3019 3203 et
3066 3149 3411 3206 imitantibus
3448 3134 3566 3206 me?

1977 3233 2201 3288 thodum
2260 3245 2548 3292 monstrat.
2606 3237 2713 3293 Sed
2772 3242 3102 3297 amatorium
3161 3243 3423 3312 poculum
3479 3258 3564 3299 est

1976 3326 2119 3394 quod
2174 3325 2460 3396 discipulis
2517 3336 2573 3384 et
2621 3330 2992 3389 imitatorihus
3036 3345 3244 3402 servat,
3293 3352 3404 3407 quo
3450 3353 3564 3391 ma-

1976 3415 2057 3487 gis
2084 3415 2497 3475 demonstratus
2522 3419 2817 3477 revelatur.

291 4714 809 4788 διαμορφωθεϊσαν,
848 4713 1102 4784 ἀφρόνως
1168 4713 1225 4766 δὲ
1291 4711 1777 4783 περιϋϐρισθεῖσαν
1807 4711 1903 4764 καὶ

313 4809 756 4880 ἀμαυρωοεῖσαν
808 4806 1018 4870 είκόνα,
1075 4805 1209 4876 πρὸς
1244 4803 1439 4858 ἑαυτόν
1460 4822 1521 4857 τε
1560 4803 1909 4873 ἐπιστρέψαι,

301 4904 411 4958 καὶ
441 4906 523 4965 εἰς
556 4902 654 4973 τὴν
680 4901 919 4973 ἀρχαίαν
960 4900 1126 4954 πάλιν
1180 4898 1465 4969 εὐγένειαν
1517 4898 1910 4969 ἀποκαταστῆ-

2016 4716 2336 4771 infirmitate
2368 4715 2551 4785 lapsos
2598 4723 2692 4769 aut
2738 4725 2922 4772 mente
2952 4716 3019 4771 ad
3062 4716 3276 4771 malum
3304 4732 3597 4787 perversos

2015 4808 2070 4861 in
2103 4806 2337 4861 salutem
2391 4815 2697 4862 revocaret.
2749 4806 3040 4873 Quomodo
3085 4810 3232 4865 enim
3284 4808 3601 4864 Iudaeorum

2015 4912 2178 4953 aures
2201 4911 2397 4966 capere
2430 4898 2698 4968 potuisset
2730 4896 2779 4951 si
2810 4913 3051 4969 praesens
3106 4899 3161 4954 in
3196 4914 3365 4957 carne
3415 4901 3611 4956 Salva-

298 5015 423 5051 σαι.
464 4981 625 5049 Ἀλλά
650 4995 761 5065 γὰρ
792 4994 847 5047 εἴ
874 5010 939 5061 γε
965 4994 1027 5047 τὸ
1057 4991 1282 5062 Πνεῦμα
1310 5033 1325 5057 ,
1360 4991 1394 5061 ἢ
1452 4991 1481 5044 ό
1524 4988 1715 5061 Πατὴρ
1766 4989 1861 5042 ὑπὲ

2016 4997 2105 5045 tor
2166 4988 2395 5045 dixisset
2425 4988 2573 5060 quod
2605 4990 2697 5061 qui
2734 4990 2907 5063 Moysi
2958 4993 3245 5048 oraculum
3280 4994 3517 5051 reddens
3551 4996 3607 5049 in

307 5087 500 5161 ἡμῶν,
565 5086 680 5141 ἀλλ’
714 5087 813 5157 οὐχ
853 5091 882 5140 6
913 5085 1042 5148 Υἱὸς
1092 5084 1468 5157 ἐσεσάρκωτο,
1508 5084 1665 5140 οὐδὲν
1721 5083 1861 5139 ἂνὸι

2018 5093 2205 5139 monte
2234 5082 2365 5137 Sina
2389 5092 2445 5138 et
2473 5082 2634 5139 Pater
2660 5087 2908 5139 omnium
2933 5092 2988 5140 et
3016 5086 3275 5158 cognitus
3300 5094 3353 5141 et
3374 5089 3442 5142 ab
3476 5089 3613 5158 ipsis

304 5200 376 5253 γε
407 5183 510 5254 τῆς
542 5181 896 5254 ἀνθρωπίνης
921 5178 1363 5250 ἀντιπιπτούσης
1395 5177 1709 5244 ἀσθενείας,
1746 5177 1778 5250 ἦ
1811 5179 1861 5232 1i

2020 5176 2307 5232 invocatus
2347 5175 2465 5244 ipse
2498 5176 2619 5242 iste,
2665 5187 2723 5232 ut
2759 5177 2922 5231 homo
2966 5191 3091 5233 cum
3126 5178 3443 5235 hominibus
3474 5194 3614 5235 cou-

304 5276 553 5350 γνώμης
578 5277 657 5340 εἰς
688 5276 747 5329 τὸ
797 5276 1131 5347 κακουργεῖν
1187 5271 1634 5343 ὑποφερομένης,
1690 5270 1799 5325 τῶν
1833 5289 1858 5325 ε

2023 5276 2277 5326 versatur
2292 5276 2344 5324 et
2369 5268 2489 5339 ipse
2521 5268 2609 5325 ille
2634 5277 2783 5325 esset
2805 5269 2896 5340 qui
2921 5269 3200 5341 quondam
3224 5271 3440 5326 divinas
3466 5271 3615 5341 leges

316 5368 601 5440 σωτηρίαν
637 5369 838 5431 αὐτοὺς
873 5366 1338 5437 ἀνακαλουμένων
1359 5364 1733 5436 διεπέπρακτο
1760 5379 1773 5395 °
1800 5364 1861 5417 πί

2030 5360 2235 5415 tabulis
2256 5359 2427 5429 digito
2453 5360 2757 5431 insculptas
2805 5362 3049 5432 scripsit,
3086 5370 3142 5418 et
3179 5362 3357 5434 plagis
3392 5373 3617 5433 propter

307 5464 430 5532 γάρ
475 5461 744 5516 Ἰουδαίων
779 5464 970 5523 ἀκοαῖς
1000 5461 1230 5514 ἀνεκτὸν
1260 5454 1347 5531 ῆν,
1374 5460 1423 5512 εί
1454 5458 1620 5527 σαρκὶ
1650 5453 1845 5528 παρὼν

2024 5468 2121 5509 eos
2169 5452 2461 5526 Egyptum
2495 5455 2810 5526 flagellavit,
2860 5463 2915 5512 et
2964 5471 3062 5527 per
3114 5458 3285 5512 maris
3320 5458 3607 5514 humidam

314 5557 536 5618 σώσων,
567 5555 776 5623 ἔλεγεν,
814 5555 889 5618 ὡς
910 5555 937 5607 6
971 5553 1050 5624 τῷ
1082 5555 1276 5607 Μωσεῖ
1305 5548 1656 5623 χρηματίσας
1700 5550 1758 5603 ἐν
1796 5547 1861 5619 ὄρ

2029 5553 2281 5600 naturam
2314 5545 2629 5602 immadidis
2659 5546 2891 5618 pedibus
2928 5549 3032 5602 iter
3064 5548 3247 5604 facere
3272 5550 3351 5605 eis
3386 5563 3619 5604 conces-

315 5651 475 5722 Σινᾷ,
502 5649 599 5703 καὶ
645 5648 839 5721 Πατὴρ
867 5647 977 5702 τῶν
1011 5647 1150 5702 ὅλων
1181 5647 1275 5700 καὶ
1293 5643 1701 5714 γινωσκόμενος
1731 5642 1861 5695 αὐτο

2029 5639 2137 5703 sit,
2180 5646 2235 5693 et
2282 5652 2512 5708 quaeque
2564 5648 2623 5692 ut
2697 5654 2795 5695 eos
2858 5640 2924 5694 ad
2977 5641 3231 5711 pietatem
3275 5656 3405 5713 erga
3452 5641 3623 5695 Deum

320 5745 423 5799 καὶ
491 5743 962 5814 ἀνακαλούμενος,
1055 5740 1223 5805 αὐτὸς
1299 5732 1474 5809 οὗτος,
1530 5737 1638 5802 ιὼς
1699 5734 1861 5808 ἄνθρι

2032 5730 2337 5794 τρόποι-οι,
2397 5731 2724 5789 mirabiliter
2786 5732 2954 5789 fecit?
3018 5735 3324 5805 ,Quomodo
3391 5734 3444 5790 ci
3499 5736 3632 5790 talia

400 5920 601 5975 ‘Joau.
638 5936 691 5981 v,
715 5917 807 5971 9.2.

534 6016 811 6073 ΡΑΤξιυι..
851 6011 969 6070 (in.
1005 6008 1099 6070 Cl.
2866 5994 2871 5997 ’
3200 5999 3271 6058 ίιί
