4132 6434
536 408 557 471 1
570 412 673 476 283

1815 412 2441 475 SUPPLEMENTUM

3710 414 3847 478 1284

539 525 745 581 dicenti
782 522 1200 578 obedivissent?
1228 520 1381 588 Quod
1431 520 1758 576 miraculum
1792 524 1860 578 ab
1897 525 1989 577 illo
2024 539 2123 577 non

2245 540 2364 587 πος,
2414 523 2529 586 τοῖς
2577 520 2917 594 ἀνθρώποις,
2948 525 3484 596 συναναστρέφεται,
3549 526 3649 579 καὶ
3683 526 3847 591 αὐτὸς

533 614 896 688 exegissent?
950 614 1009 668 Si
1070 614 1216 669 enim
1284 613 1481 667 Filium
1546 612 1801 669 Salvator
1852 631 1911 670 se
1949 616 2133 685 ipsum

535 706 700 774 dixit,
756 707 860 763 etsi
920 706 1039 778 ipse
1114 706 1316 775 saepius
1403 705 1730 762 invenustus
1787 714 1841 761 et
1903 706 2134 762 inscitus

536 799 708 855 Israel
742 798 886 853 ﬁlius
919 797 1309 869 appellaretur,
1342 797 1423 852 illi
1470 797 1537 852 ad
1573 797 1717 853 hanc
1757 813 1946 853 vocem
1984 799 2133 853 insa-

531 890 742 948 liebant
811 903 865 947 et
932 890 1431 947 obmurmurabant
1485 899 1541 946 et
1597 891 1914 961 blasphema
1950 892 2134 947 dicere

530 986 877 1056 arguebant;
914 985 979 1039 ad
1012 992 1281 1055 quantum
1322 985 1492 1055 igitur
1521 986 1791 1040 malorum
1848 985 2131 1054 fastigium

533 1090 643 1129 non
678 1075 1068 1140 incurrissent,
1101 1074 1148 1130 si
1186 1090 1246 1131 se
1298 1076 1478 1146 ipsum
1510 1075 1725 1131 Patrem
1770 1076 2133 1147 praedicasset

532 1168 818 1237 accipiens
865 1176 1114 1225 nostram
1143 1183 1391 1234 carnem,
1425 1169 1477 1223 in
1525 1169 1743 1239 generis
1778 1169 2007 1224 humani
2044 1184 2132 1225 sa-

539 1258 709 1314 lutem
755 1259 937 1315 faetus
986 1259 1280 1315 Salvator?
1335 1260 1575 1331 Ideoque
1626 1260 1792 1331 igitur
1839 1260 2127 1331 (quantum

539 1352 856 1409 rationibus
884 1353 1143 1410 humanis
1179 1353 1330 1409 lubet
1364 1354 1680 1425 concipere)
1725 1370 1831 1409 non
1861 1353 2025 1409 Pater
2071 1354 2129 1408 fit

529 1446 718 1511 homo,
748 1446 844 1503 sed
864 1446 1060 1513 Filius,
1080 1457 1139 1502 ut
1156 1462 1319 1520 quam
1349 1449 1583 1504 maxime
1606 1450 1959 1519 acceptabilis
1980 1449 2133 1504 fieret

534 1536 861 1594 hominibus
910 1540 1173 1595 salutaris
1215 1539 1555 1610 praedicatio,
1591 1548 1645 1595 et
1685 1550 1741 1595 ut
1784 1541 2127 1596 Dominicum

2240 618 2449 681 ἐκεῖνος
2515 616 2600 689 είη
2655 618 2683 669 ὁ
2740 617 2911 671 πάλαι
2974 617 3073 681 τὰς
3127 618 3365 682 πλάκας,
3428 620 3484 673 αἲ
3504 621 3634 684 τοὺς
3668 622 3847 686 θείους

2240 710 2473 781 θεσμοὺς
2538 710 2757 780 ἔφερον,
2812 708 3063 781 δακτύλῳ
3110 710 3444 781 διαγράψας,
3474 715 3572 766 καὶ
3604 713 3845 784 πληγαῖς

2236 803 2337 873 τὴν
2366 801 2655 870 Αἴγυπτον
2685 800 2829 871 ὑπὲρ
2854 802 3037 855 αὐτῶν
3075 802 3363 872 μαστίξας,
3401 804 3500 856 καὶ
3529 803 3631 875 τὴν
3664 804 3843 874 ὑγρὰν

2236 894 2336 963 τῆς
2373 894 2655 964 θαλάσσης
2716 895 2879 964 φύσιν
2934 894 3265 967 πεζοπορεῖν
3330 896 3589 969 ἀϐρόχως
3642 898 3844 963 αὐτοὺς

2236 986 2549 1057 χαριτώσας
2574 1027 2588 1051 ,
2620 986 2715 1039 καὶ
2734 987 2832 1039 ὅσα
2862 986 2999 1041 ἀλλα
3027 987 3166 1058 πρὸς
3196 988 3495 1060 ἀναγωγὴν
3524 989 3843 1050 θεοσεϐείας

2235 1079 2297 1132 τὸ
2334 1079 2481 1132 θεῖον
2505 1079 2692 1141 αὐτοῖς
2731 1079 3085 1151 ἐδημιούργει
3113 1079 3338 1149 θαῦμα;
3398 1082 3519 1144 πῶς
3554 1082 3622 1135 ἂν
3662 1083 3841 1137 ταῦτα

2235 1170 2507 1241 λέγοντος,
2535 1169 2817 1223 ἐπείθοντο
2846 1188 2861 1238 ;
2893 1171 3023 1225 τίδὲ
3044 1171 3156 1225 τῶν
3193 1173 3415 1227 ἀτόπων
3440 1175 3711 1245 πράττειν
3738 1178 3841 1231 οὐκ

2236 1266 2306 1320 ἂν
2341 1263 2659 1337 ἠρεθίζοντο
2678 1282 2693 1331 ;
2718 1264 2767 1315 εί
2788 1264 3056 1335 γάρ,Υἱδν
3073 1265 3324 1333 λέγοντος
3342 1266 3536 1320 ἑαυτὸν
3548 1266 3645 1320 τοῦ
3657 1268 3843 1340 Σωτῆ-

2238 1376 2357 1431 ρος,
2401 1357 2582 1412 καίτοι
2611 1374 2675 1426 γε
2712 1358 2809 1412 καὶ
2842 1357 3006 1417 αὐτὸς
3035 1359 3063 1410 ὁ
3093 1360 3391 1431 ἀχάριστος
3425 1361 3523 1413 καὶ
3561 1360 3840 1432 ἀγνώμων

2246 1451 2464 1523 Ἰσραὴλ
2514 1450 2781 1513 πολλάκις
2827 1450 2943 1515 υίὸς
2979 1450 3323 1522 ὠνομάζετο,
3381 1453 3431 1505 oi
3484 1452 3543 1506 δὲ
3575 1455 3842 1525 καὶπρὸς

2245 1544 2456 1613 ταύτην
2520 1542 2621 1613 τὴν
2684 1542 2871 1613 φωνὴν
2928 1544 3242 1611 ἐπεπήδων,
3295 1544 3391 1598 καὶ
3429 1545 3534 1615 τῆς
3578 1546 3843 1615 ἀληθείας

534 1630 965 1703 hominibusque
994 1631 1291 1702 benignum
1322 1646 1462 1702 opus
1500 1647 1695 1688 omnes
1732 1632 2123 1689 misericordia:

2235 1632 2664 1701 κατεγόγγυζον,
2698 1632 2793 1685 καὶ
2856 1630 3211 1702 βλασφημίας
3267 1632 3453 1686 αἰτίαν
3529 1632 3845 1703 περιῆπτον

532 1732 589 1779 et
609 1724 965 1795 providentiae
986 1725 1232 1780 rationes
1257 1723 1530 1780 excedens
1547 1725 1615 1779 ad
1636 1725 1985 1797 linenysuum
2005 1740 2123 1797 per-

2232 1725 2313 1797 τῷ
2351 1726 2587 1793 λέγοντι,
2616 1725 2695 1788 είς
2725 1726 2877 1777 ποῖον
2935 1724 3003 1777 ἂν
3039 1725 3328 1794 κολοφῶνα
3358 1725 3549 1779 κακῶν
3575 1725 3680 1779 οὐκ
3738 1726 3837 1779 ἀν-

530 1816 768 1871 veniret.
2234 1818 2494 1889 έδραμον,
2553 1818 2602 1870 εί
2692 1816 2917 1888 Πατέρα
2986 1816 3179 1870 ἑαυτὸν
3229 1817 3601 1888 ἀνεκήρυττεν
3651 1819 3681 1871 ὁ
3736 1817 3842 1889 τὴν

527 1909 808 1980 ἡμετέραν
851 1908 1139 1964 ἀναλαϐὼν
1174 1909 1375 1984 σάρκα,
1424 1910 1519 1965 καὶ
1554 1909 1727 1965 σῶσαι
1763 1909 2161 1982 παραγεγονὼς
2207 1909 2267 1963 τὸ
2299 1909 2684 1981 ἀνθρώπινονς
2736 1910 2837 1962 Διά
2866 1908 3026 1963 τοῦτο
3069 1908 3251 1963 τοίνυν
3291 1911 3414 1979 (ὅσα
3450 1926 3515 1976 γε
3545 1908 3861 1981 λογισμοῖς’

528 2004 901 2074 ἀνθρωπίνοις
923 2006 1131 2078 λαϐεῖν)
1168 2009 1269 2080 οὐχ
1298 2010 1325 2061 ὁ
1358 2007 1547 2079 Πατὴρ
1572 2007 1859 2079 ἄνθρωπος
1888 2007 2127 2076 γίνεται,
2167 2007 2283 2060 ἀλλ’
2313 2008 2341 2060 ὅ
2371 2024 2434 2076 γε
2470 2006 2620 2071 Υίδς,
2683 2006 2760 2069 ὼς
2824 2005 2891 2059 ἂν
2944 2005 3185 2075 μάλιστα
3244 2004 3656 2075 εὑπαράδεκτον
3719 2007 3841 2071 τοῖς

524 2098 845 2171 ἀνθρώποις
901 2102 965 2156 τὸ
1010 2105 1281 2175 σωτήριον
1340 2104 1569 2175 γένηται
1624 2104 1910 2175 κήρυγμα,
1939 2105 2033 2157 καὶ
2060 2102 2123 2157 τὸ
2161 2104 2483 2158 δεσποτικὸν
2546 2104 2643 2158 καὶ
2700 2100 3094 2175 φιλάνθρωπον
3123 2101 3285 2172 ἔργον
3312 2101 3407 2155 καὶ
3456 2102 3638 2157 πάντα
3668 2101 3841 2170 λόγον

523 2195 849 2267 οἰκτιρμῶν,
900 2197 995 2250 καὶ
1045 2198 1309 2269 προνοίας
1369 2198 1741 2269 ὐπερϐαῖνον,
1798 2198 1881 2259 είς
1936 2198 2112 2267 πέρας
2152 2198 2581 2268 ὲξενηνεγμένον
2617 2197 2727 2267 εἴη.

602 2293 658 2348 6.
704 2291 975 2347 Similiter
1019 2309 1153 2350 vero
1197 2295 1244 2349 si
1297 2295 1521 2365 quidem
1587 2294 1829 2366 Spiritus
1890 2304 2119 2352 sanctus

2299 2294 2375 2361 ς’.
2417 2294 2692 2359 Ὡσαύτως
2712 2295 2769 2348 δὲ
2795 2293 2888 2348 καὶ
2921 2293 2971 2347 εί
2997 2292 3056 2347 τὸ
3080 2290 3306 2363 Πνεῦμα
3331 2292 3395 2348 τὸ
3425 2291 3583 2360 ἅγιον
3611 2290 3836 2363 ὑπέστη

525 2398 755 2441 carnem
814 2383 1109 2452 induisset,
1150 2394 1264 2439 tum
1311 2381 1519 2441 Judaeis
1550 2383 1747 2442 fuisset
1803 2386 2117 2457 iniquitatis

2232 2390 2328 2460 τὴν
2381 2388 2679 2459 σάρκωσιν,
2715 2388 2749 2458 ἡ
2798 2387 2938 2457 αὐτὴ
2990 2386 3057 2441 ἂν
3115 2380 3185 2457 ἧν
3244 2388 3359 2449 τοῖς
3406 2385 3687 2448 Ἰουδαίοις
3732 2388 3839 2455 τῆς

524 2483 582 2532 et
632 2474 969 2532 infidelitatis
999 2476 1140 2532 idem
1182 2485 1480 2548 praetextus
1528 2487 1583 2533 et
1634 2479 1865 2535 moleste
1915 2480 2123 2535 ferendi

2232 2480 2626 2552 ἀγνωμοσύνης
2660 2480 2757 2534 καὶ
2790 2480 3051 2539 ἀπιστίας
3092 2478 3357 2548 γινομένη
3394 2476 3697 2549 πρόφασις,
3734 2479 3838 2531 καὶ

524 2568 986 2638 repugnandique
1025 2569 1311 2625 excusatio
1376 2578 1432 2625 et
1466 2570 1778 2626 avertendae
1837 2571 2123 2627 calumniae

2232 2574 2321 2628 τοῦ
2355 2573 2735 2644 δυσχεραίνειν
2766 2572 2863 2625 καὶ
2894 2569 3364 2634 ἀπαυθαδίςεσθαι
3397 2568 3713 2639 καταφυγὴ,
3742 2568 3838 2621 δο-

525 2660 698 2717 ﬁctio.
763 2660 819 2716 Si
872 2662 1018 2718 enim
1080 2662 1136 2717 in
1188 2664 1478 2719 sententiis
1527 2664 1642 2720 suis
1729 2664 2123 2721 subobscuram

2232 2666 2404 2722 κοῦσα
2462 2666 2562 2737 τὴν
2622 2665 2877 2738 διαϐολὴν
2935 2662 3378 2734 ἀποτρέπεσθαιο
3445 2664 3494 2715 εί
3563 2660 3675 2732 γάρ
3741 2661 3842 2715 καὶ

523 2753 767 2824 aliquam
825 2757 1165 2811 sacrosancti
1215 2755 1455 2827 Spiritus
1500 2759 1857 2829 proferebant
1902 2760 2123 2825 famam,

2234 2760 2487 2832 ἀμυδράν
2517 2777 2639 2813 τινα
2663 2758 2761 2830 τὴν
2796 2758 2924 2829 περὶ
2952 2756 3049 2810 τοῦ
3083 2757 3351 2825 παναγίου
3387 2754 3709 2825 Πνεύματος
3746 2755 3842 2808 δό-

522 2863 658 2903 sane
700 2849 826 2919 quia
890 2850 1280 2921 prophetarum
1332 2850 1642 2906 doctrinam
1704 2854 1990 2909 audientes
2042 2854 2123 2909 di-

2236 2849 2332 2915 ξαν
2359 2850 2481 2912 ταῖς
2519 2847 2733 2901 ἑαυτῶν
2765 2846 3031 2910 διανοίαις
3083 2847 3433 2918 περιέφερον,
3462 2846 3580 2901 ἀλλ’
3612 2842 3707 2900 οὖν
3752 2846 3843 2899 ὅτι

525 2939 785 2997 dicerant
831 2944 1029 2998 melius
1077 2958 1205 2999 esse
1259 2956 1455 3000 natura
1489 2945 1755 3012 humana,
1798 2946 1935 3001 nihil
1966 2962 2123 3002 com-

2232 2943 2483 3011 κρεῖττον
2519 2940 2619 3012 τῆς
2663 2938 3017 3011 ἀνθρωπίνης
3054 2937 3289 3009 φύσεως,
3323 2939 3421 2993 καὶ
3464 2938 3646 2992 κοινὸν
3678 2938 3842 2991 οὐδὲν

522 3049 695 3090 mune
742 3036 897 3090 carni
948 3044 1003 3091 et
1038 3036 1281 3108 spiritui,
1338 3048 1393 3093 et
1440 3036 1629 3093 divina
1668 3040 1893 3094 oracula
1935 3040 2123 3111 aliquo

2234 3032 2400 3103 σαρκὶ¹
2452 3034 2548 3087 καὶ
2600 3030 2898 3103 πνεύματι,
2928 3032 3055 3095 τούς
3102 3050 3162 3085 τε
3202 3032 3313 3085 τῶν
3344 3030 3648 3103 προφητῶν
3689 3049 3843 3102 χρη-

521 3129 686 3183 modo
728 3129 832 3185 sibi
877 3130 1389 3201 reprmsentabant;
1448 3130 1604 3187 Isaiae
1656 3134 1801 3188 enim
1847 3135 2123 3205 prephelae

2234 3123 2408 3194 σμοὺς
2455 3121 2751 3187 ἀκούοντες
2806 3122 3202 3194 ἀνεμάνθανον,
3259 3122 3356 3176 καὶ¹
3405 3121 3666 3193 θειότητά
3708 3140 3844 3175 τινα

522 3220 690 3274 verba
760 3239 775 3277 :
867 3220 1102 3290 Spiritus
1150 3223 1367 3277 Domini
1423 3241 1582 3294 super
1642 3242 1752 3289 me,
1799 3226 1917 3281 ideo
1970 3228 2123 3282 unxit

2232 3234 2297 3269 πε
2308 3215 2360 3287 pl
2392 3214 2560 3268 αὑτοῦ
2590 3214 2973 3283 ἐφαντάζοντο,
2995 3213 3157 3268 τοῦτο
3182 3214 3301 3285 μὲν,
3334 3215 3579 3284 Πνεῦμα
3607 3214 3844 3284 Κυρίου

521 3326 607 3365 me
651 3311 693 3374 ‘,
750 3320 843 3366 aut
909 3311 1130 3369 Davidis
1173 3314 1506 3370 clamantis:
1563 3313 1827 3383 Spiritum
1877 3328 2123 3391 sanctum

2232 3309 2322 3363 ἐπ’
2357 3307 2483 3377 ἐμὲ,
2511 3303 2583 3364 οὗ
2613 3308 2849 3362 εἵνεκεν
2898 3306 3108 3378 ἔχρισέ
3161 3323 3255 3376 με,
3286 3304 3381 3359 τοῦ
3431 3306 3657 3359 Ἡσαΐου
3704 3324 3846 3360 κατ-

524 3409 675 3454 tuum
721 3416 785 3454 ne
837 3400 1055 3471 auferas
1130 3418 1163 3455 a
1207 3419 1287 3457 me
1320 3404 1376 3468 ⁷,
1465 3413 1559 3459 aut
1590 3403 1793 3473 Moysis
1849 3408 2119 3478 originem

2232 3392 2607 3471 αγγέλλοντος,
2638 3399 2797 3453 τοῦτο
2830 3398 2889 3454 δὲ
2938 3396 3033 3452 τοῦ
3062 3398 3248 3463 Δαϐὶδ,
3303 3398 3377 3452 Τὸ
3414 3397 3665 3468 Πνεῦμά
3717 3414 3844 3453 σου

521 3490 717 3545 mundi
760 3469 1131 3548 describentis
1172 3511 1187 3548 :
1226 3511 1244 3545 ι
1285 3491 1523 3564 Spiritus
1566 3494 1667 3549 Dei
1681 3469 1985 3565 'ferebatuvr
2035 3514 2123 3552 su-

2232 3469 2294 3547 τὸ
2318 3469 2519 3561 ήᾶγιον
2561 3490 2648 3563 μὴ
2678 3491 3039 3561 ἁντανέλῃς,
3073 3490 3175 3545 ἀπ’
3216 3490 3391 3560 ἐμοῦ,
3422 3490 3541 3557 καὶ,
3584 3490 3846 3561 Πνεῦμα

518 3599 613 3653 per
678 3600 846 3654 aquas
902 3584 962 3648 ⁸,
1029 3590 1084 3639 et
1149 3593 1411 3640 sexcenta
1470 3586 1577 3640 alia
1620 3587 1978 3657 hujusmodi,
2055 3603 2123 3643 ex

2232 3585 2381 3641 Θεοῦ
2409 3585 2733 3655 ἐπεφέρετο
2765 3584 2968 3639 ἐπάνω
3022 3583 3130 3638 τοῦ
3177 3583 3420 3652 ὕδατος,
3447 3584 3702 3647 Μωσέως
3736 3585 3845 3649 τὴν

519 3676 725 3748 quibus
764 3675 1094 3733 diviniorem
1129 3693 1295 3749 quam
1345 3679 1649 3735 secundum
1692 3680 1969 3737 hominem
2006 3679 2123 3752 Spi-

2232 3678 2623 3751 κοσμογένειαν
2652 3676 3086 3749 ἀναγράφοντος,
3121 3676 3218 3730 καὶ
3254 3676 3430 3748 μυρία
3451 3675 3625 3730 ἄλλω
3661 3676 3727 3743 ἐξ
3759 3668 3843 3730 ὧν

521 3769 666 3824 ritus
716 3776 974 3824 naturam
1026 3770 1378 3834 inducebant,
1410 3772 1517 3829 etsi
1567 3788 1677 3828 non
1720 3788 1859 3844 pure
1905 3774 1971 3830 ad
1999 3775 2123 3845 ejus

2232 3770 2508 3843 θειοτέραν
2546 3771 2648 3842 μὲν
2682 3771 2717 3841 ἢ
2747 3770 2891 3824 κατά
2926 3768 3218 3839 ἄνθρωπον
3248 3768 3349 3840 τὴν
3379 3768 3477 3823 τοῦ
3508 3767 3846 3839 Πνεύματος

517 3858 852 3930 theologiam
927 3860 1128 3916 exinde
1216 3861 1849 3936 ducerenturzquanto
1946 3867 2122 3937 magis

2232 3862 2391 3931 φύσιν
2420 3860 2817 3929 ἀνελογίζοντο,
2848 3860 2898 3913 εί
2937 3860 3032 3912 καὶ
3057 3858 3197 3929 πρὸς
3226 3857 3324 3929 τὴν
3366 3858 3535 3911 αὐτοῦ
3569 3858 3844 3928 καθαρῶς

520 3950 812 4006 Sadducaei
846 3952 1174 4008 derisissent
1218 3962 1274 4010 et
1311 3955 1568 4012 manibus
1599 3956 1971 4030 dentibusque
2000 3974 2122 4031 my-

2232 3955 2510 4025 θεολογίαν
2557 3955 2659 4008 οὐκ
2688 3954 2975 4023 ἀνήγοντο.
3004 3952 3224 4005 Μᾶλλον
3276 3950 3335 4005 δὲ
3372 3952 3423 4004 οἱ
3477 3952 3844 4005 Σαδδουκαῖοι

513 4049 748 4105 sterinm
807 4048 1170 4116 lacerassent,
1226 4050 1274 4108 si
1322 4051 1449 4121 quis
1497 4052 1579 4108 eis
1630 4053 1902 4121 dedisset,
1951 4069 2123 4125 appa-

2232 4046 2483 4116 διεγέλων
2517 4044 2584 4098 ἂν
2614 4043 2711 4098 καὶ
2736 4040 3080 4113 διεχλεύαζον
3111 4041 3172 4094 τὸ
3205 4042 3528 4113 μυστήριον,
3566 4042 3663 4095 καὶ
3703 4059 3843 4112 χερ-

514 4148 724 4193 rentem
767 4138 820 4193 in
852 4154 1022 4194 carne
1058 4140 1508 4211 discerpsissent,
1534 4142 1655 4212 ejus
1681 4142 2117 4198 incarnationem

516 4239 575 4287 ut
610 4239 666 4287 et
700 4233 1019 4302 angelorum
1062 4233 1445 4288 exsistentiam
1479 4242 1744 4305 negantes
1775 4238 1819 4289 °.
1849 4236 1983 4291 Cum
2020 4236 2122 4304 igi-

514 4334 606 4380 tur
644 4333 697 4379 et
740 4324 921 4382 Patris
948 4334 1003 4382 et
1035 4324 1275 4397 Spiritus
1309 4327 1618 4383 incarnatio
1657 4326 1865 4383 Iudaeis
1893 4330 2120 4384 omnino

513 4418 932 4489 inacceptabilis
979 4432 1125 4475 esset
1172 4428 1226 4476 et
1273 4420 1425 4476 salus
1467 4421 1705 4491 generis,
1750 4436 1873 4491 quae
1917 4436 2120 4492 scopns

511 4520 567 4567 et
602 4511 950 4582 providentia
987 4510 1081 4567 Dei
1118 4519 1239 4566 erat
1266 4518 1321 4567 et
1364 4527 1462 4582 per
1507 4527 1670 4582 quam
1709 4513 1991 4567 evacuatio
2030 4512 2117 4566 in-

509 4604 873 4679 evacuabilis,
923 4604 1047 4660 finis
1096 4619 1259 4674 quem
1298 4604 1489 4659 habuit
1532 4607 1585 4659 in
1622 4603 1761 4659 Filio
1807 4606 2116 4669 incarnato,

510 4696 687 4749 multa
745 4694 1017 4764 indigeret
1056 4695 1435 4765 arceptatione
1481 4701 1536 4749 et
1588 4693 1945 4765 probabiliter
1985 4709 2116 4765 pro-

2226 4140 2315 4193 c‘tv
2352 4138 2419 4192 ἂν
2462 4138 2558 4191 καὶ
2586 4135 2822 4203 ὀδοῦσιν,
2859 4136 2913 4189 εί
2935 4152 3017 4199 τις
3042 4134 3226 4197 αὐτοῖς
3254 4134 3449 4199 ἐδίδου,
3484 4134 3578 4187 τὸν
3628 4136 3845 4203 Emesa-

2224 4232 2387 4285 νέντα
2434 4230 2673 4285 διέσπων
2729 4246 2790 4282 τε
2837 4228 2935 4283 καὶ
2981 4229 3408 4299 διεσπάρασσον,
3448 4228 3545 4283 ἆτε
3590 4228 3723 4299 μηδ’
3758 4230 3843 4290 εἰς

2225 4322 2459 4394 ὓπαρξιν
2485 4322 2625 4385 ὅλως
2648 4320 2847 4387 ἐλθεῖν,
2880 4319 3071 4390 ὥσπερ
3098 4319 3223 4391 μηδ’
3247 4319 3500 4389 ἀγγέλων
3528 4318 3723 4388 φύσιν,
3752 4320 3848 4373 ἀν-

2222 4416 2505 4488 εχομένοις
2525 4413 2782 4485 λέγειν,ἢ
2813 4412 3096 4484 λογισμοῖς
3120 4410 3497 4482 ἀναδέχεσθαι.
3538 4410 3705 4464 Ἐπεὶ
3744 4407 3844 4465 οὖν

2222 4509 2257 4580 ῆ
2308 4524 2369 4561 τε
2414 4506 2511 4560 τοῦ
2562 4506 2777 4575 Πατρὸς
2814 4505 2911 4561 καὶ
2960 4503 3124 4576 ἠτοῦ
3171 4503 3495 4574 Πνεύματος
3545 4503 3847 4574 σάρκωσις

2220 4602 2334 4664 τοῖς
2374 4598 2649 4663 Ἰουδαίοις
2683 4597 2965 4660 παντελῶς
2995 4593 3065 4669 ἦν
3095 4597 3501 4669 ἀπαράδεκτος,
3530 4596 3628 4648 καὶ
3655 4598 3693 4666 ἡ
3733 4613 3848 4650 σωο

2221 4693 2385 4766 τηρία
2412 4692 2509 4746 τοῦ
2538 4692 2750 4762 γένους,
2782 4692 2922 4760 ὅπερ
2958 4686 3028 4762 ἦν
3072 4693 3100 4743 ὁ
3128 4690 3334 4754 σκοπὸς
3374 4689 3472 4743 καὶ
3519 4690 3554 4761 ἡ
3590 4690 3846 4761 πρόνοια

508 4792 632 4854 pter
677 4784 903 4839 multam
940 4784 1101 4837 aliam
1156 4784 1484 4854 sapientiam
1520 4782 1872 4849 ineffabilem,
1918 4794 1972 4839 et
2008 4784 2116 4839 hu-

2232 4786 2317 4840 τοῦ
2366 4785 2549 4849 Θείου,
2606 4784 2701 4839 καὶ
2766 4784 2836 4838 δι’
2877 4784 2944 4855 ἣν
3002 4785 3035 4853 ἡ
3090 4782 3323 4845 κένωσις
3378 4781 3473 4835 τοῦ
3541 4782 3843 4836 ἀκενώτου

509 4875 691 4933 manis
745 4877 1053 4934 ratiociniis
1100 4878 1755 4948 incomprehensibilem,
1798 4875 1972 4934 Filius
2020 4878 2116 4934 de-

506 4978 659 5024 creto
691 4968 892 5037 Patris,
932 4971 1136 5026 virtute
1179 4970 1521 5027 sacrosancti
1565 4969 1827 5041 Spiritus,
1866 4979 2112 5026 nostram

507 5063 745 5122 induens
771 5080 1019 5132 carnem,
1056 5066 1273 5137 generis
1321 5066 1545 5121 humani
1586 5080 1936 5121 communem
1965 5063 2113 5121 salu-

508 5162 617 5211 tem
654 5157 903 5227 perfecit.

2223 4880 2401 4951 πέρας
2452 4874 2565 4933 οἷον
2622 4878 2772 4950 ἔσχε,
2833 4876 3211 4948 σαρκωθέντος
3260 4875 3357 4929 τοῦ
3411 4873 3571 4941 Υἱοῦ,
3642 4875 3844 4946 πολλῷ

2222 4970 2393 5024 ἐνέδει
2415 4969 2509 5023 τοῦ
2539 4969 2819 5037 δέξασθαι,
2850 4969 3079 5031 εἰκότως
3118 4968 3147 5020 ὁ
3174 4967 3302 5031 Υἱὸς
3323 4968 3419 5021 καὶ
3452 4967 3599 5021 κατὰ
3622 4968 3842 5039 πολλὴν

2220 5063 2389 5133 ἀλλην
2444 5063 2661 5134 σοφίαν,
2715 5061 2958 5134 ἀρῤητόν
3006 5078 3068 5114 τε
3110 5062 3205 5115 καὶ
3250 5060 3628 5133 ἀνθρωπίνοις
3682 5062 3842 5131 λογι-

2221 5158 2379 5226 σμοῖς
2410 5156 2821 5227 ἀκατάληπτον,
2850 5154 3073 5225 εὺδοκίᾳ
3118 5154 3218 5224 μὲν
3246 5153 3342 5206 τοῦ
3393 5153 3634 5226 Πατρὸς,
3677 5156 3841 5225 ἐνερ-

507 5251 633 5323 γείᾳ
688 5251 746 5306 δὲ
810 5253 907 5307 τοῦ
992 5253 1266 5323 παναγίου
1318 5254 1666 5327 Πνεύματος,
1719 5254 1823 5328 τὴν
1876 5254 2158 5328 ἡμετέραν
2210 5252 2499 5307 ἀναλαϐὼν
2547 5253 2748 5322 σάρκα,
2790 5251 2891 5324 τὴν
2938 5251 3126 5323 κοινὴν
3170 5249 3266 5303 τοῦ
3306 5250 3506 5321 γένους
3540 5253 3837 5324 σωτηρίαν

578 5474 915 5545 ουΑεετιο
940 5480 1273 5537 eexxvm.
1304 5481 1496 5556 [CoisL
1534 5483 1702 5540 Taur.
1740 5482 2008 5558 LXXVI.]

960 5596 1037 5652 De
1065 5608 1263 5652 natura
1293 5607 1341 5653 et
1383 5615 1633 5669 persona.

509 5682 529 5706 r
568 5704 856 5776 Apparens
884 5711 937 5766 in
968 5711 1213 5777 Christo,
1246 5713 1377 5784 quid
1403 5712 1568 5770 erat?
1597 5720 1796 5768 natura
1829 5720 1924 5770 aut
1961 5728 2091 5783 per-

570 5910 590 5941 ⁶
618 5909 721 5963 lsa.
760 5925 871 5977 LXI,
937 5909 985 5960 ι.

2224 5348 2741 5423 ἐπραγματεύσατο.

2750 5484 3090 5541 ΕΡΩΤΗΣΙΣ
3125 5487 3306 5541 ΣΚΗ’.

2508 5596 2649 5667 Περὶ
2688 5599 2930 5668 φύσεως
2967 5599 3067 5653 καὶ
3106 5598 3533 5667 ὑποστάσεως.

2278 5713 2351 5766 Τὸ
2387 5714 2713 5786 φαινόμενον
2750 5713 2845 5769 τοῦ
2876 5714 3141 5786 Χριστοῦ,
3172 5714 3224 5768 τί
3255 5709 3361 5786 ἦν;
3398 5713 3566 5785 φύσις
3609 5715 3642 5788 ἦ
3678 5714 3834 5785 ,ὑπό-

1066 5912 1084 5940 ⁷
1131 5908 1277 5966 Psal.
1332 5928 1383 5977 L,
1420 5914 1505 5967 il.
1585 5913 1773 5970 l'Gen.
1836 5931 1873 5983 ι,
1928 5915 1982 5968 2.
2036 5916 2085 5987 _’
2126 5912 2246 5968 Act.
2287 5930 2446 5982 mu,
2506 5914 2559 5968 8.
