4132 6468
409 397 554 465 1285

1377 402 1481 463 AD
1515 401 2014 475 QUESTIUNES
2053 400 2779 469 AMPHILOCHIANAS.‘

3578 409 3717 475 1:286

405 534 639 584 στασις;
690 515 807 571 ἀλλ’
838 515 887 569 εί
928 515 1027 587 μὲν
1068 514 1390 584 ὑπόστασις,
1420 517 1537 572 ἔστι
1586 519 1646 573 δὲ
1694 518 1791 574 καὶ
1836 521 1897 574 τὸ
1935 522 1999 592 μὶ

2116 520 2291 574 sona?
2332 518 2389 575 Si
2434 521 2949 594 quidempersona,
2975 522 3181 596 quippe
3211 539 3334 597 quae
3356 534 3440 582 est
3478 540 3584 581 non
3621 542 3719 595 ap-

403 611 754 681 φαινόμενον,
789 610 908 681 ἦτοι
957 611 990 681 ἠ
1036 609 1133 664 τοῦ
1176 611 1352 679 Λόγου
1386 613 1708 679 ὑπόστασις,
1742 614 1834 667 δύο
1876 614 2004 685 ἄρα,

399 703 543 776 ὅπερ
572 705 795 759 ἄτοπον.
822 706 884 758 Εἰ
913 705 970 758 δὲ
998 704 1161 775 φύσις
1183 746 1197 770 ,
1236 705 1406 760 πλείω
1436 709 1503 761 τά
1530 708 1704 762 ἄτοπα
1725 725 1739 738 ο
1775 709 2008 763 καθόλου

400 814 463 850 τε
492 796 600 868 γὰρ
625 798 720 850 καὶ
748 797 1053 868 ὀφθαλμοῖς
1082 800 1182 852 οὑκ
1215 798 1362 853 ἔστιν
1392 802 1564 870 ὁρατὴ
1591 802 1875 871 (ἐννοεῖται
1899 802 2007 872 γάρ

399 889 500 943 καὶ
533 890 677 944 κατὰ
706 889 1013 961 πλειόνων)·
1048 891 1166 955 πῶς
1199 892 1311 962 δὲῆ
1340 897 1712 964 κυοφορεῖται,
1741 894 1775 965 ἢ
1811 896 2008 963 γεννᾶ-

397 999 491 1035 ται
520 981 717 1051 φύσις;
766 984 861 1035 καὶ
914 983 1087 1053 μυρία
1133 983 1291 1039 ἄλλα.
1325 983 1464 1038 Οὔτε
1497 986 1680 1054 φύσις,
1714 986 1839 1041 οὔτε
1869 988 2008 1042 ὑπό-

398 1091 614 1139 στασις,
639 1075 775 1128 ἀλλὰ
809 1076 976 1146 μέρος
1010 1077 1112 1147 τῆς
1143 1076 1238 1131 τοῦ
1272 1078 1446 1147 Λόγου
1482 1079 1735 1134 συνθέτου
1764 1081 2008 1136 ὑποστάς

398 1182 563 1233 σεως,
590 1166 728 1237 ὅπερ
768 1167 916 1221 ἐστὶν
949 1170 1340 1224 ὲνυπόστατον.
1388 1172 1449 1225 Εἰ
1488 1171 1546 1224 δὲ
1582 1173 1677 1226 καὶ
1708 1172 2009 1229 ὑπόστασίν

395 1275 485 1323 τις
513 1258 647 1313 αὑτὸ
676 1259 777 1312 οὐκ
803 1260 972 1330 ἄλλην
997 1262 1150 1332 παρὰ
1178 1262 1276 1333 τὴν
1302 1262 1398 1317 τοῦ
1429 1263 1626 1333 Λόγου,
1661 1265 1922 1336 προσθεὶς
1951 1269 2009 1321 ἐν

393 1351 464 1421 τῇ
495 1350 811 1422 ἀποκρίσει,
846 1354 1108 1426 ἀποφήνῃ
1128 1396 1141 1421 ,
1177 1354 1319 1424 τάχα
1348 1354 1413 1409 ἂν
1439 1356 1500 1409 οὑ
1536 1357 1722 1420 κακῶς
1756 1360 1842 1429 εἴη
1874 1362 2008 1433 πρός

393 1458 463 1509 γε
514 1443 917 1515 Νεστοριανοὺς
979 1448 1431 1519 ἀποκρινόμενος.
1478 1452 1809 1523 Ἀχώριστός
1857 1458 2009 1509 ἐστιν

394 1535 663 1607 ἑαυτῆςὴ
700 1537 892 1605 Τριὰς,
929 1538 963 1609 ἢ
1012 1542 1107 1593 καὶ
1157 1541 1412 1613 ίδιώμασι
1460 1545 1555 1598 καὶ
1600 1544 1779 1613 λόγοις
1825 1548 2008 1617 μόνοις

392 1628 715 1701 χωρίζεται,
751 1632 847 1684 καὶ
878 1632 977 1685 οὐκ
1003 1632 1117 1685 ἔστι
1142 1632 1252 1687 τῶν
1278 1634 1448 1689 ὄντων
1478 1636 1652 1703 οὐδὲν,
1680 1639 1737 1691 ὲν
1766 1632 1811 1707 ᾧ
1838 1641 1872 1707 ὴ
1910 1640 2007 1709 μὲν

391 1719 667 1791 Πατρικὴ
696 1722 962 1794 πάρεστιν
993 1724 1316 1791 ὑπόστασις,
1342 1726 1540 1781 ἄπεστι
1573 1730 1628 1782 δὲ
1658 1731 1691 1800 ἡ
1718 1731 1811 1784 τοῦ
1843 1732 2003 1797 Υἱοῦ,

390 1812 429 1883 ἢ
464 1814 497 1883 ἡ
531 1811 626 1867 τοῦ
658 1816 1024 1886 Πνεύματος,
1060 1817 1176 1871 ἀλλ’
1206 1820 1308 1873 ὅσα
1339 1820 1643 1892 πληροῦται
1673 1821 1774 1893 τῆς
1796 1827 2006 1891 Πατρι-

2117 628 2342 681 parens,
2376 616 2589 671 scilicet
2616 614 2779 671 Verbi
2803 632 3063 687 persona,
3089 618 3197 673 duo
3239 634 3394 689 ergo,
3432 618 3580 690 quod
3618 622 3717 673 ali-

2116 705 2344 758 surdum
2356 704 2441 773 .|Si
2466 720 2595 761 vero
2620 717 2837 774 natura,
2858 709 3156 764 absurdum
3178 711 3466 778 accrescit,
3488 727 3587 767 nec
3602 714 3717 782 jam

2117 802 2290 848 totum
2319 794 2421 851 hoc
2443 796 2717 866 inspicere
2748 808 2982 867 possunt
3012 800 3157 855 oculi
3189 801 3541 871 (intelligitur
3561 803 3712 857 enim

2115 886 2264 940 circa
2301 888 2506 957 plura);
2549 890 2770 959 ecquid,
2812 907 2942 945 num
2980 892 3037 946 in
3088 902 3246 947 utero
3275 902 3548 962 gestatur,
3579 908 3715 947 num

2115 978 2365 1047 gignitur
2399 980 2638 1035 natura?
2683 990 2738 1036 et
2772 992 3035 1037 sexcenta
3085 984 3213 1038 alia.
3259 984 3453 1055 Neque
3492 994 3713 1051 natura,

2114 1087 2555 1142 nequepersona,
2602 1074 2697 1129 sed
2729 1089 2980 1143 personae
3030 1076 3357 1132 coadunatte
3393 1076 3555 1133 Verbi
3584 1092 3716 1147 pars

2115 1178 2237 1233 quae
2260 1173 2344 1220 est
2376 1164 2787 1234 personiﬁcata.
2819 1165 2952 1232 Qum
2985 1181 3118 1222 vero
3157 1166 3203 1221 si
3243 1169 3368 1237 quis
3406 1184 3513 1222 non
3564 1168 3716 1223 aliud

2114 1274 2237 1313 esse
2272 1272 2439 1328 quam
2481 1256 2640 1313 Verbi
2678 1273 2992 1328 personam,
3040 1275 3305 1330 responso
3332 1262 3585 1331 ampliori
3624 1277 3716 1317 re-

2116 1351 2278 1417 velet,
2314 1366 2413 1405 nec
2471 1351 2613 1405 male
2643 1351 2809 1405 etiam
2843 1352 2908 1404 ad
2934 1349 3299 1407 Nestorianos
3334 1353 3713 1424 responderit.

2111 1444 2267 1497 Anne
2289 1443 2639 1498 indivisibilis
2662 1451 2745 1499 est
2768 1443 2822 1497 in
2853 1459 2912 1499 se
2936 1442 3197 1507 Trinitas,
3222 1453 3317 1499 aut
3363 1446 3718 1515 preprietati-

2114 1536 2239 1599 bus,
2272 1544 2365 1591 aut
2403 1536 2684 1591 ationibus
2711 1542 2925 1589 tantum
2954 1536 3252 1603 dividitur;
3286 1552 3387 1592 nec
3412 1548 3497 1592 est
3548 1540 3714 1609 quid-

2113 1627 2244 1697 quid
2282 1628 2559 1684 exsistens
2584 1630 2639 1682 in
2666 1643 2775 1698 quo
2804 1635 2911 1683 stet
2946 1628 3133 1683 Patris
3160 1645 3417 1699 persona,
3451 1631 3596 1687 absit
3618 1648 3713 1687 au-

2114 1730 2221 1776 tem
2265 1718 2434 1786 Filii,
2471 1720 2553 1775 vel
2591 1719 2827 1789 Spiritus
2876 1736 3148 1790 persona;
3199 1722 3292 1777 sed
3319 1763 3333 1784 .
3375 1738 3497 1792 qua:
3540 1725 3718 1794 replet

2116 1813 2323 1879 Patris,
2372 1829 2435 1868 ea
2472 1813 2645 1883 replet
2673 1814 2837 1867 etiam
2884 1814 3215 1870 alterutrius
3244 1815 3480 1869 aliorum
3516 1831 3708 1886 perso-

391 1902 513 1971 κῆς
544 1904 902 1970 ὑποστάσεως
923 1947 937 1971 ,
971 1910 1065 1962 καὶ
1096 1909 1365 1981 ἑκατέρας
1392 1887 1503 1965 τῶν
1539 1887 1999 1985 ά>.λων-πληροῦ-

2117 1922 2183 1959 na
2203 1914 2257 1960 et
2283 1906 2637 1977 reciprociter
2658 1906 2835 1961 ‘iNum
2856 1907 3093 1962 dicimus
3119 1925 3132 1962 :
3161 1907 3403 1962 Persona
3430 1907 3564 1963 Filii
3584 1924 3717 1965 caro

389 2011 506 2061 ται,
536 1998 630 2049 καὶ
656 1997 716 2049 τὸ
748 1998 1020 2052 ἀνάπαλιν
1048 2018 1063 2066 ;
1110 2002 1253 2068 Πῶς,
1283 2002 1535 2071 λέγοντες
1578 2006 1677 2077 τὴν
1728 2006 1823 2059 τοῦ
1866 2008 2005 2062 Υίοῦ

393 2086 783 2158 σεσαρκῶσθαι
822 2091 918 2142 καὶ
944 2092 1311 2163 γεγεννῆσθαι
1336 2095 1656 2164 ὑπόστασιν,
1690 2100 1721 2172 ἢ
1747 2099 1808 2151 οὑ
1833 2100 2005 2171 χωρὶς

395 2179 498 2251 μὲν
547 2180 649 2250 τῆς
689 2182 784 2237 τοῦ
816 2185 1049 2253 Πατρός
1092 2189 1187 2241 καὶ
1239 2187 1337 2241 τοῦ
1384 2191 1733 2260 Πνεύματος
1764 2192 2005 2247 ὑποστά-

392 2290 568 2342 σεως,
607 2276 639 2346 ἢ
689 2278 949 2342 κάκείνας
978 2280 1311 2352 γεννηθῆναι
1342 2284 1438 2335 καὶ
1472 2285 1826 2355 σαρκωθῆναι
1874 2303 2005 2353 συγ-

390 2364 752 2435 χ‹ι›ρήσομεν;
797 2367 922 2420 Ἐπὶ
944 2368 1053 2422 τῶν
1076 2370 1292 2439 γενέσει
1317 2373 1411 2426 καὶ
1434 2373 1611 2445 φθορᾷ
1635 2375 1860 2431 δυνατόν
1885 2380 2003 2432 ἐστι

390 2456 562 2523 δεῖξαι
608 2457 787 2527 τοῦτο,
827 2461 914 2514 ἵνα
946 2464 1040 2517 καὶ
1076 2463 1360 2535 ἀχώριστά
1404 2468 1520 2520 ἐστι
1564 2472 1631 2540 τῇ
1678 2470 1999 2537 ὑποστάσει,

392 2552 487 2605 καὶ
514 2552 637 2615 ἑνὸς
668 2553 877 2608 τούτων
903 2558 1190 2623 ποιοῦντος
1218 2600 1232 2625 ,
1265 2561 1298 2632 ἢ
1331 2563 1657 2634 πάσχοντος,
1702 2568 1868 2637 μηδὲν
1894 2568 2005 2621 τῶν

392 2643 595 2697 λοιπῶν
620 2646 680 2699 τὸ
708 2647 843 2701 αὐτὸ
876 2653 1023 2704 ποιεῖ
1050 2652 1082 2723 ἢ
1117 2654 1338 2724 πάσχει,
1372 2656 1555 2725 πολλῴ
1590 2658 1698 2728 ἄρα
1749 2660 1879 2730 ῥᾷον
1910 2661 2004 2713 ἐπὶ

389 2736 502 2789 τῶν
539 2738 767 2795 ἀπαθῶν
812 2744 908 2797 καὶ
946 2745 1247 2815 ἀκηράτων
1282 2748 1637 2803 ὑποστάσεων
1678 2751 1841 2805 τοῦτο
1874 2769 2005 2821 συγ-

390 2832 613 2900 χωρεῖν.
649 2833 1012 2906 Παράδειγμα
1042 2837 1121 2903 δὲ,
1154 2838 1246 2892 τοῦ
1276 2841 1467 2911 [πυρὸς
1498 2842 1530 2912 ἡ
1568 2845 1873 2917 φωτιστικὴ
1909 2847 2004 2900 καὶ

392 2922 662 2993 καυστικὴ
699 2925 924 2993 ποιότης
946 2943 959 2956 ·
995 2931 1143 2982 ποιεῖ
1170 2929 1277 3001 γὰρ
1305 2931 1512 2984 τούτων
1544 2932 1782 3005 ἑκατέρα
1805 2973 1820 2999 ,
1854 2933 2002 3003 ἀχώ-

390 3031 578 3085 ριστος
621 3015 754 3070 οὖσα
801 3019 902 3090 τῆς
942 3020 1160 3091 λοιπῆς,
1192 3024 1287 3077 καὶ
1336 3024 1502 3094 μηδὲν
1552 3025 1790 3097 θατέρας
1834 3028 1892 3079 ὲν
1923 3026 2004 3098 τῷ

391 3108 569 3157 ποιεῖν
594 3107 696 3178 τῆς
728 3108 924 3179 ἑτέρας
956 3111 1467 3184 ποιοὺσης.”Λλλως
1497 3115 1553 3169 δὲ
1584 3116 1712 3169 εἰτὸ
1731 3116 1999 3187 γεννηθῆ-

389 3216 483 3252 ναι
520 3200 611 3254 τὸν
644 3202 772 3256 Υἱόν
800 3206 864 3258 ὲκ
890 3205 983 3259 τοῦ
1020 3208 1235 3279 Πατρὸς
1264 3209 1326 3262 οὑ
1358 3209 1458 3280 τὴν
1488 3210 1795 3280 ἀχώριστον
1828 3209 2003 3280 ὓπαρ-

387 3291 476 3359 ξιν
505 3296 607 3364 τῆς
642 3295 823 3348 αὐτῶν
852 3297 1227 3365 ὑποστάσεως,
1266 3299 1497 3371 ἢτόπῳ,
1530 3301 1562 3370 ἢ
1600 3301 1797 3371 χρόνῳ,
1836 3299 1868 3371 ἢ
1917 3302 2000 3353 ὲν-

388 3387 584 3461 εργείᾳ
634 3390 883 3462 χωρίζει,
915 3393 1077 3462 μόνον
1127 3394 1184 3447 δὲ
1234 3394 1296 3447 τὸ
1352 3395 1554 3464 ἰδίωμα
1597 3395 1695 3465 τῆς
1746 3394 1842 3448 τοῦ
1876 3393 2005 3447 Υἱοῦ

390 3482 727 3554 παρίστησιν
759 3486 1133 3554 ὑποστάσεως,
1164 3489 1288 3543 οὑδὲ
1317 3489 1378 3543 τὸ
1412 3489 1765 3561 σαρκωθῆναι
1813 3489 1908 3543 καὶ
1940 3490 2005 3542 ὲκ

391 3572 675 3645 Παρθένου
718 3579 980 3649 τεχθῆναι
1029 3581 1259 3651 χωρίσει
1315 3582 1530 3651 Πατρός
1579 3581 1611 3653 ἢ
1662 3580 2002 3650 Πνεύματοςν

2114 1997 2262 2052 ficta
2289 2006 2344 2053 et
2382 1999 2587 2069 genita,
2626 2006 2722 2054 aut
2750 2000 2872 2055 sine
2897 1998 3083 2053 Patris
3104 2008 3159 2055 et
3191 1999 3432 2069 Spiritus
3466 2016 3708 2071 persona

2125 2098 2221 2143 aut
2252 2091 2378 2146 illas
2405 2106 2631 2162 quoque
2656 2106 2884 2146 carnem
2920 2093 3093 2148 factas
3118 2102 3172 2147 et
3204 2094 3419 2163 genitas
3449 2095 3713 2150 concedi-

2117 2183 2274 2237 mus?
2318 2182 2375 2237 In
2414 2185 2690 2240 creaturis
2738 2192 2794 2239 et
2832 2184 3114 2254 corruptis
3163 2186 3464 2242 ostendere
3508 2202 3714 2258 possu-

2116 2292 2239 2330 mus
2262 2274 2393 2345 quia
2420 2284 2552 2330 sunt
2574 2290 2812 2345 persona
2838 2275 3218 2342 indivisibilis,
3270 2286 3345 2339 et,
3380 2293 3446 2331 ex
3490 2278 3571 2334 eis
3598 2293 3712 2332 uno

2116 2378 2336 2439 agente,
2389 2368 2476 2423 vel
2530 2369 2792 2439 patiente,
2821 2379 3157 2425 cmterorum
3220 2369 3359 2425 nihil
3392 2369 3538 2425 idem
3593 2372 3713 2435 agit

2114 2458 2197 2513 vel
2253 2458 2493 2529 patitur;
2549 2458 2703 2529 atqui
2761 2460 2935 2512 multo
2968 2457 3183 2514 facilius
3223 2466 3309 2515 est
3355 2460 3714 2531 impassibili-

2117 2552 2291 2606 busct
2316 2552 2648 2620 incorruptis
2675 2550 2933 2620 personis
2973 2550 3108 2605 illud
3132 2550 3461 2607 concedere.
3512 2550 3712 2606 Exem-

2116 2647 2265 2715 plum
2307 2645 2378 2699 sit
2401 2644 2454 2698 in
2490 2644 2615 2713 igne
2638 2644 2831 2699 lucens
2859 2652 2913 2698 et
2940 2660 3106 2699 urens
3133 2645 3419 2714 qualitas:
3476 2652 3714 2713 utraque

2114 2737 2260 2790 enim
2293 2750 2485 2790 earum
2526 2734 2640 2803 agit
2669 2733 2907 2789 indivise
2952 2734 3019 2787 ab
3052 2734 3249 2799 altera,
3286 2748 3388 2787 nec
3436 2732 3713 2789 alterutra

2115 2830 2227 2895 agit
2263 2828 2316 2882 in
2345 2828 2563 2882 actione
2604 2826 2835 2882 alterius
2858 2827 3099 2897 agentis.
3131 2827 3256 2880 Alio
3299 2825 3462 2881 modo
3488 2826 3535 2881 si
3561 2827 3713 2897 quod

2113 2920 2290 2977 Filius
2323 2936 2352 2975 a
2394 2920 2557 2976 Patre
2594 2920 2865 2991 gignitur,
2912 2935 3020 2973 non
3084 2920 3209 2974 ideo
3240 2918 3477 2974 indivisa
3514 2934 3709 2975 eorum

2115 3031 2367 3086 ρυνεοηεε
2396 3014 2723 3069 exsistentia
2744 3012 3017 3068 dividitur
3038 3012 3122 3067 vel
3153 3013 3300 3078 loco,
3327 3013 3411 3067 vel
3440 3023 3709 3085 tempore,

2114 3112 2196 3163 vel
2236 3108 2460 3173 virtute,
2489 3107 2585 3161 sed
2619 3106 2736 3161 sola
2766 3120 3021 3175 personae
3057 3104 3182 3159 Filii
3213 3105 3711 3177 signiﬁcaturpro-

2113 3206 2357 3275 pt'ielas;
2393 3204 2499 3259 tsic
2553 3200 2701 3271 quod
2758 3216 2893 3255 caro
2949 3200 3131 3256 factus
3169 3211 3254 3257 est
3289 3212 3346 3257 et
3404 3219 3435 3259 e
3472 3202 3706 3276 Virgine

2116 3309 2302 3361 nutus,
2332 3312 2441 3351 nou
2465 3296 2588 3350 ideo
2615 3312 2643 3349 a
2677 3294 2867 3361 Patre,
2913 3294 3000 3349 vel
3024 3294 3238 3364 Spiritu
3286 3295 3584 3363 dividitur,
3610 3297 3709 3353 sed

2124 3391 2239 3444 Sola
2273 3387 2400 3445 Filii
2431 3387 2751 3441 eoadunatae
2777 3401 3029 3458 personae
3063 3387 3418 3458 signiﬁcatur
3449 3390 3705 3459 proprie-

2110 3490 2216 3537 tas.
2255 3480 2483 3536 Ferrum
2512 3481 2659 3533 enim
2686 3494 2810 3533 cum
2845 3480 3070 3535 cnditur
3097 3491 3155 3535 et
3182 3482 3237 3535 in
3262 3481 3445 3551 aliqua
3480 3498 3709 3537 suarum

2110 3576 2443 3646 qualitatum
2477 3571 2794 3635 aﬂectatur,
2828 3572 2883 3626 in
2911 3574 3184 3643 gravitate
3215 3589 3323 3630 non
3372 3573 3633 3631 aﬂ‘ectatu
3649 3590 3696 3653 r_.

388 3665 591 3737 ἰδίωμα
624 3668 680 3721 δὲ
711 3670 873 3739 μόνον
899 3671 1001 3742 τῆς
1028 3671 1123 3725 τοῦ
1156 3670 1289 3727 Υίοῢ
1338 3674 1597 3727 συνθέτου
1642 3671 1998 3732 ὑποστάσεως
2037 3666 2381 3737 παραστήσει
2403 3681 2417 3694 '
2467 3666 2497 3717 ὁ
2546 3663 2764 3735 σίδηρος
2792 3662 2901 3735 γὰρ
2929 3664 3269 3735 τυπτόμενος
3331 3666 3427 3719 καὶ
3480 3666 3711 3739 πάσχων-

389 3766 535 3819 κατά
561 3782 687 3821 τινα
726 3765 837 3821 τῶν
882 3767 941 3820 ἐν
990 3768 1140 3840 αὑτῷ
1167 3770 1494 3842 ποιοτήτων,
1522 3770 1583 3823 οὑ
1614 3768 1816 3840 πάσχει
1844 3766 1986 3821 κατὰ
2029 3764 2336 3837 βαρύτητα.

1761 3908 2092 3981 ρυᾹΞΞΤΙΟ
2133 3905 2425 3965 CCXXIX.

1138 4039 1144 4046 '
1172 4032 1349 4105 Hujus
1384 4034 1695 4105 qurvstionis
1735 4049 1861 4103 pars
1887 4033 2035 4101 prior
2059 4029 2177 4098 jam
2207 4034 2383 4081 exstat
2417 4040 2582 4093 supra
2622 4022 2725 4078 col.
2761 4022 2921 4079 1025.

463 4144 530 4216 β’.
567 4146 726 4207 Τινὲς
764 4145 823 4199 δὲ
875 4146 986 4200 τῶν
1016 4148 1264 4220 ἀρχαίων
1289 4151 1413 4204 οὑδὲ
1455 4150 1713 4205 σύνθετον
1744 4148 1986 4201 ὑπόστα-

390 4256 496 4303 σιν,
531 4238 721 4309 ῶσπερ
749 4238 871 4292 οὑδὲ
896 4239 1153 4294 σύνθετον
1174 4243 1357 4313 φύσιν,
1384 4244 1693 4314 εἰρήκασιν,
1731 4241 1869 4295 ἀλλὰ
1897 4258 1989 4294 σε-

390 4330 757 4402 σαρκωμένην
786 4332 886 4401 μὲν
913 4331 1008 4385 τοῦ
1043 4333 1219 4402 Λόγου
1253 4334 1554 4389 ὑπόστασιν
1594 4336 1689 4388 καὶ
1718 4335 1984 4405 ἄσαρκόν,

391 4421 650 4475 σύνθετον
705 4422 763 4475 δὲ
816 4422 1025 4476 οὑκέτι.
1059 4426 1123 4477 Οί
1179 4425 1236 4479 δὲ
1290 4426 1545 4496 νεώτεροι
1590 4426 1682 4479 καὶ
1710 4425 1986 4493 σύνθετον,

385 4510 566 4581 οἶμαι,
602 4514 724 4566 ἀντὶ
748 4513 843 4567 τοῦ
876 4516 1299 4587 σεσαρκωμένου
1336 4517 1431 4570 καὶ
1458 4516 1619 4587 μόνου
1659 4517 1818 4571 τοῦτο
1846 4516 1987 4588 λαμ-

386 4608 668 4670 ϐάνοντες.
714 4607 876 4661 Ἀλλά
913 4609 1048 4677 φασί
1076 4626 1223 4673 τινες
1248 4628 1261 4641 ·
1302 4610 1425 4676 Πῶς
1459 4608 1554 4667 οὖν
1613 4611 1673 4665 τὸ
1729 4610 1983 4666 σύνθετον

385 4699 587 4752 ταύτὸν
610 4698 689 4769 τῷ
720 4698 907 4769 ἁπλῶς
950 4702 1046 4753 καὶ
1089 4700 1200 4772 γάρ
1240 4700 1366 4757 οὗτε
1396 4704 1455 4757 τὸ
1478 4703 1684 4758 ἁπλοῦν
1704 4746 1717 4768 ,
1760 4705 1897 4775 ὅπερ
1931 4703 1990 4757 τὸ

387 4792 670 4856 σύνθετον,
707 4793 834 4847 οὔτε
862 4795 924 4847 τὸ
956 4795 1234 4863 σύνθετον,
1273 4796 1412 4868 ὅπερ
1438 4797 1497 4851 τὸ
1541 4797 1776 4852 ἁπλοῦν·
1814 4798 1991 4852 ἄτοπα

383 4886 445 4940 δὲ
473 4884 666 4940 ταῦτα.
704 4884 895 4950 Οὕτως
924 4888 1021 4941 καὶ
1051 4891 1111 4941 ὲν
1144 4890 1211 4959 τῇ
1248 4889 1395 4960 ἁπλῇ
1420 4889 1515 4942 τοῦ
1544 4890 1721 4957 Λόγου
1750 4888 1991 4942 ὑποστά-

388 4997 474 5032 σει
504 4980 567 5032 τὺ
595 4980 939 5052 πρόσκαιρον
974 4982 1068 5035 καὶ
1090 4982 1371 5053 ἠργμένον
1394 5025 1407 5043 ,
1442 4983 1633 5053 ῶσπερ
1675 4986 1731 5037 ὲν
1769 4987 1835 5053 τῇ
1867 5000 1993 5035 συν-

385 5069 559 5141 θέτῳ·
600 5071 696 5123 καὶ
725 5072 862 5126 ἄλλα
897 5073 1089 5143 μυρία.
1128 5072 1238 5127 Καὶ
1272 5074 1329 5127 ὲν
1356 5076 1425 5145 τῇ
1462 5073 1703 5145 συνθέτῳ
1745 5073 1910 5127 πάλιν
1933 5073 1992 5125 τὸ

389 5164 562 5235 μηδὲν
588 5165 870 5235 ἠργμένον
901 5164 1157 5237 ὁρᾶσθαι,
1192 5165 1288 5218 καὶ
1322 5165 1479 5230 τέλος
1533 5166 1669 5237 μηδὲ
1708 5164 1993 5237 σεσαρκῶ-

387 5259 515 5311 σθαι
534 5276 548 5289 ο
572 5258 748 5313 ταῦτα
782 5258 894 5331 γὰρ
924 5261 957 5331 ἡ
984 5260 1131 5329 ἁπλῆ
1152 5276 1165 5290 ο
1208 5261 1304 5315 καὶ
1338 5261 1429 5315 διὰ
1458 5261 1633 5316 ταῦτα
1663 5263 1758 5315 καὶ
1784 5261 1855 5314 τά
1882 5278 1993 5315 τοι⁹

387 5349 528 5405 αὖτα
548 5353 597 5405 οί
632 5353 856 5405 παλαιοὶ
883 5352 945 5406 τὸ
974 5352 1232 5406 σύιθετον
1269 5354 1637 5427 παρῃτοῦντο.
1682 5354 1753 5407 Ἥ
1787 5353 1885 5407 καὶ
1917 5353 1992 5424 μὴ

389 5442 645 5497 σύνθετον
698 5442 949 5514 λέγομεν,
983 5443 1099 5497 ἀλλ’
1116 5443 1293 5510 ἁπλῆν
1320 5445 1425 5509 ἀεὶ,
1446 5444 1689 5517 άσαρκον
1706 5444 1761 5498 δὲ
1794 5446 1886 5499 καὶ
1906 5461 1988 5497 σε·

388 5537 753 5610 σαρκωμένην
766 5536 1159 5608 λαμϐάνοντες,
1184 5538 1358 5592 ταὺτὰ
1380 5536 1775 5609 ἕψεταιοείγάρ
1798 5537 1992 5608 ἐστινὴ

386 5627 526 5696 αὑτὴ
550 5628 851 5691 ὑπόστασις
875 5630 971 5682 καὶ
1008 5629 1106 5700 μία
1134 5631 1167 5700 ἡ
1202 5629 1442 5701 ἄσαρκος
1466 5631 1535 5701 τῇ
1570 5630 1991 5702 σεσαρκωμένῃ,

386 5718 421 5790 ἦ
448 5719 517 5772 τά
540 5720 637 5791 τῆς
663 5720 1055 5793 άσάρκου,’,τῆς
1088 5723 1541 5794 σεσαρκωμένης,
1570 5723 1668 5778 κα)⁸
1690 5726 1758 5777 τά
1783 5726 1884 5794 τῆς
1914 5740 1996 5776 σε·

390 5812 760 5884 σαρκωμένης
785 5813 1142 5885 τῆςάσάρκου
1165 5815 1341 5883 ἔσται,
1369 5816 1425 5888 ἢ,
1455 5818 1503 5870 εί
1531 5817 1627 5871 καὶ
1663 5817 1689 5886 ἡ
1720 5817 1860 5889 αὑτὴ
1899 5816 1993 5869 καὶ

392 5903 492 5975 μία
510 5906 656 5960 ἐστὶν
679 5907 1025 5979 ὑπόστασιςῆ
1052 5925 1107 5962 τε
1132 5908 1375 5982 ἄσαρκος
1397 5908 1492 5965 καὶ
1518 5910 1990 5984 ἡσεσαρκωμὲνη,

2161 4141 2218 4197 9.
2269 4139 2410 4194 Sunt
2456 4150 2705 4195 veterum
2749 4137 2971 4208 quidam
3004 4137 3096 4207 qui
3127 4153 3303 4208 neque
3332 4140 3697 4209 compositam

2093 4233 2461 4305 liypostasim,
2510 4248 2688 4302 neque
2742 4231 3386 4301 compositamnaturam
3424 4250 3570 4302 csse,
3605 4237 3702 4291 sed

2093 4325 2437 4378 incarnatam
2471 4321 2636 4378 Verbi
2690 4322 3037 4394 hypostasim
3072 4332 3124 4378 et
3160 4340 3269 4379 non
3306 4324 3653 4383 incarnalam
3687 4368 3703 4391 ,

2093 4434 2202 4472 non
2280 4431 2410 4471 vero
2455 4416 2814 4487 compositam
2848 4430 2973 4471 csse
3015 4416 3293 4474 dixerunt.
3344 4419 3701 4477 Reccntiores

2093 4520 2277 4564 autem
2338 4510 2753 4580 compositum,
2816 4517 2876 4562 ut
2925 4509 3187 4571 videtur,
3248 4526 3348 4580 pro
3410 4511 3700 4567 incantato

2094 4602 2441 4659 solummodo
2536 4603 2870 4658 habuerunt.
2958 4604 3029 4659 At
3122 4605 3313 4659 dicunt
3397 4606 3697 4660 nonnulli:

2095 4696 2343 4760 Quonam
2370 4695 2532 4749 modo
2565 4695 2932 4766 compositqu
2980 4711 3147 4749 unum
3196 4705 3251 4749 et
3302 4696 3443 4751 idem
3476 4712 3541 4753 ac
3568 4697 3702 4752 sim-

2097 4789 2214 4857 plex
2243 4790 2265 4841 Ἰ
2298 4785 2547 4857 Namque
2583 4804 2758 4857 neque
2790 4788 3025 4859 simplex
3052 4790 3364 4859 composito
3385 4790 3699 4856 consimile,

2096 4897 2274 4952 neque
2350 4881 2719 4951 compositum
2794 4881 3095 4951 simplici:
3162 4898 3283 4953 qua:
3360 4883 3520 4953 plane
3596 4884 3699 4939 ab-

2095 4976 2285 5029 surda.
2306 4974 2574 5031 Similiter
2606 4974 2659 5030 in
2697 4975 2933 5046 simplici
2954 4974 3121 5031 Verbi
3156 4976 3442 5047 ltypostasi
3478 4979 3700 5035 exsiSIit

2096 5069 2432 5138 coiitingens
2466 5076 2521 5122 et
2552 5077 2823 5135 creatum,
2860 5076 2921 5122 ut
2974 5070 3028 5124 in
3071 5069 3418 5140 composito;
3468 5080 3523 5125 et
3577 5087 3699 5127 sex-

2097 5172 2258 5217 centa
2287 5160 2418 5215 alia.
2449 5158 2519 5215 Et
2567 5160 2623 5214 in
2657 5160 2985 5230 composito,
3025 5176 3204 5231 neque
3234 5162 3407 5216 ullum
3448 5171 3694 5216 creatum

2096 5251 2397 5316 invenitur,
2437 5266 2618 5323 neque
2648 5252 3003 5307 incarnatum
3043 5252 3260 5307 videtur
3294 5270 3309 5307 :
3350 5260 3478 5308 sunt
3511 5261 3695 5307 autem

2098 5343 2213 5399 haec
2243 5344 2296 5397 in
2338 5343 2618 5411 simplici;
2661 5345 2788 5399 talia
2836 5352 2968 5400 sunt
3016 5345 3339 5415 similiaque
3380 5345 3554 5398 multa
3606 5360 3697 5399 ar-

2096 5445 2356 5507 gumenta
2389 5437 2593 5506 quibus
2629 5446 2843 5492 veteres
2891 5439 3262 5507 compositum
3303 5436 3690 5507 repudiarunt.

2097 5529 2268 5587 Visne
2324 5546 2433 5585 non
2491 5532 2856 5601 compositam
2916 5533 3193 5597 dicamus,
3239 5532 3334 5587 scd
3382 5532 3690 5603 simplicem

2097 5639 2333 5695 semper,
2369 5624 2708 5679 incarnatam
2747 5634 2801 5680 et
2838 5641 2950 5681 non
2996 5627 3338 5680 iucarnatam
3380 5628 3698 5698 ponentes?

2098 5726 2405 5789 sequentur
2430 5719 2624 5773 eadem
2663 5737 2675 5774 :
2708 5734 2948 5791 namque
2975 5718 3018 5774 si
3056 5734 3163 5775 non
3194 5720 3482 5775 incuruata
3513 5728 3569 5775 et
3611 5722 3699 5775 in-

2097 5819 2323 5868 carnata
2378 5811 2693 5883 hyposlasis
2738 5822 2868 5867 sunt
2914 5829 3083 5868 unum
3137 5822 3191 5870 et
3232 5812 3400 5877 idem,
3441 5822 3536 5867 aut
3581 5831 3690 5867 nnn

2099 5907 2406 5965 incuruata?
2433 5906 2659 5997 propria
2690 5907 2909 5964 inerunt
2939 5905 3260 5974 incarnatm,
3306 5914 3359 5962 ct
3392 5905 3697 5961 incuruata:
