4132 6380
362 373 502 439 117.89

1319 375 1420 435 AD
1460 373 1959 449 QUAESTIONES
1998 373 2705 438 AMPHILOCIIIANAS?

3522 377 3662 443 1290

361 489 474 543 θεῖν
493 487 686 558 τοῦτο;
709 487 770 543 οὐ
805 488 916 561 γὰρ
943 485 1091 543 ἔστιν
1111 487 1288 544 εἰπεῖν
1313 489 1468 555 ἴσως,
1513 489 1590 554 ὡς
1619 491 1647 543 6
1675 488 1962 559 ἄνθρωπος

2072 489 2238 545 mus?
2285 489 2423 546 Nam
2471 507 2580 548 non
2614 494 2799 551 dicere
2829 494 2959 552 licet
3010 494 3179 552 homo
3205 503 3262 552 et
3289 496 3532 555 hominis
3565 517 3681 556 n-e.

359 580 462 636 καὶ
499 580 646 651 ήτοῦ
677 579 969 652 ἀνθρώπου
995 580 1161 651 φύσις
1193 581 1316 652 οὐχὶ
1346 581 1543 636 ταύτόν
1569 600 1583 614 ·
1616 583 1698 636 ἔτι
1743 583 1801 637 δέ
1857 600 1962 652 φοι-ο

365 690 489 743 μεν,
536 673 614 738 ὡς
661 675 691 727 6
746 673 1034 746 ἄνθρωπος
1086 674 1184 729 καὶ
1234 675 1297 729 τὺ
1342 674 1482 740 ζῶον
1518 675 1738 745 λογικὸν
1767 674 1965 747 θνητὸν

359 765 581 830 ταύτὸν,
616 768 705 821 ναὶ
729 766 834 839 μὴν
850 767 946 820 καὶ
982 767 1044 822 τὸ
1072 769 1396 837 γελαστικὸν
1420 767 1498 842 τῷ
1527 769 1811 841 ἄνθρωπος
1830 770 1965 823 ταύ-

359 861 454 914 τὸν
486 877 501 891 ·
529 861 626 914 καὶ
654 861 753 931 οὐχ
783 863 886 916 ὅσα
917 860 1140 930 λέγεται
1170 863 1299 934 περὶ
1330 863 1469 928 ἑνὸς,
1499 864 1674 916 ταῦτα
1707 864 1802 917 καὶ
1836 863 1967 935 περὶ

359 952 473 1005 τῶν
492 953 694 1006 λοιπῶν
732 953 1032 1025 ῥηθήσεται
1066 971 1083 987 ·
1106 955 1166 1008 τὸ
1203 954 1431 1027 μὲνγὰρ
1455 956 1802 1024 γελαστικὸν,
1835 957 1966 1010 ἴδιον

359 1046 458 1100 τοῦ
487 1046 800 1120 ἀνθρώπου,
836 1049 1026 1102 οὐκέτι
1053 1048 1110 1103 δὲ
1136 1051 1166 1103 6
1198 1049 1510 1121 ἄνθρωπος,
1544 1050 1676 1104 ἴδιον
1731 1049 1827 1104 τοῦ
1866 1050 1966 1103 ἀν-

365 1137 588 1210 θρώπού
623 1154 637 1170 ⁸
659 1141 758 1193 καὶ
788 1140 850 1194 τὸ
882 1140 981 1211 μὲν
1007 1141 1152 1206 ,ζῶον
1189 1141 1408 1212 λογικὸν
1451 1142 1665 1212 θνητὸν,
1701 1143 1828 1214 ὄρος
1879 1144 1970 1198 ἀν-

366 1229 610 1301 θρώπου,
634 1231 819 1286 οὐκέτι
842 1233 899 1287 δὲ
927 1234 956 1286 6
975 1232 1264 1305 ἄνθρωπος
1319 1235 1444 1306 ὅρος
1470 1235 1760 1306 ἀνθρώπου
1785 1253 1800 1269 ·
1847 1236 1970 1290 καίο

363 1341 448 1376 τοι
478 1323 620 1378 κατὰ
643 1325 704 1378 τὸ
737 1327 975 1396 μάλιστα
998 1328 1173 1381 ταὺτά
1199 1329 1516 1384 εἰσιταῦτα.
1549 1331 1610 1396 Εἰ
1633 1330 1690 1382 δέ
1721 1348 1802 1397 τις
1830 1333 1969 1390 κάπὶ

361 1417 570 1471 τούτων
587 1418 686 1482 τάς
708 1419 935 1483 λογικὰς
981 1421 1164 1489 φωνὰς
1192 1423 1522 1490 αἰτιάσαιτο,
1572 1418 1684 1478 οἷον
1734 1425 1796 1478 τὸ
1839 1425 1970 1478 ἴδιον

362 1512 462 1568 καὶ
498 1514 588 1564 τὸν
609 1513 836 1583 ὁρισμὸν
860 1513 1089 1585 (τούτων
1115 1514 1225 1586 γὰρ
1255 1516 1662 1588 ἀφαιρούμενα,
1691 1518 1829 1589 ὅπερ
1851 1519 1970 1572 ἐστὶ

359 1607 426 1659 τὸ
458 1606 668 1678 ἕτερον,
695 1606 920 1660 ἐστικαὶ
940 1607 1000 1660 τὸ
1030 1606 1258 1679 λοιπὸν),
1305 1608 1423 1662 ἀλλ’
1463 1609 1558 1664 οὖν
1600 1610 1694 1664 ἐπὶ
1739 1611 1967 1677 τούτων,

369 1699 423 1751 τί
457 1698 524 1752 ἂν
558 1699 866 1768 αἰτιάσαιτο
901 1717 916 1767 ;
954 1701 1014 1753 '0
1040 1699 1142 1772 μὲν
1168 1702 1279 1772 γὰρ
1303 1701 1591 1774 ἄνθρωπός
1614 1705 1763 1757 ἐστιν
1810 1705 1970 1758 οὐσία

365 1793 462 1845 καὶ
513 1793 673 1858 ζῶον,
716 1792 778 1846 τὸ
811 1793 870 1848 δὲ
899 1793 1224 1863 γελαστικὸν
1254 1795 1379 1850 οὔτε
1411 1798 1589 1863 οὐσία,
1616 1796 1740 1851 οὔτε
1772 1799 1911 1864 ζῶον
1949 1815 1963 1829 ⁸

2069 590 2192 641 tura
2240 599 2349 639 non
2381 593 2468 641 est
2523 587 2706 644 simile
2739 606 2753 642 :
2804 589 2910 644 hoc
2939 588 3104 644 etiam
3134 591 3397 658 dicimus,
3444 593 3660 649 scilicet

2068 672 2235 728 homo
2287 685 2342 728 et
2399 676 2604 730 animal
2678 676 2945 732 rationale
2996 679 3276 745 mortale,
3342 679 3486 734 idem
3543 690 3661 748 est;

2067 779 2141 834 et,
2185 767 2373 824 ridens
2402 768 2610 822 animal
2637 771 2891 836 mortale,
2949 771 3093 826 idem
3127 781 3213 826 est
3246 781 3410 843 atque
3441 772 3607 827 homo
3643 792 3657 828 :

2069 869 2125 915 at
2164 877 2298 928 non,
2342 862 2712 932 quodcunque
2739 864 2807 918 de
2846 881 2989 930 uno,
3051 865 3120 921 de
3165 866 3287 923 aliis
3334 867 3477 921 idem
3523 868 3669 922 dice-

2069 961 2193 1019 tur;
2230 970 2465 1023 namque
2502 954 2645 1010 risus
2685 955 2924 1012 hominis
2973 959 3276 1027 proprium,
3325 974 3436 1014 non
3479 967 3665 1014 autem

2071 1049 2238 1104 homo
2278 1051 2550 1118 hominis;
2604 1053 2778 1107 item:
2847 1055 3050 1108 animal
3092 1057 3360 1112 rationale
3402 1055 3663 1118 mortale,

2073 1139 2313 1194 hominis
2343 1148 2430 1196 est
2457 1141 2783 1209 discretiva,
2817 1157 2928 1196 non
2983 1151 3164 1199 autem
3205 1145 3368 1198 homo
3422 1141 3666 1196 hominis

2071 1233 2471 1288 discretivum:
2518 1244 2898 1289 verumtamen
2947 1245 3076 1291 sunt
3125 1236 3312 1291 eadem
3349 1236 3671 1306 plerumque

2073 1326 2298 1381 similia.
2342 1325 2447 1381 Sed
2507 1327 2551 1382 si
2591 1327 2718 1397 quis
2751 1329 2805 1380 in
2855 1327 2944 1384 his
2970 1329 3216 1384 materiis
3260 1329 3465 1400 logicas
3502 1344 3664 1382 voces

2071 1429 2358 1488 exposcat,
2389 1419 2572 1488 qualia
2610 1429 2741 1475 sunt
2790 1421 3034 1490 speciale
3071 1429 3128 1476 et
3171 1421 3526 1476 discretivum
3558 1421 3669 1489 (his

2072 1511 2219 1564 enim
2248 1510 2506 1577 sublatis,
2535 1513 2772 1568 alterum
2801 1514 3032 1584 reliquis
3064 1515 3356 1569 consimile
3377 1515 3509 1585 est),
3533 1513 3667 1583 quid

2073 1616 2206 1671 ergo
2251 1600 2304 1656 in
2343 1601 2430 1659 his
2475 1604 2854 1672 exposceret?
2900 1605 3107 1675 quippe
3155 1604 3321 1658 homo
3357 1613 3443 1658 est
3472 1619 3573 1658 ens
3617 1608 3672 1657 et

2073 1695 2301 1760 animal,
2356 1697 2450 1752 sed
2507 1699 2655 1753 risus
2701 1713 2810 1752 non
2844 1713 2944 1754 ens
2981 1699 3064 1753 vel
3095 1699 3320 1763 animal,
3353 1696 3502 1767 quod
3555 1697 3670 1767 plu-

2076 1788 2213 1842 rima
2264 1801 2452 1844 essent
2513 1790 2660 1844 entia
2708 1797 2803 1844 aut
2851 1789 3112 1844 animalia
3172 1791 3357 1845 homo.
3423 1789 3668 1844 Tametsi

362 1885 489 1938 ἐπεὶ
519 1885 713 1940 πολλαὶ
743 1885 810 1940 ἂν
848 1887 1040 1958 εἴησαν
1077 1889 1106 1941 6
1133 1887 1422 1957 ἄνθρωπος
1460 1890 1641 1944 οὐσίαι
1681 1893 1776 1944 καὶ
1826 1890 1960 1956 ζῶα.

2072 1897 2200 1936 vero
2241 1881 2358 1936 haec
2405 1897 2534 1936 vera
2577 1889 2728 1946 sunt,
2779 1898 2887 1937 non
2949 1891 3132 1936 tamen
3186 1895 3315 1937 sunt
3363 1883 3667 1952 prtemissis

363 1979 435 2032 Ἥ
459 1980 507 2032 εἰ
541 1979 828 2033 καὶταῦτα
853 1979 952 2050 μὲν
981 1980 1178 2052 ἀληθῆ,
1208 1981 1306 2053 οὐχ
1333 1982 1495 2052 ὃμοια
1524 1983 1582 2036 δὲ
1613 1986 1727 2048 τοῖς
1769 1986 1828 2051 ἐξ
1864 1987 1966 2057 ἀρ-

359 2069 470 2140 χῆς
498 2070 888 2142 προκειμένοις
917 2087 932 2103 ·
965 2072 994 2125 ὁ
1015 2074 1125 2143 γὰρ
1159 2073 1448 2144 ἄνθρωπος
1473 2076 1630 2148 καὶῆ
1676 2077 1966 2148 ἀνθρωπό-

357 2177 465 2230 της
504 2161 599 2214 καὶ
637 2162 697 2215 τὸ
735 2161 868 2224 Θεὸς
895 2165 990 2216 καὶ
1039 2163 1250 2236 θεότης,
1285 2166 1444 2235 εἴπερ
1484 2167 1604 2233 ἐστὶ
1634 2167 1831 2230 ταύτὰ,
1864 2169 1966 2223 οὐκ

362 2253 481 2307 ἔστι
535 2253 680 2308 κατά
721 2255 1020 2327 ὁμοιότητα
1074 2255 1185 2310 τῶν
1249 2259 1562 2330 εἰρημένων
1602 2261 1808 2330 ταύτάο
1839 2261 1965 2315 οὗτε

360 2349 472 2418 γὰρ
510 2347 639 2402 ἴδιον
662 2348 890 2419 θάτερον
907 2347 1161 2419 θατέρου,
1192 2349 1318 2403 οὔτε
1344 2351 1489 2421 ὅρος,
1515 2351 1631 2405 ἀλλ’
1673 2352 1865 2425 ὥσπερ
1899 2355 1965 2408 ἂν

362 2443 637 2505 εἴποιτις,
662 2441 904 2512 ὀνόματα
931 2441 1026 2496 δύο
1049 2442 1178 2513 περὶ
1223 2443 1280 2496 ἓν
1329 2445 1713 2514 ὑποκείμενον,
1745 2447 1841 2500 καὶ
1889 2450 1966 2513 ὡς

359 2535 568 2589 λώπιον
589 2536 683 2589 καὶ
709 2537 925 2606 ἱμάτιον
945 2553 961 2568 ·
1009 2536 1130 2601 πῶς
1153 2534 1249 2592 οὖν
1277 2540 1379 2592 οὐκ
1417 2538 1504 2608 ἐφ’
1524 2533 1600 2594 ὧν
1654 2541 1718 2595 τὸ
1754 2541 1963 2613 ἕτερον,

363 2632 460 2683 καὶ
514 2629 576 2684 τὸ
613 2630 822 2702 ἕτερον,
874 2629 908 2702 ἢ
954 2631 1057 2686 ὅσα
1101 2631 1181 2703 τῷ
1223 2631 1416 2705 ἑτέρῳ,
1440 2634 1561 2705 οὐχὶ
1596 2635 1692 2688 καὶ
1716 2635 1964 2706 θατέρῳς

362 2723 549 2793 Φαμὲν
599 2723 715 2789 οὖν,
763 2725 848 2778 ὅτι
893 2724 1069 2778 ταύτὰ
1123 2725 1223 2796 μέν
1252 2727 1359 2780 εἰσι
1392 2724 1454 2780 τὺ
1495 2727 1783 2801 ἄνθρωπος
1810 2731 1964 2802 καὶὴ

365 2817 744 2889 ἀνθρωπότης,
777 2817 854 2881 ὡς
886 2818 1052 2871 ταύτὸ
1070 2818 1433 2890 ὑποκείμενον
1461 2823 1555 2874 καὶ
1585 2823 1819 2893 πρᾶγμα
1873 2823 1968 2894 δη-

363 2909 581 2975 λοῦντα,
652 2911 752 2981 οὐχ
801 2909 1065 2980 ὡσαύτως
1117 2911 1174 2965 δὲ
1209 2911 1579 2984 λαμϐάνονται
1618 2930 1633 2945 ⁶
1662 2912 1778 2968 ἀλλ’
1806 2915 1968 2984 ἡνίκα

367 3001 468 3072 μὲν
492 3000 777 3073 ἄνθρωπός
808 3019 1010 3073 φαμεν,
1036 3003 1136 3072 τὴν
1169 3002 1461 3074 ἀνθρώπου
1519 3002 1682 3072 φύσιν
1750 3005 1962 3058 ἐννοοῦ-

367 3111 471 3164 μεν
500 3095 576 3157 ὼς
609 3097 1167 3166 ὲγκατατεταγμένην
1191 3099 1311 3159 ταῖς
1351 3095 1717 3150 ὑποστάσεσιν
1747 3112 1762 3127 °
1804 3096 1968 3166 ἡνίκα

2069 1975 2272 2029 similia
2306 1993 2321 2029 :
2354 1990 2595 2044 namque
2634 1976 2798 2030 hou-o
2835 1985 2890 2030 et
2940 1975 3278 2042 humanitas,
3313 1975 3457 2030 Deus
3489 1983 3546 2031 et
3582 1976 3672 2030 di-

2071 2068 2298 2130 vinitas,
2328 2069 2588 2138 quamvis
2615 2068 2807 2123 eadem
2833 2069 2968 2134 sint,
2993 2083 3102 2124 non
3134 2081 3262 2124 sunt
3303 2071 3496 2125 eadem
3530 2083 3670 2141 qua-

2069 2170 2230 2217 tenus
2260 2161 2559 2231 praedicta;
2592 2176 2768 2231 neque
2807 2162 2955 2215 enim
2992 2161 3227 2216 alterum
3265 2161 3498 2217 alterius
3539 2177 3668 2232 pro-

2069 2254 2275 2324 prium,
2315 2268 2492 2322 neque
2537 2252 2934 2316 distinctivum,
2963 2253 3088 2307 ιιιεί
3117 2252 3240 2321 quis
3262 2253 3371 2307 duo
3399 2253 3667 2308 vocabula

2071 2362 2168 2415 pro
2191 2360 2302 2399 uno
2321 2345 2572 2414 subjecto
2597 2345 2876 2407 adhibeat,
2897 2345 3058 2415 quasi
3087 2360 3330 2414 pannum
3353 2355 3406 2397 et
3429 2353 3661 2398 vestem.

2067 2439 2383 2510 Curitaque
2400 2455 2509 2494 non
2531 2455 2642 2511 quo
2671 2440 2791 2494 loco
2817 2439 3077 2501 alterum,
3104 2437 3254 2493 aliud
3280 2437 3491 2508 pariter
3525 2453 3670 2492 nun-

2069 2544 2388 2602 cuparetur,
2433 2539 2488 2586 et
2543 2544 2891 2601 quacunque
2943 2530 3108 2585 unius
3159 2544 3269 2584 non
3324 2529 3492 2584 etiam
3530 2530 3670 2582 alte-

2070 2626 2188 2681 rius
2248 2624 2480 2681 essent?
2540 2623 2784 2679 Dicimus
2827 2637 2962 2694 ergo
3009 2622 3200 2678 eadem
3253 2637 3380 2678 esse
3415 2623 3582 2675 homo
3612 2628 3671 2675 et

2070 2719 2409 2782 humanitas,
2443 2730 2718 2788 quatenus
2747 2717 2891 2772 idem
2938 2715 3251 2786 subjectum
3303 2717 3668 2786 eamdemque

2071 2829 2186 2868 rem
2220 2811 2586 2877 declat-autin,
2630 2825 2740 2865 non
2785 2820 2968 2876 autem
3013 2809 3302 2879 aequaliter
3338 2824 3670 2878 nuncupan-

2070 2915 2196 2974 tur;
2235 2907 2438 2977 quippe
2459 2921 2584 2959 cum
2623 2905 2790 2960 homo
2834 2904 3088 2969 dicimus,
3125 2902 3366 2956 hominis
3407 2910 3667 2956 naturain

2070 3000 2496 3070 complectimur
2526 3006 2586 3053 ut
2627 2996 3023 3068 hypostasibus
3050 2996 3457 3064 ineorporatatu
3484 3011 3498 3060 ;
3541 3007 3667 3047 cum

2070 3107 2203 3147 vero
2237 3092 2552 3148 humanitas
2588 3091 2852 3155 dicimus,
2897 3096 3153 3143 naturam
3185 3089 3364 3157 ipsam
3401 3086 3670 3149 hOminis,

363 3185 422 3239 δὲ
457 3186 876 3257 ἅνθρωποι-ητα,
915 3188 1016 3256 τὴν
1049 3187 1222 3260 αὐτὴν
1285 3188 1383 3258 μὲν
1432 3187 1721 3261 ἀνθρώπου
1781 3188 1964 3258 φύσιν,

2073 3202 2182 3240 non
2238 3186 2462 3255 quidem
2496 3183 2724 3237 omnino
2759 3188 3156 3242 consonanter,
3210 3178 3303 3233 sed
3341 3177 3546 3232 atomis
3576 3178 3665 3230 di-

363 3280 464 3350 οὐχ
491 3279 755 3343 ὡσαύτως
781 3281 859 3341 δὲ,
891 3281 1010 3334 ἀλλ’
1039 3282 1385 3353 ὲξῃρημὲνην
1416 3283 1526 3336 τῶν
1561 3283 1804 3353 ἀτόμων,
1871 3299 1968 3348 καὶ

364 3370 724 3439 καθ’ἑαυτὴν
749 3371 1172 3444 λαμϐανομένην
1206 3374 1582 3446 ἀφορίζοντες.
1637 3375 1824 3429 Ταύτά
1869 3376 1969 3448 μὲν

363 3460 460 3518 οὖν
478 3467 507 3518 6
533 3465 823 3536 ἅνθρωπος
849 3467 946 3520 καὶ
974 3469 1008 3538 ἡ
1040 3467 1420 3540 ἀνθρωπότης,
1451 3469 1552 3540 οὐχ
1589 3469 1855 3534 ὡσαύτως
1909 3471 1970 3524 δὲ

362 3556 774 3629 λαμϐανόμενα.
796 3558 888 3613 Διὸ
908 3560 1008 3612 οὐκ
1033 3559 1116 3629 ἐφ’
1141 3553 1216 3614 ὧν
1235 3560 1298 3612 τὸ
1319 3560 1510 3632 ἓτερον
1533 3562 1629 3615 καὶ
1658 3561 1906 3634 θάτερον,
1933 3561 1968 3633 ἢ

363 3654 434 3720 ἐφ
451 3652 466 3673 ’
491 3645 567 3706 ὧν
601 3652 698 3723 μὲν
721 3651 780 3704 τὸ
802 3652 990 3723 ἕτερον
1019 3652 1114 3705 καὶ
1150 3652 1210 3706 τὸ
1232 3653 1442 3723 ἕτερον,
1473 3653 1864 3725 οὑχέώσαύτως
1889 3655 1966 3707 δέ.

361 3743 576 3817 Αὐτίκα
606 3744 699 3798 ἐπὶ
725 3744 820 3798 τοῦ
848 3744 1172 3816 Σωκράτους
1197 3746 1293 3799 καὶ
1315 3748 1343 3799 6
1365 3744 1652 3816 ἄνθρωπος
1683 3745 1778 3798 καὶ
1808 3747 1840 3816 ή
1869 3749 1968 3799 ἀν-

363 3835 654 3907 θρωπότης
670 3837 908 3907 λέγεται,
927 3839 1026 3908 οὐχ
1051 3837 1400 3901 ὼσαύτωςδέ·
1420 3838 1710 3906 ἄνθρωπον
1725 3839 1836 3909 γάρ
1865 3856 1970 3908 φα-

366 3945 470 3999 μεν
500 3924 640 3982 εἶναι
676 3930 767 3983 τὸν
801 3931 1124 4002 Σωκράτην,
1153 3931 1480 4003 ἀνθρωπόῖη
1494 3949 1554 3984 τα
1582 3931 1639 3984 δὲ
1666 3931 1768 3984 οὐκ
1803 3928 1967 3998 εἶναι,

363 4023 481 4077 ἀλλ’
540 4023 684 4095 ἔχειν
717 4041 730 4054 ·
771 4025 867 4078 καὶ
915 4025 1016 4097 τὴν
1058 4024 1463 4096 ἀνθρωπότητα
1507 4025 1565 4078 δὲ
1612 4024 1773 4079 πάλιν
1807 4025 1969 4093 φύσιν

362 4113 506 4170 εἶναι
541 4117 635 4170 τοῦ
661 4118 990 4188 Σωκράτους
1021 4118 1226 4188 φαμὲν,
1253 4119 1480 4172 καὶτῶν
1523 4118 1700 4172 ἄλλων
1723 4183 1731 4188 _
1752 4117 1968 4188 ἀνθρώ-

363 4228 506 4274 πων,
530 4212 624 4264 καὶ
650 4210 1001 4282 περιεκτικὴν
1032 4208 1171 4265 εἶναι
1196 4211 1306 4265 τῶν
1326 4211 1699 4284 καθζέκαστα·
1726 4213 1845 4266 οὐδὲ
1859 4212 1968 4282 γάρ

359 4319 417 4355 τι
455 4301 660 4355 τούτων
690 4303 795 4369 ἔξω
825 4303 1028 4375 ταύτης
1053 4304 1263 4358 πίπτει.
1295 4306 1458 4359 Ὥστε
1486 4307 1536 4358 εἰ
1585 4307 1680 4360 καὶ
1749 4308 1823 4376 μὴ
1881 4307 1970 4360 ἀεὶ

360 4393 648 4459 ὡσαύτως,
674 4394 788 4448 ἀλλ’
805 4395 889 4464 ἐφ’
907 4388 970 4448 οὗ
997 4397 1214 4466 λέγεται
1242 4397 1270 4448 ὁ
1302 4395 1850 4468 ἄνθρωπος,δύναται
1873 4396 1969 4450 καὶ

361 4485 399 4554 ἡ
421 4483 778 4557 ᾀνθρωπότη;
800 4485 1064 4556 ἁρμόσαι.
1108 4487 1170 4539 Εἰ
1201 4484 1295 4540 οὖν
1321 4487 1472 4550 ἐστιν
1500 4485 1708 4557 ἀληθὴς
1731 4487 1759 4539 6
1786 4485 1965 4556 λόγος,

2075 3279 2356 3335 stinctam,
2394 3286 2449 3330 et
2484 3275 2538 3328 in
2571 3275 2752 3344 seipsa
2785 3271 3070 3326 delinitam
3109 3270 3493 3340 intelligimus.
3521 3270 3669 3324 Sun:

2070 3387 2203 3441 ergo
2270 3368 2414 3423 idem
2463 3368 2627 3422 homo
2673 3374 2729 3421 et
2765 3365 3104 3430 humanitas,
3137 3378 3237 3417 nec
3290 3372 3473 3416 tamen
3529 3377 3670 3416 eou-

2071 3470 2333 3517 sonanter
2383 3467 2723 3530 nuncupata.
2795 3459 2920 3513 ldco
2977 3473 3084 3511 non
3123 3455 3270 3512 aliud
3317 3472 3416 3525 pro
3448 3455 3557 3509 alio
3591 3455 3675 3508 di-

2072 3555 2238 3614 citur,
2294 3553 2340 3607 si
2389 3567 2519 3606 vero
2567 3552 2810 3613 dicatur,
2862 3565 2970 3604 non
3027 3548 3188 3618 plane
3243 3548 3490 3616 quidem.
3543 3547 3667 3601 Tali

2071 3644 2237 3697 modo
2294 3644 2348 3698 in
2403 3641 2632 3698 Socrate
2668 3643 2832 3697 homo
2871 3651 3037 3712 atque
3068 3641 3390 3694 humanitas
3435 3638 3666 3704 dicitur,

2073 3750 2181 3789 non
2209 3749 2339 3790 vero
2365 3743 2742 3790 consonanter
2765 3775 2780 3798 ,
2813 3733 3018 3803 quippe
3054 3731 3333 3786 hominem
3383 3728 3669 3784 Socratem

2072 3827 2333 3889 dicimus.
2358 3842 2466 3881 non
2494 3834 2676 3882 autem
2705 3821 3104 3880 humanitatem
3127 3837 3273 3886 esse,
3309 3821 3404 3878 sed
3433 3822 3670 3888 habere;

2072 3920 2472 3973 humanitatem
2515 3932 2648 3972 vero
2687 3916 2929 3972 dicimus
2963 3930 3088 3970 esse
3119 3921 3376 3968 naturam
3422 3910 3673 3977 Socratis

2071 4020 2124 4066 et
2149 4019 2476 4064 casterorum
2511 4009 2822 4072 hominum,
2853 4015 2908 4062 et
2943 4007 3198 4077 singulos
3223 4020 3476 4076 quosque
3514 4019 3674 4059 com-

2070 4105 2438 4175 plectentem;
2471 4118 2600 4156 nam
2637 4101 2776 4155 nihil
2829 4115 3021 4156 eorum
3062 4107 3220 4154 extra
3248 4113 3368 4154 eam
3398 4097 3662 4172 exsistit;

2072 4198 2145 4251 ita
2202 4206 2284 4260 ut,
2329 4195 2374 4251 si
2427 4211 2536 4250 non
2597 4208 2818 4264 semper
2879 4201 3278 4252 consonanter,
3329 4201 3388 4244 at
3444 4188 3671 4259 quidem

2076 4306 2186 4360 quo
2206 4291 2340 4350 loco
2373 4289 2537 4343 homo
2572 4287 2798 4351 dicitur,
2831 4293 3014 4355 potest
3047 4283 3366 4338 humanitas
3396 4281 3672 4352 adoptari.

2069 4381 2231 4437 Nunc
2262 4382 2311 4436 si
2361 4381 2466 4434 hoc
2525 4378 2650 4445 jure
2697 4375 2970 4445 arguitur,
3026 4373 3213 4428 forsan
3272 4371 3431 4427 nobis
3491 4369 3676 4425 licebit

2071 4477 2241 4532 etiam
2281 4473 2348 4528 de
2389 4471 2498 4528 Deo
2555 4479 2611 4526 et
2643 4469 2935 4527 divinitate
2982 4469 3274 4538 (quantum
3311 4466 3366 4518 in
3415 4463 3676 4530 humanis

364 4579 498 4641 ἴσως
522 4580 656 4649 ἡμῖν
695 4581 791 4633 καὶ
819 4579 912 4633 ἐπὶ
948 4579 1042 4633 τοῦ
1069 4580 1202 4645 Θεδ..
1231 4581 1325 4634 καὶ
1365 4579 1556 4652 Θεὸτης
1585 4581 1732 4653 (ὅσον
1788 4581 1846 4632 ὲν
1876 4582 1967 4632 ἀν-

2075 4578 2314 4642 possunt
2367 4568 2592 4639 ligurari
2647 4562 2856 4634 divina)
2899 4561 3272 4616 diﬂicultatem
3321 4559 3561 4614 solvere.

363 4671 659 4743 θρωπίνοις
689 4671 1096 4744 παραδείγμασι
1127 4671 1504 4744 φαντασθῆναι
1533 4673 1604 4726 τὰ
1631 4672 1771 4741 θεῖα)
1806 4671 1970 4725 εὐπο-

367 4763 493 4834 ρίαν
547 4764 656 4816 τῶν
707 4766 1079 4836 ἠπορημένων
1121 4767 1361 4835 ποιήσει.

438 4855 511 4927 γ’.
567 4859 629 4912 Εἰ
682 4862 749 4930 τῇ
802 4859 951 4930 ψυχῇ
1014 4859 1109 4912 καὶ
1165 4858 1513 4938 τῷρισώματι
1556 4858 1653 4913 τοῦ
1700 4857 1965 4932 Χριστοῦ,

362 4953 488 5025 ἦτοι
511 4952 591 5024 τῷ
627 4953 894 5025 Κυριακῷ
923 4953 1222 5026 ἀνθρώπῳ,
1245 4951 1317 5027 ’ἡ
1357 4956 1452 5009 τοῦ
1504 4955 1718 5027 Πατρὸς
1744 4956 1842 5010 καὶ
1870 4955 1966 5010 τοῦ

363 5045 688 5117 ΙΙνεύματος
719 5047 903 5118 παρῆν
942 5047 1243 5112 ὑπόστασις
1283 5048 1457 5120 (οὐδὲν
1484 5048 1596 5119 γὰρ
1629 5047 1739 5103 τῶν
1769 5047 1963 5112 ὄντων,

363 5134 448 5202 οἷς
470 5137 546 5209 μὴ
570 5139 838 5210 πάρεστιν
854 5141 1228 5196 ὲπιστατοῦσα
1245 5142 1339 5195 καὶ
1361 5141 1671 5213 προνοοῦσαι
1689 5145 1722 5212 ἠ
1750 5143 1964 5213 Τριάς),

364 5230 588 5300 λέγεται
626 5231 684 5285 δὲ
715 5232 744 5285 6
766 5232 896 5296 Υἱὸς
944 5229 1021 5303 τῷ
1049 5234 1307 5303 παρεῖναι
1340 5233 1562 5297 πάντως
1610 5233 1969 5304 σαρκωθῆναι

364 5326 465 5380 καὶ
489 5325 939 5396 ὲνανθρωπῆσαι,
969 5325 1085 5390 πῶς
1111 5327 1234 5397 οὐχὶ
1263 5328 1291 5380 6
1316 5325 1506 5397 Πατὴρ
1543 5327 1639 5380 καὶ
1662 5328 1721 5379 τὸ
1746 5326 1973 5396 Πνεῦμα

364 5417 547 5472 ταῦτα
575 5417 770 5489 ῥηθείη
801 5419 903 5485 ἄν;
939 5421 1008 5472 Ἢ
1032 5419 1094 5472 τὸ
1122 5423 1400 5492 παρεῖναι,
1429 5418 1607 5472 διττόν
1627 5435 1642 5450 ο
1665 5419 1728 5472 τὸ
1759 5419 1880 5490 μὲν,
1898 5418 1974 5483 ὡς

369 5511 639 5584 προνοοῦν
689 5511 896 5582 (καθὼς
955 5511 1221 5584 εἴρηται),
1283 5511 1405 5566 καθ’
1436 5510 1465 5565 ὃ
1503 5511 1969 5582 σημαινόμενονή

369 5607 545 5678 Τριάς
581 5608 840 5678 παρεῖναι
899 5605 979 5676 τῷ
1010 5605 1272 5678 Κυριακῷ
1303 5602 1600 5676 ἀνθρώπῳ,
1651 5602 1844 5674 ὥσπερ
1876 5604 1973 5655 καὶ

369 5701 484 5762 τοῖς
516 5694 668 5752 οὖσιν
697 5699 870 5752 ἅπασι
899 5699 1140 5768 λέγεται,
1181 5699 1298 5753 ἀλλ’
1330 5697 1519 5768 ὥσπερ
1563 5696 1720 5750 οὐδὲν
1751 5696 1860 5750 τῶν
1885 5695 1975 5748 ὅν-

369 5810 502 5856 των,
528 5793 616 5847 διὰ
660 5793 721 5846 τὸ
778 5795 1035 5864 παρεῖναι
1090 5793 1326 5858 τούτοις,
1363 5791 1696 5862 γεγενῆσθαι
1725 5789 1968 5859 λέγεται,

371 5885 548 5960 οὕτως
577 5885 701 5960 ρύόξ
747 5883 1102 5974 σαρκωθῆναι
1129 5927 1143 5954 ,
1181 5885 1214 5959 ἢ
1251 5885 1698 5958 ὲνᾳνθρωπῆσαι.
1735 5883 1971 5954 Λέγεται

2151 4853 2290 4917 5.²8ἰ
2317 4853 2496 4909 inerat
2519 4851 2722 4908 Christi
2747 4850 2944 4905 auium
2963 4859 3015 4904 et
3034 4847 3273 4915 corpori,
3291 4846 3343 4902 id
3360 4855 3445 4902 est
3465 4845 3674 4902 homini

2081 4948 2397 5011 Dominico,
2427 4945 2612 5003 Patris
2627 4953 2682 5001 et
2707 4945 2956 5015 Spiritus
2983 4944 3299 5015 hypostasis
3335 4941 3495 5013 (nihil
3525 4940 3674 4994 enim

2075 5044 2287 5098 entium
2311 5049 2418 5105 est,
2449 5040 2540 5095 cui
2561 5055 2668 5094 non
2699 5039 2852 5093 adest
2875 5039 3132 5108 praelecta
3149 5046 3203 5091 et
3231 5035 3526 5105 providens
3553 5032 3674 5086 Tri-

2071 5133 2261 5204 nitas),
2291 5133 2337 5188 si
2357 5145 2488 5186 vero
2507 5131 2706 5184 dicitur
2728 5128 2906 5182 Filius
2925 5135 3190 5197 prasente
3207 5124 3476 5179 Trinitate
3495 5125 3678 5177 incar.

2074 5237 2237 5282 natus
2270 5225 2442 5280 fuisse
2481 5231 2538 5280 et
2563 5225 2728 5278 homo
2755 5221 2960 5286 lactus,
2986 5236 3086 5276 cur
3129 5233 3234 5274 non
3261 5218 3404 5272 idem
3430 5216 3593 5271 Pater
3622 5222 3679 5267 ιιι

2077 5321 2320 5392 Spiritus
2347 5318 2520 5374 fuisse
2548 5315 2910 5372 dicerentur?
2938 5314 3374 5374 Dieiturautem,
3401 5309 3548 5380 quod
3581 5308 3680 5362 ad-

2079 5425 2186 5479 est,
2219 5413 2420 5484 duplici
2437 5410 2600 5467 modo
2626 5428 2640 5465 :
2667 5410 2908 5480 primum
2931 5406 3229 5478 providens
3247 5410 3331 5475 (ut
3357 5417 3524 5473 supra
3545 5400 3684 5454 dixi-

2083 5509 2253 5577 mus),
2277 5503 2583 5561 secundum
2608 5517 2774 5574 quam
2798 5499 3258 5572 signiﬁcationem
3282 5495 3528 5550 Trinitas
3547 5492 3684 5548 dici-

2081 5609 2172 5654 tur
2194 5601 2392 5655 adesse
2413 5597 2698 5654 Dominico
2721 5595 2952 5658 homini,
2974 5592 3119 5649 sicut
3139 5590 3347 5647 dicitur
3366 5589 3529 5643 etiam
3555 5602 3680 5640 om-

2081 5695 2247 5750 nibus
2269 5693 2527 5759 enlibus;
2565 5691 2659 5748 sed
2700 5687 3163 5761 quemadmodum
3198 5699 3264 5740 ex
3289 5697 3356 5738 eo
3379 5679 3527 5753 quod
3557 5694 3682 5734 om-

2084 5787 2252 5851 nibus
2280 5784 2462 5849 adest,
2494 5781 2734 5838 Trinitas
2755 5795 2867 5835 non
2886 5778 3087 5834 dicitur
3113 5775 3281 5831 ullum
3301 5774 3510 5828 cntium
3537 5769 3679 5824 facta

2085 5882 2165 5938 sic
2199 5895 2303 5937 nec
2354 5879 2638 5936 im-arnata
2683 5876 2769 5932 vel
2813 5876 2976 5932 homo
3011 5869 3177 5928 fama.
3230 5868 3441 5924 Dicitur
3495 5874 3678 5920 autem
