4132 6112
524 223 659 292 1⁶ὶ91

1801 229 1896 291 SU
1905 229 2090 292 PPLE
2098 229 2427 292 MENTUM

3693 227 3832 293 1292

523 344 720 399 adesse
760 356 932 397 unum
977 340 1160 409 alteri,
1218 349 1278 397 ut
1307 342 1488 398 anima
1552 345 1792 415 corpori,
1853 347 2114 418 quoniam

2240 348 2276 402 ῑὲ
2305 349 2565 419 παρεῖναι
2610 347 2802 418 ἕτερον
2857 346 3055 419 ἑτέρῳ,
3101 346 3207 411 dig?
3229 349 3266 420 ἡ
3297 345 3446 419 ψυχὴ
3477 347 3557 420 τῷ
3590 347 3829 421 σώματι,

524 437 689 492 ambo
725 435 780 491 in
819 450 985 490 unam
1021 435 1350 506 hypostasin
1415 449 1844 507 convenerunt;
1919 455 2124 495 secun-

522 528 654 582 dum
710 543 878 600 quam
954 528 1414 598 signiﬁcationem
1479 529 1684 584 Filium
1734 533 2126 588 tantummodo

523 621 810 678 Dominico
859 623 1065 677 homini
1122 623 1321 679 adesse
1384 623 1650 691 dicimus,
1711 625 1941 680 minime
1993 641 2128 680 vero

524 716 745 772 Patrem
803 725 899 772 aut
948 715 1234 787 Spiritum.
1289 717 1586 783 Praeterea,
1630 721 1937 775 secundum
2003 719 2126 791 pri-

526 823 672 863 mam
721 809 1208 878 signiﬁcationem,
1289 811 1556 868 omnibus
1612 811 1823 878 aderat,
1883 823 1944 867 ut
1977 813 2126 866 dixi-

527 915 672 965 mus,
713 900 1056 966 homiuibus,
1103 910 1158 958 et
1196 903 1530 974 generaliter
1585 905 1847 960 omnibus
1903 904 2127 960 cutibus

525 991 691 1049 Verbi
753 993 1089 1066 hypostasis,
1144 1001 1240 1051 sed
1280 995 1593 1052 secundum
1651 997 2124 1069 signiﬁcationem

528 1087 760 1141 alteram
822 1087 1090 1155 minime;
1126 1089 1223 1142 sed
1275 1089 1380 1143 soli
1433 1087 1742 1154 Dominico,
1798 1090 2027 1161 perinde
2066 1105 2130 1145 ac

525 1194 686 1235 mens
733 1194 856 1250 quae
907 1180 1067 1236 nobis
1103 1181 1362 1238 omnibus
1393 1183 1556 1246 inest,
1580 1182 1765 1238 omnia
1790 1184 1953 1239 obvia
1981 1199 2134 1240 com-

526 1274 775 1344 plectens
821 1274 1040 1344 illisque
1085 1275 1396 1338 attendens,
1440 1275 1807 1332 nihilominus
1853 1276 1906 1331 in
1962 1293 2124 1333 ence-

527 1362 692 1433 phalo
711 1364 934 1432 residet,
960 1367 1062 1429 vel,
1081 1366 1126 1420 si
1144 1366 1245 1421 hoc
1268 1367 1365 1421 tibi
1387 1367 1664 1438 displicet,
1688 1368 1743 1422 in
1767 1367 2004 1438 quadam
2024 1370 2130 1424 alia

529 1455 783 1526 corporis
808 1467 996 1528 parte;
1024 1473 1204 1529 neque
1223 1468 1308 1514 est
1333 1459 1622 1530 praesentia
1656 1459 1856 1533 similis
1881 1478 1894 1528 ;
1922 1462 2128 1532 quippe

529 1548 707 1604 altera
742 1557 828 1605 est
858 1551 1163 1606 secundum
1192 1553 1520 1622 contingens
1543 1561 1598 1608 et
1638 1554 1948 1620 materiam,
2013 1556 2126 1610 sci-

531 1641 659 1698 licet
681 1643 733 1697 in
754 1653 908 1714 parte
925 1645 1160 1716 quadam
1179 1660 1444 1716 corporea
1469 1645 1904 1712 delinita,altera
1929 1663 2128 1704 secun-

536 1737 668 1792 dum
701 1737 874 1792 solam
910 1748 1146 1794 mentem
1181 1753 1278 1809 per
1303 1739 1780 1810 anticipationem.

600 1827 659 1882 4.
720 1825 914 1883 Utrum
955 1829 1115 1886 Verbi
1181 1831 1496 1902 hypostasis
1523 1869 1539 1896 ,
1595 1832 1809 1888 scilicet
1841 1868 1846 1874 -
1877 1831 2131 1890 Christus

530 1919 676 1976 idem
719 1930 805 1977 est
866 1932 1032 1992 atque
1083 1922 1204 1993 ejus
1258 1924 1382 1979 duae
1435 1935 1666 1992 nalune,
1711 1940 1781 1980 an
1833 1923 2134 1981 dill‘erens?

532 2010 841 2085 Utrumque
867 2014 1166 2072 obscurum
1199 2035 1212 2073 :
1243 2032 1371 2072 nam
1400 2018 1447 2075 si
1487 2017 1653 2086 idem,
1691 2033 1816 2074 cum
1859 2018 1973 2074 sint
2012 2017 2133 2076 dure

531 2114 786 2174 naturae,
842 2118 1005 2164 erunt
1065 2124 1198 2180 ergo
1261 2112 1384 2167 dua:
1442 2111 1824 2184 bypostases;
1895 2119 1949 2168 et
2007 2127 2132 2168 cum

530 2214 640 2255 una
689 2202 997 2273 composita
1056 2203 1412 2276 hypostasis,
1469 2205 1576 2260 erit
1627 2221 1760 2277 ergo
1809 2221 1918 2262 una
1976 2221 2131 2261 como

529 2292 712 2364 posita
743 2301 978 2361 natura;
1061 2296 1108 2350 si
1140 2309 1269 2351 vero
1325 2295 1610 2361 dill‘erens,
1679 2296 1794 2352 haec
1847 2298 1957 2352 alia
2001 2303 2134 2353 sunt

531 2383 676 2441 Deus
729 2391 785 2440 et
815 2383 981 2441 homo
1021 2400 1225 2458 “ergo
1288 2387 1603 2458 hypostasis
1662 2395 1718 2443 et
1755 2397 1952 2444 natura
2022 2404 2132 2444 non

539 2484 674 2533 sunt
697 2476 872 2547 idem;
901 2478 1047 2550 quod
1069 2479 1290 2550 quidem
1328 2481 1492 2536 etiam
1514 2481 1830 2551 [absurdius
1858 2490 2004 2538 esset
2030 2498 2133 2548 ;ex

535 2577 772 2640 utraque
805 2570 949 2624 enim
978 2571 1266 2643 hypothesi
1295 2572 1449 2642 plura
1478 2573 1582 2626 alia
1617 2573 1856 2630 absurda
1887 2589 2133 2631 nascun-

533 2667 646 2717 tur.
716 2659 962 2716 Dicimus
1028 2677 1160 2734 ergo
1221 2662 1642 2728 concludentes,
1710 2680 1823 2719 non
1902 2666 2133 2722 omnino

532 2751 678 2808 idem
729 2768 873 2819 esse,
909 2770 1086 2825 neque
1117 2757 1347 2811 omnino
1393 2756 1677 2825 ditlereus,
1748 2759 1842 2813 sed
1886 2759 2131 2828 quodam

536 2841 701 2897 modo
757 2843 923 2912 idem,
983 2845 1223 2916 quodam
1291 2847 1454 2903 modo
1505 2848 1803 2916 ditl‘erens;
1856 2865 1982 2906 nam
2038 2867 2126 2907 se-

534 2934 781 2990 cundum
835 2938 1161 2993 essentiales
1230 2941 1477 2998 rationes
1533 2949 1886 3008 naturarum,
1967 2942 2133 2999 Chri-

2158 1709 2206 1770 B

2229 438 2394 512 ήνίκα
2445 439 2616 510 ἄμφω
2669 440 2750 503 είς
2809 440 2943 510 μίαν
2983 437 3248 509 συνῆλθεν
3275 440 3617 494 ὑπόστασινο
3643 441 3769 494 καθ’
3802 443 3831 497 ὃ

2229 531 2636 602 σημαινόμενον
2669 530 2834 602 μόνον
2859 531 2950 584 τὸν
2979 531 3111 585 Υίδν
3133 531 3213 602 τῷ
3239 533 3508 603 Κυριακῷ
3532 550 3714 604 φαμεν
3735 535 3832 587 άν-

2227 623 2434 696 θρώπῳ
2484 625 2782 693 παρεῖναι,
2851 623 3038 678 οὐκέτι
3089 623 3152 677 δὲ
3192 623 3287 677 τὸν
3339 625 3611 692 Πατέρα,
3671 626 3706 698 ἢ
3771 627 3833 681 τὺ

2226 715 2474 786 Πνεῦμα.
2500 718 2612 770 Καὶ
2637 715 2783 769 κατά
2809 715 2908 786 μὲν
2934 715 2994 770 τὺ
3017 714 3240 786 πρῶτον
3260 717 3667 788 σημαινόμενον
3695 720 3832 772 πᾶσι

2227 809 2433 880 παρῆν,
2463 808 2654 880 ὥσπερ
2704 807 2936 877 ἔφημεν,
2963 807 3301 879 ἀνθρώποις,
3344 810 3439 863 καὶ
3478 809 3673 874 ἁπλῶς
3719 815 3833 876 τοῖς

2227 895 2380 954 οὖσιν
2409 903 2440 970 ἡ
2473 899 2568 955 τοῦ
2593 901 2771 968 Λόγου
2797 900 3102 964 ὑπόστασις
3125 916 3139 931 ο
3187 901 3332 954 κατά
3382 900 3440 954 δὲ
3479 903 3542 955 τὸ
3574 902 3833 975 δεύτερον

2228 992 2436 1056 οὑκέτι,
2466 991 2607 1047 ἀλλά
2637 991 2785 1062 μόνῳ
2827 991 2907 1062 τῷ
2930 991 3231 1063 Κυριακῷ·
3263 991 3455 1064 ὥσπερ
3515 996 3612 1049 καὶ
3648 996 3680 1047 0
3708 997 3835 1061 νοῦς

2230 1087 2260 1140 0
2289 1087 2346 1138 ὲν
2370 1086 2503 1156 ἡμῖν
2529 1085 2763 1158 πάρεστι
2794 1085 2894 1157 μὲν
2927 1085 3116 1152 πᾶσιν,
3149 1081 3232 1149 οἷς
3258 1087 3594 1154 ἐπιϐάλλων,
3623 1090 3834 1145 τούτων

2230 1176 2700 1248 ἀντιλαμόάνεται
2755 1178 2851 1230 καὶ
2905 1181 3038 1241 νοεῖ,
3077 1178 3314 1249 πάρεστι
3342 1179 3400 1233 δὲ
3429 1181 3527 1234 καὶ
3554 1180 3632 1251 τῷ
3671 1183 3834 1244 ἐγκε-

2231 1270 2410 1341 φάλῳ,
2442 1270 2500 1341 ἦ,
2530 1273 2580 1324 εί
2633 1271 2708 1342 μὴ
2763 1269 2966 1342 βούλει,
3001 1270 3148 1343 ἄλλῳ
3185 1273 3295 1326 τινὶ
3321 1273 3499 1344 μορίῳ
3519 1273 3600 1345 τῷ
3641 1292 3833 1344 σωμα-

2229 1365 2401 1434 τικῷ·
2437 1366 2532 1418 καὶ
2562 1365 2662 1418 οὑκ
2711 1364 2859 1419 ἔστιν
2906 1365 3071 1437 ὁμοία
3107 1367 3142 1436 ἡ
3169 1368 3482 1440 παρουσίαο
3515 1371 3551 1442 ή
3586 1371 3688 1441 μὲν
3724 1372 3836 1442 γάρ

2232 1456 2355 1510 κατ’
2376 1455 2566 1510 οὑσίαν
2592 1456 2688 1509 καὶ
2713 1454 2973 1526 ὓπαρξιν,
2998 1458 3031 1527 ἡ
3060 1458 3118 1510 ὲν
3145 1457 3225 1529 τῷ
3253 1462 3630 1532 ἀφωρισμένῳ
3659 1463 3838 1533 μορίῳ

2233 1549 2558 1620 σωματικῷ,
2593 1551 2626 1620 ἡ
2670 1549 2727 1604 δὲ
2749 1550 2892 1605 κατά
2923 1550 3093 1622 μόνην
3121 1550 3308 1622 νόησιν
3335 1555 3430 1606 καὶ
3461 1554 3778 1624 ἀντίληψιν.
3825 1597 3838 1624 λ

2309 1816 2374 1873 δ’.
2429 1817 2705 1892 Πότερον,
2758 1819 2794 1888 ἠ
2838 1817 2933 1872 τοῦ
2989 1818 3166 1888 Λόγου
3225 1819 3547 1888 ὑπόστασις,
3584 1824 3761 1896 ἤγουν
3810 1826 3841 1878 0

2235 1911 2498 1982 Χριστὸς,
2534 1911 2735 1965 ταὺτόν
2762 1912 2880 1964 ἐστι
2904 1912 3030 1974 ταῖς
3061 1911 3230 1965 αὑτοῦ
3256 1912 3509 1982 φύσεσιν,
3543 1915 3577 1987 ἢ
3608 1917 3837 1987 ἓτερονς

2236 2003 2584 2076 ἑκατέρωθεν
2627 2003 2736 2075 γὰρ
2789 2003 2999 2074 ἄπορον
3050 1997 3194 2057 εἶναι
3259 2008 3446 2059 ποιεῖ’
3500 2010 3549 2060 εἰ
3588 2008 3690 2078 μὲν
3728 2009 3840 2080 γάρ

2234 2098 2452 2164 ταύτὸν,
2482 2096 2592 2150 εἰσὶ
2616 2096 2672 2150 δὲ
2706 2096 2801 2150 δύο
2835 2098 3052 2167 φύσεις,
3081 2099 3181 2153 καὶ
3209 2100 3542 2165 ὑποστάσεις
3575 2101 3686 2172 ἀρα
3709 2101 3838 2155 δύου

2235 2191 2270 2262 ἢ
2302 2189 2592 2258 ἀνάπαλιν,
2625 2190 2821 2244 ἔστιδὲ
2845 2191 2945 2262 μία
2979 2191 3235 2258 σύνθετος
3263 2193 3586 2259 ὑπόστασις,
3618 2195 3716 2248 καὶ
3740 2194 3842 2264 μία

2236 2285 2347 2356 ἄρα
2369 2283 2627 2348 σύνθετος
2644 2283 2810 2354 φύσις
2829 2301 2846 2316 ο
2872 2286 2921 2338 εί
2941 2284 2988 2339 δ’
3017 2285 3225 2355 ἕτερον.
3255 2285 3372 2340 ἔστι
3401 2287 3459 2341 δὲ
3485 2289 3674 2342 ἐκεῖνα
3705 2287 3844 2351 Θεὸς

2237 2379 2334 2433 καὶ
2356 2379 2666 2450 ἄνθρωπος·
2697 2380 2800 2433 οὑκ
2821 2378 2930 2450 ἄρα
2941 2379 3259 2446 ,ὑπόστασις
3283 2379 3402 2453 [καὶ
3427 2380 3614 2454 φύσις]
3638 2383 3841 2448 ταυτὰ,

2236 2469 2265 2522 ὃ
2289 2470 2383 2523 καὶ⁹
2414 2468 2765 2540 ἀτοπώτερον
2784 2485 2800 2501 ο
2827 2469 3115 2523 ἀκολουθεί
3137 2469 3184 2523 δ’
3215 2471 3459 2542 ἑκατέρᾳ
3503 2471 3617 2524 τῶν
3648 2471 3845 2525 ὑποθέ-

2238 2579 2378 2616 σεων
2411 2565 2506 2616 καὶ
2537 2562 2672 2616 ἄλλα
2701 2561 2927 2615 πλείονα
2975 2563 3179 2618 ἄτοπα.
3245 2564 3432 2633 Φαμὲν
3466 2559 3585 2630 οὖν,
3622 2563 3842 2617 ἐπιλυό-

2241 2671 2413 2726 μενοι,
2444 2653 2522 2719 ὡς
2551 2655 2678 2708 οὑτε
2733 2655 2932 2708 ταύτὸν
2988 2655 3198 2720 ἁπλῶς,
3237 2654 3364 2709 οὔτε
3418 2656 3633 2727 ἕτερον,
3700 2657 3844 2711 ἀλλά

2237 2752 2437 2819 τρόπον
2467 2749 2567 2821 μέν
2596 2765 2715 2802 τινα
2742 2749 3192 2821 ταὺτὸν,ἷτρόπον
3214 2751 3270 2802 δέ
3297 2767 3419 2804 τινα
3446 2750 3637 2820 ἕτερον
3657 2767 3670 2780 ο
3695 2752 3845 2805 κατά

2240 2843 2340 2913 μὲν
2358 2841 2468 2913 γάρ
2490 2843 2620 2905 τοὺς
2647 2842 2928 2906 οὑσιώδεις
2956 2842 3151 2912 λόγους
3173 2843 3284 2897 τῶν
3315 2843 3556 2914 φύσεων,
3576 2846 3776 2899 ταὺτὸν
3813 2847 3845 2898 0

2237 2937 2478 3008 Χριστὸς
2505 2937 2624 3001 ταῖς
2656 2935 2853 2991 ἑαυτοῦ
2891 2936 3121 3006 φύσεσι·
3151 2939 3274 2992 καθ’
3309 2938 3338 2991 ὃ
3372 2939 3428 2991 δὲ
3463 2939 3526 2992 τὸ
3552 2939 3676 3009 μὲν,
3711 2940 3844 2994 ἆτο-

533 3035 657 3083 stus
717 3027 860 3084 idem
916 3041 1002 3085 est
1053 3040 1218 3102 atque
1267 3032 1392 3088 dua:
1456 3041 1706 3102 natura);
1761 3033 1857 3090 sed
1931 3050 2127 3092 secun-

2243 3047 2364 3100 μον,
2389 3029 2459 3083 τὰ
2488 3029 2546 3083 δὲ
2578 3029 2722 3084 κατά
2751 3031 3018 3085 πλειόνων
3037 3031 3293 3086 δύνανται
3312 3031 3576 3100 λέγεσθαι
3602 3033 3719 3098 (καὶ
3741 3033 3844 3087 ὅσα

533 3120 666 3176 dum
713 3137 836 3193 quae
865 3134 997 3179 sunt
1029 3125 1234 3191 atomi,
1300 3133 1356 3181 et
1406 3142 1530 3198 quae
1587 3135 1702 3182 tum
1757 3127 1956 3198 plurali
2021 3128 2130 3184 dici

533 3227 770 3285 possunt
808 3214 882 3288 (et
913 3233 1258 3289 quaecunque
1287 3219 1376 3276 his
1414 3219 1663 3292 similia),
1695 3220 1978 3278 diﬂ‘erens.
2013 3221 2133 3277 Non

534 3306 716 3361 solum
778 3310 1044 3381 mysterio
1087 3309 1319 3376 Christi,
1376 3311 1423 3367 si
1479 3312 1604 3382 quis
1665 3312 1937 3384 ejusmodi
1981 3329 2136 3382 quae-

535 3399 774 3454 stionem
815 3409 1107 3472 proponat,
1199 3403 1406 3460 solntio
1473 3404 1736 3476 praedicta
1806 3406 2133 3474 conveniet,

537 3491 636 3546 sed
707 3491 874 3546 etiam
944 3494 1275 3564 generaliter
1344 3498 1606 3552 omnibus
1661 3497 1716 3552 in
1762 3497 1968 3567 quibus
2037 3497 2138 3552 ad-

537 3581 714 3638 biberi
771 3594 1003 3654 possunt
1078 3588 1344 3643 vocabula
1410 3602 1606 3645 natura
1665 3599 1718 3646 et
1763 3591 2134 3662 hypostasis:

537 3677 701 3745 quasi
741 3678 1001 3735 Socrates
1051 3689 1106 3736 et
1146 3698 1327 3752 equus
1385 3699 1486 3740 sua
1524 3694 1722 3740 natura
1757 3702 1865 3740 non
1911 3687 2138 3741 omnino

537 3779 672 3828 sunt
691 3771 857 3839 idem,
889 3789 992 3828 nec
1017 3775 1246 3832 omnino
1269 3775 1550 3844 differens.
1589 3779 1682 3834 sed
1710 3781 1947 3849 quodam
1974 3779 2139 3837 modo

537 3871 706 3937 idem,
741 3873 886 3927 sicut
925 3874 1186 3941 diximus,
1229 3877 1470 3947 quodam
1512 3877 1674 3933 modo
1713 3875 1994 3933 ditl‘erens.
2064 3889 2081 3947 λ

647 3980 980 4048 ΟΗΛΕΞΤΙΟ
1011 3923 1297 4041 (ΚΖΧΧὲΙ.
1343 3985 1538 4059 [CoisL
1565 3987 1731 4043 Taur.
1767 3986 2010 4043 LXXIX.
2064 3923 2082 3949 ι

613 4071 806 4129 Utrum
832 4073 1085 4132 Christus
1120 4079 1183 4155 in
1208 4081 1517 4155 universum
1554 4081 1820 4155 hominem
1864 4086 2065 4155 accepit

1104 4150 1183 4204 vel
1212 4153 1526 4220 singulatim
1543 4154 1568 4206 ?

614 4237 668 4292 1.
723 4237 967 4296 Dicimus
1019 4258 1196 4313 neque
1258 4244 1312 4298 in
1375 4245 1739 4314 universum,
1794 4265 1970 4320 neque
2025 4250 2142 4305 sin-

541 4329 806 4401 gulatim;
867 4348 1046 4402 neque
1111 4334 1257 4388 enim
1324 4338 1654 4394 alterutrum
1715 4356 1781 4395 ex
1845 4341 1969 4398 istis
2019 4359 2144 4399 esse

2240 3124 2452 3186 τούτοις
2484 3123 2694 3198 ὅμοια),
2721 3124 2930 3196 ἕτερον.
2951 3125 3066 3178 Οὑκ
3097 3125 3192 3179 ἐπὶ
3229 3127 3323 3179 τοῦ
3349 3127 3493 3180 κατά
3525 3127 3763 3198 Χριστόν
3785 3127 3846 3181 δὲ

2245 3217 2572 3288 μυστηρίου,
2597 3216 2650 3270 εί
2683 3234 2768 3281 τις
2797 3219 2858 3270 τὸ
2893 3216 3145 3271 τοιοῦτον
3181 3219 3449 3290 ἐρώτημα
3489 3218 3843 3291 προκομίζει,

2242 3312 2275 3380 ή
2312 3311 2608 3381 ἀπόκρισις
2655 3310 2689 3380 ἡ
2743 3310 3012 3380 εἰρημένη
3047 3311 3306 3382 ἁρμόσει,
3345 3309 3482 3364 ἀλλὰ
3521 3311 3620 3364 καί
3655 3311 3846 3375 ἁπλῶς

2243 3405 2336 3458 ἐπὶ
2364 3404 2607 3468 πάντων,
2629 3404 2715 3474 ἐφ’
2740 3398 2816 3458 ὧν
2846 3402 3072 3458 δύναται
3103 3403 3360 3472 λέγεσθαι
3388 3402 3552 3471 φύσις
3592 3404 3690 3457 καὶ
3711 3405 3848 3456 ὑπό-

2247 3513 2436 3561 στασις
2458 3492 2602 3550 ’καὶ
2633 3498 2741 3568 γὰρ
2771 3499 2800 3549 0
2832 3490 3247 3568 Σωκράτηῖτῇ
3286 3482 3799 3565 αὑτού”φύσει””καὶ
3822 3498 3854 3550 0

2247 3590 2412 3654 ίππος
2447 3589 2573 3644 οὔτε
2622 3591 2822 3646 ταύτόν
2861 3593 3009 3644 ἐστιν
3040 3590 3248 3653 ἁπλῶς,
3285 3589 3412 3644 οὔτε
3456 3590 3669 3661 ἕτερον,
3710 3591 3854 3643 ἀλλὰ

2245 3685 2446 3756 τρόπον
2508 3686 2608 3755 μέν
2641 3701 2764 3739 τινα
2813 3685 3034 3746 ταὺτὸν,
3057 3683 3249 3756 ὥσπερ
3299 3683 3541 3755 εἴρηται,
3573 3683 3782 3754 τρόπον
3806 3683 3853 3735 δ’

2245 3779 2403 3836 ἄλλον
2435 3778 2643 3852 ἓτερον.

2767 3979 3104 4037 ΕΡΩΤΠΣΙΣ
3136 3977 3308 4033 ΣΛΑ’.

2248 4079 2534 4148 Πότερον,
2570 4079 2602 4132 ὁ
2637 4074 3053 4148 Χριστὸςῌτὸν
3091 4075 3357 4148 καθόλου
3386 4070 3710 4139 ἄνθρωπον
3749 4070 3857 4124 ἀν-

2607 4147 2876 4212 ελάϐετο,
2901 4145 2940 4212 ἢ
2974 4145 3083 4197 τὸν
3104 4143 3203 4197 ἐπὶ
3225 4143 3488 4214 μέρους-ξ

2327 4243 2398 4298 α’.
2431 4241 2618 4313 Φαμὲν
2659 4238 2784 4293 οὔτε
2828 4237 2920 4291 τὸν
2949 4235 3348 4301 καθόλου,οὑτε
3381 4235 3475 4288 τὸν
3503 4236 3600 4287 ἐπὶ
3623 4233 3854 4305 μέρους·

2249 4339 2373 4394 οὑδὲ
2405 4337 2514 4407 γὰρ
2542 4336 2603 4400 ἐξ
2651 4333 2901 4402 ἀνάγκης
2933 4330 3158 4401 θάτερον
3190 4327 3397 4382 τούτων
3433 4327 3711 4398 ὑπάρχειν
3747 4327 3856 4380 δεῖ·

543 4439 610 4476 ex
653 4425 986 4480 necessitate
1019 4427 1213 4495 debet;
1247 4445 1354 4484 non
1385 4433 1532 4485 enim
1567 4435 1873 4490 secundum
1909 4446 2135 4490 eontra-

2248 4434 2308 4488 οὑ
2337 4433 2446 4500 γὰρ
2474 4428 2615 4482 κατά
2640 4425 2932 4494 ἀντίφασιν
2961 4424 2995 4494 ἡ
3031 4423 3322 4494 ἐρώτησις.
3373 4421 3436 4473 Ei
3486 4421 3587 4490 μὲν
3622 4422 3736 4491 γὰρ
3768 4422 3862 4475 τὸν

543 4516 841 4573 dictionem
906 4523 1144 4591 quaestio
1199 4522 1313 4578 illa.
1371 4523 1668 4581 Enimvero
1722 4529 1766 4582 si
1811 4528 1864 4582 in
1914 4530 2141 4585 univer-

544 4626 667 4664 sum
701 4613 918 4684 accepit
949 4614 1229 4671 hominem
1253 4617 1535 4684 Christus,
1564 4628 1694 4688 puta
1730 4636 1839 4676 non
1865 4623 1918 4676 in
1956 4638 2147 4678 essen-

547 4704 702 4765 tiam.
737 4720 916 4777 neque
949 4707 1064 4763 ﬁeri
1099 4709 1377 4766 hominem
1409 4712 1462 4766 in
1490 4728 1683 4777 sensu,
1736 4715 1830 4769 sed
1864 4715 1919 4769 in
1980 4715 2146 4770 intel-

546 4794 692 4849 lectu
723 4802 938 4852 tantum
979 4807 1026 4854 et
1065 4801 1460 4872 imaginatione
1484 4801 1624 4875 (haec
1655 4813 1739 4861 cst
1795 4806 1947 4861 enim
2021 4807 2147 4862 uni-

543 4889 688 4941 versi
719 4891 1009 4962 essentia),
1036 4892 1259 4964 alioque
1281 4895 1447 4950 modo
1480 4905 1536 4951 et
1571 4897 1722 4952 ἱιιιιιιι
1776 4915 1885 4953 non
1928 4913 2060 4954 esse
2089 4899 2141 4954 in

546 4980 668 5036 loco
699 4983 1183 5056 circumscriptum
1251 4989 1561 5045 secundum
1633 4991 2000 5048 humanitatis
2045 5009 2146 5047 na-

549 5081 767 5141 turam;
802 5075 936 5130 nihil
962 5079 1110 5133 enim
1142 5095 1326 5136 rerum
1368 5084 1422 5137 in
1449 5083 1769 5139 universum
1797 5086 2013 5140 ratione
2038 5086 2144 5141 loci

546 5168 1045 5225 circumscribitur.
1080 5171 1309 5244 Insuper
1335 5177 1457 5231 etsi
1501 5175 1556 5231 in
1599 5177 1917 5233 universqu
1960 5178 2149 5243 homi-

552 5276 673 5315 nem
697 5264 912 5334 accepit
943 5263 1213 5331 Christus,
1245 5284 1369 5323 cum
1413 5269 1466 5324 iu
1510 5271 1856 5337 universum,
1881 5273 1931 5326 id
1968 5281 2054 5328 est
2079 5273 2132 5327 in

552 5355 740 5408 multis
773 5358 1026 5425 personis
1047 5360 1490 5430 consideratum,
1527 5364 1635 5419 erit
1685 5365 1949 5420 Christus
1981 5368 2064 5433 (ut
2093 5366 2147 5419 in

556 5447 877 5503 universum
902 5456 1180 5523 acceperit
1205 5453 1509 5529 hominem)
1552 5473 1802 5528 persona:
1849 5457 2035 5514 multae
2065 5459 2150 5514 vel

551 5541 1002 5610 potiusinliuitaa.
1035 5545 1349 5606 Concludas
1370 5562 1553 5607 autem
1579 5559 1633 5606 et
1670 5552 1824 5607 illttm
1855 5552 2016 5608 nobis
2040 5568 2148 5606 non

551 5639 1279 5709 esseemisuhstantialem;
1336 5660 1463 5698 eum
1504 5645 1652 5698 enim
1710 5646 1764 5700 in
1827 5645 2148 5701 universum

555 5724 837 5784 hominem
873 5729 1016 5788 Deus
1057 5733 1295 5792 Verbum
1345 5738 1676 5809 accepisse!,
1724 5754 1824 5796 nec
1878 5738 1991 5810 jam
2047 5757 2147 5796 nos

2247 4525 2478 4581 καθόλου
2534 4520 2823 4590 ἄνθρωπον
2854 4513 3150 4570 ἀνελάϐετο
3181 4516 3209 4568 0
3239 4513 3500 4584 Χριστὸς,
3557 4512 3862 4583 συμϐαίνει

2247 4614 2411 4668 αὑτὸν
2438 4611 2512 4682 μὴ
2543 4610 2669 4664 καθ’
2705 4604 2965 4678 ὓπαρξιν,
3018 4603 3142 4676 μηδ’
3177 4605 3235 4657 ἐν
3288 4604 3547 4675 αἰσθήσει
3598 4604 3864 4673 γενέσθαι

2247 4708 2344 4763 ἀνθ
2355 4722 2560 4777 ρωπον,
2581 4703 2696 4756 ἀλλ’
2721 4699 2940 4771 ἐπινοίᾳ
2966 4699 3104 4770 μόνῃ
3136 4697 3230 4751 καὶ
3253 4697 3530 4769 φαντασίᾳ
3558 4697 3726 4770 (αὕτη
3751 4699 3866 4769 γάρ

2247 4805 2280 4872 ἡ
2308 4800 2403 4854 τοῦ
2439 4797 2668 4853 καθόλου
2698 4795 2958 4868 ὑπαρξις,
2984 4792 3161 4854 ἄλλως
3191 4809 3248 4844 τε
3279 4790 3336 4844 δὲ
3365 4792 3461 4844 καὶ
3487 4791 3562 4863 μὴ
3593 4787 3737 4845 εἶναι
3758 4793 3863 4846 αὑ-

2248 4897 2340 4950 τὶν
2367 4897 2424 4947 ὲν
2449 4895 2598 4963 τόπῳ
2625 4887 3108 4960 περιγραφόμενον
3137 4883 3280 4938 κατά
3305 4884 3406 4956 τὴν
3436 4885 3537 4955 τῆς
3567 4885 3866 4957 ἀνθρωπά-

2249 5005 2412 5059 τητος
2456 4985 2619 5055 φύσιν
2650 5001 2664 5016 ο
2694 4983 2849 5036 οὑδὲν
2873 4980 2985 5050 γάρ
3021 4978 3130 5032 τῶν
3154 4976 3386 5030 καθόλου
3423 4978 3666 5041 τοπικῶς
3698 4995 3864 5047 περι-

2251 5082 2548 5154 γράφεται.
2601 5076 2725 5129 Ἔτι
2751 5074 2936 5127 δὲκαὶ
2977 5074 3025 5125 εί
3056 5071 3148 5124 τὸν
3177 5070 3412 5124 καθόλου
3440 5071 3737 5142 ἄνθρωπον
3767 5072 3867 5123 ἀν-

2251 5173 2479 5228 ελάϐετο
2525 5171 2551 5224 0
2583 5169 2860 5240 Χριστὸς,
2898 5167 2960 5222 τὸ
2992 5168 3050 5224 δὲ
3087 5168 3317 5225 καθόλου
3351 5163 3514 5218 τοῦτό
3540 5165 3678 5229 ἐστι,
3712 5163 3774 5218 τὸ
3802 5166 3864 5214 ὲν

2253 5267 2478 5329 πολλαῖς
2517 5266 2852 5320 ὑποστάσεσι
2888 5264 3288 5337 θεωρούμενον,
3351 5260 3506 5314 ἔσται
3554 5260 3583 5312 0
3619 5258 3866 5330 Χριστὸς

2254 5360 2402 5431 (ἐπεὶ
2451 5358 2545 5413 τὸν
2575 5356 2808 5411 καθόλου
2840 5356 3132 5425 ἀνείληφεν
3167 5352 3480 5424 ἄνθρωπον)
3526 5350 3871 5413 ὑποστάσεις

2254 5453 2472 5516 πολλαὶ,
2509 5451 2710 5523 μᾶλλον
2746 5450 2824 5514 δὲ,
2880 5450 3122 5520 ἄπειροι.
3173 5445 3480 5516 Συμὸαίνει
3534 5443 3594 5497 δὲ
3652 5445 3750 5497 καὶ
3787 5444 3870 5511 μὴ

2254 5547 2394 5603 εἶναι
2442 5549 2577 5619 ἡμῖν
2626 5545 2790 5600 αὑτὸν
2823 5543 3137 5616 όμοούσιονο
3175 5538 3590 5610 ἀναληφθέντος
3614 5536 3726 5609 γὰρ
3767 5535 3871 5589 τοῦ

2255 5641 2491 5697 καθόλου
2524 5639 2819 5712 ἀνθρώπου
2877 5639 2936 5691 ὲν
2988 5635 3070 5707 τῷ
3107 5634 3227 5706 Θεῷ
3257 5633 3442 5705 Λόγῳ,
3477 5631 3666 5685 οὐκέτι
3699 5631 3875 5700 ἡμεῖς

2257 5737 2538 5810 ἄνθρωποι
2591 5732 2954 5806 λεχθείημενο
3021 5729 3187 5784 πόθεν
3238 5728 3345 5800 γὰρ
3406 5727 3570 5781 τοῦτο
3628 5723 3872 5796 ὑπάρξει
