4132 6220
353 273 492 340 1293

1301 277 1404 337 AD
1442 273 1940 348 ΟυιΕδΤΙΟΝΕΞ
1971 270 2677 337 AMPHILOCHIANAS.

3504 279 3641 344 1294

345 398 499 465 ἡμῖν,
537 396 631 450 καὶ
682 395 827 451 κατὰ
874 396 928 449 τί
964 396 1373 469 κοινωνήσομεν
1402 397 1480 467 τῷ
1511 396 1765 468 Χριστῷ;
1797 396 1943 466 Πρὸς

2046 396 2179 450 dicti
2199 412 2447 453 essemus
2486 400 2771 464 homines;
2802 397 2947 455 unde
3000 398 3145 455 enim
3188 399 3291 457 hoc
3349 414 3497 459 esset
3542 423 3643 459 no-

342 489 388 543 δ’
416 488 483 542 αὖ
512 492 627 553 τοῖς
660 490 975 561 εἰρημένοις
1028 491 1124 543 καὶ
1154 488 1344 561 ἕτερον
1376 489 1609 561 ὑπάρξει
1655 490 1937 561 άτόπημα,

338 581 402 635 τὸ
432 580 540 633 τῶν
571 581 880 653 ἀνθρώπων
933 581 1169 636 ἕκαστον
1199 582 1295 635 καὶ
1346 582 1634 655 ἄνθρωπον
1672 580 1813 636 εἶναι
1844 581 1942 635 καὶ

343 674 421 746 μὴ
456 673 775 745 ἄνθρωπον·
836 675 1070 738 ἕκαστος
1114 674 1222 747 γὰρ
1270 675 1429 747 ἡμῶν
1468 674 1612 729 κατὰ
1639 675 1730 728 τὸν
1762 674 1940 746 ἀληθῆ

338 765 499 835 λόγον
534 765 822 838 ἄνθρωπός
845 768 963 821 ἐστί
990 786 1051 821 τε
1083 768 1178 821 καὶ
1207 768 1536 839 ὀνομάζεται
1564 785 1577 799 ·
1608 768 1704 821 τοῦ
1725 768 1780 821 δὲ
1802 767 1939 821 καθ-

342 858 491 923 όλου,
525 859 647 914 καθ’
678 860 707 913 δ
740 860 946 923 πάντες
977 861 1259 932 ἅνθρωποι
1302 857 1444 916 εἶναι
1475 861 1747 931 ἐλέγοντο,
1786 862 1941 934 παρὰ

339 950 433 1004 τοῦ
456 951 592 1004 Θεοῦ
632 952 809 1022 Λόγου
838 953 1269 1024 ἀναληφθέντος,
1298 954 1418 1019 πῶς
1457 955 1695 1025 ἐσόμεθα
1725 955 1940 1025 ἄνθρω-

340 1059 466 1109 ποι;
495 1042 595 1096 Διά
619 1038 712 1097 οὖν
737 1042 914 1097 ταῦτα
949 1044 1130 1098 πάντα
1170 1045 1266 1098 καὶ
1308 1045 1473 1115 ἔτερα
1504 1045 1727 1099 πλείονα
1753 1045 1813 1097 ού
1850 1043 1941 1097 λέ-

338 1152 510 1206 γομεν
538 1135 886 1206 ἀνειληφέναι
945 1136 1035 1191 τὸν
1062 1138 1297 1209 Χριστὸν
1341 1138 1432 1191 τὸν
1464 1138 1692 1192 καθόλου
1730 1138 1939 1210 ἄνθρω-

339 1245 461 1283 πον.
507 1228 648 1282 Ἀλλ’
679 1229 801 1282 οὑδὲ
833 1229 925 1283 τὸν
955 1230 1047 1283 ἐπὶ
1076 1232 1279 1302 μέρους
1304 1231 1593 1301 ἄνθρωπον
1612 1230 1941 1296 δίκαιονζὶᾶν

338 1322 427 1391 εἴη
479 1320 668 1390 λέγειν
720 1322 815 1375 τὸν
852 1322 1090 1397 Χριστὸν
1127 1323 1515 1394 ἀνειληφέναι·
1565 1324 1612 1377 εἰ
1646 1324 1756 1393 γάρ
1779 1324 1940 1377 τοῦτο

338 1412 546 1484 δοθείη,
569 1414 631 1466 οὑ
657 1413 759 1485 μία
787 1413 940 1468 ἕσται
966 1417 994 1468 6
1034 1415 1271 1488 Χριστὸς
1303 1415 1623 1480 ὑπόστασις,
1651 1415 1787 1469 ἀλλὰ
1810 1414 1903 1467 δύο
1922 1429 1937 1444 ⁸

338 1505 463 1559 τότε
491 1506 601 1577 γὰρ
630 1504 925 1561 άναλαῦεἰν
952 1506 1171 1577 ἐλέγετο
1206 1509 1234 1560 ὁ
1265 1510 1522 1577 Χριστιής
1569 1510 1660 1562 τὸν
1694 1511 1751 1563 ὲν
1779 1509 1938 1581 μέρει

338 1597 650 1668 ἄνθρωπον,
681 1598 735 1651 εί
758 1616 822 1669 γε
853 1599 954 1669 τὴν
987 1600 1151 1670 φύσιν
1183 1602 1323 1668 μετὰ
1352 1601 1459 1654 τῶν
1508 1602 1816 1672 ἰδιωμάτων
1841 1602 1938 1654 ἀν-

339 1689 566 1744 ἑλαὸενο
599 1690 739 1762 αὑτὴ
765 1691 821 1745 δὲ
847 1692 1000 1745 οὐδὲν
1022 1691 1211 1764 ἕτερόν
1243 1692 1415 1761 ἐστιν,
1448 1693 1482 1765 ἧ
1516 1693 1837 1756 ὑπόστασις.
1875 1693 1916 1745 Τ
1924 1693 1940 1745 ί

338 1776 435 1834 οὖν
484 1754 778 1835 ἀνελάϐετο
809 1783 837 1834 6
863 1754 1131 1852 Χριστός,
1176 1784 1294 1855 ὲρεῖ
1326 1754 1432 1848 τις,
1470 1754 1648 1854 ἐἴπερ
1686 1754 1811 1837 οὔτε
1845 1784 1937 1837 τὸν
1971 1754 2016 1813 Β

338 1880 572 1934 καθόλου
605 1880 914 1953 ἄνθρωπον,
947 1879 1073 1935 οὔτε
1102 1881 1194 1934 τὸν
1220 1884 1279 1935 ὲν
1319 1882 1476 1954 μέρει
1506 1881 1807 1954 ἀνείληφες
1838 1882 1941 1935 Λέ-

337 1990 533 2044 γομεν,
566 1975 647 2027 ὄτι
676 1974 973 2030 ἀνελάϐετο
996 1974 1097 2046 μὲν
1131 1976 1232 2047 τὴν
1262 1974 1611 2044 ἀνθρωπείαν
1637 1976 1823 2044 φύσιν,
1879 1974 1939 2039 ἐξ

339 2070 538 2124 ἑαυτοῦ
560 2070 619 2122 δὲ
647 2067 676 2120 6
706 2070 879 2138 Λόγος
911 2068 1157 2140 παρέσχε
1194 2068 1265 2121 τὰ
1297 2067 1586 2139 ἰδιώματα,
1619 2066 1718 2121 καὶ
1756 2065 1935 2131 οὕτως

336 2160 570 2232 οὐδεμία
589 2159 788 2214 ἀτοπία
813 2159 1312 2232 παρακολουθήσει.
1944 2166 1958 2240 τ

2044 488 2153 551 bis,
2178 495 2232 542 et
2266 488 2318 542 in
2356 504 2467 559 quo
2507 506 2833 545 communes
2856 491 3080 548 Christo
3122 493 3319 549 redditi
3347 500 3639 552 essemus?

2044 578 2295 635 Rursum
2342 581 2398 635 in
2434 582 2597 638 dictis
2626 584 2819 639 subest
2836 593 2891 640 et
2913 586 3018 640 alia
3048 587 3387 655 absurditas,
3422 591 3638 646 scilicet

2044 686 2499 741 unumquemque
2521 673 2809 728 hominum
2839 684 2894 730 et
2926 678 3203 733 hominem
3270 696 3395 735 esse
3428 690 3481 736 et
3528 698 3638 735 non

2042 760 2325 816 hominem
2354 779 2368 827 ;
2400 763 2787 834 unusquisque
2812 766 2959 820 enim
2987 770 3163 823 nostri
3193 772 3498 826 secundum
3542 788 3641 826 ve-

2044 868 2165 907 rum
2199 870 2511 908 sermonem
2536 864 2592 911 et
2639 855 2805 910 homo
2834 866 2915 912 est
2945 859 3254 927 etdicitnr;
3289 862 3383 917 sed
3416 862 3637 919 homine

2044 945 2098 999 in
2137 947 2460 1001 universum
2490 949 2797 1003 secundum
2819 966 2981 1021 quem
3015 966 3207 1009 omnes
3232 953 3485 1009 homines
3512 970 3640 1010 esse

2043 1039 2377 1096 dicebantur
2439 1043 2584 1112 apud
2640 1041 2810 1097 Deum
2865 1042 3105 1098 Verbum
3166 1055 3433 1117 accepto,
3488 1064 3633 1119 quo-

2043 1135 2208 1189 modo
2256 1136 2463 1189 erimus
2505 1135 2791 1191 homines?
2836 1134 3069 1207 Propter
3097 1136 3213 1192 haec
3254 1140 3421 1210 igitur
3446 1140 3635 1194 omnia

2042 1236 2097 1282 et
2128 1228 2232 1281 alia
2263 1229 2499 1297 plurima
2566 1244 2674 1283 non
2729 1228 2971 1284 dicimus
3025 1232 3308 1301 accepisse
3350 1232 3636 1289 Christum

2052 1321 2335 1375 hominem
2374 1323 2428 1375 in
2465 1322 2813 1378 universum.
2837 1321 2943 1377 Sed
2972 1339 3148 1394 neque
3183 1325 3503 1396 singulatim
3534 1327 3637 1380 ho-

2043 1413 2250 1467 minem
2289 1414 2504 1485 justum
2534 1424 2619 1471 est
2649 1416 2834 1471 dicere
2858 1416 3140 1472 Christum
3182 1421 3495 1490 accepisse;
3534 1422 3639 1478 hoc

2045 1508 2193 1562 enim
2233 1508 2277 1562 si
2317 1508 2739 1574 concederetur,
2767 1526 2873 1565 non
2908 1526 3014 1566 una
3039 1520 3184 1566 esset
3214 1513 3471 1569 Christus
3505 1529 3633 1584 per--

2042 1612 2201 1664 sona,
2230 1599 2326 1654 sed
2372 1600 2519 1665 duo;
2552 1608 2683 1656 tunc
2710 1602 2855 1657 enim
2893 1602 3169 1657 diceretur
3204 1604 3449 1659 Christus
3488 1607 3636 1660 acci-

2044 1705 2174 1760 pere
2202 1692 2483 1747 hominem
2515 1694 2822 1765 sigillatim,
2870 1696 2915 1749 si
2940 1705 3195 1751 naturam
3221 1714 3346 1753 cum
3375 1699 3629 1771 proprie-

2048 1783 2254 1838 tatibus
2291 1784 2599 1855 acciperet,
2635 1802 2760 1857 quae
2798 1787 2935 1841 nihil
2977 1788 3128 1842 aliud
3184 1798 3461 1860 estquam
3509 1807 3639 1862 per-

2045 1891 2209 1931 sona.
2245 1876 2388 1943 Quid
2422 1893 2555 1949 ergo
2587 1878 2801 1949 accepit
2836 1879 3116 1945 Christus,
3156 1881 3300 1937 dicet
3326 1883 3548 1954 aliquis,
3583 1885 3631 1939 si

2052 1970 2274 2041 quidem
2310 1987 2491 2041 neque
2524 1973 2576 2027 in
2608 1973 2932 2028 universum
2964 1972 3267 2039 hominem,
3304 1991 3481 2045 neque
3522 1976 3639 2029 siu-

2044 2063 2274 2135 guiatim
2303 2065 2563 2134 accepit?
2624 2064 2897 2127 Dicimus,
2935 2064 3065 2135 quia
3126 2063 3347 2134 quidem
3410 2066 3627 2136 accepit

2044 2158 2347 2211 humanam
2385 2167 2667 2223 naturam,
2698 2173 2764 2212 ex
2810 2156 2929 2228 ipsa
2977 2164 3159 2212 autem
3200 2157 3439 2212 Verbum
3504 2173 3640 2228 prat-

1946 2238 1962 2305 ἷι
1994 2238 2016 2316 “,
2044 2249 2166 2304 buit
2194 2250 2572 2319 proprietates
2606 2257 2662 2304 et
2692 2249 2773 2305 sic
2809 2250 2958 2303 nulla
2988 2258 3251 2319 sequetur
3295 2250 3636 2307 absurditas.

418 2342 483 2416 β’.
515 2344 590 2398 Τὸ
614 2342 871 2413 Χριστός
895 2342 1067 2414 δνομα
1099 2340 1228 2412 ὅρου
1284 2340 1513 2411 δύναμιν
1551 2338 1704 2411 ἔχει,
1761 2338 1796 2410 ἢ
1847 2300 1954 2392 οὐ.
1998 2310 2020 2377 τί.

345 2439 468 2503 σίας
493 2438 611 2491 ἐστὶ
643 2435 1002 2508 σημαντικὸν,
1051 2434 1311 2506 καθάπερ
1354 2433 1699 2506 ἄνθρωποςῆ
1733 2433 1939 2499 innec;

344 2529 486 2585 Ούτε
510 2532 638 2601 ὅρου
661 2528 893 2599 δύναμιν
917 2526 1053 2599 ἔχει,
1080 2525 1203 2580 οὑτε
1224 2526 1415 2589 οὐσίας
1438 2526 1555 2578 ἐστὶ
1581 2525 1939 2596 σημαντικὸν,

346 2624 678 2697 πράγματος
711 2622 769 2675 δέ
802 2639 949 2686 τινος
1004 2620 1297 2692 δηλοῦντος
1354 2619 1670 2691 ἐνέργειανο
1724 2620 1787 2672 τὸ
1831 2620 1943 2687 γὰρ

344 2713 603 2784 Χριστός
649 2713 821 2782 ὄνομα
866 2712 994 2784 μίαν
1051 2712 1355 2767 ὑπόστασιν
1406 2712 1685 2783 σημαίνει,
1733 2710 1850 2765 ἀλλ’
1881 2710 1942 2764 οὑ

348 2808 481 2879 μίαν
519 2807 702 2877 φύσιν·
726 2806 989 2875 Χριστὸς
1053 2806 1161 2876 γὰρ
1200 2804 1551 2878 μονοτρόπως
1586 2805 1649 2858 οὑ
1698 2805 1943 2874 λέγεται,

344 2897 459 2951 ἀλλ’
485 2898 543 2949 ὲν
559 2895 708 2967 αὑτῷ
724 2895 803 2966 τῷ
827 2895 1079 2966 ὀνόματι,
1106 2895 1185 2948 ἐνὶ
1206 2895 1343 2959 ὄντι,
1374 2894 1653 2966 ἑκατέρων
1679 2896 1945 2968 πραγμά-

343 3010 455 3044 των
482 2989 790 3043 δείκνυνται
810 2989 1078 3060 σημασία,
1109 2987 1485 3059 θεότητοςκαί
1503 2988 1942 3061 άνθρωπότητοςο

2114 2343 2175 2399 2.
2198 2341 2409 2397 Nomen
2436 2342 2681 2399 Christus
2710 2360 2842 2398 num
2879 2344 3097 2398 termini
3132 2345 3417 2410 virtutem,
3447 2345 3530 2400 vel
3553 2362 3643 2401 es-

2047 2437 2238 2493 sentim
2256 2434 2636 2507 signiﬁcandae
2653 2436 2761 2490 vim
2784 2435 2969 2500 habet,
2985 2436 3127 2491 sicut
3146 2436 3308 2491 homo
3326 2436 3412 2492 vel
3431 2437 3649 2507 equus?

2046 2530 2235 2602 Neque
2266 2531 2491 2586 termini
2524 2531 2813 2595 virtutem,
2858 2546 3036 2601 neque
3092 2532 3353 2586 essentiae
3418 2531 3636 2602 signiﬁ-

2046 2627 2239 2681 candze
2270 2627 2378 2681 vim
2413 2626 2598 2693 habet,
2652 2625 2748 2681 sed
2773 2624 3012 2694 alicujus
3063 2624 3144 2679 rei
3197 2625 3644 2679 demonstranda

2049 2718 2407 2781 facultatem;
2436 2734 2637 2774 nomen
2667 2720 2817 2774 enim
2857 2716 3107 2773 Christus
3141 2732 3306 2772 unam
3345 2732 3640 2788 personam

2050 2812 2348 2883 signiﬁcat,
2393 2827 2503 2866 non
2567 2822 2751 2866 autem
2818 2826 2986 2866 unam
3047 2818 3337 2877 naturam;
3384 2808 3645 2865 Christus

2048 2906 2195 2961 enim
2233 2921 2343 2960 non
2372 2904 2702 2974 simpliciter
2730 2904 2955 2968 dicitur,
3002 2903 3099 2960 sed
3145 2902 3201 2957 in
3237 2903 3358 2973 ipso
3392 2903 3638 2965 nomine,

2050 3012 2177 3053 cum
2210 3014 2383 3053 unum
2408 2998 2503 3064 sit,
2570 2998 2805 3053 duarum
2842 3012 3022 3052 rerum
3070 2996 3385 3052 ostenditur
3439 2994 3648 3066 signiﬁ-

351 3083 433 3136 διὸ
465 3083 563 3137 καὶ
597 3082 729 3145 Θεὸς
759 3080 977 3150 λέγεται
1008 3083 1036 3135 6
1091 3082 1348 3151 Χριστός
1382 3080 1479 3133 καὶ
1506 3080 1816 3152 ἄνθρωπος,
1849 3081 1944 3135 καὶ

2054 3103 2236 3158 catus,
2269 3090 2577 3146 divinitatis
2596 3100 2653 3146 et
2697 3089 3100 3156 humanitatis;
3156 3089 3367 3144 idcirco
3415 3096 3470 3144 et
3500 3087 3648 3143 Deus

345 3168 430 3239 εἷς
459 3174 611 3229 ἔστιν
630 3174 659 3227 6
692 3173 973 3242 Χριστός.

876 3283 1214 3339 ΕΡΩΤΗΣΙΣ
1264 3286 1413 3342 ΤΙΘ’.

352 3398 417 3454 Τί
448 3398 732 3469 σημαίνει
757 3397 797 3467 ἡ
827 3396 936 3453 τοῦ
979 3397 1232 3454 Ἀϐεσσα
1246 3399 1363 3472 λὼμ
1403 3398 1486 3469 τῷ
1512 3401 1691 3472 πατρὶ
1720 3400 1946 3456 suat/d-

1028 3486 1251 3538 στασις
1277 3488 1297 3536 ;

368 3580 385 3595 ’
419 3585 493 3638 Ἣ
516 3584 619 3655 τὴν
646 3583 756 3639 τῶν
793 3584 1067 3640 Ἰουδαίων
1106 3582 1367 3649 εἰκονίζει
1398 3583 1543 3639 κατὰ
1574 3583 1669 3639 τοῦ
1692 3584 1947 3657 Σωτῆρος

345 3678 719 3733 ἐπανάστασιν
753 3677 871 3749 (καὶ
901 3679 1011 3750 γὰρ
1054 3678 1189 3744 Υἱὸς
1216 3679 1595 3745 πρωτότοκος
1625 3680 1659 3734 ὀ
1681 3678 1945 3747 Ἰσραὴλ,

348 3770 468 3837 καὶ,
505 3770 678 3837 Υὶοὺς
697 3770 1000 3841 ἐγέννησα
1021 3770 1119 3825 καὶ
1140 3770 1363 3839 ὕψωσα
1396 3769 1652 3842 καὶτὸν).
1672 3810 1688 3825 .
1714 3807 1731 3826 .
1755 3809 1773 3827 .
1802 3765 1948 3825 οὗτοι

348 3862 759 3927 ἐπαναστάντες
814 3862 1109 3936 διήνεγκαν
1170 3862 1423 3927 θάνατον,
1477 3861 1798 3933 Ῥωμαῖκῆς
1844 3878 1949 3931 μα·

347 3954 570 4027 χαίρας,
601 3957 649 4009 εἰ
679 3956 775 4009 καὶ
807 3955 946 4025 μετὰ
977 3954 1180 4026 πολλὴν
1219 3953 1627 4027 μακροθυμίαν,
1659 3954 1947 4024 γεγονότες

347 4047 752 4119 παρανάλωμα.
792 4048 916 4103 Ὅτι
950 4046 1114 4102 Δαυῒδ
1158 4046 1433 4102 κωλύεται
1462 4046 1556 4101 τὸν
1588 4047 1716 4100 ναὸν
1740 4045 1947 4099 οἰκοδο-

351 4138 548 4211 μῆσαι,
578 4138 901 4208 ταμιεύεται
931 4138 988 4191 δὲ
1014 4138 1075 4191 τὸ
1098 4138 1260 4211 ἔργον
1288 4140 1368 4202 εἰς
1393 4138 1487 4191 τὸν
1527 4136 1588 4201 ἐξ
1615 4136 1784 4191 αὑτοῦ
1822 4151 1949 4204 γεν-

347 4231 582 4302 νηθέντα
611 4230 955 4302 Σολομῶντα,
979 4231 1038 4296 ὃς
1065 4229 1433 4302 ἑρμηνεύεται
1460 4229 1781 4299 εἰρηνικὸς,
1814 4228 1949 4281 διότι

349 4340 460 4395 περ
503 4323 538 4393 ἡ
588 4323 954 4387 ίνυπόστατος
1006 4324 1223 4395 εἰρήνη,
1263 4321 1501 4395 Χριστὸς
1541 4323 1570 4375 ό
1598 4322 1731 4385 Θεὸς
1762 4318 1945 4392 ἡμῶν,

347 4414 576 4485 ἔμελλεν
613 4414 675 4469 οὑ
701 4415 781 4482 τῷ
812 4415 1082 4470 Ἰουδαίων
1110 4414 1255 4469 ἔθνει
1284 4414 1467 4486 μόνον,
1503 4412 1639 4469 ἀλλὰ
1667 4415 1762 4466 καὶ
1782 4412 1948 4467 παντὶ

344 4510 427 4580 τῷ
456 4510 603 4580 γένει
647 4511 773 4565 ναὸν
824 4510 1179 4580 οἰκοδομῆσαι
1220 4508 1558 4579 ἁγιωσύνης,
1601 4503 1662 4560 οὑ
1710 4506 1760 4559 οἰ
1807 4524 1941 4560 κατ-

344 4601 657 4674 αξιούμενοι
685 4596 761 4657 ὧν
793 4618 850 4655 τε
884 4602 1095 4656 δέονται
1133 4600 1488 4672 τυγχάνουσι,
1530 4601 1626 4654 καὶ
1668 4599 1940 4671 κάθαρσιν

345 4696 457 4747 τῶν
487 4694 980 4766 πλημμελημάτων
1002 4694 1371 4766 εὑρίσκουσιν.
1419 4693 1574 4746 Ἐπεὶ
1603 4693 1810 4763 κυρίως
1845 4694 1942 4747 καὶ

344 4787 469 4857 οὐχὶ
496 4786 606 4839 τῶν
642 4786 889 4858 αἱμάτων
918 4787 1080 4859 χάριν
1110 4785 1440 4853 κεκώλυται,
1479 4787 1527 4840 εἰ
1570 4787 1667 4840 καὶ
1698 4786 1939 4859 εἴρηται,

345 4878 463 4932 ἀλλ’
484 4880 566 4932 ὅτι
592 4878 670 4950 τῷ
693 4878 852 4951 τύπῳ
885 4879 1217 4950 ἐφυλάττετο
1245 4880 1340 4933 καὶ
1375 4878 1476 4951 ὅλη
1508 4877 1588 4951 τῷ
1614 4878 1772 4951 τύπῳ
1803 4896 1942 4952 συμ-

350 4970 735 5044 περιείληπτο.
786 5016 817 5027 λ.
921 4988 1036 5027 eam

902 5110 1242 5166 ΕΡΩἸῊΣΙΣ
1264 5111 1399 5168 TK’.

353 5223 419 5280 Τι’
473 5224 607 5280 ἐστι
657 5226 725 5280 τὸ
756 5225 1185 5351 λ-φοιΰήσαῧθαι
1240 5225 1341 5283 καί
1379 5225 1737 5299 φαλάκρωμα
1788 5240 1950 5294 περι-

1086 5313 1271 5351 errat:

1086 5314 1235 5352 ειναι
1252 5313 1271 5362 ;

422 5388 497 5443 Τὸ
528 5388 627 5462 μὲν
652 5390 1061 5461 φοιϐήσασθαι
1096 5390 1245 5461 λέγει
1290 5391 1411 5446 ἀντὶ
1436 5388 1532 5442 τοῦ
1560 5389 1636 5461 μὴ
1670 5386 1953 5460 μαντείαις

427 5578 467 5608 ¹¹
504 5575 679 5635 Exod.
712 5591 788 5645 tv,
828 5574 917 5631 22.
998 5574 1042 5606 ¹²
1086 5573 1195 5630 lsa.
1228 5590 1266 5639 ι,
1301 5573 1359 5628 2.

348 5702 520 5829 ειεὲέ
567 5699 698 5755 Vide
767 5700 929 5754 etiam
981 5694 1040 5755 S.
1084 5696 1343 5754 Damasc.
1414 5693 1641 5753 Orthod.
1679 5691 1774 5762 (id.
1841 5688 1933 5759 lll,

2056 3183 2264 3239 dicitur
2292 3182 2554 3239 Christus
2579 3189 2634 3237 et
2662 3181 2849 3244 homo,
2871 3192 2924 3237 et
2957 3197 3101 3237 unus
3131 3189 3218 3237 est
3258 3180 3511 3236 Christus
3532 3179 3639 3252 (1).

2192 3295 2525 3364 QUAESTIO
2550 3294 2810 3353 CCCXIX
2841 3293 3035 3369 [CoisL
3069 3293 3240 3349 Taur.
3283 3292 3501 3366 XCIV].

2122 3408 2269 3477 Quid
2304 3411 2575 3482 signiﬁcat
2632 3409 2914 3465 Absalonis
2949 3411 3006 3464 in
3034 3419 3243 3480 patrem
3271 3409 3525 3465 rebellio‘
3556 3410 3582 3465 i

2121 3589 2232 3645 Aut
2264 3587 2579 3645 Iudaeorum
2605 3588 2803 3659 ﬁgurat
2832 3585 2889 3641 in
2924 3584 3264 3640 Salvatorem
3293 3582 3648 3639 rebellionem

2052 3680 2278 3752 (etenim
2301 3697 2315 3736 :
2344 3678 2514 3734 Filius
2540 3680 2923 3751 primogenitus
2944 3676 3121 3733 Israel
3137 3678 3177 3708 ¹¹
3202 3685 3285 3743 ;et
3304 3674 3477 3731 Filios
3495 3675 3653 3749 genui

2049 3783 2098 3826 οι
2137 3773 2374 3826 exaltavi
2406 3773 2449 3803 ¹²
2489 3790 2508 3823 ι
2544 3779 2597 3825 et
2626 3770 2704 3839 (Ξ)
2739 3810 2753 3824 .
2786 3808 2801 3824 .
2834 3809 2851 3826 .
2886 3809 2899 3826 .
2937 3810 2951 3825 .
2984 3810 2999 3824 .
3036 3808 3051 3824 .
3076 3769 3130 3824 hi
3159 3768 3487 3824 rebellantes
3506 3784 3655 3822 tuor-

2049 3872 2161 3919 tem
2197 3863 2519 3929 subierunt,
2553 3861 2804 3917 Romano
2839 3862 3093 3916 districto
3124 3860 3338 3931 gladio,
3376 3859 3483 3915 etsi
3523 3859 3653 3930 qui-

2050 3955 2176 4010 dem
2211 3964 2336 4026 post
2363 3956 2593 4008 multam
2643 3953 2960 4024 superbiam
2998 3953 3309 4023 perierunt.
3352 3950 3491 4017 Quia
3544 3949 3655 4004 Da-

2049 4048 2141 4103 vid
2192 4047 2518 4119 prohibetur
2573 4061 2601 4100 a
2636 4047 2841 4116 templo
2886 4045 3239 4109 aediﬁcando,
3292 4054 3657 4100 conservatur

2051 4155 2192 4210 opus
2231 4150 2360 4195 nato
2391 4139 2513 4207 ejus
2547 4136 2828 4192 Salomoni
2858 4136 2924 4203 ",
2954 4137 3098 4207 quod
3136 4136 3536 4207 interpretatur
3564 4152 3656 4207 pa-

2051 4236 2260 4305 ciﬁcus,
2292 4233 2422 4303 quia
2455 4231 2846 4303 personiﬁcata
2876 4246 2978 4300 pax
3001 4229 3257 4285 Christus
3286 4228 3431 4285 Dens
3466 4240 3656 4285 noster

2054 4327 2285 4383 debebat
2334 4325 2609 4381 aediﬁcare
2652 4337 2763 4378 non
2803 4330 3015 4377 tantum
3052 4320 3300 4377 Iudaica:
3342 4321 3516 4393 genti,
3549 4321 3646 4377 sed

2055 4422 2221 4477 etiam
2273 4418 2425 4475 omni
2494 4418 2644 4489 genti
2690 4416 3026 4485 ,sanctitatis
3092 4415 3410 4485 templum;
3487 4412 3652 4483 cujus

2054 4514 2149 4585 qui
2179 4512 2309 4571 sunt
2338 4512 2486 4583 digni
2520 4518 2575 4567 et
2600 4510 2803 4581 quibus
2837 4509 3084 4579 indigent
3110 4506 3384 4571 obtinent,
3418 4513 3475 4561 et
3507 4504 3651 4559 deli-

2049 4617 2264 4662 ctorum
2304 4603 2745 4675 puriﬁcationem
2781 4601 3093 4656 inveniunt.
3134 4597 3405 4665 Quoniam
3439 4595 3652 4667 princi-

2046 4697 2246 4768 paliter
2276 4707 2331 4752 et
2360 4695 2439 4766 ('5)
2474 4709 2585 4749 non
2624 4693 2957 4764 sanguinum
2983 4692 3161 4764 gratia
3193 4689 3647 4761 impedimentum

2044 4788 2278 4855 exstitit,
2300 4789 2403 4843 etsi
2425 4788 2662 4853 dicatur,
2684 4788 2778 4843 sed
2795 4785 2940 4857 quod
2968 4785 3022 4839 in
3040 4785 3209 4855 ﬁgura
3226 4782 3658 4840 conservabatur

2048 4893 2102 4940 et
2132 4883 2188 4938 in
2224 4883 2400 4955 ﬁgura
2445 4881 2906 4953 comprehensum
2946 4878 3070 4934 fuit.

2196 5103 2535 5176 QUIESTIO
2565 5100 3045 5175 cccxx1[coiu.
3077 5099 3244 5155 Taur.
3274 5093 3511 5168 xcvu].

2232 5222 2375 5290 Qutd
2400 5232 2476 5280 est
2504 5221 2805 5293 phmbizare
2835 5228 2884 5275 et
2906 5218 3174 5275 calvitiem
3204 5215 3420 5270 induero
3446 5213 3472 5267 2

2130 5381 2445 5439 Phaebizare
2495 5379 2629 5437 dicit
2681 5393 2805 5450 pro,
2846 5373 3188 5433 divinatione
3231 5370 3332 5428 uti.
3367 5366 3650 5427 Calvitiem

1482 5569 1526 5602 ¹³
1556 5567 1597 5623 ll
1627 5568 1765 5639 Reg.
1810 5582 1973 5631 xxnt,
2012 5579 2139 5620 XXIV
2193 5578 2348 5634 seqq.

2121 5686 2197 5757 (2)
2232 5684 2407 5757 Laesio
2437 5683 2665 5757 codicis.

2121 5755 2199 5831 (5)
2233 5755 2453 5828 Aliquid
2490 5757 2667 5811 det-st.
