4072 6346
509 231 572 292 Η
1308 231 1366 284 Β.
1407 229 1467 284 F.
1507 226 1730 284 ALBINI
1766 224 1895 282 SEU
1935 220 2207 278 ALCUlNl
2243 213 2524 277 OPERUM
2561 218 2740 273 PARS
2777 217 2857 271 Ill.

3703 207 3770 262 12

510 349 648 411 MM.
677 347 960 404 Alexandri
985 354 1029 400 et
1062 344 1334 408 Theodori,
1369 343 1496 396 0rd.
1521 342 1581 397 S.
1605 340 1735 394 Ben.
1765 356 1902 395 anno
1935 354 2062 393 nou
2091 339 2140 400 Α
2167 336 2457 407 prodesse:
2487 334 2710 405 proinde
2757 333 2931 388 detur”
2961 343 2993 385 a
3042 327 3152 383 Deo
3193 323 3379 381 electis
3419 334 3676 396 potestas
3709 335 3764 381 et

511 422 632 480 Kal.
678 417 818 488 Sept.
868 414 1386 488 Epistolam,_quam
1429 411 1786 488 prmlaudatus
1820 411 2062 488 domnus

507 479 673 549 abbas
708 479 973 556 opusculo
1006 479 1262 556 praeﬁxit,
1309 479 1661 556 adposteros
1681 479 2066 556 eiusdemmo-

506 548 728 618 nasteri-i
756 548 1031 611 directam
1071 553 1236 608 refert
1279 548 1659 604 celeberrimus
1681 549 1745 602 Ι).
1780 548 2068 618 Schelhor-

505 616 629 687 nius
657 631 710 682 in
739 623 1151 679 Ammnitatibus
1175 621 1313 674 Hist.
1346 619 1550 673 Eccles.
1575 627 1631 672 et
1655 618 1818 672 litter.
1845 626 1974 672 tom.
1999 616 2066 681 ll,

546 717 628 772 ag.
655 698 776 772 60f).
808 695 932 749 Hmc
967 692 1130 772 editio
1171 703 1315 743 nunc
1349 689 1634 772 adeoIEara
1662 696 1782 772 est...
1807 695 2069 772 utineque

509 755 562 825 in
580 755 1188 839 ’ξπ-θεὴιο-ιιιοιιιιειειςῖιξζ
1230 773 1404 839 neque
1452 757 1576 838 alibi
1604 773 1633 809 a
1663 755 1836 839 nobis‘
1843 755 2068 839 reperiri

507 826 760 911 potuerit.
814 834 1002 911 Restat
1041 826 1406 911 .nihi‘lominus
1457 828 1750 911 etiamnum
1794 826 2070 911 Ottoburm

507 895 670 964 Eodes
705 920 828 968 ms.,
873 903 940 956 ad
973 899 1125 966 cujus
1152 898 1311 968 ﬁdem
1334 897 1473 968 idem
1500 895 1833 968 Opusculum
1853 909 2073 964 expres-

507 994 626 1033 sum
669 975 786 1036 fuit,
817 965 889 1026 et
927 965 1088 1039 quem
1101 967 1194 1039 ad
1219 981 1409 1039 manus
1437 965 1742 1039 habuimus.
1769 965 1955 1039 Altera
1975 978 2072 1039 ve-

505 1031 650 1102 tusta
671 1060 733 1116 ac
761 1031 1006 1116 separata
1029 1037 1192 1116 editio
1213 1036 1413 1116 prodiit
1441 1033 1782 1116 Argentorati
1810 1035 1950 1114 apud
1967 1031 2073 1116 ge—

507 1098 649 1172 iiiis
693 1098 935 1183 Schéfer,
969 1098 1317 1183 c_t_.loanlieln
1331 1098 1705 1183 bili-ronianum
1733 1098 1930 1183 socios2
1967 1098 2072 1183 lia-

504 1185 676 1240 lendis
718 1180 923 1235 Martiis
962 1176 1117 1241 1550,
1141 1177 1298 1230 in-8°.
1331 1173 1508 1229 Editor
1556 1175 1612 1227 in
1650 1173 2070 1227 commendatio-

505 1271 632 1311 nem
666 1248 918 1311 Onusculi
947 1248 1063 1302 haec
1087 1245 1251 1300 verba
1292 1243 1444 1298 titulo
1473 1242 1668 1311 adjecit
1694 1261 1706 1296 :
1735 1241 1868 1296 Sunt
1902 1242 1958 1294 in
1985 1241 2068 1294 his

507 1325 654 1378 libris
683 1311 924 1391 pleraque
939 1327 1075 1391 certo
1103 1325 1151 1370 et
1181 1313 1320 1391 flare
1349 1313 1722 1391 deﬁnitahqnae
1747 1311 2070 1391 {nospotissi-

506 1410 648 1449 mum
667 1380 856 1445 sa'culo
893 1402 995 1440 non
1021 1387 1132 1438 sine
1165 1384 1287 1452 ﬁdei
1314 1380 1628 1436 contumelia
1650 1381 1705 1434 in
1731 1380 1947 1434 dubium
1981 1396 2066 1452 vo-

507 1473 709 1516 cantur.
771 1458 919 1512 Hanc
969 1449 1216 1509 similiter
1265 1452 1553 1506 editionem
1599 1465 1698 1519 pro
1749 1449 2068 1519 annotandis

503 1530 822 1588 lectionibus
846 1525 1174 1580 variantibus
1198 1521 1264 1576 ad
1289 1535 1478 1576 manus
1498 1518 1656 1574 habui
1682 1519 1942 1574 beneﬁcio
1967 1518 2068 1588 viri

504 1587 648 1658 bono
687 1596 996 1667 reipublicte
1018 1591 1300 1667 litte_rari_a_:_
1325 1591 1437 1667 nati
1481 1597 1840 1667 atque_antea
1865 1587 2066 1667 laudati

505 1672 570 1726 D.
596 1660 956 1728 Schelliornii,
984 1663 1037 1716 in
1060 1662 1210 1733 cujus
1233 1660 1553 1733 bibliotheca
1574 1660 1760 1714 eadem
1785 1666 2062 1733 servatur:
2102 1673 2145 1733 Β

506 1739 782 1810 quietiam
806 1735 888 1790 vir
906 1729 1234 1810 clarissimus
1259 1730 1416 1810 aliam
1445 1738 1744 1810 separatam
1765 1729 2068 1810 “editionem

506 1797 631 1866 cum
674 1803 1073 1863 Commentario
1122 1801 1280 1855 Luem
1323 1797 1521 1855 Lossii’
1549 1797 1891 1853 Francoi‘urti
1928 1813 2070 1852 anno

508 1879 648 1934 1554
669 1877 832 1940 iii—8°,
855 1881 1099 1929 curatam
1124 1869 1307 1940 refert,
1325 1869 1448 1924 libr.
1469 1868 1638 1940 rBibl.
1657 1869 1776 1940 Lat.
1792 1883 1915 1940 pag.
1945 1867 2066 1921 156.

504 1951 564 2006 ln
590 1938 916 2002 Bibliotheca
948 1951 1128 1996 tamen
1160 1939 1414 1993 Thuanea
1443 1939 1617 1991 eidem
1645 1938 1865 1992 editioni
1901 1952 2072 2006 annus

507 2005 684 2080 1555;
733 2011 1147 2080 commentarius
1185 2023 1316 2062 vero
1367 2007 1661 2080 Leonardo
1685 2006 1884 2080 _Lessi_o
1936 2005 2069 2080 (qui

508 2075 690 2144 tamen
711 2099 775 2139 eo
795 2097 936 2137 anno
950 2081 1037 2133 vix
1053 2079 1224 2133 lucem
1240 2077 1490 2145 aspexit),
1505 2076 1810 2132 ascribitur.
1830 2075 2072 2145 Tertiam

509 2161 724 2214 demum
752 2153 1042 2210 editionem
1079 2149 1272 2202 horum
1303 2144 1585 2211 librorum,
1615 2160 1734 2214 qum
1761 2144 2072 2200 vetustiori-

505 2229 609 2284 bus
632 2241 694 2280 ac
720 2221 1015 2278 rarioribus
1041 2217 1313 2272 aceenseri
1343 2223 1594 2279 meretur,
1625 2215 2072 2284 communicatam

507 2283 794 2352 habuimus
835 2307 902 2346 ex
948 2287 1270 2342 bibliotheca
1321 2284 1738 2354 locupletissima
1789 2283 2073 2354 Electorali

508 2362 833 2423 Monacensi,
866 2375 896 2413 a
925 2359 1040 2413 viro
1080 2352 1526 2426 prmstantissimo
1550 2353 1612 2406 D.
1645 2352 1820 2426 Felice
1846 2353 2070 2426 Qel‘elio,

505 2433 746 2503 ejusdem
805 2422 1142 2503 bibliothecae
1197 2434 1710 2503 curatore_s_ummc
1773 2422 2071 2503 industrio,

507 2491 828 2576 ιῇιιειιᾷιιιιιεΔ
851 2497 990 2568 apud
1027 2497 1293 2576 litteratos
1339 2493 1585 2576 nominis.
1610 2507 1675 2546 ae
1689 2491 1910 2576 ’φοι-ξιξ.
1942 2492 2076 2576 aro:

505 2561 738 2628 diituilla
789 2561 1227 2636 Constantimes
1273 2563 1622 2636 typographia
1678 2561 1910 2636 _Nicol_ai_
1952 2561 2075 2636 Kalt

507 2659 650 2698 anno
694 2639 829 2694 1596
859 2637 958 2693 sub
983 2637 1085 2690 hoc
1112 2635 1264 2688 titulo
1291 2629 1312 2687 ἶ
1332 2629 1426 2686 De‘
1449 2629 1776 2686 sdnctissima
1820 2629 2075 2686 Trinitate

507 2711 710 2768 libellus
737 2707 1017 2764 admodum
1038 2703 1298 2759 reverendi
1324 2701 1503 2755 Patris
1529 2699 1624 2754 Fr.
1650 2699 1858 2753 Alcuini
1877 2700 2069 2763 Albini,

505 2782 704 2836 abbatis
743 2777 1003 2850 quondam
1030 2773 1197 2850 sancti
1226 2771 1442 2826 Martini
1469 2769 1824 2850 Turonensis:
1847 2769 1915 2823 ad
1943 2786 2077 2823 sere-

508 2841 782 2907 nissimum
823 2863 885 2899 ac
929 2842 1337 2914 potentissimum
1388 2856 1554 2914 regem
1601 2855 1662 2891 ac
1690 2841 2073 2914 imperatorem

505 2929 783 2992 augustum
835 2909 1081 2992 Carolnm
1131 2910 1400 2992 Magnum.
1455 2909 1718 2992 Repe‘rtus.
1753 2909 1977 2989 primum
2025 2919 2074 2962 et

505 2977 1092 3060 deget-iptuseretusto
1134 2977 1337 3043 codice,
1382 2979 1435 3032 in
1478 2977 1805 3060 celeberrimo
1847 2978 2074 3060 virorum

509 3047 685 3114 divind
723 3054 884 3110 cultui
922 3050 1333 3119 mancipatorum
1380 3047 1607 3119 emnobio
1633 3047 1863 3119 AAugim
1895 3047 2073 3119 digitis

509 3135 830 3196 nuncupato,
877 3138 938 3175 ac
985 3114 1120 3196 non}:
1165 3114 2078 3196 demum“industrianNioolai.Kalt

508 3201 642 3268 typis
669 3185 983 3268 divulgatus.
1014 3186 1606 3268 Epistolandedicaltoria
1627 3185 1856 3268 editor-is
1875 3186 2078 3240 directa

506 3253 589 3322 est
613 3266 680 3320 ad
703 3253 835 3330 rem:
851 3261 968 3330 nob.
989 3253 1402 3330 acfntagniﬁourit
1431 3256 1696 3330 dominum
1819 3253 2078 3330 Joannem

507 3336 788 3406 Georgium
808 3323 872 3386 ab
895 3326 1106 3388 Haltt‘il,
1136 3323 1362 3406 ecclesia:
1387 3324 1701 3379 cathedralis
1723 3323 2080 3379 Constantien-

507 3409 582 3461 sis
611 3397 861 3458 ditcanum
892 3409 938 3454 et
961 3397 1288 3451 canonicum.

579 3472 924 3530 Clarissimus
947 3467 1188 3521 Andreas
1213 3464 1582 3531 Quercetanus
1623 3464 1722 3519 hos
1765 3461 1932 3516 libros
1975 3479 2077 3534 ope

509 3553 754 3600 veterum
808 3542 1289 3614 rece_ntioruﬂm‘qut_i_
1326 3533 1714 3614 esemplarium
1769 3533 2074 3614 correctos,

510 3623 669 3685 atque
715 3608 1048 3685 invocatione
1096 3605 1219 3685 S_Sn._
1248 3603 2074 3685 TrinitatiSLet.Svinliolo‘ﬁdei

514 3671 702 3739 auctos
747 3680 914 3734 edidit
962 3691 1084 3746 pag.
1129 3675 1224 3746 701
1258 3683 1312 3746 et
1340 3690 1489 3743 seqq.
1523 3671 1841 3746 Nobisihuic
1868 3671 2078 3746 nitimm

512 3752 737 3809 editioni
764 3749 936 3819 magis
963 3741 1346 3819 emaculandae,
1383 3741 1784 3819 prietenvarias
1817 3741 2080 3819 editiones

511 3823 834 3878 vetustiores
855 3811 1002 3870 'mox
1032 3814 1348 3874 recensitas.
1385 3811 1636 3868 'subsidio
1675 3811 1824 3865 fuere
1867 3811 2078 3865 codices

513 3909 643 3948 mss.
691 3886 1064 3950 vetustissimi,
1113 3885 1219 3938 duo
1257 3885 1472 3952 quidem
1512 3883 1855 3952 bibliothecae
1880 3889 2079 3934 nostrae

514 3963 572 4018 S.
607 3957 966 4020 Emmerami;
999 3949 1355 4024 qnatuorfalii
1379 3953 1716 4024 bibliothecae
1746 3949 1948 4024 scilicet
1972 3952 2079 4024 Au-

515 4041 685 4100 gustae
733 4019 1192 4100 Vindobonensis;
1236 4023 1460 4100 illustris
1497 4022 1712 4100 capituli
1753 4019 2080 4100 cathedralis

515 4089 894 4166 li‘risingensis,
925 4093 1259 4166 celeberrimi
1291 4089 1607 4166 monasterii
1632 4089 2076 4166 Tegernseensis,

518 4187 597 4245 ac_
630 4157 843 4245 demum
883 4157 1102 4245 inclytae
1141 4162 1378 4242 canonim
1425 4157 1888 4245 Beyerberg’ensi's.
1924 4157 2079 4245 [dli-as

515 4239 708 4294 deinde
748 4226 1146 4290 emendationes
1185 4226 1549 4300 accepimus'a
1583 4226 1712 4300 viro
1733 4227 1800 4281 cl.
1831 4226 2080 4300 D._Cate-

513 4309 650 4364 linot
691 4305 1051 4360 Benedictinm
1101 4317 1283 4371 congr.
1314 4296 1991 4371 'Lotltaringi‘cmusodale,
2041 4312 2079 4371 Ae

516 4356 671 4432 codd.
693 4356 1336 4433 mastrsan-Vittoniano,
1367 4377 1422 4423 et
1443 4367 1506 4422 S.
1538 4356 1810 4421 Michaelis
1833 4356 2084 4422 dimcesis
2112 4356 2158 4413 D

518 4443 873 4502 Virdunensis
917 4442 1232 4504 adnotatas;
1283 4439 1414 4492 alias
1461 4439 1690 4506 denique
1723 4449 1795 4506 ex
1844 4435 2082 4506 editione

518 4514 812 4570 Basileeusi
854 4512 978 4565 anni
1011 4511 1147 4564 1498
1183 4508 1348 4562 multa
1395 4506 1658 4560 industria
1705 4505 2007 4573 descriptas
2052 4521 2084 4558 a

517 4586 637 4639 viro
661 4582 960 4636 clarissimo
1000 4580 1060 4634 D.
1103 4579 1302 4634 Christ.
1352 4575 1497 4629 Frid.
1547 4573 1794 4628 Tcmlero
1840 4575 2086 4642 superius

521 4655 758 4709 laudato.
806 4652 883 4705 Ea
927 4665 1055 4720 ergo
1103 4664 1228 4720 quas
1265 4647 1318 4700 in
1367 4645 1600 4720 editione
1647 4642 1710 4695 D.
1763 4642 2086 4720 Quercetani

496 4723 765 4784 deerant,
789 4737 855 4776 ex
877 4713 1026 4774 hisce
1045 4713 1314 4792 codicibus
1334 4713 1594 4792 suppleta,
1609 4727 1719 4792 inec
1743 4714 2088 4792 nonvarian-

519 4801 602 4848 tes
631 4782 886 4847 lectiones
913 4786 1302 4858 qumradnotari
1351 4782 1715 4844 merebantur,
1747 4782 1957 4835 uncinis
2000 4783 2086 4835 in-

521 4863 669 4918 clusa
700 4860 869 4916 textui
893 4855 1055 4914 inseri
1081 4855 1406 4911 curavimus.

841 4982 1172 5042 EPISTOLA
1221 4977 1774 5036 NUNCUPATORIA.

591 5125 818 5181 Domino
859 5119 1089 5192 glorioso
1125 5113 1318 5170 Carolo
1348 5111 1659 5182 imperatori
1709 5110 2089 5179 augustissimo

501 5226 688 5288 atque
727 5208 1177 5270 christianissimo
1241 5204 1459 5260 humilis
1505 5203 1666 5256 levita
1717 5202 1992 5266 Alcuinus,
2034 5204 2089 5257 in

529 5307 756 5362 Domino
801 5304 910 5357 Deo
956 5296 1239 5370 prmsentis
1290 5293 1664 5364 prosperitatis
1714 5307 1779 5347 ac
1822 5301 2092 5362 perpetua:

525 5391 871 5450 beatitudinis
895 5388 1140 5444 salutem.

581 5483 736 5536 Dum
775 5479 1006 5548 dignitas
1043 5474 1340 5545 imperialis
1371 5489 1401 5527 a
1439 5472 1549 5527 Deo
1590 5473 1834 5527 ordinata
1867 5473 1934 5525 ad
1960 5471 2092 5526 nihil

533 5574 674 5629 aliud
693 5571 926 5626 exaltata
951 5584 1071 5626 csse
1101 5569 1331 5633 videtur,
1378 5565 1477 5620 nisi
1529 5563 1722 5633 populo
1769 5578 2000 5632 prmesse
2041 5571 2092 5616 et

2161 427 2426 498 sapientia
2450 445 2461 480 :
2492 434 2756 496 potestas,
2783 434 2842 479 ut
2864 424 3123 494 superbos
3148 422 3439 494 Opprimat,
3477 427 3541 474 et;
3565 419 3755 475 defena-

2163 519 2256 574 dat
2302 519 2370 572 ab
2417 517 2676 586 improbis
2723 515 2988 578 humiles;
3043 514 3326 582 sapientia,
3385 519 3448 566 ut
3497 517 3654 580 regat
3694 517 3753 563 et

2163 610 2355 665 doceat
2376 607 2462 678 pia
2483 607 2840 662 sollicitudine
2867 605 3157 674 subjectos.
3181 604 3277 659 His
3300 603 3526 666 duobus,
3555 609 3749 657 sancte

2168 699 2479 768 imperator,
2511 696 2824 750 muneribus
2865 695 3044 748 divina
3083 702 3318 748 vestram
3347 691 3754 762 incomparabia-

2169 791 2292 846 liter
2330 789 2681 846 subtilitatem
2711 786 2861 858 [Ms.,
2889 785 3323 857 sublimitatem],
3364 783 3608 853 ejusdem
3651 797 3753 837 no-

2171 881 2330 936 minis
2356 890 2412 936 et
2437 878 2672 934 numinis
2708 877 3140 932 antecessoribus
3166 877 3342 944 gratia
3367 874 3749 946 superexalta-

2170 972 2248 1026 vit
2287 979 2344 1026 et
2382 969 2686 1032 honoravit,
2735 977 2998 1022 terrorem
3036 967 3291 1035 potentiae
3341 975 3539 1021 vestrm
3586 977 3756 1035 super

2169 1074 2358 1114 omnes
2386 1057 2623 1128 undique
2645 1063 2832 1128 gentes
2856 1055 3170 1120 immitteus,
3200 1063 3259 1109 ut
3283 1055 3592 1110 voluntaria
3623 1056 3757 1109 sub-

2163 1151 2398 1221 jectione
2437 1151 2504 1204 ad
2547 1165 2666 1234 vos“
2679 1149 2917 1214 veniant,
2951 1163 3086 1216 quos
3111 1147 3380 1217 prioribus
3407 1147 3638 1202 bellicus
3668 1146 3756 1200 la-

2167 1241 2266 1296 bor
2309 1240 2637 1310 temporibus
2683 1239 2784 1294 sibi
2834 1239 3062 1293 subdere
3104 1254 3211 1292 non
3251 1238 3445 1308 potuit.
3479 1237 3622 1304 Quid
3654 1238 3758 1308 igi-

2167 1331 2289 1384 tur?
2317 1329 2455 1398 Quid
2483 1330 2744 1400 agendum
2780 1337 2862 1384 est
2890 1338 3082 1384 vestrm
3111 1329 3220 1383 Deo
3239 1327 3605 1384 devotissimm
3637 1327 3754 1382 sol-

2167 1419 2429 1476 licitudini
2477 1427 2717 1489 tempore
2759 1418 3066 1473 serenitatis
3109 1426 3164 1471 et
3211 1416 3394 1486 pacis,
3445 1432 3554 1486 quo
3609 1416 3758 1470 mili-

2167 1511 2301 1565 taris
2325 1508 2527 1564 laboris
2559 1507 2773 1578 cingulo
2802 1507 2976 1562 soluto
3007 1515 3152 1562 totus
3181 1507 3405 1575 paciﬁca
3438 1507 3626 1576 quiete
3654 1523 3758 1577 po-

2166 1599 2324 1669 pulus
2365 1613 2689 1654 concurrere
2734 1597 2957 1652 festinat
2998 1597 3063 1651 ad
3105 1605 3296 1650 vestrm
3334 1595 3598 1666 jussionis
3633 1597 3757 1652 edi-

2173 1699 2342 1757 ctum,
2364 1691 2706 1760 intentusque
2733 1696 2859 1744 ante
2882 1690 3132 1742 thronum
3159 1688 3347 1760 gratim
3373 1687 3507 1760 [Al.,
3535 1687 3755 1760 gloriae]

2167 1790 2359 1836 vestrae
2405 1782 2722 1845 consistere,
2781 1788 3102 1851 exspectans
3142 1780 3291 1850 quid,
3344 1781 3429 1834 cui
3477 1796 3754 1850 personae,

2165 1881 2345 1928 vestra
2373 1873 2665 1927 auctoritas
2700 1873 2994 1942 praecipere
3040 1872 3191 1936 velit,
3236 1872 3341 1926 nisi
3387 1871 3550 1926 etiam
3580 1871 3754 1943 704

2168 1966 2312 2020 omni
2343 1964 2589 2035 dignitati
2620 1963 2763 2034 justa
2795 1964 3105 2027 decernere,
3136 1971 3249 2016 rata
3276 1962 3594 2032 prmcipere,
3627 1977 3760 2015 san-

2169 2064 2254 2110 cta
2282 2055 2590 2120 admonere,
2619 2062 2679 2108 ut
2701 2055 2928 2123 quisque
2956 2053 3106 2108 laetus
3135 2068 3256 2106 cum
3287 2061 3558 2122 perpetuae
3599 2053 3754 2107 salu-

2169 2145 2239 2198 tis
2261 2151 2531 2213 prmcepto
2569 2143 2788 2198 domum
2829 2143 3049 2198 redeat?
3077 2141 3154 2196 Ne
3193 2157 3323 2196 vero
3365 2156 3499 2197 mem
3536 2142 3594 2196 in
3646 2141 3761 2196 Do-

2171 2233 2319 2292 mino
2368 2233 2668 2288 devotionis
2713 2232 2946 2286 studium
2993 2231 3104 2286 otio
3147 2239 3402 2300 torpens,
3461 2241 3645 2286 vestro
3700 2231 3759 2285 in

2170 2325 2555 2396 praedicatione
2606 2323 2886 2378 catholicm
2929 2322 3054 2376 ﬁdei
3099 2323 3310 2377 deesset
3342 2321 3632 2391 adjutorio,
3673 2324 3762 2377 di-

2173 2416 2290 2469 rexi
2339 2415 2695 2469 sanctissimm
2741 2414 3048 2468 auctoritati
3075 2421 3268 2468 vestrm
3306 2414 3371 2468 de
3411 2413 3513 2468 ﬁde
3548 2423 3759 2469 sanctm

2171 2514 2226 2560 et
2270 2505 2558 2560 individum
2601 2504 2906 2568 Trinitatis,
2939 2504 3038 2558 sub
3061 2504 3240 2573 specie
3268 2503 3534 2558 manualis
3560 2503 3758 2566 libelli,

2172 2609 2500 2659 sermonem,
2525 2605 2586 2648 ut
2611 2594 2804 2649 divinm
2829 2593 2947 2648 laus
2985 2575 3196 2649 cades
3235 2585 3510 2663 sapientiae
3543 2595 3762 2663 sapiena

2173 2686 2366 2740 tissimi
2402 2687 2680 2740 hominum
2724 2685 3048 2756 probaretur
3080 2686 3304 2756 judicio.
3349 2686 3460 2741 Nec
3505 2687 3763 2742 videlicet

2174 2774 2281 2829 alio
2325 2774 2564 2844 quolibet
2608 2783 2808 2830 vestrm
2846 2775 3142 2846 imperialis
3187 2775 3485 2844 majestatis
3533 2793 3762 2832 munere

2174 2862 2474 2934 digniorem
2543 2864 2922 2919 existimabam
2994 2866 3354 2934 sapientiam;
3423 2881 3521 2920 nec
3587 2867 3758 2921 alium

2177 2955 2471 3023 quemlibet
2521 2963 2630 3008 tam
2676 2955 2962 3010 excellenti
3005 2956 3231 3011 donoin
3266 2955 3576 3024 accipiendo
3601 2971 3760 3026 mque

2103 3021 2146 3083 (ἶ
2179 3021 2396 3116 dignum
2447 3047 2726 3116 putabam,
2771 3047 2898 3102 dum
2935 3048 3229 3116 principem
3255 3021 3434 3117 populi
3459 3021 3756 3103 Christiani

2175 3145 2369 3191 cuncta
2401 3137 2541 3192 scire
2564 3144 2620 3192 et
2641 3137 2934 3206 prmdicarc
2961 3153 3080 3206 qum
3112 3131 3221 3191 Deo
3262 3137 3510 3206 placeant
3535 3152 3764 3192 necesse

2176 3241 2316 3292 esse,
2354 3229 2692 3282 notissimum
2717 3237 2820 3282 est.
2845 3227 3027 3297 Neque
3053 3228 3194 3282 enim
3221 3242 3548 3298 quemquam
3576 3230 3759 3299 magis

2177 3319 2331 3374 decet
2371 3319 2453 3374 vel
2482 3319 2703 3374 meliora
2744 3333 2920 3384 nosse,
2965 3317 3051 3372 vel
3073 3318 3248 3388 plura,
3277 3335 3438 3388 quam
3466 3320 3758 3390 imperato-

2177 3426 2312 3476 rem,
2334 3409 2486 3478 cujus
2501 3411 2744 3466 doctrina
2761 3411 3009 3466 omnibus
3023 3413 3278 3480 prodesse
3294 3412 3452 3466 debet
3473 3412 3755 3482 subjectis.

2178 3499 2294 3554 Non
2334 3515 2462 3569 quo,
2507 3500 2804 3569 imperator
2827 3499 3022 3554 invicte
3045 3509 3100 3554 et
3129 3501 3543 3570 sapientissime,
3577 3516 3641 3555 ac
3665 3515 3756 3555 ιθ·-

2177 3589 2385 3661 fulgens
2428 3599 2626 3654 rector,
2671 3591 2873 3660 aliquid
2907 3592 3145 3647 scientim
3182 3602 3376 3647 vestrm
3412 3593 3534 3648 ﬁdei
3570 3595 3760 3648 catho—

2177 3680 2294 3734 licm
2336 3680 2666 3750 incognitum
2694 3695 2832 3748 esse,
2869 3681 2952 3735 vel
2981 3683 3156 3737 minus
3185 3683 3520 3753 exploratum
3549 3682 3761 3752 cogita-

2176 3786 2327 3825 rem:
2358 3773 2450 3826 sed
2496 3781 2555 3827 ut
2598 3773 2705 3826 mei
2743 3773 2996 3838 nominis,
3038 3790 3146 3844 quo
3195 3790 3226 3828 a
3269 3774 3589 3844 quibusdam
3633 3790 3757 3829 ma-

2175 3861 2344 3932 gister
2366 3863 2517 3932 (licet
2536 3879 2641 3918 non
2669 3865 2879 3937 merito)
2907 3881 3090 3930 vocor,
3117 3864 3349 3920 oliicium
3375 3865 3754 3932 ostenderem;

2175 3947 2278 4006 hec
2306 3967 2414 4006 non
2455 3961 2512 4007 ut
2554 3955 2926 4008 convincerem
2952 3969 3066 4017 eos,
3097 3954 3186 4022 qui
3211 3953 3391 4007 minus
3417 3953 3546 4007 utile
3569 3955 3760 4008 existi—

2177 4043 2438 4108 mabant,
2492 4052 2728 4097 vestram
2784 4042 3173 4098 nobilissimam
3225 4042 3582 4096 intentionem
3637 4044 3757 4098 dia-

2177 4132 2380 4188 leeticm
2421 4133 2714 4202 disciplinm
2743 4134 2948 4188 discere
2977 4133 3112 4188 velle
3149 4134 3404 4198 rationes,
3435 4149 3570 4203 quas
3597 4144 3758 4204 pater

2179 4223 2328 4296 [Ms.,
2352 4223 2566 4295 beatus]
2588 4225 2916 4294 Augustinus
2941 4225 2991 4278 in
3019 4225 3171 4281 libris
3195 4227 3260 4280 de
3281 4234 3464 4280 sancta
3487 4226 3756 4281 Trinitate

2184 4314 2423 4383 apprime
2452 4315 2786 4368 necessarias
2823 4330 2944 4370 esse
2983 4317 3211 4385 putavit,
3238 4316 3362 4371 dum
3390 4316 3754 4386 profundissi—

2186 4418 2302 4456 mas
2329 4398 2396 4456 de
2430 4411 2616 4456 sancta
2661 4404 2923 4459 Trinitate
2967 4406 3311 4474 qumstiones,
3344 4421 3450 4460 non
3476 4406 3580 4460 nisi
3608 4416 3758 4460 cate—

2185 4494 2458 4564 goriarum
2513 4492 2810 4550 subtilitate
2861 4494 3012 4568 [Ms.,
3064 4495 3418 4568 sublimitate]
3473 4495 3754 4566 explanari

2186 4598 2346 4652 posse
2373 4585 2638 4653 probavit.
2681 4584 2833 4651 Quod
2870 4587 3034 4640 etiam
3069 4588 3123 4641 in
3149 4595 3276 4644 ante
3307 4587 3580 4641 nominato
3605 4586 3757 4656 ejus-

2188 4671 2312 4726 dem
2341 4671 2519 4727 Patris
2545 4673 2803 4742 opusculo
2829 4675 2950 4744 pius
2969 4684 3025 4730 et
3048 4677 3271 4731 devotus
3292 4675 3578 4745 inquisitor
3598 4675 3757 4731 facile

2187 4759 2449 4825 inveniet,
2506 4761 2552 4816 si
2589 4761 2944 4832 philosophim
2991 4763 3349 4833 cognitionem
3391 4765 3446 4816 in
3498 4764 3758 4821 discendo

2191 4850 2394 4904 habere
2420 4865 2527 4904 non
2553 4852 2791 4921 negligit.
2831 4853 2957 4908 Haec
2995 4853 3176 4908 omnia
3205 4853 3393 4908 devota
3422 4853 3615 4908 mentis
3642 4854 3759 4908 acie

2193 4938 2564 5004 considerans,
2615 4950 2856 5010 tempore
2896 4941 3229 4995 celeberrimi
3277 4948 3594 5004 conventus,
3651 4957 3758 5010 quo

2193 5031 2502 5085 sacerdotes
2547 5032 2641 5085 Dei
2681 5041 2738 5086 et
2779 5032 2958 5101 populi
2983 5032 3363 5102 prmdicatores
3386 5030 3674 5086 Christiani
3703 5033 3760 5086 in

2193 5137 2358 5175 unum
2405 5122 2668 5191 imperiali
2713 5132 2980 5192 prmcepto
3025 5122 3372 5186 conveniunt,
3417 5138 3522 5178 non
3567 5123 3758 5192 ignava

2197 5211 2279 5281 (ut
2321 5213 2462 5283 reor)
2507 5203 2668 5282 opum
2708 5213 2945 5281 pondera
2977 5212 3030 5265 in
3060 5213 3271 5268 ratione
3306 5215 3586 5269 catholicae
3614 5213 3758 5277 ﬁdei,

2193 5312 2388 5356 vestrm
2413 5302 2872 5356 exeellcntissimm
2887 5289 3194 5356 auctoritati
3217 5303 3453 5367 attuli,si
3478 5303 3760 5365 Dominus,

2195 5392 2287 5461 qui
2328 5391 2652 5447 voluntatem
2678 5392 2887 5446 dicendi
2925 5389 3165 5456 dederat,
3209 5396 3398 5463 spiritu
3441 5394 3625 5463 gratim
3670 5407 3766 5448 cor

2197 5482 2281 5553 (ut
2307 5481 2373 5536 de
2401 5480 2517 5549 ejus
2543 5482 2753 5538 conﬁdo
2792 5483 3182 5551 misericordia)
3223 5485 3274 5537 in
3318 5485 3588 5554 agnitione
3627 5481 3764 5536 veri—

2201 5571 2326 5625 tatis
2373 5571 2709 5626 illuminavit.
2757 5571 2865 5627 Nec
2909 5573 3106 5641 aliquid
3155 5590 3272 5627 mea
3313 5575 3550 5631 invenire
3600 5572 3764 5627 valuit
