4072 6346
297 268 356 331 I3
949 268 1364 335 DOGMATICA.
1396 311 1464 320 -—
1500 281 1587 335 DE
1625 281 1777 336 FIDE
1817 281 1872 336 S.
1915 272 2302 336 TRINITATIS
2338 279 2516 335 LIBRI
2552 280 2635 336 IIl.
2675 280 2801 335 LIB.
2844 282 2882 335 l.
3469 289 3535 343 Η

298 386 521 451 devotio,
575 388 705 457 quid
745 389 964 446 liberius
1005 391 1242 458 afferret,
1290 405 1389 446 nec
1445 393 1573 461 quid
1624 392 1855 462 regalem
1881 402 1928 459 Α
1959 407 2086 446 num
2130 406 2300 460 genus
2338 390 2449 446 sola
2478 391 2734 463 viviﬁcat,
2764 391 2876 445 sola
2907 392 3226 457 sanctiﬁcat,
3264 397 3534 452 veraciter

294 478 716 535 benevolentiam
753 481 955 550 gratius
988 482 1259 551 accepisse
1294 490 1564 551 putarem.
1599 481 1736 548 Quid
1767 496 1860 536 ex-

294 567 411 620 inde
438 566 653 621 eﬁicere
693 568 764 622 sit
790 577 966 623 ratum
1001 570 1155 641 [Mss.
1189 570 1327 637 Quid
1354 571 1546 626 exinde
1571 570 1855 637 eﬁicerem,

289 657 480 710 omisso
507 658 577 711 sit
598 658 823 731 ratum],
848 669 1041 715 vestrm
1061 662 1395 730 probationis
1414 669 1689 730 exspectat
1706 660 1858 733 [.Ils.,

288 745 515 817 spectat]
559 747 844 816 judicium,
877 751 919 804 si
949 751 1106 820 digne
1130 768 1282 805 meus
1304 752 1403 806 iste
1424 751 1577 806 labor
1608 752 1661 805 in
1688 766 1863 806 sacer-

284 835 493 891 dotales
522 840 814 907 procedere
848 841 1023 895 valeat
1060 856 1239 896 aures.
1283 842 1425 912 Ergo
1464 851 1655 897 vestrze
1684 841 1859 911 digni-

284 926 413 979 tatis
459 927 681 981 dextera
728 929 885 984 dante
913 931 979 985 ad
1012 931 1315 1002 legendum,
1365 947 1524 987 nemo
1556 930 1701 1000 juste
1742 946 1860 985 mea

285 1017 427 1071 dicta
450 1032 706 1087 spernere
737 1021 952 1090 poterit,
982 1022 1105 1091 quia
1127 1021 1405 1091 probantis
1428 1022 1721 1075 auctoritas
1744 1020 1861 1089 plu-

284 1107 358 1161 ris
402 1108 707 1162 aestimatur
745 1126 906 1179 quam
953 1111 1239 1166 scribentis
1285 1111 1516 1166 devotio.
1567 1110 1731 1164 Multa
1778 1117 1862 1163 est

282 1196 539 1251 omnibus
582 1197 825 1254 ﬁdelibus
866 1202 920 1255 in
966 1209 1145 1255 vestra
1181 1201 1380 1269 pietate
1405 1200 1666 1271 gloriandi
1693 1198 1855 1253 facul-

281 1294 388 1349 tas,
413 1286 542 1339 dum
571 1287 871 1343 clementiae
903 1299 1097 1345 vestra:
1121 1291 1421 1346 sollicitudo
1448 1289 1859 1357 sacerdotalem,

279 1383 339 1428 ut
380 1376 558 1439 decet,
594 1377 756 1431 habet
779 1379 831 1432 in
858 1380 1235 1447 praedicatione
1273 1380 1422 1434 verbi
1464 1379 1558 1433 Dei
1599 1379 1857 1447 vigorem,

279 1475 333 1519 et
362 1466 661 1536 perfectam
690 1470 744 1522 in
770 1470 1032 1524 catholica
1056 1471 1159 1525 ﬁde
1183 1471 1486 1535 scientiam,
1515 1477 1570 1525 et
1590 1469 1860 1525 sanctissi-

277 1574 425 1613 mam
438 1573 538 1627 pro
555 1559 832 1614 hominum
846 1559 1023 1632 [.llss.,
1041 1561 1302 1634 omnium]
1318 1562 1488 1617 salute
1502 1562 1856 1616 devotionem.

275 1647 626 1718 Quapropter
669 1652 1039 1707 universorum
1081 1655 1331 1725 precibus
1380 1654 1617 1709 ﬁdelium
1668 1664 1859 1722 optan-

277 1740 406 1793 dum
445 1749 552 1805 est,
583 1750 643 1796 ut
674 1741 728 1796 in
752 1758 966 1797 omnem
993 1745 1219 1814 gloriam
1258 1753 1497 1800 vestrum
1541 1745 1861 1799 extendatur
1892 1732 1935 1793 Β

276 1830 601 1898 imperium;
651 1841 713 1887 ut
757 1834 963 1888 scilicet
1002 1834 1266 1889 catholica
1312 1833 1464 1898 ﬁdes,
1506 1850 1625 1903 qua:
1670 1834 1858 1887 humac

1963 482 2018 537 in
2056 497 2162 535 una
2204 481 2540 537 confessione
2586 491 2901 536 cunctorum
2947 482 3215 551 cordibus
3242 484 3532 556 inﬁgatur'

1960 581 2226 642 quatenus
2252 572 2447 627 summi
2482 572 2644 644 Regis
2669 575 2899 630 donante
2934 575 3152 644 pietate,
3186 578 3375 632 eadem
3404 595 3529 633 san-

1957 673 2059 719 cta:
2083 664 2230 733 pacis
2256 671 2310 717 et
2335 662 2584 732 perfectae
2612 665 2914 730 charitatis,
2938 681 3128 720 omnes
3151 668 3351 738 ubique
3380 678 3533 738 regat

1958 763 2014 810 et
2057 754 2330 809 custodiat
2369 755 2569 809 unitas.
2606 755 2714 811 Nec
2738 756 2883 811 aliud
2905 756 3255 826 omnipotenti
3284 759 3395 815 Deo
3414 776 3532 814 mu-

1960 858 2062 896 nus
2085 842 2371 898 amabilius
2397 857 2518 897 esse
2544 845 2821 911 probatur,
2852 860 3012 915 quam
3042 847 3096 901 in
3132 847 3397 903 catholica
3427 849 3533 904 ﬁde

1960 931 2154 986 divinae
2181 933 2483 987 concordiae
2516 933 2753 988 charitas
2794 934 2946 1004 [Ms.,
2986 937 3275 991 concordia
3300 938 3537 992 cbarita-

1961 1020 2076 1091 tis],
2113 1029 2172 1074 ut
2195 1035 2383 1076 omnes
2428 1037 2594 1075 unum
2622 1022 2729 1076 sint
2760 1022 2813 1075 in
2837 1022 3074 1087 Christo,
3106 1026 3198 1093 qui
3229 1041 3329 1095 pro
3354 1026 3533 1081 omni-

1958 1110 2059 1164 bus
2088 1118 2331 1163 mortuus
2356 1120 2473 1164 est:
2504 1125 2599 1177 per
2626 1127 2783 1179 quem
2812 1113 2990 1166 cuncti
3021 1115 3303 1170 credentes
3336 1116 3389 1170 in
3412 1131 3535 1171 eum

1958 1198 2258 1253 eﬁiciantur
2282 1198 2377 1252 ﬁlii
2399 1206 2614 1254 :eternze
2634 1199 2999 1255 beatitudinis.

2030 1327 2074 1382 O
2104 1327 2219 1382 Rex
2248 1336 2475 1398 augusto
2500 1328 2799 1383 clarissime
2824 1329 3014 1399 dignus
3049 1330 3274 1396 honore,

2102 1417 2167 1472 Et
2197 1419 2322 1482 dux,
2347 1426 2398 1472 et
2427 1418 2633 1479 doctor,
2668 1426 2722 1472 et
2747 1419 2908 1473 decus
2930 1420 3161 1488 imperii.

2032 1510 2107 1565 Te
2130 1510 2291 1566 Pater
2341 1519 2500 1580 atque
2525 1511 2701 1565 Patris
2726 1511 2933 1578 Proles,
2961 1522 3013 1568 te
3036 1512 3268 1583 Spiritus
3294 1516 3467 1571 almus

2104 1602 2377 1672 Protegat,
2415 1602 2635 1668 exaltet,
2665 1602 2854 1668 salvet,
2887 1603 3131 1669 honoret,
3159 1612 3320 1659 amet.

2034 1693 2205 1760 Quem
2227 1700 2314 1747 tua
2337 1708 2433 1762 per
2452 1693 2695 1763 populos,
2712 1702 2904 1757 terras,
2919 1708 3016 1762 per
3037 1709 3219 1763 regna,
3238 1711 3335 1764 per
3354 1698 3533 1761 urbes,

2107 1782 2255 1837 Mens
2279 1782 2366 1852 pia
2394 1781 2711 1850 permandet
2740 1797 2955 1853 semper
2978 1799 3161 1839 amare
3187 1784 3377 1840 Deum.

294 1972 3527 2000 mw“—

1432 2086 1788 2159 705-706
1843 2086 2077 2146 LIBER
2122 2089 2435 2150 PRIMUS.

633 2272 1000 2331 PREFATIO
1040 2274 1117 2345 (IN
1135 2291 1283 2330 non.
1309 2290 1426 2329 car.
1461 2274 1522 2345 ι).

350 2389 410 2441 In
435 2386 654 2441 nomine
681 2393 880 2440 sancta:
906 2383 1208 2439 Trinitatis.
1226 2381 1481 2449 Quamvis
1508 2376 1650 2435 enim
1673 2381 1726 2435 in
1754 2379 1857 2435 hu-

274 2476 365 2546 jus
385 2478 561 2532 exsilii
590 2489 947 2532 aerumnosam
972 2476 1270 2531 caecitatem
1307 2490 1405 2545 pro
1430 2474 1707 2543 originalis
1737 2489 1862 2543 pec-

280 2572 387 2626 cati
431 2569 732 2638 justissima
769 2584 947 2639 ptena,
994 2567 1187 2636 gaudio
1213 2565 1343 2638 [Αι.,
1372 2581 1402 2619 a
1442 2564 1659 2637 gaudio]
1688 2565 1860 2619 beatae

283 2662 557 2717 felicitatis
586 2661 773 2729 dejecti
826 2661 1014 2726 simus,
1046 2675 1152 2714 non
1186 2666 1361 2713 tamen
1391 2658 1466 2711 ita
1497 2658 1619 2712 inde
1647 2656 1860 2726 praecisi

282 2762 442 2821 atque
474 2751 687 2821 abrupti
718 2766 902 2804 sumus
930 2790 943 2813 ,
991 2758 1050 2802 ut
1080 2749 1243 2803 etiam
1273 2748 1326 2802 in
1357 2746 1473 2802 istis
1516 2746 1861 2801 mutabilibus

282 2851 335 2896 et
364 2841 751 2911 temporalibus
762 2840 1138 2905 aeternitatem,
1159 2839 1460 2901 veritatem,
1474 2836 1859 2890 beatitudinem

280 2948 526 3002 quaerere
555 2931 636 2985 vel
680 2931 987 2985 desiderare
1015 2930 1340 3001 ignoremus.
1366 2927 1517 2994 Quod
1539 2943 1605 2981 ex
1631 2941 1695 2981 eo
1736 2942 1859 2995 per-

282 3025 529 3093 spicuum
555 3031 659 3087 est,
681 3023 821 3093 quod
876 3038 974 3077 nec
1016 3021 1151 3075 mori
1175 3061 1190 3086 ,
1238 3036 1337 3075 nec
1363 3020 1471 3074 falli
1498 3061 1512 3085 ,
1545 3035 1644 3074 nec
1676 3019 1855 3074 miseri

282 3128 400 3167 esse
428 3112 757 3166 voluntatem
780 3111 1059 3167 habemus.
1090 3110 1242 3166 Unde
1268 3125 1335 3164 ex
1367 3111 1468 3165 hoc
1497 3110 1727 3163 naturali
1777 3110 1859 3163 ine

284 3204 483 3257 stinctu
508 3202 694 3256 beatos
725 3218 844 3257 esse
872 3201 1005 3255 velle
1029 3199 1320 3273 [omnibus]
1348 3216 1630 3255 commune
1657 3209 1740 3255 est
1762 3201 1860 3255 ho-

285 3294 551 3358 minibus;
606 3293 731 3348 licet
766 3294 978 3349 diverso
1006 3292 1165 3347 modo
1206 3292 1260 3346 in
1286 3292 1481 3346 animis
1531 3290 1860 3361 singulorum

283 3387 631 3441 beatitudinis
652 3386 918 3455 appetitus
939 3384 1050 3438 ﬁat.
1077 3384 1303 3451 Quidam
1328 3399 1458 3439 vero
1476 3384 1692 3439 beatum
1717 3383 1861 3437 aesti-

285 3477 663 3549 mabant[Al.,
701 3477 990 3549 aestimant]
1019 3492 1137 3533 esse
1188 3493 1354 3547 regno
1397 3478 1558 3546 potiri
1602 3484 1857 3541 terreno;

283 3567 372 3621 alii
397 3568 598 3621 divitiis
623 3568 930 3632 abundare;
963 3567 1050 3621 alii
1109 3568 1402 3624 honoribus
1433 3566 1689 3632 exaltari;
1742 3568 1862 3636 qui-

287 3656 405 3709 dam
435 3670 567 3710 vero
604 3656 850 3711 laudibus
875 3655 1116 3710 celebres
1162 3671 1280 3711 esse
1307 3656 1566 3727 gaudent;
1594 3654 1681 3708 alii
1711 3655 1861 3708 volu-

287 3747 526 3815 ptatibus
558 3746 762 3801 inhiant
795 3747 1137 3810 carnalibus;
1194 3749 1287 3799 sed
1316 3760 1651 3815 nequaquam
1681 3745 1735 3798 in
1762 3746 1864 3799 hu-

282 3834 369 3904 jus
392 3842 518 3891 vitae
546 3836 876 3892 volubilitate
911 3853 1040 3892 vera
1070 3836 1296 3890 inveniri
1338 3835 1535 3905 poterit
1563 3834 1858 3889 beatitudo.

288 3928 552 3994 Quocirca
580 3937 695 3982 tota
728 3938 1039 3984 sanctarum
1060 3929 1227 3982 series
1259 3927 1664 3996 Scripturarum
1704 3941 1802 3980 nos
1830 3942 1861 3979 a

288 4019 519 4074 terrenis
548 4020 616 4074 ad
649 4020 889 4075 caelestia
942 4019 1075 4087 erigi
1103 4019 1420 4073 adhortatur
1442 4058 1456 4082 ,
1506 4016 1597 4070 ubi
1647 4031 1773 4069 vera
1810 4024 1860 4069 et

287 4115 613 4183 sempiterna
640 4121 720 4167 est
761 4113 1066 4177 beatitudo;
1112 4111 1177 4165 ad
1212 4125 1372 4180 quam
1403 4110 1504 4164 nisi
1554 4124 1652 4179 per
1702 4108 1862 4162 ﬁdem

288 4205 567 4263 catholica:
588 4204 754 4274 pacis,
784 4210 1105 4271 cooperante
1126 4201 1388 4255 cbaritate
1416 4199 1512 4252 Dei
1538 4195 1861 4267 etproximi,

290 4298 557 4353 neminem
588 4297 870 4365 pervenire
894 4308 1048 4364 posse
1085 4293 1444 4348 certissimum
1472 4299 1573 4345 est.

444 4431 601 4501 707
629 4428 853 4485 CAPUT
892 4426 1160 4483 PRIMUM
1190 4427 1266 4497 (IN
1292 4442 1438 4480 ειιιτ.
1461 4441 1578 4480 car.
1604 4423 1686 4495 ιι).

288 4544 443 4611 Quod
477 4545 546 4597 ad
567 4559 736 4598 veram
771 4544 1137 4597 beatitudinem
1167 4544 1265 4597 nisi
1301 4559 1392 4611 per
1429 4541 1585 4609 ﬁdem
1632 4539 1853 4594 cat/toli-

667 4631 780 4667 cam
807 4615 1069 4683 pervenire
1092 4630 1238 4667 nemo
1260 4612 1461 4682 poterit.

356 4725 598 4795 Denique
620 4727 686 4781 ad
719 4741 898 4780 veram
948 4725 1332 4779 beatitudinem
1361 4722 1643 4793 pervenire
1675 4722 1857 4778 voleno

289 4818 434 4872 tibus
467 4817 640 4884 primo
677 4817 917 4870 omnium
942 4815 1072 4871 ﬁdes
1114 4816 1419 4871 necessaria
1448 4822 1549 4877 est,
1573 4815 1711 4869 sicut
1736 4829 1861 4885 θροη-

289 4909 480 4962 stolica
508 4909 662 4962 docet
686 4907 1000 4972 auctoritas,
1031 4907 1250 4961 dicens:
1274 4906 1384 4959 sine
1418 4906 1523 4974 ﬁde
1548 4905 1863 4975 impossibile

289 5010 365 5053 est
393 4998 498 5052 Deo
523 4998 726 5068 placere
759 4996 944 5069 (IIebr.
974 5014 1052 5062 ιιι,
1086 4998 1161 5066 6).
1191 4996 1413 5051 Constat
1436 5011 1565 5067 ergo
1592 4996 1860 5050 neminem

290 5093 358 5147 ad
396 5106 579 5145 veram
610 5091 893 5160 pervenire
936 5104 1094 5159 posse
1140 5089 1523 5145 beatitudinem
1554 5129 1568 5155 ,
1621 5088 1723 5143 nisi
1755 5087 1863 5143 Deo

290 5184 525 5253 placeat;
558 5191 612 5236 et
638 5182 747 5237 Deo
777 5182 1044 5235 neminem
1092 5180 1305 5249 placere
1333 5195 1512 5249 posse,
1543 5179 1644 5233 nisi
1685 5193 1781 5249 per
1803 5177 1865 5232 ﬁ-

292 5272 432 5325 dem.
476 5271 629 5326 Fides
655 5285 887 5340 namque
924 5269 1051 5343 [est]
1094 5270 1357 5324 bonorum
1385 5268 1625 5322 omnium
1669 5266 1861 5322 funda-

293 5369 553 5416 mentum.
591 5360 749 5416 Fides
777 5370 861 5416 est
878 5359 1124 5415 humanae
1148 5358 1335 5414 salutis
1354 5358 1595 5422 initium;
1625 5358 1739 5412 sine
1761 5358 1862 5412 hac

293 5468 452 5508 nemo
469 5454 535 5509 ad
566 5438 796 5509 ﬁliarum
824 5452 919 5508 Dei
967 5460 1144 5523 potest
1173 5451 1498 5507 consortium
1545 5447 1859 5521 pervenire;

1963 2273 2088 2343 quia
2112 2271 2227 2327 sine
2268 2271 2381 2342 ipsa
2407 2287 2506 2328 nec
2541 2273 2594 2327 in
2627 2270 2729 2328 hoc
2755 2270 2950 2331 saeculo
2972 2275 3254 2347 quisquam
3275 2274 3540 2349 justiﬁca-

1961 2362 2122 2417 tionis
2151 2363 2500 2433 consequitur
2528 2364 2777 2433 gratiam,
2802 2380 2902 2421 nec
2923 2366 2976 2420 in
3006 2365 3189 2424 futuro
3215 2370 3378 2426 vitam
3415 2388 3543 2443 pos-

1960 2450 2156 2505 sidebit
2179 2460 2457 2505 aeternam.
2488 2452 2558 2507 Et
2582 2453 2626 2508 si
2652 2456 2772 2524 quis
2807 2456 2898 2510 hic
2925 2472 3030 2511 non
3063 2458 3418 2518 ambulaverit
3442 2480 3540 2533 per

1961 2543 2142 2611 ﬁdem,
2171 2560 2277 2598 non
2306 2545 2584 2615 perveniet
2613 2548 2679 2602 ad
2702 2548 2936 2617 speciem
2963 2550 3135 2608 beatae
3184 2554 3405 2612 visionis
3436 2557 3540 2613 Do-

1960 2634 2094 2688 mini
2123 2636 2292 2689 nostri
2313 2635 2441 2690 Jesu
2461 2635 2680 2691 Christi.
2705 2637 2937 2695 Proinde
2962 2642 3139 2698 omnis
3166 2644 3346 2700 anima
3376 2648 3543 2705 ratio-

1963 2725 2104 2783 nalis
2150 2735 2307 2781 mtate
2335 2742 2571 2798 congrua
2601 2729 2773 2783 discat
2813 2729 2972 2785 ﬁdem
3018 2734 3374 2802 catholicam,
3417 2753 3538 2793 ma-

1963 2818 2107 2874 xime
2135 2818 2315 2888 populi
2353 2819 2737 2889 prtedicatores
2761 2821 3072 2890 Christiani,
3113 2834 3167 2880 et
3187 2826 3540 2885 ecclesiarum

1962 2909 2058 2963 Dei
2080 2909 2347 2975 doctores,
2378 2919 2438 2964 ut
2465 2912 2672 2981 possint
2692 2913 2904 2968 veritati
2929 2916 3420 2976 contradicentibus
3444 2936 3541 2976 re—

1962 2998 2173 3065 sistere,
2220 3008 2276 3054 et
2323 3001 2643 3057 catholicam
2689 3005 2992 3059 amantibus
3040 3022 3227 3076 pacem
3260 3013 3537 3080 prodesse.

1960 3087 2239 3155 Quomodo
2265 3092 2477 3146 docebit
2505 3093 2627 3161 quis
2664 3094 2804 3163 quod
2832 3110 2937 3149 non
2965 3097 3192 3153 didicit?
3233 3102 3325 3156 Vel
3355 3103 3534 3173 quali-

1964 3189 2044 3235 ter
2087 3190 2271 3253 pastor
2304 3198 2423 3239 esse
2459 3186 2682 3253 poterit,
2735 3187 2777 3241 si
2814 3203 2951 3257 pane
2999 3190 3122 3245 vitae
3171 3208 3383 3263 gregem
3433 3196 3536 3251 sibi

1961 3274 2306 3328 commissum
2331 3288 2552 3342 pascere
2582 3274 2828 3344 ignorat?
2858 3276 2966 3331 Nec
2979 3280 3266 3336 erubescat
3285 3284 3534 3339 nesciens

1960 3364 2166 3419 discere
2195 3364 2335 3433 quod
2379 3366 2606 3436 ignorat,
2655 3381 2755 3421 nec
2803 3369 2977 3423 sciens
3004 3372 3188 3425 tardus
3240 3373 3311 3426 sit
3342 3375 3541 3429 docere

1962 3455 2103 3523 quod
2132 3456 2297 3509 novit.
2331 3454 2478 3511 Sciat
2516 3466 2746 3528 uterque
2795 3446 2853 3513 se
2888 3475 2986 3515 suo
3027 3458 3253 3519 Domino
3304 3474 3540 3534 acceptas

1960 3534 2199 3615 pecuniae
2242 3548 2503 3603 rationem
2537 3550 2889 3605 redditurum.
2920 3550 3070 3607 Tunc
3120 3544 3535 3612 desiderabilem

1962 3634 2133 3690 ﬁdelis
2158 3651 2347 3692 servus
2387 3639 2568 3693 audiet
2596 3655 2787 3695 vocem
2834 3641 3045 3697 Domini
3095 3644 3356 3701 dicentis:
3391 3647 3538 3718 Euge

1959 3743 2103 3781 serve
2141 3727 2270 3782 bone
2299 3738 2347 3783 et
2377 3729 2570 3797 ﬁdelis,
2599 3732 2723 3801 quia
2745 3749 2899 3803 super
2922 3751 3091 3803 pauca
3139 3737 3285 3804 fuisti
3325 3737 3497 3806 ﬁdelis
3522 3780 3539 3803 ,

1961 3832 2119 3884 supra
2151 3816 2315 3870 multa
2341 3827 2390 3871 te
2416 3821 2753 3885 constituam,
2776 3823 2915 3875 intra
2958 3823 3013 3877 in
3055 3826 3305 3893 gaudium
3328 3827 3541 3882 Domini

1961 3904 2059 3957 Dei
2084 3907 2161 3957 tui
2193 3905 2405 3975 (Matth.
2442 3922 2567 3972 xxv,
2591 3908 2703 3977 21).

2317 4033 2543 4091 CAPUT
2581 4035 2623 4089 II
2656 4036 2731 4107 (IN
2756 4052 2902 4094 ευιτ.
2928 4051 3044 4095 CAP.
3071 4041 3177 4113 ιιι).

2106 4159 2130 4186 ει
2162 4148 2239 4202 De
2268 4149 2466 4203 unitate
2490 4149 2763 4207 Trinitatis
2791 4164 2838 4208 et
2870 4153 3125 4211 Trinitate
3155 4158 3386 4213 unitatis.

2034 4260 2222 4316 Omnis
2284 4264 2465 4333 itaque
2492 4264 2768 4336 Scriptura
2797 4265 3009 4325 Veteris
3064 4286 3127 4327 ac
3173 4271 3306 4328 Novi
3355 4273 3541 4330 Testa-

1964 4353 2126 4406 menti
2155 4354 2407 4408 divinitus
2422 4355 2702 4427 inspirata,
2727 4359 2769 4413 si
2798 4361 3060 4416 catholice
3083 4363 3416 4435 intelligitur,
3438 4367 3542 4421 hoc

1962 4444 2200 4498 insinuat
2247 4444 2389 4515 quod
2440 4446 2602 4503 Pater
2647 4458 2702 4505 et
2739 4451 2907 4508 Filius
2951 4462 3006 4508 et
3046 4454 3276 4525 Spiritus
3323 4467 3542 4514 sanctus

1963 4550 2101 4587 unus
2129 4535 2197 4587 sit
2224 4535 2363 4590 Deus
2380 4536 2618 4607 ejusdem
2645 4541 2976 4607 substantize,
3004 4545 3269 4614 uniusque
3292 4547 3542 4601 essentia:

1964 4635 2124 4697 atque
2144 4629 2517 4698 inseparabilis
2541 4632 2592 4684 in
2616 4632 2893 4703 divinitate
2913 4633 3154 4689 unitatis.
3182 4633 3409 4706 Ideoque
3432 4652 3539 4691 non

1964 4726 2088 4771 sunt
2113 4727 2221 4773 tres
2250 4719 2343 4784 dii,
2373 4720 2466 4774 sed
2496 4737 2634 4775 unus
2662 4721 2803 4776 Deus
2828 4722 2990 4777 Pater
3009 4732 3064 4779 et
3089 4724 3258 4781 Filius
3286 4735 3338 4780 et
3368 4726 3542 4796 Spiri-

1964 4816 2049 4861 tus
2079 4819 2317 4873 sanctus,
2347 4811 2592 4878 quamvis
2626 4810 2789 4866 Pater
2812 4812 3005 4867 Filium
3036 4816 3297 4883 genuerit,
3326 4824 3379 4871 et
3419 4816 3540 4873 ideo

1962 4899 2131 4955 Filius
2150 4917 2255 4955 non
2286 4902 2356 4955 sit
2374 4902 2466 4972 qui
2490 4903 2650 4957 Pater
2677 4902 3081 4974 est;Filiusque
3100 4922 3130 4961 a
3159 4906 3323 4962 Patre
3350 4909 3419 4963 sit
3448 4923 3540 4980 ge-

1963 4990 2128 5056 nitus,
2153 5000 2207 5046 et
2230 4991 2351 5047 ideo
2379 4993 2538 5047 Pater
2562 5009 2665 5048 non
2695 4995 2765 5051 sit
2804 4997 2894 5066 qui
2937 4992 3105 5052 Filius
3132 5007 3248 5061 est;
3306 4997 3539 5068 Spiritus

1964 5091 2183 5139 sanctus
2218 5100 2319 5139 nec
2347 5084 2507 5140 Pater
2526 5084 2610 5149 sit,
2636 5103 2739 5142 nec
2769 5088 2957 5154 Filius,
2996 5090 3088 5145 sed
3128 5098 3334 5145 tantum
3364 5090 3539 5146 Patris

1965 5179 2019 5227 et
2044 5172 2163 5228 Filii
2190 5169 2448 5244 Spiritus,
2478 5174 2626 5231 Patri
2651 5185 2703 5231 et
2725 5176 2862 5233 Filio
2891 5180 3054 5234 etiam
3090 5180 3204 5250 ipse
3227 5181 3535 5251 coaequalis,

1964 5271 2018 5319 et
2044 5264 2111 5318 ad
2138 5263 2415 5319 Trinitatis
2438 5265 2713 5334 pertinens
2749 5267 3033 5324 unitatem.
3074 5269 3142 5325 Et
3161 5271 3276 5330 haec
3306 5270 3540 5326 Trinitas

1965 5370 2104 5409 unus
2124 5362 2209 5409 est
2229 5355 2388 5420 Deus,
2411 5371 2476 5411 ex
2506 5371 2612 5425 quo
2645 5358 2823 5411 omnia
2852 5356 2972 5430 [per
3015 5374 3172 5429 quem
3221 5359 3398 5413 omnia
3423 5398 3439 5425 ,
3481 5359 3539 5415 in

1966 5462 2074 5517 quo
2112 5445 2355 5518 omnia],
2402 5448 2559 5503 beato
2592 5447 2757 5503 Paulo
2800 5448 3038 5517 apostolo
3081 5455 3369 5503 attestante
3394 5486 3409 5512 ,
3444 5445 3538 5500 ubi

365 5580 389 5607 α
426 5567 537 5632 AL,
555 5566 685 5632 Qui:
712 5568 777 5621 sit
805 5584 922 5620 vera
951 5564 1242 5635 ﬁdes?Al.,
1262 5563 1413 5629 Quod
1430 5564 1495 5617 sit
1526 5579 1685 5635 verus
1700 5561 1861 5627 Deus,
1901 5560 2060 5618 Pater
2088 5570 2135 5615 et
2164 5557 2213 5614 F
2217 5558 2337 5613 ilius
2362 5568 2410 5613 et
2468 5556 2695 5630 Spiritus
2724 5569 2955 5626 sanctus,
2993 5568 3041 5613 et
3068 5568 3242 5613 tamen
3277 5555 3537 5612 distincta!

299 5638 429 5691 ὺιιρτ
451 5650 757 5707 septumae
786 5632 972 5690 ἀξισὸηὼ
1002 5645 1268 5690 coa’termr
1298 5644 1344 5687 et
1386 5632 1759 5688 roesseutiales.
