4072 6346
529 256 596 311 15
1366 263 1422 317 Β.
1467 265 1524 319 F.
1567 265 1788 321 ALBINI
1830 266 1959 323 SEU
1998 268 2108 323 Αι(

2212 268 2271 324 Νι
2310 268 2593 326 OPERUM
2634 267 2811 323 PARS
2848 265 2933 323 [ΙΙ.
3030 316 3033 319 .
3716 273 3781 332 id

527 371 601 425 ait
627 388 638 423 :
672 371 929 437 Quoniam
958 388 1020 425 ex
1056 373 1188 442 ipso,
1216 384 1264 427 et
1305 391 1396 443 per
1417 377 1581 444 ipsum
1600 417 1615 442 ,
1672 388 1720 430 et
1747 378 1801 430 in
1829 368 1939 449 ipso
1981 391 2101 433 sunt
2131 387 2179 443 Α

525 454 832 535 omnia,ipsi
860 464 1027 534 gloria
1054 466 1109 518 in
1137 464 1330 519 scecula
1352 467 1662 521 steculorum
1691 468 1860 539 (Rom.
1892 487 1967 533 ιι,
1986 471 2098 541 56).

530 555 611 627 [In
639 571 770 610 mss.
797 557 884 611 bic
922 564 1005 611 est
1054 556 1263 610 initium
1294 573 1412 627 cap.
1466 559 1543 631 5.]
1586 560 1886 616 Teneamus
1938 562 2103 631 igitur

526 647 833 701 ﬁrmissime
862 646 1075 701 Patrem
1124 656 1177 700 et
1216 646 1410 702 Filium
1439 658 1494 703 et
1542 648 1801 718 Spiritum
1853 661 2101 706 sanctum

525 752 693 789 unum
720 751 838 791 esse
877 736 1200 790 naturaliter
1245 736 1453 791 Deum:
1486 753 1658 808 neque
1696 748 1877 794 tamen
1924 741 2101 809 ipsum

526 826 742 881 Patrem
783 842 902 883 esse
937 828 1027 896 qui
1066 827 1233 881 Filius
1253 837 1356 891 est,
1388 844 1489 883 nec
1527 830 1721 884 Filium
1764 832 1939 900 ipsum
1981 845 2101 886 esse

525 918 619 987 qui
646 918 807 971 Pater
830 925 931 980 est,
961 931 1059 971 nec
1089 916 1348 986 Spiritum
1369 930 1615 974 sanctum
1647 920 1821 990 ipsum
1856 935 1974 975 esse
2009 922 2101 990 qui

524 1005 687 1059 Pater
719 1016 811 1060 aut
828 1007 997 1062 Filius
1026 1017 1126 1061 est.
1163 1008 1278 1063 Una
1307 1017 1390 1063 est
1427 1010 1570 1063 enim
1599 1010 1774 1065 Patris
1800 1019 1855 1063 et
1880 1010 1998 1065 Filii
2045 1020 2100 1065 et

528 1092 761 1162 Spiritus
788 1095 1237 1149 sanctiessentia.
1262 1096 1319 1149 iu
1365 1112 1468 1165 qua
1492 1112 1596 1149 non
1623 1108 1705 1151 est
1724 1099 1868 1152 aliud
1898 1100 2059 1153 Pater
2082 1138 2098 1163 ,

525 1186 671 1239 aliud
701 1186 884 1247 Filius,
911 1186 1052 1238 aliud
1079 1185 1312 1254 Spiritus
1339 1195 1589 1252 sanctus;
1640 1189 1886 1257 quamvis
1912 1204 2099 1257 perso-

516 1276 719 1332 naliter
742 1276 812 1330 sit
834 1274 968 1329 alius
988 1274 1165 1339 Pater,
1193 1275 1329 1329 alius
1354 1276 1539 1340 Filius,
1563 1276 1699 1330 alius
1726 1276 1958 1346 Spiritus
1980 1293 2102 1331 san-

523 1380 661 1425 ctus.
691 1366 845 1436 Quod
872 1367 1025 1421 nobis
1057 1368 1288 1420 maxime
1316 1367 1368 1420 in
1393 1368 1509 1436 ipso
1531 1377 1835 1422 sanctarum
1851 1368 2099 1437 Scriptu-

522 1475 705 1516 rarum
756 1460 1157 1514 demonstratur
1185 1458 1371 1522 initio,
1417 1457 1504 1512 ubi
1544 1459 1683 1513 Deus
1714 1459 1879 1513 dicit:
1910 1458 2102 1513 Facia-

521 1569 638 1605 mus
675 1550 933 1605 hominem
962 1548 1031 1602 ad
1060 1549 1337 1617 imaginem
1367 1559 1413 1602 et
1442 1548 1834 1604 similitudinem
1872 1561 2100 1605 nostram

525 1640 677 1712 (Gen.
711 1658 749 1706 I,
774 1640 884 1707 26).
910 1640 1043 1695 Cum
1073 1640 1216 1694 enim
1260 1640 1519 1710 singulari
1564 1658 1788 1697 numero
1813 1644 1945 1697 dixit
1969 1646 2101 1697 ima-

522 1732 715 1800 ginem,
738 1730 970 1785 ostendit
992 1745 1153 1784 unam
1188 1737 1435 1783 naturam
1460 1746 1599 1795 esse,
1624 1732 1690 1784 ad
1715 1731 1866 1801 cujus
1913 1732 2102 1801 imagi-
2132 1722 2177 1782 Β

525 1836 648 1876 nem
675 1822 836 1876 homo
858 1821 1035 1887 ﬁeret;
1066 1837 1188 1875 cum
1208 1835 1334 1875 vero
1362 1821 1493 1875 dicit
1517 1822 1800 1891 pluraliter
1848 1832 2098 1889 nostram,

523 1913 761 1969 ostendit
786 1913 976 1978 Deum,
1008 1914 1075 1968 ad
1097 1911 1249 1980 cujus
1284 1913 1573 1982 imaginem
1599 1914 1759 1968 homo
1789 1913 1969 1977 fiebat,
1995 1931 2101 1970 non

526 2020 690 2057 unam
714 2019 833 2058 esse
876 2019 1180 2073 personam.
1235 2004 1290 2058 Si
1314 2004 1455 2058 enim
1497 2004 1585 2057 illa
1608 2019 1715 2057 una
1740 2006 1973 2059 essentia
2002 2005 2105 2059 Pa-

474 2144 475 2147 η
526 2093 628 2148 tris
651 2101 706 2148 et
720 2092 851 2148 Filii
886 2102 942 2148 et
968 2092 1200 2163 Spiritus
1226 2097 1399 2151 sancti
1421 2112 1526 2150 una
1546 2108 1689 2151 esset
1715 2113 1963 2167 persona,
1993 2114 2100 2152 non

529 2183 802 2237 diceretur
825 2183 894 2237 ad
948 2186 1228 2253 imaginem
1279 2195 1539 2249 nostram,
1594 2188 1686 2242 sed
1713 2187 1780 2239 ad
1824 2189 2103 2257 imaginem

528 2288 737 2340 meant;
758 2290 872 2330 ’nec
897 2275 1120 2331 dixisset
1149 2276 1439 2344 faciamus;
1493 2278 1609 2343 sed,
1643 2278 1857 2347 faciam.
1889 2277 1945 2331 Si
1972 2261 2103 2331 vero

525 2362 582 2418 in
615 2364 719 2419 illis
755 2365 926 2419 tribus
955 2366 1200 2435 personis
1229 2374 1341 2421 tres
1365 2376 1547 2421 essent
1576 2367 1931 2437 intelligenda:
1950 2407 1963 2430 ,
2019 2364 2103 2420 vel

528 2457 817 2513 credenda:
837 2457 1149 2513 substantia:
1170 2497 1185 2521 ,
1216 2473 1324 2511 non
1366 2457 1636 2512 diceretur
1662 2498 1677 2523 ,
1722 2458 1791 2509 ad
1824 2458 2103 2525 imaginem

528 2558 781 2613 nostram,
807 2547 923 2612 sed,
945 2548 1014 2600 ad
1034 2548 1286 2617 imagines
1314 2559 1535 2602 nostras.
1568 2548 1673 2602 Sed
1698 2550 1763 2603 ad
1794 2563 1951 2602 unam
1970 2548 2105 2601 ima-

527 2640 705 2709 ginem
731 2638 889 2693 unius
917 2639 1035 2702 Dei,
1058 2640 1218 2693 homo
1242 2638 1416 2694 lactus
1438 2640 1654 2704 dicitur,
1684 2648 1745 2693 ut
1767 2655 1872 2693 una
1905 2648 2133 2695 sancta»

527 2732 808 2787 Trinitatis
864 2731 1220 2788 essentialiter
1281 2732 1532 2787 divinitas
1597 2732 1892 2787 intimetur.
1954 2730 2104 2784 Hanc

527 2838 743 2893 quoque
766 2823 1083 2879 Trinitatem
1128 2824 1291 2894 708
1315 2838 1696 2893 personarum,
1727 2832 1887 2892 atque
1930 2822 2105 2875 unita-

529 2923 637 2967 tem
663 2920 886 2978 naturte,
901 2914 1159 2983 propheta
1172 2914 1335 2968 lsaias
1358 2913 1648 2968 revelatam
1670 2914 1767 2968 sibi
1794 2928 1897 2967 non
1917 2913 2103 2977 tacuit,

529 3021 654 3060 cum
698 3020 758 3061 se
789 3006 917 3060 dicit
941 3005 1223 3075 Seraphim
1251 3006 1449 3060 vidisse
1482 3005 1770 3059 clamantia
1800 3024 1812 3058 :
1844 3003 2067 3059 Sanctus
2087 3044 2101 3068 ,

530 3094 776 3161 Sanctus,
800 3095 1048 3161 Sanctus,
1077 3095 1330 3149 Dominus
1366 3096 1505 3151 Deus
1538 3095 1765 3151 Sabaoth
1803 3095 1956 3166 (lsai.
1982 3094 2061 3167 vi)
2088 3114 2099 3150 :

528 3189 622 3243 ubi
644 3203 865 3258 prorsus
895 3188 946 3241 in
968 3202 1062 3251 eo,
1117 3189 1257 3256 quod
1288 3187 1483 3242 dicitur
1511 3188 1689 3252 tertio,
1714 3186 1956 3251 Sanctus,
1988 3203 2106 3256 per-

530 3294 788 3333 sonarum
809 3278 1156 3342 Trinitatem;
1188 3277 1242 3331 in
1266 3292 1329 3331 eo
1350 3293 1497 3341 vero,
1522 3278 1664 3347 quod
1695 3276 1858 3332 semel
1885 3279 2103 3343 dicitur,

532 3372 788 3425 Dominus
812 3369 952 3423 Deus
993 3367 1245 3434 Sabaoth,
1277 3369 1470 3424 divina:
1503 3377 1707 3424 natura:
1737 3370 2108 3439 cognoscimus

533 3461 796 3516 unitatem
826 3472 873 3513 ο.
912 3459 1076 3513 Plane
1114 3460 1316 3529 absque
1344 3461 1488 3514 omni
1527 3460 1860 3514 dubitatione
1886 3462 2108 3515 creden—

537 3553 664 3607 dum
706 3560 790 3607 est
846 3550 1059 3605 Patrem
1104 3559 1160 3606 et
1211 3550 1403 3605 Filium
1458 3560 1511 3606 et
1549 3550 1810 3621 Spiritum
1861 3562 2107 3607 sanctum

533 3661 701 3700 unum
728 3659 847 3701 esse
890 3644 1172 3699 Dominum
1203 3643 1334 3715 [Al.,
1374 3644 1561 3715 Deum]
1589 3686 1602 3707 ,
1650 3646 2068 3715 omnipotentem
2089 3687 2104 3710 ,

535 3746 817 3801 teternum,
833 3734 1338 3791 incommutabilem.
1368 3735 1433 3789 Et
1455 3735 1695 3805 singulas
1721 3736 1909 3789 borum
1939 3736 2102 3796 Deus;

537 3837 593 3883 et
622 3827 780 3883 simul
799 3840 986 3881 omnes
1036 3840 1173 3879 unus
1199 3825 1362 3886 Deus,
1394 3832 1448 3879 et
1492 3825 1733 3895 singulus
1760 3825 1983 3893 quisque
2014 3825 2108 3878 bo-

539 3935 659 3974 rum
681 3918 856 3988 plena,
889 3927 941 3970 et
973 3915 1229 3986 perfecta,
1261 3924 1314 3970 et
1334 3925 1533 3970 acterna
1588 3916 1890 3969 substantia
1922 3914 1999 3986 [et
2037 3915 2111 3969 si-

540 4007 653 4063 mul
676 4021 863 4061 omnes
888 4022 991 4060 una
1038 4004 1377 4076 substantia].
1406 4004 1537 4071 Quia
1565 4006 1819 4075 quidquid
1843 4016 1923 4059 est
1953 4005 2111 4059 Pater

541 4112 648 4166 quo
683 4094 817 4167 [Al.,
845 4095 1005 4165 quod,
1041 4105 1088 4148 et
1119 4095 1191 4147 ita
1225 4094 1402 4165 porro]
1435 4093 1570 4146 Deus
1608 4102 1705 4155 est,
1736 4111 1842 4163 quo
1864 4096 2111 4148 substan-

538 4187 612 4240 tia
639 4193 742 4249 est,
770 4200 874 4254 quo
900 4184 1172 4238 aeternitas
1211 4193 1315 4247 est,
1343 4184 1444 4238 hoc
1475 4181 1641 4237 Filius
1667 4224 1680 4246 ,
1730 4182 1831 4237 hoc
1880 4182 2113 4253 Spiritus

540 4286 760 4333 sanctus
797 4286 898 4333 est.
923 4278 1004 4332 Ita
1034 4278 1194 4333 etiam
1226 4287 1282 4332 et
1315 4277 1498 4340 Filius,
1528 4293 1593 4332 eo
1638 4279 1777 4346 quod
1807 4278 1946 4332 Deus
1993 4288 2108 4342 est,

542 4383 650 4439 quo
676 4368 969 4423 substantia
1016 4377 1128 4431 est,
1174 4382 1280 4437 quo
1323 4369 1595 4422 aeternitas
1638 4376 1741 4431 est,
1772 4367 1897 4440 [hoc
1950 4368 2110 4425 Pater

543 4459 671 4532 est],
701 4460 803 4514 hoc
858 4457 1087 4527 Spiritus
1146 4467 1365 4513 sanctus
1410 4467 1511 4512 est.
1564 4460 1629 4513 Et
1678 4460 1934 4528 quidquid
1985 4459 2107 4529 Spi-

543 4549 682 4602 ritus
730 4556 948 4602 sanctus
991 4556 1105 4611 est,
1154 4562 1219 4601 eo
1259 4562 1364 4617 quo
1386 4547 1527 4602 Deus
1552 4557 1653 4613 est,
1680 4564 1785 4617 quo
1811 4549 2110 4602 substantia

543 4645 647 4700 est,
680 4652 786 4708 quo
808 4638 1081 4692 teternitas
1108 4645 1213 4701 est,
1242 4638 1345 4696 hoc
1389 4636 1550 4692 Pater
1570 4648 1650 4693 est
1684 4648 1737 4692 et
1768 4639 1959 4704 Filius,
2005 4655 2111 4693 una

547 4727 607 4783 in
636 4728 809 4783 tribus
845 4728 1125 4792 divinitas,
1169 4744 1274 4782 una
1296 4729 1548 4789 essentia,
1578 4745 1681 4783 una
1702 4730 2112 4798 omnipotentia,

546 4828 602 4875 et
639 4820 894 4891 quidquid
939 4818 1361 4874 substantialiter
1404 4820 1467 4872 de
1523 4818 1631 4873 Deo
1672 4820 1773 4873 diei
1819 4828 2014 4887 potest.
2058 4818 2115 4872 Si

546 4910 687 4966 forte
709 4910 773 4965 de
799 4909 912 4964 solo
932 4908 1091 4962 Patre
1106 4908 1467 4976 interrogatus
1489 4905 1674 4968 fueris,
1696 4907 1822 4975 quid
1845 4908 1915 4960 sit
1930 4906 2116 4961 Pater?

547 4998 831 5068 responde,
869 4996 1031 5051 Deus.
1094 4996 1457 5064 Interrogatus
1506 4996 1573 5050 de
1619 4995 1782 5060 Filio,
1820 4997 2117 5066 responde,

548 5090 709 5143 Deus.
759 5088 1119 5157 Interrogatus
1165 5087 1231 5140 de
1280 5085 1482 5154 Spiritu
1541 5095 1758 5146 sancto.
1814 5089 2118 5157 responde,

549 5179 709 5235 Deus.
741 5178 798 5235 Si
826 5180 1185 5247 interrogatus
1215 5177 1379 5231 fueris
1406 5178 1563 5232 simul
1589 5178 1653 5233 de
1675 5179 1855 5242 Patre,
1884 5189 1936 5234 et
1961 5180 2118 5247 Filio,

551 5278 608 5323 et
649 5268 852 5339 Spiritu
882 5275 1087 5329 sancto,
1126 5282 1232 5320 non
1276 5266 1403 5320 deos
1426 5308 1440 5330 ,
1488 5267 1580 5322 sed
1611 5268 1778 5322 Deum
1827 5271 2116 5341 responde,

552 5373 737 5421 unum,
763 5356 1200 5424 omnipotentem,
1226 5355 1733 5412 incommutabilem.

624 5503 649 5530 ι
689 5490 746 5543 ln
783 5502 919 5559 m_ss_.
952 5488 1040 5543 hic
1069 5489 1254 5559 incipit
1297 5504 1413 5559 cap.
1437 5490 1470 5541 4
1498 5510 1511 5545 :
1548 5491 1699 5556 Quod
1725 5493 1793 5546 sit
1824 5510 1955 5548 unus
1986 5493 2123 5549 Deus

557 5557 789 5629 Pateret
814 5556 985 5629 ilius
1018 5569 1062 5612 et
1090 5556 1314 5629 Spiritus
1343 5556 1570 5614 sanctus.

628 5629 657 5670 δ
697 5626 861 5686 Uncis
886 5628 1087 5686 inclusa
1116 5626 1432 5686 emittuntur
1460 5631 1510 5685 in
1540 5646 1669 5686 mss.

2368 380 2593 436 CAPUT
2628 381 2694 435 ιιι
2730 380 2802 451 (ηε
2831 397 2979 435 non.
3032 396 3147 434 cn.
3178 393 3261 447 tv;
3307 394 3357 435 tu
3388 396 3497 439 uss.
3530 385 3605 455 v).

2201 491 2355 557 Quod
2398 494 2638 564 gua'dam
2670 495 2733 548 de
2757 495 2866 568 Deo
2893 496 3337 568 substantialiter,
3379 502 3621 568 quadam
3643 504 3779 558 rela-

2785 566 2883 619 tive
2918 565 3185 619 dicuntur.

2271 673 2557 729 Sciendum
2579 684 2660 729 est
2680 676 2821 743 quod
2855 678 3101 745 qumdam
3126 678 3193 732 de
3216 680 3326 733 Deo
3356 681 3781 742 substantialiter

2200 764 2544 828 dicuntur,ut
2563 774 2665 828 est,
2688 766 2829 820 Deus
2858 770 3482 839 magnus,omnipotens,
3507 771 3605 846 [et]
3630 778 3783 845 quid-

2200 857 2328 926 quid
2350 856 2498 929 gise
2520 857 2735 921 dicitur,
2763 857 2814 911 id
2852 867 2957 921 est,
2986 860 3342 914 substantiam
3373 863 3668 921 divinitatis
3706 864 3782 922 si-

2200 945 2479 1015 gniﬁcans.
2506 946 2760 1013 Quzedam
2793 947 2971 1016 itaque
3006 949 3229 1004 relative
3269 952 3543 1019 dicuntur,
3575 966 3635 1010 ut
3673 958 3775 1011 Pa-

2201 1044 2284 1089 ter
2324 1036 2389 1090 ad
2417 1036 2635 1100 Filium,
2662 1046 2716 1090 et
2738 1037 2903 1091 Filius
2933 1039 2998 1091 ad
3026 1038 3265 1105 Patrem,
3296 1053 3349 1096 et
3376 1042 3609 1112 Spiritus
3658 1062 3781 1101 san-

2200 1132 2319 1178 ctus
2334 1125 2554 1178 relative
2578 1128 2644 1179 ad
2669 1127 2879 1180 Patrem
2918 1138 2968 1182 et
3001 1128 3215 1183 Filium.
3244 1130 3327 1185 Ad
3356 1148 3413 1187 se
3456 1144 3633 1189 autem
3671 1138 3785 1193 sive

2200 1213 2382 1277 Pater,
2404 1215 2516 1268 sive
2553 1212 2739 1277 Filius,
2771 1218 2884 1271 sive
2912 1216 3144 1286 Spiritus
3176 1230 3395 1281 sanctus
3442 1224 3583 1279 Deus
3629 1225 3781 1296 [sub-

2200 1302 2543 1373 stantialiter]
2573 1303 2788 1358 dicitur.
2813 1306 2996 1374 itaque
3019 1307 3178 1362 Pater
3206 1325 3292 1372 eo,
3312 1327 3418 1379 quo
3450 1311 3582 1383 [Al.,
3606 1311 3777 1388 quod]

2200 1392 2341 1446 Deus
2363 1401 2464 1455 est,
2492 1393 2592 1446 hoc
2616 1393 2729 1461 ipso
2758 1396 3059 1448 substantia
3092 1406 3191 1451 est.
3225 1398 3361 1463 Quia
3391 1399 3627 1467 ejusdem
3657 1405 3787 1459 sub-

2200 1483 2409 1537 stantia:
2434 1483 2601 1536 Filius
2630 1482 2707 1553 [et
2731 1483 2965 1553 Spiritus
3009 1488 3274 1559 sanctus],
3305 1491 3487 1557 procul
3520 1491 3704 1557 dubio,
3732 1503 3788 1550 et

2199 1573 2366 1629 Filius
2388 1576 2546 1640 Deus,
2570 1585 2623 1631 et
2655 1576 2887 1644 Spiritus
2927 1587 3149 1632 sanctus
3178 1579 3339 1634 Deus.
3383 1580 3454 1634 At
3482 1598 3610 1637 vero
3642 1585 3791 1641 Deus

2202 1679 2265 1718 eo
2294 1681 2401 1734 quo
2451 1664 2580 1736 [Al.,
2611 1665 2776 1737 quod]
2808 1666 2968 1720 Pater
2995 1677 3108 1731 est,
3154 1669 3375 1724 relative
3403 1671 3623 1735 dicitur,
3661 1675 3789 1742 quia

2205 1771 2309 1808 non
2338 1755 2651 1810 substantim
2681 1773 2874 1811 nomen
2906 1764 2988 1811 est
3016 1799 3030 1821 ,
3081 1760 3172 1812 sed
3199 1757 3433 1813 refertur
3469 1764 3532 1815 ad
3564 1763 3786 1819 Filium.

2204 1845 2321 1899 Non
2350 1847 2427 1900 sic
2450 1848 2678 1902 dicimus
2703 1849 2896 1902 Filium
2927 1848 3141 1903 Patrem
3186 1865 3325 1915 esse,
3350 1855 3617 1921 quomodo
3654 1854 3791 1910 dici.

2203 1951 2323 1989 mus
2347 1936 2542 1990 Filium
2571 1938 2737 1992 Deum
2784 1954 2932 2003 esse;
2977 1955 3077 1995 nec
3100 1941 3172 1993 ita
3203 1941 3431 1997 dicimus
3453 1944 3673 1998 Patrem
3703 1945 3794 1999 Fi-

2203 2026 2333 2083 lium
2358 2044 2498 2093 esse,
2528 2030 2665 2083 sicut
2705 2030 2932 2084 dicimus
2955 2030 3122 2084 Deum
3148 2046 3288 2096 esse,
3322 2034 3446 2101 quia
3482 2034 3621 2089 Deus
3662 2038 3794 2090 sub:

2204 2118 2526 2172 stantialiter
2550 2119 2774 2185 dicitur;
2800 2120 2978 2177 Pater.
3001 2130 3055 2174 et
3085 2121 3268 2185 Filius,
3298 2130 3350 2176 et
3378 2122 3610 2193 Spiritus
3657 2141 3789 2181 san-

2204 2218 2324 2264 ctus
2362 2210 2582 2267 relative
2615 2212 2882 2266 dicuntur.

2380 2344 2603 2401 CAPUT
2642 2345 2710 2399 IV
2739 2346 2816 2413 (IN
2847 2362 2993 2400 sorr.
3025 2362 3142 2400 CAP.
3174 2363 3236 2410 v;
3276 2364 3328 2401 11v
3365 2362 3474 2402 uss.
3503 2347 3602 2418 vi).

2208 2454 2359 2524 Quod
2386 2453 2612 2524 Spiritus
2639 2466 2849 2509 sanctus
2898 2456 3107 2510 relative
3135 2458 3328 2511 dicitur
3367 2460 3436 2511 ad
3480 2459 3699 2513 Patrem
3736 2469 3789 2515 et

2276 2522 2474 2598 Filium
2497 2526 2578 2598 :_b
2609 2525 2718 2597 [sed
2747 2542 2848 2579 non
2873 2528 3049 2580 eodem
3072 2528 3246 2593 modo,
3275 2545 3375 2598 quo
3397 2530 3533 2583 inter
3553 2547 3608 2583 se
3627 2528 3797 2585 Pater

2274 2603 2323 2646 et
2353 2592 2400 2645 F
2404 2592 2569 2665 ilius].

2276 2705 2504 2762 Prorsus
2528 2716 2581 2762 et
2609 2707 2838 2778 Spiritus
2862 2725 3079 2765 sanetus
3109 2711 3330 2767 relative
3358 2714 3555 2768 dicitur
3586 2715 3656 2768 ad
3684 2713 3794 2769 Pa-

2207 2805 2342 2851 trem
2372 2806 2427 2852 ct
2462 2798 2676 2865 Filium,
2699 2801 2793 2854 sed
2822 2817 2929 2856 non
2968 2803 3156 2856 eodem
3205 2805 3362 2857 modo
3390 2821 3495 2874 quo
3542 2804 3685 2861 inter
3730 2821 3796 2862 se

2206 2888 2369 2944 Pater
2390 2901 2445 2944 et
2467 2890 2655 2945 Filius.
2688 2892 2839 2947 Sicut
2881 2894 3025 2947 enim
3073 2895 3296 2948 relative
3316 2896 3475 2949 Pater
3521 2907 3575 2949 ct
3615 2896 3797 2952 Filius

2207 2981 2477 3047 dicuntur,
2511 2982 2583 3037 ita
2604 2991 2657 3036 et
2683 2981 2917 3052 Spiritus
2937 2995 3153 3039 sanctus
3180 2986 3244 3037 ad
3274 2985 3484 3038 Patrem
3510 2994 3563 3039 et
3589 2986 3797 3042 Filium

2208 3072 2599 3141 quodammodo
2654 3072 2873 3126 relative
2918 3073 3146 3136 dicitur,
3194 3074 3316 3141 quia
3346 3073 3523 3128 Patris
3566 3084 3623 3129 et
3667 3072 3800 3132 Filii

2210 3161 2439 3232 Spiritus
2461 3170 2561 3216 est.
2588 3162 2691 3216 Sed
2723 3164 2833 3231 ipsa
2874 3163 3063 3216 relatio
3100 3162 3331 3231 Spiritus
3351 3164 3517 3217 sancti
3566 3178 3674 3219 non
3718 3166 3798 3219 ita

2208 3254 2481 3323 reciproca
2513 3254 2718 3307 ratione
2748 3253 2983 3306 converti
3028 3254 3244 3321 poterit,
3270 3253 3405 3306 sicut
3429 3252 3589 3306 Pater
3619 3262 3676 3307 et
3705 3254 3802 3308 Fi-

2209 3343 2332 3396 lius.
2361 3342 2495 3396 Nam
2527 3343 2687 3396 Pater
2714 3342 2834 3396 Filii
2879 3351 3031 3411 pater
3057 3342 3275 3407 dicitur,
3306 3351 3360 3397 et
3404 3342 3569 3395 Filius
3610 3342 3802 3399 Patris

2211 3433 2348 3487 ﬁlius
2379 3434 2595 3486 dicitur.
2626 3432 2859 3501 Spiritus
2883 3447 3011 3486 vero
3046 3440 3266 3486 sanctus
3286 3430 3629 3485 uniformiter
3659 3433 3800 3487 dici-

2210 3531 2298 3576 tur
2323 3521 2389 3574 ad
2414 3521 2628 3575 Patrem
2656 3530 2709 3575 et
2730 3520 2946 3585 Filium,
2976 3522 3100 3591 quia
3122 3522 3299 3576 Patris
3321 3531 3375 3576 et
3396 3522 3517 3576 Filii
3551 3521 3805 3590 Spiritus

2209 3621 2309 3668 est.
2341 3613 2578 3666 Dicimus
2608 3612 2751 3666 enim
2786 3612 3048 3682 Spiritum
3093 3623 3355 3676 sanctum,
3391 3613 3657 3683 Spiritum
3694 3614 3804 3667 Pa-

2209 3705 2347 3759 tris:
2396 3704 2488 3758 sed
2538 3719 2645 3757 non
2691 3704 2924 3758 vicissim
2973 3705 3236 3767 dicimus,
3284 3705 3497 3759 Patrem
3553 3702 3806 3772 Spiritus

2209 3795 2396 3855 sancti.
2442 3810 2509 3849 ne
2558 3794 2697 3849 ﬁlius
2734 3793 2850 3862 ejus
2885 3794 3217 3865 intelligatur
3269 3794 3503 3863 Spiritus
3543 3804 3801 3850 sanctus.

2208 3888 2341 3942 Item
2365 3888 2593 3942 dicimus
2628 3887 2887 3957 Spiritum
2914 3896 3183 3950 sanctum,
3214 3884 3471 3951 Spiritum
3504 3883 3629 3937 Filii
3658 3902 3672 3938 :
3706 3887 3809 3940 sed

2210 3993 2316 4031 non
2335 3977 2585 4038 dicimus,
2609 3976 2803 4029 Filium
2853 3974 3085 4043 Spiritus
3123 3973 3316 4035 sancti,
3351 3987 3415 4024 ne
3465 3970 3629 4024 Pater
3683 3974 3814 4042 ejus

2213 4066 2539 4135 intelligatur
2565 4064 2797 4132 Spiritus
2817 4071 3051 4117 sanctus.
3085 4063 3291 4116 Dicitur
3311 4070 3365 4115 et
3392 4061 3529 4114 idem
3556 4060 3813 4131 Spiritus

2215 4153 2477 4225 [Sanetus]
2503 4154 2699 4207 donum
2729 4153 2861 4216 Dei,
2916 4153 3039 4221 quia
3071 4153 3212 4206 Deus
3255 4153 3481 4207 donator
3527 4153 3660 4207 doni
3722 4157 3814 4210 sui

2210 4253 2309 4298 est.
2342 4244 2398 4297 In
2425 4244 2617 4312 quibus
2640 4244 2945 4297 nominibus
2973 4242 3305 4297 circumferri
3344 4251 3522 4311 potest
3552 4245 3813 4302 vicissim

2213 4334 2490 4388 relationis
2545 4334 2755 4403 regula,
2806 4342 2866 4387 ut
2890 4334 2934 4388 si
2966 4336 3244 4389 dicamus:
3278 4335 3506 4388 donator
3564 4336 3700 4390 doni
3756 4348 3818 4393 et

2214 4432 2413 4485 donum
2440 4430 2731 4484 donatoris.
2763 4428 2897 4495 Quia
2942 4431 2995 4484 in
3024 4430 3109 4484 his
3141 4429 3414 4483 vocabulis
3442 4430 3622 4499 potuit
3655 4431 3818 4485 inve-

2214 4522 2316 4575 niri
2346 4520 2540 4573 usitata
2562 4519 2688 4574 huic
2725 4520 3028 4588 categorite,
3058 4534 3177 4588 qua:
3200 4519 3415 4582 dicitur,
3443 4517 3513 4570 ad
3560 4518 3813 4592 aliquid,

2216 4610 2573 4665 circumlatio.

2322 4722 2483 4793 709
2521 4732 2542 4758 ε
2568 4720 2794 4777 CAPUT
2833 4724 2875 4777 V
2907 4722 3073 4793 (sorr.
3101 4738 3217 4777 car.
3244 4739 3326 4787 vi;
3359 4738 3410 4776 IN
3439 4736 3551 4777 uss.
3580 4723 3713 4796 vn).

2224 4833 2375 4899 Quod
2416 4833 2641 4904 Spiritus
2680 4844 2891 4888 sanctus
2919 4834 3203 4888 communis
3244 4843 3317 4888 est
3356 4833 3532 4887 Patris
3583 4845 3636 4889 et
3678 4835 3822 4892 Filii

2884 4904 3131 4973 Spiritus.

2294 5013 2433 5083 Ergo
2462 5014 2563 5068 hoc
2593 5012 2788 5066 donum
2818 5013 2933 5076 Dei,
2962 5013 3013 5065 id
3043 5020 3143 5073 est,
3175 5010 3407 5080 Spiritus
3436 5020 3693 5079 sanctus,
3721 5018 3822 5084 qui

2224 5102 2290 5156 de
2318 5101 2478 5156 Patre
2506 5111 2561 5156 et
2584 5102 2719 5155 Filio
2743 5100 3023 5170 aequaliter
3049 5101 3310 5170 procedit,
3342 5099 3636 5158 iuell‘abilis
3663 5122 3824 5175 qua:-

2226 5193 2346 5245 dam
2379 5190 2552 5244 Patris
2576 5189 2804 5258 Filiique
2832 5190 3136 5244 communio
3162 5197 3262 5244 est.
3312 5191 3380 5244 Et
3419 5191 3541 5246 ideo
3574 5192 3826 5254 fortasse

2225 5279 2304 5334 sic
2331 5278 2644 5347 appellatur,
2687 5279 2812 5347 quia
2847 5278 2993 5333 Patri
3024 5288 3077 5333 et
3105 5279 3239 5335 Filio
3272 5290 3449 5350 potest
3483 5285 3689 5340 eadem
3724 5304 3827 5357 ap-

2227 5368 2441 5439 pellatio
2486 5370 2800 5435 convenire;
2855 5385 2980 5423 nam
3027 5370 3130 5425 hoc
3176 5372 3287 5441 ipse
3330 5373 3552 5441 proprie
3592 5376 3825 5444 dicitur,

2302 5511 2322 5537 ο
2351 5498 2464 5552 Hoc
2507 5500 2797 5567 capitulum
2842 5502 2972 5558 citat
3012 5501 3212 5557 .Eneas
3251 5503 3448 5566 Paris,
3477 5504 3517 5558 l.
3542 5511 3830 5570 adversus

2230 5569 2467 5633 Gnecos,
2496 5583 2614 5638 cap.
2650 5570 2737 5625 79.
