4072 6346
502 294 569 348 19
1330 296 1390 349 Β.
1430 295 1490 348 F.
1531 292 1754 348 ALBINI
1795 291 1923 346 SEU
1963 291 2071 345 Αι(

2174 289 2238 344 Νι
2274 290 2559 349 OPERUM
2593 291 2769 348 PARS
2804 292 2887 347 ΙΙΙ.
3681 290 3753 346 20

502 426 675 483 majus
704 411 757 466 iu
787 410 962 466 tribus
986 396 1343 482 cognoscitur,
1389 424 1550 477 quam
1593 408 1649 460 in
1689 405 1927 477 quolibet
1961 419 2069 458 uno
2097 408 2141 464 Α
2170 414 2273 470 ter,
2305 415 2359 460 et
2386 406 2552 461 Filius
2587 407 2732 463 solus
2760 407 2949 470 Filius,
2992 414 3047 459 et
3088 405 3321 475 Spiritus
3351 414 3574 463 sanctus
3603 408 3754 464 solus

500 517 708 556 eorum.
758 501 889 556 ltem
918 501 1189 555 Abraham
1219 514 1357 553 unus
1385 500 1567 562 homo,
1610 512 1714 551 non
1755 504 1935 550 tamen
1962 502 2073 549 tres

501 606 746 661 persona:
783 591 836 644 in
866 606 951 654 eo,
986 591 1122 645 sicut
1152 590 1205 642 in
1232 604 1340 642 uno
1366 588 1475 641 Deo
1516 596 1626 641 tres
1666 595 1791 640 sunt
1830 599 2072 654 personae

501 684 675 754 plena:
716 692 770 739 et
810 684 1093 752 perfecta};
1143 684 1236 736 sed
1280 697 1387 734 una
1428 695 1655 749 persona
1686 680 1739 733 in
1764 678 2071 741 Abraham,

499 778 640 831 sicut
667 777 722 831 in
749 792 854 830 uno
879 776 1013 829 solet
1038 774 1254 828 homine
1279 788 1418 829 esse.

746 886 970 942 CAPUT
1007 885 1080 938 1X
1110 885 1279 953 (non.
1304 900 1420 938 car.
1442 899 1506 947 x;
1536 898 1588 937 11v
1615 897 1695 937 us.
1721 881 1822 951 ιιι).

609 977 761 1044 Quod
789 975 918 1029 nihil
942 974 1225 1029 secundum
1250 975 1490 1028 accidens
1525 975 1579 1027 in
1603 973 1713 1026 Deo
1738 972 1962 1025 dicatur.

572 1091 629 1144 ln
657 1092 765 1145 Deo
793 1101 971 1145 autem
1002 1090 1133 1145 nihil
1162 1090 1376 1159 quidem
1404 1087 1695 1143 secundum
1720 1086 1967 1141 accidens
1992 1082 2073 1138 di—

502 1180 663 1243 citur,
706 1180 829 1248 quia
871 1179 1002 1233 nihil
1046 1181 1098 1233 in
1143 1196 1207 1234 eo
1248 1178 1379 1252 [Al.,
1411 1180 1464 1232 in
1494 1176 1625 1249 Deo]
1668 1176 1927 1231 mutabile
1967 1183 2068 1228 est.

477 1267 611 1321 .Nee
653 1276 830 1323 tamen
875 1284 1034 1323 omne
1081 1270 1221 1338 quod
1268 1270 1335 1324 de
1380 1270 1489 1322 Deo
1534 1267 1751 1331 dicitur,
1780 1266 2072 1320 secundum

498 1358 857 1412 substantiam
903 1359 1133 1424 dicitur,
1196 1368 1255 1412 ut
1301 1358 1355 1411 in
1403 1356 1771 1427 superioribus
1815 1356 2069 1409 diximus.

499 1447 754 1513 Quamvis
780 1449 924 1503 enim
951 1449 1160 1503 dicatur
1186 1447 1347 1502 Pater
1377 1448 1440 1501 ad
1470 1446 1663 1500 Filium
1682 1487 1696 1511 ,
1727 1454 1781 1500 et
1808 1445 1976 1499 Filius
2005 1445 2073 1499 ad

495 1537 713 1593 Patrem
734 1541 1025 1594 secundum
1050 1539 1117 1592 ad
1140 1538 1358 1608 aliquid,
1383 1552 1488 1591 non
1515 1546 1596 1591 est
1624 1544 1800 1592 tamen
1826 1536 2073 1590 accidens

495 1625 645 1682 Patri
670 1628 885 1683 Patrem
911 1645 1049 1691 esse,
1081 1630 1165 1683 vel
1196 1629 1330 1682 Filio
1358 1628 1550 1682 Filium
1578 1643 1716 1691 esse,
1750 1629 1876 1698 quia
1903 1637 1955 1681 et
1984 1628 2073 1681 ille

495 1733 708 1787 semper
735 1718 916 1782 Pater,
956 1727 1010 1771 et
1046 1718 1132 1773 ille
1163 1732 1375 1787 semper
1398 1717 1598 1781 Filius;
1645 1718 1770 1787 quia
1800 1718 2071 1771 mternitas

494 1816 550 1863 et
580 1808 1090 1862 incommutabilitas
1120 1816 1277 1877 negat
1302 1807 1599 1861 accidentis
1624 1806 1849 1875 alicujus
1878 1807 1930 1859 in
1962 1807 2071 1860 Deo

492 1896 933 1960 instabilitatem;
973 1896 1099 1964 quia
1127 1911 1285 1949 omne
1312 1896 1562 1949 accidens
1603 1896 1897 1948 secundum
1931 1903 2068 1948 tem-

492 2003 597 2057 pus
629 1988 713 2043 vel
755 2002 902 2051 esse,
941 1987 1024 2041 vel
1068 2002 1173 2041 non
1214 2002 1334 2040 esse
1366 1993 1577 2056 potest,
1618 1986 1701 2039 vel
1743 1986 1947 2054 potuit,
1987 1985 2071 2038 vel

492 2081 653 2134 etiam
699 2081 929 2151 poterit;
977 2080 1101 2148 quia
1147 2079 1308 2132 Pater
1334 2094 1609 2147 nunquam
1651 2093 1755 2143 non
1796 2078 1976 2141 Pater,
2018 2086 2072 2131 et

492 2171 661 2226 Filius
688 2186 960 2240 nunquam
985 2184 1093 2223 non
1116 2169 1313 2233 Filius;
1344 2185 1443 2223 nec
1466 2170 1628 2237 erepit
1653 2184 1887 2238 unquam
1915 2168 2073 2221 Pater

493 2279 614 2319 esse
634 2263 811 2324 Pater,
841 2278 941 2317 nec
965 2262 1133 2316 Filius
1161 2276 1281 2317 esse
1304 2262 1493 2316 Filius.
1527 2260 1678 2327 Quod
1708 2261 1752 2314 si
1784 2259 2071 2329 aliquando

494 2356 747 2424 empisset
769 2354 932 2409 Pater
961 2353 1122 2407 Pater
1149 2367 1288 2415 esse,
1315 2352 1399 2406 vel
1429 2351 1595 2405 Filius
1622 2350 1791 2404 Filius
1820 2364 1960 2414 esse,
1987 2348 2070 2403 vel

492 2447 763 2501 desineret
787 2459 907 2498 esse
935 2443 1079 2512 quod
1114 2450 1265 2506 erat,
1311 2441 1605 2495 secundum
1647 2440 1895 2494 accidens
1929 2439 2073 2494 dice-

493 2546 645 2593 retur
670 2537 852 2600 Pater,
881 2535 967 2590 vel
1006 2534 1191 2588 Filius.
1240 2532 1297 2587 Si
1328 2548 1458 2586 vero
1496 2532 1638 2601 quod
1680 2531 1878 2585 dicitur
1906 2529 2072 2584 Pater

492 2629 559 2682 ad
585 2628 820 2697 seipsum
848 2626 1137 2690 diceretur,
1166 2640 1271 2679 non
1298 2625 1364 2679 ad
1388 2624 1604 2686 Filium,
1633 2630 1687 2675 et
1712 2621 1851 2691 quod
1876 2622 2073 2675 dicitur

493 2721 661 2775 Filius
693 2720 760 2774 ad
789 2720 1023 2788 seipsum
1051 2718 1343 2781 diceretur,
1377 2732 1480 2771 non
1511 2716 1578 2769 ad
1606 2715 1846 2778 Patrem,
1875 2729 2069 2768 secun-

491 2817 619 2866 dum
659 2812 815 2880 711
858 2810 1214 2864 substantiam
1261 2808 1568 2863 diceretur:
1621 2807 1714 2861 sed
1761 2806 1921 2859 Pater
1962 2820 2069 2858 non

491 2901 688 2954 dicitur
712 2899 893 2959 Pater,
922 2897 1025 2952 nisi
1056 2914 1119 2952 ex
1148 2912 1212 2951 eo
1239 2897 1382 2966 quod
1410 2906 1494 2951 est
1522 2895 1570 2948 ei
1597 2895 1796 2958 Filius;
1825 2902 1878 2946 et
1902 2892 2070 2947 Filius

492 3005 599 3044 non
624 2989 822 3043 dicitur
844 2988 1034 3051 Filius,
1080 2987 1182 3041 nisi
1223 3002 1288 3041 ex
1328 2981 1394 3042 eo
1423 2988 1563 3055 quod
1606 2985 1769 3039 habet
1812 2983 2065 3048 Patrem;

492 3096 599 3135 non
628 3080 923 3137 secundum
951 3078 1339 3141 substantiam,
1382 3084 1441 3129 ut
1477 3076 1678 3129 dictum
1717 3082 1799 3128 est
1832 3074 1886 3127 in
1917 3074 2066 3143 prio-

494 3174 662 3233 ribus,
693 3172 818 3242 quia
855 3186 959 3224 non
998 3170 1223 3237 quisque
1247 3183 1432 3222 eorum
1467 3168 1533 3222 ad
1563 3168 1796 3236 seipsum
1819 3207 1833 3231 ,
1872 3167 1965 3221 sed
1997 3165 2064 3219 ad

492 3263 759 3326 invicem,
813 3269 974 3329 atque
1024 3260 1339 3313 alterutrum
1390 3259 1492 3313 ista
1539 3258 1831 3321 dicuntur;
1891 3270 2067 3328 neque

492 3354 785 3407 secundum
827 3352 1100 3413 accidens,
1146 3350 1270 3420 quia
1313 3358 1366 3403 et
1405 3350 1548 3419 quod
1584 3349 1780 3405 dicitur
1806 3348 1983 3413 Pater,
2014 3357 2067 3403 et

494 3442 636 3511 quod
666 3442 863 3495 dicitur
891 3440 1090 3509 Filius,
1136 3447 1397 3499 :eternum
1437 3449 1597 3509 atque
1627 3439 2066 3495 incommutabile

496 3542 579 3588 est
603 3533 701 3586 eis.

801 3642 1026 3699 CAPUT
1064 3642 1112 3697 Χ
1146 3642 1312 3714 (non.
1337 3659 1422 3707 XI;
1449 3658 1502 3697 ιιι
1529 3658 1611 3697 us.
1636 3642 1777 3707 xu).-

495 3732 647 3797 Quod
678 3750 779 3786 non
808 3734 873 3786 sit
902 3733 1159 3785 diversum
1190 3733 1243 3785 in
1272 3731 1587 3789 substantia.
1622 3731 1831 3784 Patrem
1860 3730 1937 3784 vel
1964 3729 2062 3783 Fi-

948 3801 1075 3855 lium
1104 3802 1209 3856 dici
1238 3801 1367 3872 [Al.,
1395 3802 1609 3873 dicere].

563 3911 820 3978 Quamvis
859 3910 995 3966 alius
1035 3912 1103 3964 sit
1144 3911 1304 3965 Pater
1344 3921 1398 3966 et
1440 3913 1577 3967 alius
1604 3913 1799 3974 Filius,
1844 3919 2066 3966 nonest

494 4012 674 4056 tamen
706 4002 916 4056 diversa
946 4001 1245 4056 substantia
1275 4000 1471 4065 Patris,
1514 4014 1569 4057 et
1595 4002 1736 4056 Filii.
1783 4000 1918 4067 Quia
1962 4003 2064 4056 hoc

492 4108 597 4145 non
630 4091 922 4145 secundum
951 4090 1305 4144 substantiam
1334 4091 1601 4151 dicuntur,
1646 4090 1740 4143 sed
1770 4089 2063 4144 secundum

494 4182 777 4235 relativum
806 4180 937 4252 [Al.,
966 4179 1338 4252 relationem];
1383 4181 1523 4250 quod
1564 4189 1741 4235 tamen
1782 4181 2063 4235 relativum

493 4286 601 4325 non
626 4281 707 4325 est
729 4272 997 4335 accidens,
1019 4271 1145 4340 quia
1173 4287 1278 4325 non
1307 4278 1389 4324 cst
1417 4270 1690 4324 mutabile.
1725 4269 1858 4325 Cum
1888 4272 2067 4341 itaque

496 4369 680 4415 tantus
726 4360 871 4415 scius
916 4369 997 4414 est
1048 4360 1226 4421 Pater,
1262 4360 1345 4414 vel
1390 4360 1536 4415 solus
1563 4360 1750 4423 Filius,
1796 4362 1876 4413 vel
1921 4362 2065 4417 solus

496 4451 728 4520 Spiritus
751 4458 988 4516 sanctus,
1018 4461 1250 4520 quantus
1274 4459 1357 4505 est
1381 4451 1559 4511 simul,
1587 4451 1768 4515 Pater,
1795 4460 1849 4505 et
1876 4451 2061 4516 Filius,
2093 4431 2143 4491 ο

496 4553 550 4596 et
580 4542 815 4612 Spiritus
842 4551 1083 4606 sanctus,
1120 4541 1265 4596 nullo
1293 4542 1450 4595 modo
1477 4541 1670 4611 triplex
1700 4541 1959 4596 dicendus
1984 4551 2068 4596 est

2177 495 2303 569 [est]
2326 496 2558 565 Spiritus
2587 506 2823 552 sanctus.
2857 497 2921 551 Et
2943 496 3105 551 Pater
3129 498 3231 551 hoc
3257 497 3423 552 habet
3447 499 3751 568 proprium,

2173 590 2316 657 quod
2340 605 2402 643 ex
2433 590 2679 645 omnibus
2703 606 2822 660 quae
2848 598 2992 653 sunt,
3022 590 3168 643 solus
3192 597 3274 644 est
3302 590 3393 658 qui
3423 590 3492 644 ab
3515 589 3623 645 alio
3644 605 3754 645 non

2173 688 2291 734 est:
2340 697 2403 735 ac
2446 697 2543 749 per
2570 682 2673 736 hoc
2717 682 2861 736 solus
2903 690 2986 736 est
3030 682 3086 735 in
3130 681 3470 750 paternitatis
3495 695 3749 750 persona,

2174 785 2279 823 non
2330 769 2520 840 [solus]
2573 772 2626 825 in
2675 772 2893 825 deitatis
2937 771 3196 825 essentia.
3254 770 3574 840 Unigenitus
3621 787 3756 825 vero

2172 862 2340 915 Filius
2372 862 2462 915 Dei
2492 863 2589 917 hoc
2618 863 2778 916 habet
2804 864 3098 931 proprium,
3136 862 3277 931 quod
3305 877 3371 915 ex
3400 862 3532 925 solo,
3564 863 3617 915 id
3643 871 3751 927 est,

2173 952 2332 1006 Patre
2376 952 2905 1006 eonsubstantialiter
2931 959 2986 1006 et
3015 951 3443 1006 coessentialiter
3472 951 3618 1006 solus
3654 965 3751 1021 ge-

2173 1044 2319 1097 nitus
2346 1052 2457 1107 est;
2515 1051 2568 1097 et
2615 1043 2666 1097 in
2713 1043 2816 1097 hoe
2862 1050 2946 1096 est
2990 1057 3236 1111 personae
3274 1056 3386 1095 suae
3426 1040 3749 1109 proprietas.

2174 1132 2406 1203 Spiritus
2445 1140 2663 1187 sanctus
2705 1134 2885 1202 itaque
2929 1134 3031 1187 hoc
3074 1132 3236 1186 habet
3268 1132 3573 1200 proprium,
3605 1132 3751 1200 quod

2172 1240 2236 1279 ex
2262 1225 2422 1280 Patre
2449 1235 2503 1278 et
2525 1225 2663 1278 Filio
2684 1224 2960 1293 aequaliter
2983 1224 3254 1293 procedit;
3286 1232 3340 1278 et
3361 1230 3444 1277 est
3468 1223 3751 1278 amborum

2174 1314 2427 1384 Spiritus,
2458 1314 2804 1384 ejusdemque
2829 1314 3143 1369 substantiae
3183 1318 3239 1367 e’t
3276 1313 3596 1367 aeternitatis
3624 1327 3751 1369 cum

2170 1406 2329 1461 Patre
2358 1415 2412 1460 et
2439 1405 2596 1460 Filio.
2629 1419 2653 1446 ι
2682 1405 2787 1461 Sed
2816 1407 2928 1460 haec
2960 1406 3061 1459 tria
3087 1421 3214 1459 vere
3241 1406 3405 1459 etiam
3444 1405 3549 1458 tria
3590 1412 3751 1468 sunt,

2173 1497 2619 1568 ineﬂabiliterque
2650 1500 2751 1553 tria
2779 1540 2794 1563 ,
2844 1508 2898 1553 et
2925 1498 3287 1553 essentialiter
3318 1498 3448 1560 tria,
3498 1496 3755 1551 habentia

2170 1590 2529 1658 proprietates
2554 1605 2700 1644 suas.
2736 1589 2803 1643 Et
2831 1591 2946 1644 haec
2971 1590 3072 1642 tria
3102 1603 3289 1652 unum,
3316 1595 3372 1642 et
3394 1603 3521 1643 vere
3549 1604 3747 1652 unum;

2171 1690 2226 1735 et
2248 1683 2351 1735 hoe
2372 1697 2535 1735 unum
2561 1690 2691 1745 tres,
2723 1680 2815 1734 sed
2842 1696 2946 1734 non
2970 1687 3083 1733 tres
3110 1680 3316 1743 Patres,
3348 1696 3447 1733 nec
3475 1688 3584 1735 tres
3604 1680 3752 1744 Filii,

2106 1747 2147 1806 Β
2174 1789 2274 1827 nec
2317 1780 2425 1827 tres
2471 1772 2705 1842 Spiritus
2747 1774 2951 1835 sancti;
3003 1773 3096 1826 sed
3144 1780 3253 1826 tres
3297 1787 3571 1840 personae,
3610 1787 3753 1826 unus

2172 1860 2352 1925 Pater,
2375 1877 2513 1916 unus
2536 1861 2725 1923 Filius,
2749 1876 2888 1915 unus
2912 1860 3147 1930 Spiritus
3168 1869 3409 1915 sanctus.
3445 1860 3509 1913 Et
3534 1860 3587 1914 bi
3616 1868 3749 1923 tres,

2171 1950 2226 2004 id
2253 1958 2355 2013 est,
2404 1950 2579 2013 Pater,
2627 1958 2682 2004 et
2721 1951 2909 2015 Filius,
2951 1958 3005 2005 et
3048 1950 3281 2021 Spiritus
3310 1958 3553 2012 sanctus,
3584 1965 3751 2003 unum

2172 2050 2297 2094 sunt
2326 2041 2380 2094 in
2408 2049 2619 2103 natura,
2645 2041 3054 2109 omnipotentia,
3085 2049 3137 2093 et
3162 2041 3482 2094 :eternitate.
3517 2038 3622 2093 Sed
3647 2040 3756 2095 hoc

2172 2130 2335 2183 etiam
2378 2138 2538 2197 atque
2576 2131 2738 2184 etiam
2781 2130 3007 2183 ﬁrmiter
3038 2130 3324 2183 tenendum
3354 2138 3470 2193 est,
3518 2128 3651 2184 nihil
3696 2129 3752 2183 in

2172 2229 2357 2274 sancta
2389 2220 2671 2282 Trinitate,
2707 2222 2773 2275 ad
2802 2236 2861 2275 se
2891 2221 3115 2285 dictum,
3146 2221 3340 2289 plurali
3371 2235 3595 2274 numero
3624 2203 3746 2274 esse

2172 2310 2484 2374 dicendum;
2527 2311 2651 2380 quia
2691 2311 2914 2380 simplex
2954 2312 3041 2364 illa
3073 2326 3295 2365 summa:
3325 2311 3619 2365 divinitatis
3646 2326 3748 2365 na-

2172 2408 2295 2454 tura
2323 2401 2580 2471 singulari
2610 2418 2838 2456 nuniero
2865 2403 3132 2473 designari
3164 2402 3350 2465 debet,
3392 2418 3498 2455 non
3538 2401 3747 2470 plurali.

2171 2489 2250 2545 Ac
2274 2490 2394 2545 ideo
2422 2505 2520 2546 nec
2546 2502 2659 2547 tres
2695 2493 2824 2548 deos
2844 2534 2857 2557 ,
2904 2509 3001 2547 nec
3041 2502 3151 2547 tres
3179 2493 3601 2562 omnipotentes,
3648 2506 3748 2545 nee

2174 2588 2285 2634 tres
2312 2580 2481 2635 bonos
2507 2622 2521 2645 ,
2573 2597 2671 2636 nec
2700 2592 2811 2637 tres
2840 2598 3089 2653 magnos,
3134 2598 3231 2637 nee
3262 2592 3373 2637 tres
3402 2584 3664 2637 essentias
3696 2583 3749 2635 in

2174 2669 2284 2723 Deo
2309 2670 2488 2725 dicere
2516 2670 2597 2725 fas
2625 2680 2725 2726 est.
2778 2672 2910 2727 Cum
2939 2673 3083 2726 enim
3112 2673 3468 2741 personaliter
3502 2673 3639 2725 alius
3678 2673 3751 2727 sit

2173 2761 2352 2826 Pater,
2382 2763 2519 2817 alius
2539 2763 2729 2829 Filius,
2756 2763 2892 2818 alius
2913 2763 3148 2834 Spiritus
3174 2772 3422 2829 sanctus;
3462 2764 3546 2817 bis
3574 2771 3751 2816 tamen

2173 2867 2340 2906 unum
2385 2860 2468 2905 est
2509 2862 2716 2907 natura:
2760 2869 2987 2917 nomen,
3037 2855 3179 2923 quod
3220 2854 3419 2908 dicitur
3457 2853 3626 2914 Deus,
3669 2852 3752 2907 vel

2173 2943 2502 3008 substantia,
2533 2943 2618 2997 vel
2647 2946 2908 3007 essentia,
2946 2945 3029 2999 vel
3072 2944 3457 3013 omnipotentia
3478 2982 3493 3006 ,
3530 2944 3612 2996 vel
3647 2943 3751 2997 alia

2172 3032 2377 3096 multa,
2431 3047 2551 3103 qua:
2596 3033 3042 3098 substantialiter,
3095 3049 3200 3091 non
3251 3033 3471 3086 relative
3518 3033 3584 3087 de
3635 3032 3746 3086 Deo

2094 3091 2140 3153 δ
2170 3123 2440 3177 dicuntur.

2343 3229 2569 3285 CAPUT
2602 3231 2695 3286 ΧΠ
2727 3232 2893 3302 (ειη-ι’.
2920 3247 3037 3287 car.
3068 3248 3199 3298 xm;
3238 3249 3290 3287 ix
3319 3248 3403 3287 us.
3428 3232 3566 3301 Juv).

2204 3320 2357 3387 Quod
2392 3321 2633 3390 quadam
2677 3338 2833 3402 apera
2876 3331 3071 3402 sanctw
3100 3322 3370 3402 Trinitatis
3406 3323 3716 3393 quibusdam

2553 3401 2785 3461 personis
2812 3401 3019 3461 proprie
3046 3401 3372 3445 conveniunt.

2236 3483 2603 3537 lndubitanter
2623 3482 2887 3550 siquidem
2910 3482 3130 3536 credere
3152 3482 3410 3539 debemus
3431 3484 3601 3552 ipsam
3623 3498 3749 3539 san-

2165 3582 2306 3629 etam
2330 3572 2651 3627 Trinitatem
2678 3586 2799 3627 esse
2825 3573 3199 3642 inseparabilis
3225 3574 3539 3629 substantiae
3583 3584 3747 3643 atque

2164 3663 2444 3727 essentite,
2480 3662 3017 3733 inseparabiliterque
3046 3664 3258 3732 operari
3288 3664 3546 3734 quidquid
3577 3680 3608 3719 a
3636 3667 3747 3721 sin—

2165 3755 2301 3824 gulis
2329 3754 2572 3824 personis
2600 3754 2828 3825 legimus
2856 3765 3137 3825 operatum
3165 3769 3305 3810 esse.
3341 3756 3599 3822 Quamvis
3627 3771 3745 3811 cer-

2164 3845 2433 3899 tissimum
2465 3845 2534 3899 sit
2571 3844 2789 3901 Patrem
2832 3860 2951 3899 esse
2988 3845 3159 3900 solum
3212 3846 3302 3914 qui
3333 3846 3506 3900 dixit:
3542 3846 3644 3900 Hic
3672 3854 3748 3900 est

2166 3934 2338 3989 Filius
2374 3952 2518 3989 meus
2549 3934 2797 3998 dilectus,
2836 3935 2891 3988 in
2920 3952 3020 4005 quo
3050 3936 3177 3989 mihi
3212 3936 3502 4007 complacui
3530 3938 3768 4007 (Matth.-

2165 4041 2250 4089 ιιι,
2278 4023 2396 4095 l7);
2431 4032 2485 4077 et
2512 4023 2709 4081 Filium
2740 4025 2900 4097 712
2929 4040 3050 4080 esse
3078 4027 3252 4081 solum
3281 4042 3443 4097 super
3466 4045 3627 4098 quem
3659 4031 3745 4084 illa

2164 4131 2266 4169 vox
2295 4113 2506 4185 [solius]
2537 4114 2715 4168 Patris
2739 4117 2936 4179 sonuit,
2962 4117 3178 4186 quando
3209 4119 3261 4173 in
3289 4117 3522 4174 Jordane
3550 4136 3746 4175 secun-

2168 4207 2295 4261 dum
2328 4207 2599 4261 hominem
2628 4208 2933 4277 baptizatus
2961 4218 3072 4272 est,
3101 4209 3240 4264 idem
3272 4211 3576 4280 unigenitus
3601 4212 3747 4266 Deus

2167 4294 2259 4363 qui
2289 4307 2506 4348 carnem
2540 4294 2685 4349 solus
2716 4296 2940 4365 accepit.
2986 4297 3054 4349 Et
3080 4296 3338 4366 Spiritum
3370 4306 3617 4352 sanetum
3646 4299 3748 4352 Pa-

2170 4384 2269 4437 tris
2297 4392 2352 4437 et
2376 4384 2496 4438 Filii
2523 4384 2692 4438 solum
2720 4400 2859 4451 esse,
2890 4387 2981 4455 qui
3012 4387 3063 4440 in
3095 4388 3273 4454 specie
3301 4388 3561 4443 columba:
3587 4405 3749 4458 super

2167 4474 2413 4531 eumdem
2438 4475 2767 4545 baptizatum
2796 4476 3171 4529 ascendentem
3205 4477 3269 4531 de
3298 4492 3436 4546 aqua
3466 4478 3747 4534 descendit

2169 4562 2382 4633 (Matth.
2412 4580 2494 4627 ιιι,
2526 4564 2632 4633 l6),
2683 4573 2736 4619 et
2781 4566 3226 4634 quinquagesimo
3270 4567 3356 4620 die
3392 4576 3515 4636 post
3561 4583 3745 4623 resur-

496 4634 659 4715 Deus,
682 4633 808 4702 quia
836 4648 942 4688 non
966 4642 1050 4688 est
1076 4647 1182 4702 quo
1208 4640 1415 4686 crescat
1443 4632 1530 4685 illa
1559 4630 1819 4701 perfectio
1846 4648 2067 4688 summa:

2170 4630 2467 4709 rectionem
2502 4630 2703 4709 Christi
2754 4630 2948 4708 ﬁdeles
2986 4630 3050 4707 iii
3088 4670 3194 4709 uno
3239 4656 3356 4713 loco
3392 4630 3642 4725 positos,
3692 4658 3747 4711 in

499 4722 798 4779 Trinitatis.
847 4722 1123 4777 Perfectus
1159 4730 1337 4776 autem
1370 4722 1486 4775 sive
1512 4721 1694 4783 Pater,
1738 4722 1851 4776 sive
1876 4721 2105 4777 Filius.‘
2164 4743 2472 4812 _;nguamm
2531 4744 2808 4813 igneam“,
2860 4743 3068 4797 visione
3122 4721 3447 4808 adveniens"
3520 4747 3748 4817 replevit

498 4810 614 4868 sive
640 4813 877 4883 Spiritus
905 4820 1158 4875 sanctus;
1203 4821 1258 4865 et
1296 4809 1569 4883 perfectus
1610 4811 1751 4865 Deus
1785 4812 1964 4877 Pater,
2013 4825 2069 4868 et

2170 4833 2366 4903 (Actor.
2397 4849 2459 4896 ιι,
2494 4834 2527 4887 5
2555 4842 2601 4887 et
2627 4832 2703 4903 4).
2737 4832 2886 4886 lllam
2920 4841 3097 4887 tamen
3123 4833 3402 4890 verissime
3427 4809 3613 4889 vocem
3642 4852 3746 4905 qua

496 4902 687 4968 Filius,
708 4913 763 4958 et
784 4902 1016 4971 Spiritus
1040 4909 1285 4957 sanctus:
1313 4900 1432 4955 ideo
1452 4899 1691 4959 Trinitas
1708 4902 1886 4969 potius
1907 4916 2066 4972 quam

501 4992 696 5063 triplex
722 4992 944 5048 dicenda
970 4999 1069 5047 est.

765 5103 988 5160 CAPUT
1026 5103 1095 5157 Χῐ
1132 5102 1301 5173 (sun.
1325 5120 1431 5169 xu;
1465 5120 1515 5158 IN
1543 5120 1624 5159 us.
1649 5104 1788 5173 xui).

507 5196 638 5265 Quae
676 5198 779 5254 sint
819 5196 1027 5268 propria
1068 5196 1342 5277 unicuique
1381 5213 1614 5266 persona:
1647 5198 1700 5249 in
1733 5206 1916 5251 sancta
1950 5195 2070 5249 Tri-

1195 5275 1372 5319 nitate.

574 5377 785 5433 Habent
806 5375 987 5445 itaque
1012 5376 1231 5445 singulae
1256 5377 1309 5430 in
1336 5386 1518 5431 sancta
1544 5376 1807 5430 Trinitate
1831 5391 2073 5446 persona:

508 5467 708 5536 aliquid
749 5465 1059 5535 proprium,
1110 5482 1217 5534 quo
1262 5466 1603 5537 inseparabili
1633 5467 1940 5535 tequalitate
1977 5466 2075 5519 ali-

509 5571 670 5627 quam
699 5556 754 5617 in
785 5569 843 5611 se
870 5556 1155 5611 ostendant
1182 5558 1580 5627 proprietatem.
1610 5557 1770 5611 Pater
1798 5558 1943 5612 solus
1972 5558 2073 5610 Pa-

582 5699 605 5728 ι
631 5683 829 5743 .Eneas
857 5686 1027 5745 Paris.
1056 5702 1115 5742 ea
1144 5704 1263 5760 quze
1286 5698 1584 5759 sequuntur
1610 5689 1757 5753 citat,
1787 5703 1903 5759 cap.
1934 5688 2002 5743 80

2175 4923 2321 4979 solus
2353 4924 2563 4978 locutus
2603 4932 2687 4977 est
2733 4924 2873 4977 Deus
2902 4923 3083 4986 Pater,
3125 4930 3181 4976 et
3218 4923 3363 4979 illam
3394 4939 3609 4978 carnem
3641 4940 3745 4993 qua

2175 5016 2320 5071 solus
2364 5016 2525 5070 homo
2566 5013 2741 5068 factus
2785 5021 2867 5067 est
2912 5012 3240 5083 [unigenitus
3272 5013 3461 5085 Deus],
3503 5022 3559 5068 et
3600 5014 3746 5069 illam

2175 5108 2475 5162 columbam
2526 5108 2581 5161 in
2631 5106 2782 5174 cujus
2823 5107 3001 5175 specie
3045 5106 3277 5176 Spiritus
3321 5118 3540 5164 sanctus
3586 5123 3748 5178 super

2177 5200 2449 5254 Christum
2480 5199 2786 5264 descendit,
2832 5198 3058 5266 illasque
3084 5199 3294 5269 linguas
3318 5200 3504 5271 igneas
3534 5201 3586 5255 in
3615 5215 3747 5270 qua-

2176 5306 2295 5343 rum
2339 5289 2545 5344 visione
2595 5287 2775 5341 ﬁdeles
2822 5303 2929 5341 uno
2972 5288 3087 5343 loco
3128 5291 3450 5345 constitutos
3484 5290 3744 5359 replevit,

2174 5394 2335 5447 opera
2364 5392 2482 5432 esse
2511 5378 2671 5432 totius
2697 5386 2896 5433 sanctae
2919 5378 3219 5443 Trinitatis,
3241 5381 3290 5434 id
3318 5390 3422 5445 est,
3444 5382 3600 5435 unius
3629 5381 3741 5444 Dei,

2176 5471 2265 5539 qui
2296 5470 2423 5526 fecit
2449 5471 2502 5524 in
2532 5470 2683 5525 oculis
2720 5479 2775 5525 et
2814 5471 2867 5524 in
2907 5479 3050 5526 terra
3083 5472 3312 5526 visibilia
3344 5484 3398 5526 et
3425 5470 3744 5539 invisibilia,

2176 5561 2455 5618 verissime
2481 5563 2806 5618 credendum
2834 5570 2936 5617 est.
