4072 6346
302 356 367 410 Ἦ
936 342 1348 401 ΒΟΟΜᾹἸΊΟᾹ.
1393 372 1459 381 -
1498 338 1583 395 υΕ
1620 339 1773 395 FIDE
1810 338 1867 393 S.

1975 334 2302 391 KINITATIS
2338 334 2515 391 LIBRI
2553 334 2636 392 III.
2675 331 2799 390 LIB.
2838 334 2877 389 Ι.
3472 333 3545 391 ‘22

495 458 721 515 CAPUT
760 456 870 511 XIII
898 458 1067 527 (amr.
1090 473 1206 511 CAP.
1230 470 1349 519 xxv;
1381 469 1432 507 1N
1460 467 1542 505 ns.
1570 456 1680 521 xv).

305 551 462 620 Quod
498 560 679 605 sancta
717 548 942 620 Trinitas
977 563 1081 600 non
1116 547 1180 620 sit
1216 541 1517 620 separabilis
1553 542 1608 593 in
1646 548 1833 592 natura
1855 577 1869 603 ,

748 634 837 671 nec
866 619 918 670 in
946 616 1177 686 personis
1202 612 1441 668 dicenda.

375 736 520 789 Deus
559 747 687 802 ergo
727 747 821 801 per
854 728 1268 784 immensitatem
1310 734 1517 779 naturae
1557 738 1667 777 sum
1707 729 1871 776 totam

302 837 611 884 creaturam
632 840 782 880 suam
802 832 857 877 et
886 821 1070 890 implet
1089 829 1143 874 et
1164 820 1435 883 continet;
1466 833 1527 870 ac
1552 831 1648 884 per
1666 816 1770 870 hoc
1793 822 1873 868 to-

301 930 440 981 tum,
467 915 724 987 quidquid
746 923 849 979 est,
879 912 1066 983 implet
1088 912 1263 973 Pater,
1290 918 1461 964 totum
1488 908 1671 969 Filius,
1702 915 1873 961 totum

302 1006 542 1075 Spiritus
579 1012 816 1058 sanctus.
864 1001 1202 1071 QuaprOpter
1231 999 1404 1070 [Mss.,
1435 997 1567 1065 Quia
1594 995 1777 1066 Pater]
1819 1004 1874 1050 et

299 1096 474 1150 Filius
502 1102 556 1150 et
584 1093 815 1162 Spiritus
843 1100 1063 1147 sanctus
1090 1088 1410 1144 naturaliter
1434 1102 1572 1140 unus
1597 1094 1681 1141 est
1710 1085 1870 1139 Deus.

299 1186 679 1257 Inseparabilis
708 1185 866 1255 igitur
891 1191 1097 1237 naturae
1125 1181 1304 1235 unitas
1325 1195 1431 1233 non
1458 1186 1633 1247 potest
1660 1192 1876 1246 separa-

297 1275 440 1330 biles
477 1276 674 1329 habere
709 1287 984 1344 personas.
1034 1271 1160 1325 Haec
1186 1284 1314 1324 vero
1347 1283 1569 1323 summae
1597 1268 1877 1322 Trinitatis

298 1376 467 1436 atque
497 1366 780 1421 individuae
805 1365 1030 1420 unitatis
1054 1372 1270 1429 natura,
1292 1377 1411 1431 quae
1436 1361 1548 1416 sola
1570 1368 1653 1414 est
1680 1360 1877 1428 ubique

298 1466 437 1521 tota,
473 1458 613 1512 sicut
637 1457 833 1527 ubique
860 1454 1274 1525 inseparabilem
1303 1454 1463 1508 habet
1493 1452 1753 1507 unitatem
1783 1466 1879 1504 na-

298 1558 438 1604 tura:
458 1550 544 1604 vel
565 1550 765 1619 operis,
786 1550 863 1603 sic
890 1547 1282 1618 separationem
1305 1562 1411 1600 non
1434 1552 1611 1616 potest
1639 1544 1878 1612 recipere

297 1655 679 1710 personarum.
726 1638 1080 1693 Nominantur
1105 1637 1320 1706 quidem
1360 1636 1462 1690 illa:
1498 1648 1740 1705 personae
1776 1633 1876 1686 ali-

299 1729 522 1797 quando
550 1726 800 1796 singulie;
835 1726 929 1781 sed
957 1726 1031 1779 ita
1061 1741 1120 1781 se
1143 1725 1311 1779 voluit
1337 1724 1451 1794 ipsa
1476 1723 1618 1777 Deus
1640 1722 1877 1776 Trinitas

1880 453 1942 508 Ἀ
1975 444 2041 498 de
2084 459 2191 512 quo
2235 445 2369 500 dicis
2414 447 2710 517 ingenitus,
2756 443 3108 516 significatur.
3158 444 3321 501 Pater
3361 445 3544 516 itaque

1971 538 2265 593 secundum
2294 536 2735 601 affirmationem;
2772 537 3039 607 ingenitus
3067 537 3357 592 secundum
3381 537 3540 607 713

1970 627 2311 696 negationem
2356 627 2569 681 dicitur.
2628 627 2865 698 Negatur
2911 627 3093 696 itaque
3139 628 3378 696 genitum
3422 641 3541 681 esse

1970 733 2119 781 eum,
2152 718 2217 771 de
2245 731 2351 785 quo
2378 716 2470 770 hic
2494 715 2624 787 [Al.,
2658 716 2782 788 hoc]
2813 718 3040 782 dicitur;
3091 732 3191 771 nec
3224 725 3406 771 tamen
3444 716 3543 771 ali-

1971 807 2097 876 quid
2127 822 2251 861 eum
2292 806 2539 876 genuisse
2576 805 2927 876 signiﬁcatur,
2961 808 3085 861 dum
3114 807 3309 861 dicitur
3336 807 3541 876 ingeni-

1972 906 2079 952 tus.
2102 896 2316 950 Patrem
2341 895 2521 963 itaque
2542 894 2668 948 dum
2691 894 2939 958 dicimus,
2960 894 3323 965 significamus
3345 895 3540 948 Filium

1972 1001 2095 1041 eum
2124 985 2389 1054 genuisse,
2422 983 2546 1052 quia
2576 981 2745 1037 Filius
2772 984 2989 1052 preprie
3018 985 3137 1040 ideo
3166 986 3375 1056 genitus
3401 984 3537 1040 dici-

1974 1086 2081 1141 tur,
2105 1076 2229 1145 quia
2254 1075 2468 1129 Patrem
2496 1074 2658 1128 habet
2678 1073 2766 1141 qui
2791 1088 2910 1128 eum
2934 1075 3135 1144 genuit.
3160 1075 3265 1131 Sed
3287 1091 3392 1130 non
3417 1073 3545 1147 [est]

1974 1171 2114 1224 inter
2139 1169 2351 1222 Patrem
2381 1176 2434 1221 et
2461 1166 2656 1221 Filium
2688 1166 2880 1220 divisio
2911 1166 2994 1220 vel
3021 1167 3230 1231 scissio,
3258 1168 3383 1236 quia
3410 1166 3546 1221 alter

1974 1263 2029 1316 in
2058 1260 2229 1314 altero
2256 1266 2368 1323 est,
2402 1258 2541 1312 sicut
2570 1258 2623 1311 in
2659 1258 2948 1327 Evangelio
2978 1257 3205 1326 legimus
3235 1259 3407 1327 ipsum
3434 1258 3542 1313 Do-

1975 1354 2181 1407 minum
2225 1352 2527 1406 dicentem:
2568 1349 2679 1420 Ego
2727 1350 2781 1402 in
2825 1347 3008 1414 Patre,
3061 1358 3108 1403 et
3158 1347 3321 1403 Pater
3364 1352 3421 1404 in
3468 1338 3550 1405 nte

1978 1445 2296 1515 (Joan.x1v,
2332 1438 2440 1513 I0).
2500 1442 2648 1499 Unus
2693 1443 2762 1497 ab
2806 1457 2913 1497 uno
2957 1444 3188 1512 genitus,
3219 1443 3488 1513 perfectus
3518 1461 3549 1497 a

1976 1533 2238 1603 perfecto,
2283 1533 2563 1603 plenitudo
2589 1532 2884 1588 divinitatis
2915 1534 2969 1587 in
2996 1542 3253 1603 utroque,
3294 1534 3369 1587 nil
3397 1533 3549 1589 diﬁ'e-

1939 1634 1956 1648 ’
1977 1643 2105 1683 rens
2136 1628 2272 1681 alter
2296 1628 2364 1681 ab
2394 1626 2585 1691 altero,
2616 1626 2738 1694 quia
2766 1627 2876 1681 vita
2904 1642 2934 1681 a
2960 1627 3173 1682 vivente
3201 1626 3333 1698 [Al.,
3361 1642 3391 1680 a
3417 1625 3550 1699 vita]

1978 1728 2079 1783 est,
2110 1718 2280 1773 Filius
2306 1734 2335 1772 a
2362 1719 2549 1783 Patre;
2586 1718 2725 1773 sicut
2755 1719 2866 1787 ipse
2892 1719 2967 1772 ait
2993 1737 3005 1771 :
3041 1718 3188 1773 Sicut
3218 1717 3381 1773 Pater
3404 1719 3556 1774 habet

300 1819 720 1888 inseparabilem
746 1819 1032 1873 ostendere
1062 1818 1116 1872 in
1148 1817 1413 1886 personis,
1459 1823 1519 1869 ut
1557 1815 1762 1869 nullum
1804 1813 1875 1866 ibi
1912 1797 1949 1854 Β
1977 1808 2133 1861 vitam
2169 1809 2225 1861 in
2252 1809 2545 1878 semetipso,
2584 1809 2659 1861 sic
2688 1807 2827 1863 dedit
2857 1816 2903 1861 et
2932 1805 3073 1860 Filio
3102 1809 3258 1861 vitam
3286 1808 3474 1861 habere
3498 1809 3554 1861 in

299 1926 498 1965 nomen
525 1911 599 1965 sit
628 1911 681 1963 in
707 1910 947 1979 qualibet
969 1923 1219 1978 persona,
1248 1909 1390 1978 quod
1413 1908 1479 1962 ad
1502 1907 1663 1960 aliam
1689 1920 1879 1960 secun-

304 2001 431 2053 dum
467 2000 753 2053 relationis
782 1999 1017 2068 regulam
1048 2014 1152 2052 non
1183 1997 1476 2053 referretur
1501 1996 1631 2067 [Al.,
1662 2012 1768 2050 non
1795 2011 1881 2049 re-

301 2087 559 2157 feratur],
583 2087 724 2141 sicut
750 2085 912 2139 Pater
932 2085 998 2139 ad
1020 2085 1232 2149 Filium,
1256 2085 1338 2139 vel
1362 2085 1530 2138 Filius
1554 2085 1619 2138 ad
1642 2084 1875 2147 Patrem,

302 2178 387 2232 vel
428 2177 664 2246 Spiritus
693 2185 911 2231 sanctus
938 2176 1004 2229 ad
1030 2176 1245 2229 Patrem
1284 2183 1339 2229 et
1378 2174 1572 2228 Filium
1598 2173 1877 2228 verissime

304 2266 564 2323 refertur.
616 2268 691 2320 Ea
718 2282 845 2321 vero
871 2266 1088 2320 nomina
1117 2282 1235 2335 quae
1264 2266 1640 2330 substantiam,
1670 2265 1753 2318 vel
1783 2279 1878 2333 po-

302 2362 555 2425 tentiam,
585 2359 669 2414 vel
696 2360 984 2414 essentiam
1015 2358 1110 2413 Dei
1140 2357 1475 2429 signiﬁcant,
1506 2357 1589 2412 vel
1620 2357 1877 2426 quidquid

298 2449 522 2517 proprie
550 2448 618 2502 ad
647 2462 704 2503 se
730 2448 926 2502 dicitur
956 2447 1117 2509 Deus,
1147 2446 1397 2501 omnibus
1424 2446 1667 2514 personis
1696 2460 1878 2515 aaqua-

301 2540 431 2595 liter
461 2540 818 2605 conveniunt,
862 2547 923 2593 ut
958 2539 1101 2593 Deus
1130 2553 1370 2607 magnus.
1402 2538 1595 2599 bonus,
1622 2548 1875 2600 aeternus,

300 2632 668 2700 omnipotens,
698 2639 752 2684 et
774 2631 953 2685 omnia
983 2645 1102 2698 qua:
1131 2628 1444 2683 naturaliter
1468 2629 1532 2682 de
1556 2628 1666 2682 Deo
1694 2628 1879 2683 dicun—

302 2728 414 2774 tur.
459 2719 576 2773 Non
605 2726 688 2775 est
717 2719 881 2788 igitur
909 2717 1123 2787 aliquod
1150 2726 1351 2772 nature
1382 2732 1575 2771 nomen
1607 2716 1739 2788 [Αι.,
1770 2733 1876 2771 ηοη

302 2820 485 2881 potest
510 2810 674 2882 igitur
696 2808 848 2880 dici],
868 2809 1009 2879 quod
1033 2808 1110 2864 sic
1132 2808 1279 2862 Patri
1301 2808 1588 2862 convenire
1609 2806 1797 2876 possit,
1821 2814 1880 2860 ut

305 2911 397 2955 aut
436 2900 574 2956 Filio
622 2907 715 2953 aut
754 2898 978 2968 Spiritui
1021 2898 1205 2953 sancto
1236 2896 1556 2969 [aequaliter]
1593 2896 1877 2951 convenire

304 3000 557 3062 nequeat.
604 2990 815 3045 Dicitur
845 2990 988 3044 enim
1024 2989 1186 3043 Pater
1212 2988 1532 3043 naturaliter
1567 2988 1737 3051 Deus,
1784 2986 1878 3043 sed

305 3082 624 3136 naturaliter
644 3089 726 3137 est
753 3080 894 3135 Deus
919 3088 972 3134 et
998 3079 1184 3141 Filius,
1211 3078 1529 3133 naturaliter
1549 3087 1630 3133 est
1657 3077 1801 3131 Deus
1824 3084 1877 3131 et

305 3175 539 3244 Spiritus
564 3182 801 3229 sanctus.
841 3172 946 3226 Nec
974 3180 1149 3225 tamen
1179 3179 1287 3225 tres
1321 3170 1412 3233 dii,
1442 3170 1535 3224 sed
1559 3184 1697 3223 unus
1722 3176 1877 3222 natu-

307 3262 499 3316 raliter
524 3262 685 3326 Deus,
726 3260 907 3323 Pater,
947 3266 1001 3312 et
1038 3257 1227 3323 Filius,
1266 3266 1319 3313 et
1360 3256 1595 3326 Spiritus
1636 3264 1872 3311 sanctus.

302 3352 509 3407 Ilcirco
536 3349 913 3421 inseparabilis
950 3355 1033 3403 est
1070 3356 1255 3403 sancta
1286 3348 1520 3402 Trinitas
1551 3348 1611 3401 in
1634 3348 1879 3416 personis

310 3457 474 3496 sensu
503 3440 863 3510 intelligenda,
893 3440 1138 3508 quamvis
1168 3440 1222 3493 in
1247 3454 1378 3495 voce
1404 3440 1723 3510 separabilia
1744 3440 1874 3512 [Al.,

306 3530 709 3603 inseparabilia]
740 3532 937 3586 habeat
967 3531 1180 3586 nomina
1200 3572 1216 3597 ,
1253 3533 1377 3602 quia
1405 3531 1665 3601 pluralem
1692 3548 1879 3588 nume.

306 3639 424 3675 rum
459 3622 513 3674 in
541 3630 743 3675 naturae
768 3620 1073 3675 nominibus
1100 3621 1405 3677 nullatenus
1432 3623 1641 3694 recipit.
1683 3625 1740 3678 In
1776 3626 1877 3681 hoc

305 3712 611 3767 ostenditur
634 3726 893 3780 personas
919 3727 1024 3766 non
1049 3727 1207 3781 posse
1233 3712 1396 3767 dividi
1420 3714 1472 3767 in
1494 3723 1676 3769 sancta
1702 3714 1879 3769 Trini-

306 3813 438 3868 tate,
465 3804 594 3873 quia
623 3804 902 3873 cujuslibet
928 3818 1173 3872 personae
1198 3816 1392 3857 nomen
1417 3818 1627 3873 semper
1650 3804 1716 3859 ad
1748 3805 1878 3860 alte-

308 3909 428 3949 ram
476 3894 697 3963 respicit
740 3909 1045 3963 personam.
1106 3893 1161 3948 Si
1213 3894 1428 3947 Patrem
1467 3894 1636 3959 dicis,
1684 3895 1875 3950 Filium

307 3985 581 4050 ostendis;
621 3986 665 4039 si
693 3983 887 4038 Filium
924 3985 1199 4049 nominas,
1241 3983 1455 4038 Patrem
1482 3984 1781 4053 praedicas;
1831 3983 1877 4038 si

304 4076 568 4147 Spiritum
617 4083 861 4130 sanctum
905 4075 1171 4145 appellas,
1208 4073 1433 4142 alicujus
1466 4088 1583 4128 esse
1617 4064 1876 4141 Spiritum

304 4181 530 4221 necesse
556 4174 642 4220 est
670 4165 959 4234 intelligas,
987 4165 1039 4218 id
1065 4175 1167 4229 est,
1201 4163 1378 4218 Patris
1420 4171 1474 4217 et
1500 4162 1641 4216 Filii.
1680 4163 1746 4216 Et
1773 4163 1877 4217 hoc

304 4256 630 4327 regulariter
661 4263 846 4310 tenere
869 4254 1127 4309 debemus
1156 4254 1298 4322 quod
1325 4252 1505 4307 omnia
1535 4260 1742 4306 naturze
1766 4250 1873 4322 [di-

303 4343 465 4416 vinze]
501 4345 717 4398 nomina
745 4345 830 4399 vel
859 4344 1126 4408 essentia),
1155 4344 1292 4398 sicut
1315 4344 1368 4397 in
1386 4357 1489 4396 una
1515 4357 1739 4412 persona
1767 4341 1878 4395 sin-

304 4433 584 4503 gulariter,
599 4434 677 4488 sic
697 4434 859 4487 ctiam
881 4432 933 4486 in
958 4433 1127 4486 tribus
1147 4448 1357 4502 semper
1376 4432 1630 4502 singulari
1655 4446 1876 4486 numero

304 4526 411 4580 dici
432 4526 650 4580 debere.
686 4524 742 4579 Si
769 4524 892 4594 quis
911 4538 1037 4579 vero
1061 4524 1238 4578 minus
1261 4524 1315 4577 in
1338 4523 1530 4577 talibus
1550 4522 1876 4577 exercitatus

306 4614 436 4687 [est]
469 4614 742 4684 mysteriis
776 4628 1000 4669 summat
1025 4613 1303 4667 Trinitatis
1324 4653 1339 4676 ,
1389 4612 1527 4666 votis
1570 4620 1692 4682 agat
1734 4611 1875 4681 apud

303 4704 475 4758 Deum
500 4711 561 4757 ut
579 4702 838 4772 intelligat
862 4718 981 4771 qua:
1002 4702 1096 4757 Dei
1117 4710 1256 4764 sunt,
1280 4716 1388 4755 non
1411 4716 1620 4755 mecum
1645 4715 1878 4770 conque-

303 4798 457 4844 retur
484 4788 620 4860 [Αι.,
651 4788 904 4859 querelis]
938 4790 1079 4859 quod
1108 4804 1171 4842 ea
1199 4788 1390 4859 scripsi
1419 4803 1539 4857 qua:
1572 4788 1628 4842 in
1660 4797 1877 4843 sancto-

305 4897 427 4934 rum
452 4879 614 4935 dictis
640 4880 919 4935 doctorum
948 4879 1213 4949 legebam.

485 4988 712 5044 CAPUT
750 4989 867 5045 XIV
894 4991 1062 5061 (amr.
1084 5005 1200 5043 CAP.
1224 5005 1321 5055 xv;
1354 5006 1405 5044 ιη
1430 5007 1541 5047 uss.
1564 4991 1700 5063 xvt).

312 5078 460 5152 Quid
488 5080 554 5131 sit
592 5080 1033 5152 interingem'tam
1077 5089 1124 5152 et
1167 5079 1396 5145 Patrem,
1442 5090 1489 5135 et
1533 5082 1671 5152 quod
1705 5080 1879 5138 Filius

380 5148 526 5201 solus
570 5149 637 5228 sit
684 5148 905 5217 genitus,
943 5150 1171 5221 Spiritus
1208 5160 1417 5204 sanctus
1463 5148 1555 5204 nec
1597 5152 1877 5222 ingenitus,

300 5262 305 5266 .
381 5233 477 5270 nec
501 5226 725 5287 genitus.

382 5327 675 5383 Sciendum
697 5336 781 5383 est
799 5328 941 5397 quod
961 5343 1067 5383 non
1089 5344 1184 5399 per
1205 5330 1384 5385 omnia
1405 5330 1544 5385 idem
1564 5338 1647 5385 est
1666 5330 1880 5387 Patrem

312 5420 498 5474 dicere
522 5427 576 5474 et
602 5420 929 5490 ingenitum;
962 5422 1086 5490 quia
1112 5422 1212 5476 etsi
1239 5421 1431 5475 Filium
1454 5438 1559 5478 non
1586 5425 1879 5493 genuisset,

311 5509 448 5563 nihil
484 5508 795 5579 prohiberet
818 5525 941 5565 eum
969 5510 1075 5565 dici
1111 5511 1404 5581 ingenitum
1435 5529 1448 5564 :
1501 5512 1626 5581 quia
1653 5512 1777 5566 dum
1804 5514 1883 5567 di-

310 5599 458 5653 citur
485 5600 776 5670 ingenitus,
809 5616 917 5656 non
947 5600 1075 5671 quid
1106 5600 1205 5665 sit,
1248 5601 1341 5656 sed
1373 5602 1502 5671 quid
1530 5618 1633 5657 non
1669 5603 1740 5657 sit
1773 5602 1879 5668 ille,

1975 1900 2248 1965 semetipso
2271 1899 2450 1970 (Joan.
2474 1915 2525 1961 v,
2554 1898 2679 1970 26);
2716 1898 2770 1952 id
2795 1907 2899 1964 est,
2934 1899 3095 1953 talem
3124 1899 3306 1967 genuit
3334 1899 3552 1966 Filium,

1977 1988 2070 2056 qui
2098 1987 2263 2041 vitam
2291 1988 2513 2043 haberet
2542 1988 2598 2042 in
2632 1988 2941 2059 semetipso.
2972 2001 2997 2029 α
3025 1988 3259 2058 Spiritus
3287 1989 3553 2059 siquidem

1977 2088 2196 2134 sanctus
2236 2095 2335 2135 nec
2361 2081 2652 2151 ingenitus,
2692 2098 2791 2138 nec
2821 2082 3032 2152 genitus
3077 2083 3271 2138 alicubi
3318 2084 3549 2139 dicitur:

1975 2183 2043 2223 ne
2072 2170 2118 2224 si
2160 2170 2432 2238 ingenitus
2468 2172 2738 2226 diceretur
2768 2172 2908 2227 sicut
2935 2172 3115 2238 Pater,
3149 2174 3253 2228 duo
3278 2173 3469 2229 Patres
3500 2175 3554 2228 in

1976 2268 2160 2314 sancta
2190 2259 2455 2315 Trinitate
2483 2261 2944 2331 intelligerentur;
2980 2270 3073 2316 aut
3098 2263 3144 2317 si
3173 2263 3384 2333 genitus
3410 2263 3553 2317 dice-

1975 2359 2129 2406 retur
2155 2352 2294 2406 sicut
2319 2352 2507 2418 Filius,
2538 2354 2642 2409 duo
2673 2354 2860 2408 itidem
2904 2354 3024 2408 Filii
3077 2356 3126 2408 in
3176 2354 3364 2409 eadem
3412 2354 3555 2408 testi-

1977 2450 2255 2519 mprentur
2300 2458 2419 2498 esse
2470 2452 2649 2499 sancta
2693 2445 2991 2510 Trinitate;
3041 2446 3133 2499 sed
3160 2446 3552 2507 tantummodo

1976 2532 2271 2603 procedere
2298 2533 2363 2587 de
2392 2532 2551 2587 Patre
2588 2541 2643 2587 et
2668 2533 2827 2599 Filio,
2859 2534 3003 2587 salva
3033 2533 3137 2587 ﬁde
3164 2533 3421 2588 dicendus
3448 2544 3551 2589 est.

1977 2617 2079 2686 Qui
2111 2630 2290 2676 tamen
2323 2637 2429 2676 non
2475 2623 2541 2677 de
2584 2622 2744 2677 Patre
2787 2623 3029 2691 procedit
3069 2624 3122 2676 in
3150 2622 3366 2689 Filium,
3391 2632 3446 2679 et
3490 2625 3556 2679 de

1976 2709 2114 2764 Filio
2152 2711 2395 2780 procedit
2439 2712 2507 2766 ad
2551 2712 2993 2767 sanctiﬁcandam
3023 2722 3364 2779 creaturam,
3416 2715 3555 2769 sicut

1978 2801 2197 2870 quidam
2226 2802 2363 2856 male
2386 2802 2745 2872 intelligentes
2770 2802 3093 2856 credendum
3116 2819 3233 2858 esse
3253 2806 3513 2873 putabant
3537 2823 3550 2858 :

1978 2890 2073 2944 sed
2099 2890 2256 2944 simul
2284 2891 2349 2946 de
2376 2901 2605 2961 utroque
2630 2892 2905 2961 procedit,
2933 2891 3057 2960 quia
3088 2891 3247 2947 Pater
3274 2893 3432 2947 talem
3464 2909 3555 2963 ge-

1978 2983 2096 3037 nuit
2119 2982 2337 3048 Filium,
2366 2992 2424 3037 ut
2448 2983 2897 3052 quemadmodum
2926 2983 2992 3038 de
3020 2997 3099 3048 se,
3121 2983 3195 3037 ita
3221 2984 3285 3039 de
3310 2983 3400 3040 illo
3422 2999 3555 3053 quo-

1982 3090 2086 3145 que
2112 3075 2370 3145 procedat
2395 3074 2630 3144 Spiritus
2656 3084 2893 3130 sanctus.

2122 3190 2347 3246 CAPUT
2374 3190 2468 3245 XV
2502 3190 2669 3261 (amr.
2700 3207 2817 3246 car.
2856 3209 2975 3258 xvi;
3014 3210 3065 3248 IN
3094 3209 3205 3249 uss.
3239 3193 3395 3264 xvu).

1983 3282 2254 3350 Quomodo
2300 3283 2649 3354 intelligentiae
2693 3285 2798 3356 sint
2846 3284 3130 3356 locutiones
3177 3286 3553 3356 prwdicamen-

2547 3363 2718 3407 torum
2749 3355 2812 3408 de
2843 3354 2975 3408 Deo.

2048 3444 2241 3499 Decem
2290 3452 2417 3498 sunt
2460 3459 2660 3514 genera
2704 3446 2954 3500 humante
3003 3446 3308 3511 locutionis,
3362 3448 3558 3517 quibus

1980 3534 2225 3589 homines
2257 3549 2382 3589 suos
2410 3550 2602 3590 sensus
2633 3536 2807 3591 solent
2849 3536 2989 3591 inter
3020 3552 3078 3592 se
3106 3538 3352 3593 conferre
3379 3557 3391 3591 :
3443 3554 3550 3593 non

1978 3625 2045 3680 de
2073 3625 2177 3679 illis
2225 3626 2346 3681 dico
2373 3642 2509 3696 quas
2544 3628 2884 3696 grammatici
2932 3637 3114 3698 partes
3166 3630 3427 3686 orationis
3464 3646 3557 3687 vo-

1977 3724 2132 3781 cant;
2160 3717 2255 3771 sed
2277 3715 2344 3771 de
2384 3717 2491 3772 illis
2515 3733 2650 3786 quas
2679 3718 2982 3790 philosophi
3012 3719 3195 3775 Graece
3220 3721 3517 3792 categorias
3539 3738 3554 3785 ;

1975 3804 2165 3859 Latine
2200 3806 2616 3875 praedicamenta
2645 3808 2916 3877 appellare
2957 3810 3151 3865 solent.
3183 3811 3311 3877 Quae
3338 3812 3554 3880 quidem

1978 3896 2047 3949 ab
2070 3896 2148 3948 cis
2177 3896 2255 3949 sic
2279 3895 2662 3951 nominantur:
2692 3896 3023 3961 Substantia,
3060 3901 3347 3968 quantitas,
3379 3901 3555 3970 quali-

1978 3992 2085 4046 tas,
2112 3984 2180 4037 ad
2204 3982 2425 4054 aliquid,
2471 3984 2613 4052 quod
2653 4001 2821 4055 genus
2848 3986 3133 4042 locutionis
3162 3988 3443 4042 relativum
3475 3990 3558 4045 di-

1977 4073 2150 4133 citur:
2180 4073 2305 4127 item
2334 4072 2559 4138 habitus,
2585 4075 2737 4139 situs,
2770 4084 2986 4145 tempus,
3014 4075 3177 4140 locus,
3196 4076 3389 4146 facere,
3417 4078 3547 4148 pati.

1977 4162 2068 4219 Hae
2107 4172 2232 4219 sunt
2259 4163 2425 4233 igitur
2462 4179 2637 4219 causae
2674 4165 2960 4221 locutionis
3006 4174 3223 4221 nostrae.
3271 4168 3378 4221 Aut
3404 4168 3550 4223 enim

1976 4254 2040 4309 de
2067 4255 2361 4309 substantia
2387 4255 2670 4325 cujuslibet
2693 4257 2769 4311 rei
2796 4256 3100 4327 loquimur;
3134 4258 3216 4313 vel
3241 4258 3308 4314 de
3329 4261 3546 4328 quanti-

1976 4349 2105 4405 tate,
2156 4343 2209 4397 id
2251 4351 2354 4407 est,
2400 4344 2799 4414 magnitudine;
2840 4355 2934 4400 aut
2974 4348 3136 4401 etiam
3176 4348 3241 4403 de
3273 4349 3550 4419 qualitate,

1979 4432 2034 4486 in
2070 4448 2179 4502 quo
2224 4426 2419 4504 genere
2469 4435 2757 4492 locutionis
2807 4437 2975 4492 bonos
3027 4438 3257 4494 dicimus
3306 4440 3396 4508 qui
3425 4440 3553 4495 boni

1980 4530 2134 4587 sunt;
2165 4531 2257 4577 aut
2280 4538 2411 4579 vero
2435 4525 2502 4579 ad
2528 4525 2747 4595 aliquid,
2777 4526 2830 4581 id
2860 4534 2960 4593 est,
2985 4528 3109 4582 dttm
3137 4544 3380 4598 personae
3409 4544 3556 4599 qua:-

1980 4612 2111 4667 libet
2139 4613 2279 4666 inter
2302 4628 2361 4668 se
2400 4612 2772 4681 conferuntur,
2799 4624 2859 4671 ut
2885 4617 3135 4673 dominus
3177 4635 3286 4674 non
3329 4620 3549 4686 dicitur,

1980 4702 2083 4757 nisi
2111 4717 2296 4757 servus
2340 4704 2685 4773 intelligatur,
2727 4721 2826 4760 nec
2867 4707 3060 4761 iterum
3090 4722 3297 4775 servus,
3338 4710 3443 4765 nisi
3470 4725 3555 4765 re-

1983 4794 2174 4865 spiciat
2197 4794 2265 4849 ad
2297 4795 2603 4860 dominum;
2634 4797 2762 4850 item
2794 4799 2859 4852 de
2883 4799 3067 4854 habitu
3101 4802 3289 4867 animi,
3316 4792 3401 4856 vel
3427 4818 3551 4857 cor-

1984 4881 2161 4952 poris;
2209 4890 2303 4936 aut
2328 4882 2395 4937 de
2434 4883 2560 4947 situ,
2596 4883 2649 4937 in
2698 4899 2805 4952 quo
2837 4888 3209 4943 consideratur
3256 4898 3418 4955 stare,
3464 4906 3551 4946 se-

1983 4971 2132 5037 dere,
2158 4972 2369 5041 jacere;
2394 4972 2459 5027 de
2479 4974 2596 5028 loco
2623 4981 2677 5028 et
2697 4982 2955 5044 tempore,
2978 4978 3030 5032 id
3052 4987 3156 5043 est,
3185 4980 3336 5048 quid,
3365 4982 3417 5035 in
3445 4997 3551 5051 quo

1982 5059 2122 5125 loco,
2152 5061 2238 5115 vel
2288 5070 2527 5131 tempore
2566 5063 2689 5129 ﬁat;
2720 5064 2852 5118 item
2889 5067 3011 5134 quis
3054 5068 3183 5136 quid
3234 5068 3415 5135 faciat,
3466 5070 3552 5125 vel

1984 5151 2113 5220 quid
2147 5151 2402 5219 patiatur,
2448 5168 2588 5221 saepe
2638 5153 2845 5222 loquela
2902 5164 3089 5211 nostra
3144 5158 3398 5213 ostendit.
3452 5158 3550 5215 His

1985 5257 2115 5312 ergo
2156 5242 2406 5297 omnibus
2442 5243 2615 5299 modis
2660 5245 2795 5299 solet
2822 5256 3009 5303 sancta
3053 5247 3329 5318 Scriptura
3354 5251 3417 5305 de
3442 5249 3556 5305 Deo

1984 5334 2151 5403 loqui,
2181 5335 2276 5391 sed
2296 5335 2452 5389 aliter
2475 5337 2715 5405 proprie,
2744 5338 2901 5393 aliter
2923 5340 3255 5408 translative,
3286 5342 3442 5395 aliter
3462 5357 3545 5397 re-

1982 5424 2163 5499 lative.
2194 5423 2413 5493 Proprie
2435 5424 2577 5479 Deus
2620 5426 2818 5481 dicitur
2846 5428 3145 5485 substantia
3177 5445 3301 5495 una,
3342 5444 3550 5486 summa

1982 5522 2037 5568 et
2061 5511 2360 5578 ineﬁ‘abilis,
2400 5528 2520 5582 quae
2562 5529 2772 5585 semper
2796 5515 2936 5570 idem
2974 5525 3057 5571 est
3096 5517 3239 5586 quod
3280 5523 3392 5581 est;
3445 5532 3553 5585 qua

1987 5601 2127 5674 HL,
2152 5603 2261 5676 cui]
2288 5604 2420 5661 nihil
2457 5605 2705 5663 accidens
2742 5606 2825 5663 vel
2855 5607 3098 5663 recidens
3121 5607 3296 5664 inesse
3324 5608 3541 5676 poterit.

386 5720 412 5748 ε
452 5709 527 5764 Ea
552 5725 673 5779 qua:
700 5719 996 5779 sequuntur
1040 5709 1198 5765 citata
1228 5718 1351 5765 sunt
1380 5710 1446 5765 ab
1490 5709 1659 5766 [Euea
1700 5711 1867 5768 Paris.
1909 5728 2025 5782 cap.
2059 5713 2145 5767 8|.
