4072 6346
289 301 357 356 25
927 303 1339 359 DOGMATICA.
1399 333 1445 342 -—
1485 302 1570 357 DE
1603 301 1756 355 πτιοΕ
1797 296 1854 353 S.
1899 296 2287 354 TRINITATIS
2327 300 2503 355 LIBRI
2535 302 2619 356 ill.
2661 301 2789 357 LIB.
2830 302 2893 357 Il.
3451 302 3523 358 26

291 416 430 486 quod
465 415 761 470 substantia
795 424 894 478 est,
935 432 1043 469 non
1078 426 1159 471 est
1192 418 1313 479 alia,
1354 428 1412 472 ut
1448 418 1517 471 sit
1557 416 1746 471 similis
1788 412 1853 466 ad
1882 414 1929 472 Α

290 509 469 562 aliam.
506 508 614 563 Nec
646 508 788 563 enim
822 509 876 561 in
911 517 1092 564 sancta
1122 509 1382 563 Trinitate
1407 511 1702 563 substantia
1731 511 1852 563 sub-

288 598 500 651 stantia:
525 597 714 651 similis
743 605 845 659 est,
877 599 972 651 sed
1000 613 1137 661 una;
1171 606 1226 651 et
1254 599 1366 666 ipsa
1392 599 1578 652 eadem
1604 599 1851 651 substan-

289 688 359 741 tia
387 696 471 741 est
498 688 690 752 Patris,
727 696 781 742 et
813 689 955 753 Filii,
996 697 1048 742 et
1083 690 1315 757 Spiritus
1354 690 1543 743 sancti.
1584 688 1692 744 Nec
1731 698 1854 743 sunt

289 786 399 832 tres
436 779 749 832 substantia:
793 779 1017 841 similes,
1059 779 1152 830 sed
1198 795 1300 831 una
1352 780 1510 831 trium
1554 778 1848 845 mqualiter.

286 866 393 921 Nec
421 867 584 920 Pater
606 866 739 919 Filio
766 868 930 935 prior,
964 881 1061 919 nec
1088 866 1253 921 Filius
1282 868 1437 921 Patre
1464 868 1749 935 posterior,
1787 867 1855 920 si-

286 956 582 1012 cutAriani
612 955 913 1009 voluerunt.
966 955 1099 1008 Nam
1128 956 1399 1009 Abraham
1438 964 1491 1009 et
1521 956 1695 1016 Isaac,
1732 956 1854 1010 licet

286 1047 445 1099 unius
484 1047 591 1099 sint
632 1046 943 1099 substantia:
980 1045 1271 1099 secundum
1322 1045 1727 1107 humanitatem,
1774 1052 1853 1096 ta-

286 1151 406 1189 men
439 1135 887 1205 Abraltam‘prior
911 1144 992 1189 est
1018 1145 1278 1204 tempore,
1308 1143 1357 1189 et
1387 1135 1534 1189 lsaac
1562 1135 1851 1205 posterior.

284 1225 540 1292 Quamvis
562 1227 615 1279 hi
644 1227 750 1280 sint
774 1226 963 1280 similis
984 1226 1318 1290 substantia},
1347 1235 1524 1280 tamen
1552 1227 1639 1279 illa
1662 1225 1849 1280 simili-

282 1314 412 1366 tudo
441 1314 751 1367 substantite
779 1314 830 1367 in
862 1314 971 1367 ﬁlio
1000 1314 1147 1369 lsaac
1172 1316 1436 1384 posterior
1459 1324 1541 1369 est
1565 1324 1803 1384 tempore
1835 1333 1847 1368 :

279 1405 423 1472 quod
459 1405 674 1472 impium
702 1413 782 1459 est
819 1406 871 1457 in
908 1406 1017 1459 Deo
1054 1407 1274 1460 credere
1313 1407 1513 1475 aliquid
1550 1408 1698 1475 prius
1734 1421 1852 1461 esse

276 1495 363 1547 vel
390 1495 679 1562 posterius,
706 1496 829 1565 quia
862 1512 965 1549 non
992 1511 1057 1549 ex
1090 1506 1326 1565 tempore
1361 1497 1499 1551 Deus
1534 1497 1695 1565 coepit
1732 1512 1852 1551 esse

276 1584 457 1645 Pater,
482 1585 574 1639 sed
595 1586 960 1654 sicutsemper
988 1586 1144 1649 Deus,
1172 1587 1244 1639 ita
1274 1601 1482 1655 semper
1504 1586 1680 1649 Pater,
1713 1602 1852 1640 sem-

277 1691 373 1744 per
400 1677 608 1733 habens
635 1675 848 1740 Filium,
881 1693 1037 1745 quem
1064 1678 1220 1731 simul
1247 1676 1375 1747 [Al.,
1405 1678 1598 1742 semel;
1626 1677 1733 1742 AL,
1763 1694 1848 1732 so-

276 1766 378 1836 lus]
401 1768 587 1836 genuit
616 1783 677 1821 ex
707 1783 802 1821 sua
825 1744 1082 1836 aqualem
1106 1768 1205 1822 sibi
1230 1744 1436 1822 natura.
1477 1768 1691 1821 Addunt
1713 1784 1848 1837 quo-
1885 1744 1925 1801 Β

279 1871 378 1925 que
414 1856 685 1911 dialectici
729 1858 873 1924 quod
918 1872 1075 1911 omne
1119 1858 1293 1911 simile
1335 1858 1638 1927 receptibile
1683 1858 1853 1927 possit

278 1963 393 2002 esse
437 1948 914 2007 dissimilitudinis,
966 1948 1102 2001 sicut
1150 1948 1253 2000 duo
1298 1948 1563 2010 homines,
1608 1947 1851 2015 quamvis

278 2039 467 2092 similis
494 2039 605 2092 sint
638 2039 951 2093 substantitc
976 2037 1107 2108 [AL,
1135 2039 1338 2091 similes
1367 2039 1474 2091 sint
1504 2037 1846 2109 substantia],

277 2133 565 2187 dissimiles
604 2141 781 2186 tamen
829 2140 1051 2199 possunt
1098 2148 1215 2186 esse
1260 2134 1543 2186 moribus:
1576 2132 1695 2186 ideo
1742 2145 1847 2183 non

275 2234 498 2294 possunt
526 2235 672 2278 reete
701 2240 796 2293 per
824 2226 1001 2280 omnia
1031 2225 1263 2293 :equales
1301 2225 1435 2287 dici;
1479 2232 1533 2277 et
1570 2233 1692 2276 sunt
1732 2224 1847 2277 dute

274 2315 591 2387 substantite
625 2315 676 2367 in
702 2317 781 2369 eis
819 2316 1024 2379 divisre,
1066 2316 1432 2383 unusquisque
1480 2315 1532 2366 in
1579 2329 1676 2367 sua
1723 2313 1847 2367 sub-

274 2405 470 2458 stantia
491 2405 680 2473 plenus
700 2405 878 2458 homo.
916 2404 972 2458 In
1000 2405 1158 2459 Patre
1183 2421 1309 2459 vero
1330 2413 1385 2457 et
1409 2404 1544 2457 Filio
1569 2413 1622 2457 et
1644 2403 1846 2474 Spiritu

274 2504 479 2556 sancto,
530 2512 635 2548 non
680 2503 761 2548 est
806 2495 997 2549 similis
1035 2496 1330 2549 substantia
1369 2496 1709 2557 substantia},
1754 2495 1848 2549 sed

275 2600 379 2637 una
418 2585 640 2653 :equalis
676 2600 772 2653 per
814 2587 1015 2649 omnia,
1064 2596 1117 2640 et
1165 2587 1285 2641 ideo
1322 2587 1612 2658 ὁμῡούσιος,
1664 2586 1714 2639 id
1765 2599 1848 2640 est

274 2675 436 2727 unius
462 2676 791 2737 substantiae,
823 2691 926 2728 non
954 2676 1267 2747 ὁμοιούσιον,
1299 2676 1353 2729 id
1380 2685 1479 2739 est,
1510 2675 1699 2731 similis
1724 2675 1847 2730 sub—

274 2764 506 2828 stantitc,
538 2764 675 2817 sicut
698 2764 935 2817 haeretici
967 2765 1267 2818 voluerunt.

873 2872 1098 2929 CAPUT
1154 2875 1239 2928 IV.

562 2942 636 2995 De
673 2945 1016 2998 immensitate
1045 2945 1427 3013 omnipotentia’
1453 2943 1567 2996 Dei.

344 3034 612 3103 Quidquid
643 3035 697 3088 in
729 3043 918 3087 natura
942 3044 1310 3087 creaturarum
1342 3042 1443 3097 est,
1485 3042 1728 3087 creatura
1765 3039 1844 3084 est

273 3124 388 3189 Dei,
415 3124 567 3192 cujus
591 3126 975 3193 omnipotentia
1001 3141 1063 3180 ea
1090 3127 1368 3195 gubernat,
1403 3126 1557 3194 regit,
1583 3134 1637 3179 et
1661 3126 1845 3194 implet

273 3231 393 3283 qum
413 3217 636 3269 creavit.
670 3216 779 3271 Nec
813 3218 928 3271 ideo
954 3218 1119 3269 Deum
1146 3218 1322 3270 omnia
1357 3216 1575 3284 implere
1596 3216 1841 3278 dicimus,

273 3312 329 3356 ut
352 3320 475 3357 eum
496 3306 823 3369 contineant,
855 3306 946 3359 sed
974 3314 1029 3357 ut
1054 3305 1162 3374 ipsa
1186 3306 1361 3374 potius
1382 3305 1758 3358 contineantur
1780 3304 1847 3358 ab

273 3407 357 3446 eo.
388 3392 497 3447 Nec
518 3395 877 3462 particulatim
906 3395 1047 3448 Deus
1076 3395 1256 3463 implet
1282 3394 1490 3458 omnia;
1524 3408 1622 3448 nec
1651 3394 1845 3447 ullate-

271 3499 374 3538 nus
400 3485 477 3537 ita
499 3487 789 3553 putandum
814 3494 893 3539 est
920 3487 972 3539 in
999 3487 1247 3541 omnibus
1275 3503 1393 3540 esse
1417 3488 1602 3551 Deum,
1628 3497 1687 3540 ut
1717 3504 1847 3540 una-

274 3590 503 3643 quaque
546 3592 630 3629 res
666 3592 762 3644 per
801 3578 1217 3645 magnitudinem
1259 3578 1537 3645 positionis
1580 3576 1707 3648 [Al.,
1748 3593 1845 3645 pro

279 3666 648 3734 magnitudine
672 3666 955 3737 portionis]
984 3682 1093 3719 sua:
1115 3668 1288 3736 capiat
1318 3683 1456 3726 eum,
1483 3667 1532 3719 id
1559 3675 1659 3729 est,
1680 3667 1846 3719 maxi-

276 3772 363 3809 ma
395 3757 589 3825 majus,
622 3757 837 3810 minima
886 3758 1098 3810 minus:
1125 3758 1247 3810 dum
1285 3758 1356 3810 sit
1400 3757 1574 3825 potius
1622 3758 1733 3825 ipse
1768 3765 1847 3810 to-

274 3859 361 3901 tus
388 3849 442 3900 in
467 3848 735 3912 omnibus,
760 3850 872 3925 sive
899 3848 1079 3903 omnia
1108 3850 1158 3902 in
1187 3849 1319 3915 ipso,
1344 3849 1494 3916 cujus
1512 3849 1846 3915 omnipoten-

275 3939 349 3991 tia
386 3940 566 3993 omnia
611 3938 897 3994 concludit.
938 3938 1046 3993 Nec
1089 3940 1345 3993 evadendi
1386 3940 1679 4007 potentiam
1731 3937 1846 4004 ejus

273 4029 394 4095 quis
423 4029 628 4082 aditum
655 4030 894 4084 invenire
920 4029 1148 4098 poterit;
1183 4028 1274 4098 qui
1303 4029 1444 4082 enim
1475 4042 1594 4081 eum
1624 4043 1726 4081 non
1752 4028 1846 4080 lia-

273 4120 365 4174 bet
393 4121 662 4189 placatum
684 4162 698 4187 ,
728 4137 1059 4189 nequaquam
1090 4120 1278 4174 evadet
1305 4121 1520 4173 iratum.
1571 4118 1846 4171 lmmensi-

274 4219 359 4263 tas
386 4211 583 4266 divina:
606 4212 986 4281 magnitudinis
1017 4212 1116 4265 ista
1142 4218 1242 4274 est,
1270 4218 1325 4263 ut
1346 4211 1702 4279 intelligamus
1722 4225 1843 4263 eum

274 4301 417 4354 intra
448 4302 649 4365 omnia,
675 4301 765 4354 sed
785 4316 889 4354 non
915 4300 1204 4363 inclusum;
1231 4308 1382 4352 extra
1403 4299 1602 4363 omnia,
1626 4301 1718 4354 sed
1740 4317 1844 4353 non

2571 415 2794 472 CAPUT
2842 415 2906 469 Υ.

1952 526 2129 593 Quare
2161 527 2301 581 Deus
2331 527 2539 579 dicatur
2564 527 2728 596 magis
2756 527 2811 579 in
2849 524 2974 580 caelo
3008 525 3243 579 habitare
3275 542 3432 596 quam
3465 527 3521 581 in

2664 606 2823 649 terra.

2021 705 2172 773 Quod
2195 721 2322 760 vero
2344 706 2397 760 in
2423 705 2699 760 Dominica
2726 708 2969 762 oratione
2993 706 3206 772 dicitur,
3231 705 3393 760 Pater
3422 722 3520 760 no-

1952 807 2076 859 ster,
2106 798 2193 866 qui
2220 814 2273 849 es
2301 797 2354 849 in
2384 797 2520 849 cazlis
2552 795 2761 866 (Matth.
2793 814 2866 859 vi,
2894 798 2979 866 9);
3009 796 3093 850 vel
3120 797 3262 864 quod
3296 796 3348 849 in
3373 794 3523 849 Psal-

1952 891 2053 943 mis
2075 891 2284 959 legitur,
2310 889 2449 941 Adtc
2468 888 2627 941 levari
2648 887 2821 941 oculos
2843 905 2999 951 meos,
3022 889 3109 957 qui
3132 888 3333 940 habitas
3352 888 3405 939 in
3429 902 3522 939 caeo

1952 984 2015 1038 lis
2031 984 2199 1055 (Psal.
2224 1000 2390 1047 cxxu,
2412 983 2485 1053 l),
2502 998 2605 1036 non
2633 984 2983 1051 corporaliter
2999 983 3399 1054 intelligendum
3414 989 3520 1047 est,

1954 1077 2046 1130 sed
2084 1074 2415 1143 spiritaliter,
2453 1074 2578 1141 quia
2608 1087 2714 1125 non
2750 1074 2922 1141 spatio
2951 1073 3187 1126 locorum
3219 1073 3523 1126 continetur

1953 1166 2112 1219 Deus.
2165 1164 2301 1217 Sunt.
2335 1164 2477 1217 enim
2511 1161 2643 1234 [Αι.,
2685 1162 2883 1232 autem]
2920 1162 3040 1216 cmli
3075 1162 3523 1216 excellentissima

1952 1256 2165 1323 quidem
2190 1255 2370 1308 mundi
2396 1269 2643 1322 corpora,
2666 1267 2784 1322 qua:
2811 1253 2971 1323 716
3001 1267 3104 1305 non
3133 1261 3355 1320 possunt
3381 1266 3519 1315 esse,

1953 1347 2053 1399 nisi
2082 1346 2134 1398 in
2160 1345 2277 1398 loco
2305 1360 2318 1397 :
2348 1344 2438 1399 sed
2471 1346 2514 1398 si
2545 1345 2597 1398 in
2637 1345 2807 1406 cmlis,
2849 1352 3104 1411 tanquam
3143 1343 3195 1395 in
3235 1342 3524 1411 superiori-

1951 1437 2052 1490 bus
2074 1437 2254 1489 mundi
2280 1436 2542 1504 partibus,
2568 1436 2715 1489 locus
2742 1435 2833 1488 Dei
2861 1449 2979 1488 esse
3002 1433 3254 1492 creditur,
3286 1432 3524 1488 melioris

1952 1527 2129 1580 meriti
2155 1536 2280 1581 sunt
2305 1542 2447 1590 aves,
2480 1542 2709 1595 quarum
2740 1526 2849 1579 vita
2874 1533 2953 1578 est
2984 1525 3092 1578 Deo
3118 1523 3362 1578 vicinior.
3404 1522 3521 1578 Non

1955 1626 2129 1670 autem
2160 1617 2417 1684 scriptum
2446 1624 2528 1670 est
2552 1635 2563 1669 :
2588 1616 2758 1684 Prope
2786 1624 2868 1669 est
2891 1615 3147 1670 Dominus
3175 1615 3401 1671 excelsis
3425 1615 3524 1670 ho-

1956 1707 2204 1769 minibus,
2246 1715 2332 1759 aut
2364 1706 2441 1760 eis
2470 1707 2559 1775 qui
2590 1707 2640 1759 in
2671 1706 2941 1759 montibus
2966 1706 3238 1769 habitant;
3267 1705 3359 1759 sed
3389 1705 3525 1758 scri-

1953 1804 2101 1865 ptum
2135 1805 2217 1849 cst
2250 1814 2261 1849 :
2294 1796 2462 1865 Prope
2503 1806 2576 1849 est
2610 1796 2866 1849 Dominus
2907 1796 3106 1849 obtritis
3152 1796 3304 1848 corde
3363 1795 3519 1866 (Isai.

1952 1900 2082 1945 Lvn,
2116 1884 2234 1953 15);
2269 1885 2408 1949 quod
2446 1886 2616 1952 magis
2644 1886 2874 1953 pertinet
2901 1885 2965 1938 ad
3002 1885 3372 1939 humilitatem.
3414 1883 3521 1940 Sed

1951 1974 2398 2041 quemadmodum
2427 1984 2568 2027 terra
2594 1974 2888 2042 appellatus
2914 1984 2995 2028 est
3022 1985 3290 2043 peccator,
3322 1991 3441 2029 cum
3468 1976 3520 2029 ei

1951 2064 2149 2117 dictum
2175 2071 2257 2116 est
2284 2082 2294 2116 :
2328 2063 2486 2116 Terra
2508 2080 2584 2127 es,
2617 2073 2664 2116 et
2691 2066 2745 2117 in
2776 2073 2965 2116 terram
2991 2066 3087 2117 ibis
3116 2061 3267 2132 (Cen.
3299 2081 3376 2126 ιιι,
3409 2063 3518 2134 l9),
3578 2116 3583 2119 ς

1949 2152 2025 2204 sic
2055 2152 2247 2205 coelum
2272 2150 2448 2217 justus
2472 2167 2502 2206 e
2531 2153 2803 2206 contrario
2829 2153 2930 2206 dici
2959 2161 3163 2221 potest;
3198 2152 3356 2220 justis
3378 2153 3522 2206 enim

1947 2240 2177 2293 dicitur:
2208 2238 2470 2308 Templum
2519 2241 2610 2293 Dei
2654 2250 2893 2294 sanctum
2937 2252 3043 2306 est,
3088 2243 3224 2312 quod
3268 2244 3390 2296 estis
3436 2259 3522 2297 ros

1948 2314 1999 2385 (Ι
2029 2325 2149 2380 Cor.
2180 2344 2262 2391 tn,
2294 2328 2399 2397 Π).
2447 2329 2779 2399 Quapropter
2804 2331 2849 2384 si
2886 2332 2940 2384 in
2969 2333 3164 2402 templo
3191 2348 3287 2386 suo
3312 2333 3521 2387 habitat

1947 2420 2107 2485 Deus,
2142 2422 2265 2489 quia
2303 2424 2472 2476 sancti
2508 2424 2764 2492 templum
2792 2424 2910 2490 ejus
2945 2432 3088 2491 sunt,
3123 2434 3268 2480 recte
3301 2426 3519 2491 dicitur,

1945 2510 2034 2578 qui
2057 2526 2108 2561 es
2139 2510 2193 2563 in
2224 2511 2384 2573 cwlis,
2414 2510 2467 2565 id
2495 2522 2594 2576 est,
2634 2514 2686 2565 in
2717 2514 2945 2579 sanctis;
2983 2523 3037 2568 et
3072 2516 3519 2569 accommodatis-

1946 2601 2080 2653 sima
2112 2601 2212 2654 ista
2239 2602 2527 2656 similitudo
2554 2611 2656 2665 est,
2697 2612 2756 2657 ut
2791 2602 3105 2672 spiritaliter
3139 2613 3347 2657 tantum
3385 2604 3523 2658 inte-

1947 2706 2093 2745 resse
2120 2693 2365 2746 videatur
2403 2694 2541 2747 inter
2571 2691 2747 2759 justos
2790 2702 2844 2748 ct
2884 2702 3214 2763 peccatores,
3257 2701 3516 2763 quantum

1947 2780 2298 2848 corporaliter
2320 2782 2458 2834 inter
2480 2782 2671 2835 cmlum
2697 2791 2750 2836 et
2772 2791 2989 2835 terram.
3031 2780 3194 2849 Cujus
3218 2783 3293 2835 rei
3317 2782 3522 2849 signiﬁ-

1946 2868 2129 2921 candm
2156 2868 2324 2934 gratia
2347 2883 2468 2921 cum
2497 2869 2563 2921 ad
2594 2870 2888 2922 orationem
2913 2877 3135 2932 stamus,
3168 2869 3233 2921 ad
3255 2870 3521 2924 orientem

1946 2957 2309 3010 Convenimus
2350 2972 2449 3010 nos
2494 2955 2599 3026 [ΑΙ.
2626 2997 2639 3020 ,
2687 2957 3100 3029 convertimur],
3145 2959 3282 3012 unde
3326 2958 3522 3013 cmlum

1870 3078 1916 3139 ο
1949 3046 2138 3113 surgit,
2185 3053 2239 3097 et
2280 3045 2456 3098 lumen
2499 3046 2699 3108 oritur,
2749 3063 2852 3099 non
2894 3056 3147 3115 tanquam
3202 3047 3273 3100 ibi
3318 3048 3522 3101 habitet

1950 3137 2107 3200 Deus,
2152 3137 2306 3204 quasi
2353 3145 2573 3191 eteteras
2626 3138 2806 3192 mundi
2850 3146 3029 3206 partes
3072 3139 3387 3203 deseruerit,
3428 3138 3521 3206 qui

1945 3232 2142 3301 ubique
2167 3247 2405 3301 praesens
2429 3240 2532 3295 est,
2569 3247 2675 3285 non
2708 3232 2944 3286 locorum
2979 3232 3185 3301 spatiis,
3226 3232 3319 3285 sed
3355 3231 3519 3300 maje-

1945 3326 2100 3379 statis
2124 3325 2361 3392 potentia
2394 3342 2405 3376 :
2437 3325 2528 3377 sed
2550 3333 2607 3377 ut
2631 3325 2983 3378 admoneatur
3011 3324 3221 3377 animus
3262 3324 3327 3377 ad
3363 3331 3518 3376 natu-

1945 3432 2060 3470 ram
2092 3415 2525 3470 excellentiorem
2553 3430 2609 3469 se
2636 3426 2949 3470 convertere
2970 3456 2983 3478 ,
3013 3414 3065 3468 id
3093 3423 3172 3468 est
3191 3453 3205 3477 ,
3234 3413 3299 3466 ad
3328 3413 3513 3477 Deum,

1945 3505 2037 3573 qui
2078 3512 2161 3557 est
2211 3503 2388 3556 lumen
2427 3518 2633 3566 verum,
2678 3502 2982 3556 illuminans
3020 3518 3221 3555 onmem
3258 3501 3517 3554 hominem

1944 3594 2223 3647 venientem
2270 3594 2323 3646 in
2370 3594 2505 3646 hunc
2545 3593 2797 3646 mundum
2843 3592 3021 3663 (Joan.
3073 3592 3142 3663 t);
3187 3607 3308 3645 cum
3358 3591 3520 3644 homo

1945 3683 2118 3751 ipsum
2146 3696 2341 3749 corpus
2376 3697 2549 3747 suum,
2596 3682 2737 3751 quod
2768 3678 3039 3736 terrenum
3077 3690 3180 3745 est,
3224 3680 3290 3734 ad
3323 3694 3519 3749 corpus

1942 3769 2321 3832 excellentius,
2368 3770 2417 3823 id
2466 3777 2575 3832 est,
2624 3769 2690 3822 ad
2737 3784 2930 3837 corpus
2971 3768 3186 3822 caeleste
3233 3768 3518 3823 convertit.

1943 3858 2075 3912 Nam
2100 3860 2143 3911 si
2168 3860 2360 3912 coelum
2386 3860 2525 3912 istud
2550 3860 3041 3927 corporeum,quod
3058 3858 3224 3912 oculis
3248 3858 3515 3922 videmus,

1946 3946 2365 4001 il’llCECkCl'illlllS
2387 3962 2503 3999 esse
2535 3946 2919 3999 habitationem
2954 3947 3069 4012 Dei,
3111 3946 3402 3999 transitura
3439 3956 3522 4000 est

1944 4037 2202 4091 habitatio
2248 4037 2336 4090 Dei
2369 4052 2382 4089 :
2415 4036 2551 4101 Quia
2590 4035 2769 4088 coelum
2817 4047 2863 4089 et
2899 4045 3037 4089 terra
3084 4036 3322 4089 transibit
3369 4034 3473 4106 [ΑΙ.
3501 4075 3516 4100 ,

1943 4126 2257 4198 transibunt]
2298 4126 2511 4195 (Matth.
2541 4141 2689 4189 xxn',
2714 4125 2826 4195 53).
2874 4124 3073 4179 Deinde
3120 4132 3404 4193 antequam
3443 4122 3522 4177 fa-

1944 4232 2089 4277 ceret
2119 4222 2259 4275 Deus
2281 4221 2473 4274 coelum
2500 4228 2554 4274 et
2583 4229 2804 4281 terram,
2830 4219 2918 4272 ubi
2954 4218 3231 4272 habitabat
3254 4217 3277 4270 ?
3312 4216 3417 4271 Sed
3440 4215 3521 4270 di-

1943 4313 2017 4367 cit
2043 4312 2234 4379 aliquis
2261 4329 2272 4363 :
2301 4311 2365 4363 Et
2407 4318 2689 4377 antequam
2726 4307 2926 4362 laceret
2969 4308 3110 4362 Deus
3152 4315 3385 4371 sanctos,
3426 4307 3517 4361 ubi

274 4392 587 4454 exclusum;
614 4399 668 4444 et
695 4390 813 4444 ideo
852 4390 1188 4452 interiorem,
1226 4398 1284 4441 ut
1320 4389 1497 4442 omnia
1536 4389 1841 4453 contineat;

1949 4399 2377 4457 habitabat?Cui
2413 4397 2838 4467 respondendum
2878 4405 2978 4461 est,
3023 4399 3075 4451 in
3116 4412 3172 4451 se
3217 4396 3517 4460 habitabat,

274 4482 395 4535 idea
430 4482 776 4545 exteriorem,
804 4489 863 4533 ut
892 4480 1366 4547 iucircumscripta:
1396 4477 1526 4549 [.-ll.,
1561 4479 1846 4531 incircum—

273 4570 499 4641 scripta]
526 4570 905 4639 magnitudinis
928 4586 1037 4623 sua:
1060 4570 1417 4623 immensitate
1434 4571 1609 4623 omnia
1633 4569 1847 4624 conclu-

272 4660 382 4713 dat.
435 4660 541 4714 Per
568 4660 620 4713 id
649 4675 778 4729 ergo
814 4660 957 4727 quod
994 4660 1230 4713 exterior
1264 4668 1367 4722 est,
1398 4658 1695 4712 ostenditur
1731 4674 1847 4712 esse

271 4758 518 4811 creator;
550 4762 647 4815 per
675 4748 728 4800 id
752 4762 879 4801 vero
908 4747 1048 4815 quod
1074 4748 1313 4811 interior,
1347 4748 1642 4815 gubernare
1668 4748 1846 4800 omnia

272 4841 694 4895 demonstratur.
740 4840 818 4895 Ac
858 4855 925 4894 ne
966 4856 1029 4893 ea
1068 4856 1185 4909 qua:
1216 4850 1395 4895 creata
1431 4850 1555 4896 sunt
1587 4844 1702 4896 sine
1739 4843 1847 4896 Deo

269 4940 476 4997 essent,
512 4931 650 4985 Deus
683 4934 821 4985 intra
849 4933 1026 4985 omnia
1053 4941 1163 4997 est;
1201 4947 1384 4986 verum
1411 4949 1476 4985 ne
1499 4942 1650 4987 extra
1682 4934 1847 4987 Deum

273 5031 484 5086 essent,
519 5023 661 5076 Deus
685 5023 920 5076 exterior
944 5033 1060 5088 est,
1084 5032 1141 5076 ut
1167 5024 1343 5076 omnia
1370 5024 1758 5077 concludantur
1780 5024 1848 5077 ab

274 5128 361 5175 eo,
394 5128 500 5166 non
525 5112 675 5165 locali
708 5112 1091 5181 magnitudine,
1119 5114 1209 5166 sed
1239 5114 1514 5182 potentiali
1540 5115 1845 5182 prcesentia,

271 5204 400 5272 quia
432 5202 565 5273 [.4l.,
588 5202 714 5271 qua]
741 5204 934 5271 ubique
954 5219 1189 5271 pncsens
1208 5213 1308 5263 est,
1332 5213 1385 5257 et
1404 5206 1582 5257 omnia
1608 5205 1681 5258 illi
1714 5221 1850 5274 prae-

276 5291 451 5343 sentia
476 5308 490 5355 ;
526 5291 769 5360 quamvis
796 5292 1012 5358 quidam
1039 5292 1139 5346 hoc
1170 5293 1483 5362 intelligant,
1512 5295 1731 5363 quidam
1759 5312 1849 5350 ve-

277 5396 339 5433 ro
359 5396 465 5435 non
492 5380 814 5450 intelligant;
842 5397 965 5434 nam
988 5398 1128 5435 c:eco
1154 5384 1230 5436 sol
1262 5384 1453 5437 absens
1476 5392 1573 5445 est,
1605 5387 1849 5453 quamvis

277 5470 350 5522 sit
378 5470 432 5522 in
458 5470 596 5533 sole,
625 5479 678 5525 et
716 5471 813 5525 soli
843 5487 1096 5539 przesens.
1146 5472 1252 5526 Sed
1290 5473 1355 5526 de
1394 5474 1587 5527 talibus
1629 5475 1694 5529 de
1740 5476 1848 5531 Deo

280 5559 441 5614 dictis
463 5560 596 5614 nihil
624 5561 855 5615 humana
886 5577 1057 5624 mens,
1083 5562 1266 5615 localis
1288 5562 1369 5616 vel
1391 5566 1698 5633 temporalis
1726 5582 1845 5621 tnu-

284 5650 581 5715 tabilitatis,
618 5650 815 5722 ﬁngere
843 5652 923 5707 vel
949 5654 1184 5724 cogitare
1213 5654 1387 5708 debet.

1950 4492 2089 4561 apud
2116 4506 2172 4544 se
2198 4487 2489 4551 habitabat,
2522 4496 2574 4542 et
2606 4488 2743 4556 apud
2770 4503 2827 4542 se
2849 4496 2931 4542 est
2953 4488 3112 4551 Deus,
3140 4496 3193 4540 et
3222 4487 3275 4540 in
3311 4502 3367 4541 se
3404 4501 3519 4539 ma-

1947 4590 2058 4634 net.
2104 4578 2209 4632 Sed
2249 4578 2367 4632 ideo
2405 4578 2601 4631 dicitur
2625 4577 2677 4629 in
2707 4576 2857 4630 caelis
2892 4578 3155 4639 habitare,
3186 4576 3310 4644 quia
3350 4572 3520 4642 major

1948 4670 2176 4739 cognitio
2202 4667 2333 4739 [.41.,
2361 4664 2581 4737 agnitio]
2610 4675 2691 4720 est
2718 4666 2770 4719 in
2798 4665 2950 4719 caelis
2979 4666 3121 4719 illius
3160 4681 3381 4719 summae
3410 4681 3519 4719 ma-

1940 4760 2151 4831 jestatis
2172 4767 2225 4810 et
2251 4756 2495 4811 essentia:
2517 4757 2569 4809 in
2594 4755 2815 4823 angelis,
2848 4754 2930 4807 vel
2969 4756 3021 4807 in
3070 4755 3272 4809 sanctis
3309 4755 3517 4808 anima-

1947 4851 2047 4904 bus
2085 4857 2408 4907 sanctorum,
2442 4862 2601 4914 quam
2641 4846 2695 4899 in
2726 4855 2868 4898 terra
2894 4845 3256 4899 habitantibus
3291 4846 3514 4910 sanctis,

1947 4944 2161 5007 propter
2189 4936 2502 5005 gravitatem
2532 4932 2660 5005 [Αι.,
2702 4934 3115 5004 gravitudincm]
3160 4934 3391 4988 carnalis
3428 4934 3520 4987 ha-

1947 5026 2239 5089 bitationis,
2270 5040 2388 5094 qum
2417 5024 2503 5075 vix
2532 5024 2793 5092 permittit
2814 5023 3046 5075 animam
3069 5024 3135 5077 ad
3159 5038 3350 5092 purum
3380 5021 3517 5076 veri-

1948 5118 2074 5173 tatis
2120 5116 2297 5168 lumcu
2346 5114 2558 5167 avolare
2606 5112 2747 5183 [Al.,
2789 5113 3022 5184 evolare]
3051 5131 3061 5166 :
3090 5114 3225 5167 sicut
3270 5114 3514 5167 dicitur:

1948 5205 2167 5275 Corpus,
2206 5203 2342 5274 quod
2374 5203 2744 5271 corrumpitur,
2780 5213 3027 5271 aggravat
3065 5204 3314 5266 annnam,
3348 5212 3395 5256 et
3427 5202 3517 5255 de-

1946 5295 2119 5364 primit
2156 5302 2358 5344 terrena
2406 5290 2711 5342 inhabitatio
2760 5307 2965 5343 sensum
3007 5291 3169 5344 multa
3208 5292 3516 5360 cogitantem

1949 5384 2100 5455 (Sap.
2131 5398 2210 5446 1x,
2241 5380 2349 5450 l5).
2396 5379 2529 5433 Cum
2554 5379 2715 5447 igitur
2735 5388 2894 5433 exuta
2924 5381 3028 5434 erit
3052 5381 3228 5433 anima
3260 5381 3360 5433 hac
3377 5393 3518 5433 mor-
3596 5438 3599 5443 ,

1950 5473 2037 5529 tali
2076 5471 2427 5535 habitatione,
2461 5479 2514 5523 et
2559 5485 2749 5524 sereno
2786 5469 3037 5524 reddetur
3075 5478 3355 5540 perpetuo,
3392 5477 3519 5525 tunc

1947 5562 2149 5618 videbit
2179 5560 2315 5614 facie
2352 5561 2418 5612 ad
2458 5557 2670 5621 faciem,
2708 5559 2849 5627 quod
2874 5575 3013 5612 nunc
3038 5574 3132 5627 per
3158 5555 3429 5626 speculum
3459 5557 3514 5611 in

1949 5656 2229 5727 aenigmate
2255 5650 2555 5706 considerat
2587 5648 2636 5721 (I
2668 5646 2788 5703 Cor.
2814 5664 2931 5713 ξω,
2960 5648 3067 5718 12).
