4072 6346
458 268 527 324 Ἦ
1298 266 1356 321 Β.
1397 266 1457 320 F.
1498 263 1721 318 ALBINI
1759 261 1889 317 SEU
1931 259 2050 314 ιιι(

2147 258 2203 312 χι
2242 257 2523 314 OPERUM
2558 256 2736 312 PARS
2773 255 2857 311 ιιι.
3640 253 3724 312 23‘

1062 380 1286 438 CAPUT
1335 380 1401 435 Vl

468 496 716 561 Quamvis
755 494 981 547 humano
1018 507 1161 545 more
1196 488 1715 561 ScripturardaDco
1751 487 2034 557 loquatur,

678 562 808 618 nihil
834 572 1005 616 tamen
1034 559 1451 615 commutationis
1477 560 1532 611 in
1565 559 1668 611 Deo
1693 574 1823 611 esse.

535 675 716 730 Sacra:
764 670 1056 741 Scriptura:
1104 670 1171 724 ad
1213 668 1638 737 cognoscendum
1674 667 1840 721 Deum
1885 666 2038 719 nobis

464 765 723 822 divinitus
748 778 844 833 per
867 767 1082 816 sanctos
1103 760 1348 815 doctores
1374 757 1774 818 administrataz,
1807 769 1837 806 a
1871 761 2040 807 terre—
2100 809 2112 815 ,

465 873 536 912 no
562 864 616 910 et
642 857 875 911 humano
899 866 1059 906 sensu
1084 849 1150 904 ad
1185 850 1421 904 divinum
1446 857 1500 903 et
1520 847 1793 902 caelestem
1818 859 1915 898 nos
1935 843 2040 897 eri-

466 956 671 1018 gentes,
698 959 867 1013 usque
895 942 962 996 ad
985 957 1047 997 ea
1077 941 1238 996 verba
1263 938 1673 1001 descenderunt,
1714 936 1910 1005 quibus
1947 935 2041 988 hu-

465 1053 625 1092 mana
652 1036 822 1090 utitur
848 1031 1175 1089 consuetudo
1208 1048 1221 1083 :
1257 1030 1329 1083 ita
1364 1028 1525 1083 etiam
1552 1035 1614 1082 ut
1653 1026 2040 1082 commotiones

466 1127 713 1182 humana:
755 1123 968 1188 mentis,
1010 1128 1065 1177 et
1106 1120 1413 1190 passiones,
1461 1118 1544 1173 vel
1584 1115 1891 1171 affectiones
1928 1114 2040 1167 Deo

466 1216 797 1272 ascriberent
837 1211 970 1283 [Al.,
1018 1211 1085 1265 de
1127 1212 1236 1265 Deo
1262 1207 1617 1278 [scriberent],
1662 1206 1801 1262 sicut
1843 1203 2038 1267 zelare,

466 1306 645 1369 irasci,
671 1304 1015 1375 ptenituisse;
1048 1302 1248 1372 aliquid
1271 1316 1337 1355 ex
1368 1308 1608 1368 tempore
1632 1297 1766 1352 velle
1790 1296 1873 1350 vel
1898 1294 2040 1349 nolle
2104 1322 2109 1327 ’

465 1400 635 1454 Deum
663 1394 971 1469 [dicerent],
1000 1408 1119 1463 quae
1143 1398 1267 1447 sunt
1290 1392 1537 1446 humana:
1564 1389 1756 1443 mentis
1778 1384 2042 1441 instabili-

464 1495 626 1552 tates,
656 1500 763 1540 non
792 1484 984 1538 divina:
1003 1481 1306 1537 serenitatis
1325 1479 1742 1542 immutationes,
1765 1492 1884 1546 quae
1908 1490 2044 1530 semo

465 1590 565 1646 per
591 1574 733 1629 idem
758 1580 858 1629 est.
905 1571 1057 1638 Quod
1082 1585 1209 1640 ergo
1232 1569 1401 1623 Deum
1428 1566 1560 1639 [Al.,
1590 1564 1753 1636 Deus]
1782 1564 1941 1618 irasci
1970 1562 2045 1617 di-

464 1667 625 1732 citur,
651 1680 757 1720 non
780 1670 863 1719 est
881 1662 1208 1732 perturbatae
1230 1658 1425 1713 mentis
1450 1657 1635 1720 motio,
1666 1656 1793 1724 quia
1828 1653 1924 1708 Dei
1958 1652 2039 1705 ira

464 1771 574 1811 non
598 1763 681 1810 est
698 1753 966 1824 passibilis
986 1752 1124 1806 sicut
1145 1750 1395 1804 hominis.
1421 1748 1677 1802 Irascitur
1698 1747 1879 1814 itaque
1900 1746 2041 1799 Deus

465 1844 583 1899 sine
606 1843 783 1912 aliqua
807 1857 916 1897 sua:
939 1840 1198 1910 simplicis
1224 1846 1431 1892 natura:
1452 1837 1804 1907 passibilitate
1823 1834 1907 1889 vel
1928 1850 2044 1904 per-

465 1935 792 1997 turbatione,
834 1932 1115 1987 autetiam
1153 1931 1545 1985 immutatione.
1602 1929 1676 1982 De
1710 1941 1777 1981 eo
1811 1941 2044 1995 namque

465 2026 665 2079 dicitur
689 2043 701 2078 :
729 2024 807 2077 Tu
834 2032 1006 2077 autent
1036 2022 1253 2076 Domine
1282 2024 1550 2084 virtutum,
1590 2036 1706 2074 cum
1740 2016 2041 2089 tranquilli-

464 2122 570 2166 tate
586 2113 799 2182 judicas
829 2109 977 2181 (Sap.
1015 2126 1112 2173 xu,
1155 2108 1240 2180 18)
1270 2128 1281 2162 :
1306 2110 1449 2178 quod
1489 2117 1665 2163 autem
1698 2107 2045 2175 tranquillum

465 2211 567 2266 est,
596 2216 701 2255 non
725 2208 807 2255 est
830 2200 1220 2270 perturbatum.
1266 2197 1356 2253 Sic
1389 2198 1552 2252 etiam
1585 2207 1641 2249 et
1672 2195 1889 2249 humani
1924 2211 2047 2250 cor-

464 2293 615 2363 poris
642 2292 884 2346 membra
907 2291 1017 2344 Deo
1049 2290 1325 2343 ascribunt
1360 2286 1492 2356 [Al.,
1529 2284 1930 2355 ascribuntur];
1975 2285 2048 2339 si-

468 2391 599 2437 cut?
632 2380 824 2434 Manus
852 2390 957 2433 tua:
987 2378 1219 2446 fecerunt
1248 2395 1328 2431 nte
1371 2375 1542 2447 (Psal.
1585 2391 1773 2439 cxvtu,
1813 2373 1902 2444 78)
1940 2393 1951 2427 :
1983 2375 2049 2428 Et

468 2475 703 2529 iterum:
731 2469 1021 2523 Ambulabo
1050 2471 1184 2522 inter
1226 2486 1347 2533 eos;
1385 2476 1441 2523 et
1481 2470 1674 2523 iterum
1706 2485 1718 2519 :
1752 2465 1903 2519 Oculi
1944 2465 2050 2518 Do-

470 2564 598 2616 mini
622 2578 776 2632 super
785 2562 983 2630 justos,
1007 2569 1054 2613 et
1076 2576 1227 2614 aures
1257 2559 1368 2628 ejus
1390 2560 1445 2612 in
1466 2574 1640 2627 preces
1662 2574 1839 2610 eorum
1870 2554 2043 2625 (Psal.

474 2670 667 2718 xxxut,
698 2651 783 2723 16)
812 2670 825 2705 :
854 2653 980 2706 (lum
1003 2651 1310 2705 omnimodo
1339 2649 1472 2704 nihil
1504 2649 1626 2713 tale,
1658 2648 1740 2702 vel
1772 2646 2051 2717 corporale

471 2746 539 2799 de
562 2745 671 2798 Deo
693 2758 843 2796 mens
864 2742 1095 2795 humana
1117 2749 1308 2808 putare
1332 2739 1507 2794 debet.
1536 2739 1667 2792 Tam
1692 2736 1824 2809 [Al.,
1847 2737 2053 2831 tamenl

472 2832 767 2887 clementer
813 2831 954 2884 Deus
1003 2831 1248 2884 humana:
1295 2827 1563 2882 consuluit
1614 2828 1945 2893 infirmitati,
1993 2827 2051 2881 ut

472 2923 597 2991 quia
617 2936 759 2985 eum,
785 2920 924 2975 sicut
949 2929 1053 2983 est,
1084 2934 1188 2973 non
1212 2918 1478 2988 possimus
1502 2932 1792 2987 agnoscere
1812 2957 1826 2981 ,
1855 2923 2052 2970 nostra:

2054 376 2103 433 Α
2132 386 2240 433 rus,
2270 380 2325 425 et
2351 371 2542 435 bonus,
2577 378 2827 431 aeternus,
2861 368 3335 433 incommutabilis,
3368 368 3568 439 ubique
3590 380 3704 428 tota

2137 469 2221 514 est
2262 460 2555 513 secundum
2590 458 3003 512 immensitatem
3055 467 3216 525 atque
3259 458 3707 527 omnipotentiam

2137 548 2458 612 naturalem,
2486 548 2730 615 quamvis
2752 562 2857 601 non
2882 546 3142 601 inhabitet
3166 546 3221 600 in
3248 547 3499 602 omnibus
3518 563 3711 603 secun-

2141 638 2269 693 dum
2292 638 2477 707 gratiae
2497 636 2818 706 largitatem.

2723 747 2949 803 CAPUT
2995 746 3102 801 Vill

2145 862 2296 928 Quod
2342 861 2482 915 Deus
2526 860 2678 917 aliter
2716 860 2768 913 in
2806 859 3001 940 sanctis
3040 859 3129 923 sit,
3167 857 3320 912 aliter
3356 846 3713 926 peccatoribus

2821 939 3016 997 pra’stt.

2208 1046 2349 1100 Deus
2394 1059 2523 1115 ergo
2569 1043 2726 1098 bonis
2772 1049 2965 1095 natura
3010 1041 3351 1111 pr0pinquat,
3397 1050 3453 1097 et
3497 1042 3709 1110 gratia:

2139 1143 2355 1199 natura,
2383 1150 2485 1203 qua
2511 1148 2604 1187 eos
2634 1131 2760 1187 facit
2797 1132 3076 1197 homines;
3119 1133 3314 1201 gratia,
3353 1148 3459 1201 qua
3496 1134 3716 1189 eosdem

2139 1232 2450 1294 peccatores
2470 1222 2749 1293 justiﬁcat.
2783 1220 3027 1292 [Natura,
3058 1236 3163 1290 qua
3191 1236 3287 1275 eos
3315 1237 3381 1275 ex
3408 1222 3719 1279 hominibus

2140 1316 2289 1370 nasci
2313 1332 2327 1380 ;
2359 1316 2551 1385 gratia,
2582 1328 2686 1383 qua
2717 1313 2805 1367 dat
2833 1312 2912 1367 eis
2935 1320 3253 1382 potestatem
3280 1312 3417 1367 filios
3441 1312 3533 1367 Dei
3555 1311 3714 1382 fieri].

2142 1406 2362 1469 Natura,
2391 1420 2496 1474 qua
2522 1404 2650 1457 facit
2671 1409 2729 1456 ut
2750 1403 2960 1466 vivant;
3001 1402 3196 1470 gratia,
3234 1417 3340 1471 qua
3375 1390 3515 1456 facit,
3537 1412 3592 1457 ut
3630 1419 3718 1458 so-

2141 1494 2258 1551 brie
2290 1493 2451 1566 [iuste
2483 1501 2537 1547 et
2571 1491 2679 1561 pie]
2722 1492 2921 1544 vivant.
2966 1491 3191 1557 Natura,
3228 1507 3330 1562 qua
3368 1505 3459 1545 eos
3497 1490 3623 1544 facit
3662 1492 3718 1545 in

2143 1586 2245 1640 hec
2272 1584 2472 1638 mundo
2499 1597 2665 1653 parvo
2702 1589 2943 1650 tempore
2977 1596 3222 1646 manere;
3255 1583 3446 1652 gratia,
3485 1597 3589 1651 qua
3625 1598 3719 1637 eos

2145 1679 2272 1734 facit
2296 1680 2348 1733 in
2372 1678 2508 1734 coelo
2537 1678 2651 1732 sine
2676 1675 2779 1731 fine
2805 1691 3049 1746 regnare.
3089 1675 3146 1729 In
3176 1676 3330 1730 malis
3356 1690 3484 1729 vero
3504 1674 3614 1730 sola
3638 1685 3722 1730 est

2145 1771 2239 1825 Dei
2282 1768 2616 1824 immensitas
2651 1775 2811 1835 atque
2851 1766 3237 1835 omnipotentia
3283 1766 3562 1830 naturalis,
3614 1781 3720 1835 qua

2144 1873 2236 1914 eos
2268 1857 2399 1912 facit
2424 1869 2566 1920 esse,
2597 1856 2797 1918 vivere,
2825 1862 2985 1923 atque
3007 1854 3228 1918 sentire,
3262 1855 3550 1910 rationales
3575 1869 3719 1921 esse,

2143 1948 2371 2004 liberum
2403 1962 2617 2017 quoque
2640 1948 2842 2001 habere
2869 1946 3157 2000 voluntatis
3184 1946 3497 2011 arbitrium;
3536 1948 3629 2001 sed
3656 1946 3723 2002 li-

2143 2040 2353 2104 berum,
2384 2054 2492 2093 non
2513 2038 2817 2092 liberatum.
2858 2035 3108 2090 Liberum
3130 2037 3271 2089 enim
3296 2036 3579 2091 arbitrium
3602 2053 3720 2092 ma-

2146 2140 2257 2196 net,
2283 2132 2444 2185 etiam
2476 2129 2689 2183 nuncin
2716 2126 3023 2181 hominibus
3052 2126 3181 2198 [AI.,
3208 2126 3476 2199 omnibus]
3506 2142 3602 2196 per
3627 2143 3723 2181 na-

2146 2232 2318 2277 turam
2338 2263 2351 2285 ,
2383 2221 2526 2290 quod
2551 2221 2603 2273 in
2631 2219 2825 2288 quibus
2845 2218 3079 2272 voluerit
3108 2218 3247 2272 Deus
3268 2259 3281 2280 ,
3315 2219 3562 2288 dignatur
3591 2219 3723 2272 libe-

2148 2330 2268 2369 rare
2292 2330 2388 2383 per
2407 2314 2655 2383 gratiam,
2682 2325 2746 2364 ne
2776 2310 2969 2363 malam
3000 2309 3233 2363 habeant
3260 2309 3607 2363 voluntatem.
3634 2309 3711 2362 Ex

2146 2422 2253 2476 quo
2292 2404 2435 2459 enim
2478 2402 2683 2472 primus
2713 2402 2874 2455 homo
2912 2398 3080 2453 libero
3120 2398 3343 2452 arbitrio
3388 2398 3727 2452 venundatus

2147 2507 2229 2552 est
2263 2497 2363 2550 sub
2388 2502 2628 2564 peccato,
2668 2494 2787 2547 ideo
2811 2492 2951 2546 mala
2978 2491 3139 2560 cmpit
3165 2505 3283 2545 esse
3308 2490 3529 2544 libertas
3554 2490 3727 2543 homi-

2147 2588 2251 2650 nis,
2283 2587 2407 2655 quia
2434 2586 2534 2654 ipsi
2558 2584 2727 2637 libcro
2751 2582 2975 2636 arbitrio
3001 2581 3174 2635 ablata
3202 2588 3285 2633 est
3310 2580 3523 2633 bonitas
3542 2578 3727 2633 volun-

2149 2677 2295 2739 tatis,
2324 2690 2485 2745 quam
2511 2674 2703 2727 exinde
2730 2686 2887 2724 nemo
2918 2685 2949 2723 a
2979 2671 3153 2738 seipso
3175 2669 3377 2723 habere
3402 2668 3596 2736 potuit,
3623 2667 3725 2721 nisi

2150 2764 2319 2835 gratia
2364 2763 2555 2816 divina:
2589 2760 2971 2814 misericordire
3010 2759 3221 2828 adjutus
3258 2757 3563 2822 habuisset;
3611 2757 3727 2811 sine

2150 2855 2303 2924 cujus
2329 2851 2592 2921 adjutorio
2612 2850 2835 2904 liberum
2859 2849 3139 2903 arbitrium
3171 2862 3271 2901 nec
3293 2848 3529 2902 converti
3550 2855 3731 2915 potest

2152 2947 2218 2999 ad
2256 2946 2453 3007 Deum,
2481 2958 2581 2997 nec
2611 2941 2871 3011 prolicere
2907 2940 2961 2993 in
2999 2940 3126 2993 Deo.
3173 2938 3470 3005 Utrumque
3508 2938 3739 2993 credere.

473 3009 760 3104 locutionis
793 3023 942 3062 more
974 3008 1211 3075 seipsum
1245 3007 1401 3061 nobis
1426 3007 1686 3104 insinuari
1711 3006 1892 3104 vellet,
1918 3019 2051 3074 qua—
2074 3041 2122 3103 Ο
2153 3006 2445 3097 debemus”
2485 3042 2540 3088 et
2566 3006 2795 3104 3113mm
2823 3031 2912 3085 Dei
2932 3070 2947 3094 ’
2977 3039 3032 3084 et
3064 3029 3293 3083 uberum
3321 3029 3602 3083 arbitrium
3632 3028 3731 3082 ho-

475 3109 635 3153 tenus
663 3100 729 3152 ad
753 3113 848 3152 sua
880 3112 976 3167 per
1014 3106 1196 3151 nostra
1234 3111 1334 3152 nos
1366 3096 1626 3161 traheret,
1664 3105 1719 3150 et
1758 3094 1883 3149 dum
1922 3108 2053 3149 con-

475 3189 745 3244 descendit
784 3205 881 3258 per
917 3190 1172 3259 pietatem
1211 3196 1409 3244 nostra:
1445 3187 1760 3249 infirmitati,
1803 3187 2054 3241 ascenda-

475 3292 598 3330 mus
631 3290 728 3329 nos
752 3290 849 3345 per
875 3275 1236 3344 intelligentia:
1264 3275 1555 3345 puritatem
1587 3276 1653 3330 ad
1683 3274 1830 3330 illum
1867 3289 2054 3330 secun-

479 3368 605 3423 dum
629 3382 738 3422 suae
760 3367 957 3421 donum
980 3366 1189 3436 gratim.

970 3476 1128 3546 717
1176 3474 1401 3531 CAPUT
1458 3475 1567 3530 vn.

562 3587 739 3652 'Quod
762 3586 901 3640 Deus
938 3589 1123 3657 ubique
1147 3589 1210 3640 sit
1239 3596 1396 3651 totus,
1421 3596 1669 3655 potestate
1694 3587 1943 3639 naturali.

548 3697 660 3751 Hoc
687 3697 914 3750 maxime
944 3697 1239 3766 intelligere
1267 3698 1522 3751 debemus
1548 3705 1746 3751 sancta:
1776 3695 2052 3748 Trinitatis

477 3803 639 3842 unam
669 3788 1018 3856 eamdemque
1044 3796 1287 3840 naturam
1312 3788 1383 3840 ita
1408 3796 1574 3841 totum
1602 3786 1840 3855 implere,
1865 3792 1922 3837 ut
1943 3800 2049 3838 non

476 3879 547 3931 sit
580 3876 781 3945 aliquid
818 3876 907 3930 ubi
948 3891 1051 3929 non
1098 3876 1185 3929 sit.
1240 3874 1391 3930 Sicut
1426 3876 1734 3930 acutissime
1766 3871 2050 3943 quemdam

478 3965 865 4030 Christianum,
902 3965 1217 4035 philosopho
1261 3966 1625 4035 interrogante
1665 3964 1754 4018 ubi
1791 3973 1873 4017 est
1916 3962 2050 4035 [Al.,

477 4053 639 4125 esset]
672 4053 835 4119 Deus,
860 4055 1199 4124 respondisse
1229 4054 1399 4109 fertur
1427 4073 1438 4107 :
1468 4056 1560 4109 Dic
1590 4062 1643 4107 tu
1675 4053 1844 4122 prius,
1874 4070 1905 4105 0
1932 4053 2050 4122 phi-

477 4143 721 4212 losophe,
767 4144 857 4198 ubi
901 4160 1004 4199 non
1037 4146 1124 4199 sit.
1178 4144 1312 4198 Tota
1350 4146 1527 4213 itaque
1566 4144 1818 4197 divinitas
1854 4144 2053 4211 utique

478 4238 588 4283 tota
614 4240 717 4294 est,
748 4241 801 4285 et
827 4232 971 4285 nullo
994 4233 1299 4286 continetur
1320 4232 1453 4295 loco,
1482 4233 1604 4300 quia
1632 4248 1735 4285 non
1762 4241 1844 4284 est
1866 4231 2051 4285 localis

477 4320 659 4386 Deus;
707 4330 819 4377 tota
866 4323 1070 4378 scilicet
1114 4325 1167 4377 in
1211 4324 1541 4392 spiritalibus
1581 4332 1635 4377 et
1685 4322 2053 4392 corporalibus

2155 3124 2334 3178 minis.
2361 3121 2419 3177 Si
2447 3137 2574 3192 ergo
2608 3137 2713 3175 non
2743 3128 2827 3175 est
2850 3119 2945 3173 Dei
2979 3118 3168 3189 gratia,
3195 3117 3460 3186 quomodo
3492 3117 3731 3171 salvatur

2154 3215 2420 3269 mundus?
2455 3213 2521 3267 Et
2550 3214 2593 3267 si
2626 3229 2729 3267 non
2754 3220 2835 3268 est
2862 3211 3093 3266 liberum
3121 3209 3432 3276 arbitrium,
3462 3209 3731 3279 quomon

2146 3304 2477 3376 iudicabitur
2498 3305 2765 3359 mundus?

2758 3415 2983 3471 CAPUT
3028 3415 3119 3469 IX.

2495 3509 2565 3562 De
2592 3507 2884 3561 diversitate
2906 3524 3085 3561 eorum
3113 3523 3230 3578 qute
3252 3516 3393 3562 sunt.

2225 3623 2394 3678 Omne
2426 3619 2567 3688 quod
2596 3627 2710 3683 est,
2740 3627 2833 3673 aut
2862 3634 3071 3689 semper
3099 3618 3231 3684 fuit,
3260 3628 3314 3674 et
3342 3634 3448 3674 non
3479 3620 3733 3675 essem-

2153 3712 2261 3781 pit;
2289 3718 2383 3765 aut
2404 3726 2511 3764 non
2535 3723 2748 3779 semper
2771 3708 2905 3776 fuit,
2931 3718 2986 3764 et
3010 3724 3130 3765 esse
3158 3710 3341 3780 caepit.
3373 3710 3524 3776 Quod
3550 3710 3732 3780 itaque

2152 3818 2256 3857 non
2285 3801 2448 3869 coepit
2476 3816 2616 3865 esse,
2644 3801 2736 3855 sed
2766 3815 2981 3871 semper
3003 3800 3136 3868 fuit,
3162 3803 3307 3858 solus
3332 3804 3473 3857 Deus
3502 3813 3605 3867 est,
3628 3803 3735 3857 Pa-

2154 3902 2254 3956 ter,
2292 3902 2345 3946 et
2376 3892 2580 3956 Filius,
2620 3900 2674 3946 et
2711 3890 2943 3961 Spiritus
2990 3901 3237 3959 sanctus;
3279 3894 3419 3963 quod
3458 3910 3585 3950 vero
3614 3910 3735 3951 esse

2152 3982 2333 4050 coepit,
2361 3982 2537 4036 omnis
2557 3988 2640 4034 est
2664 3989 2935 4035 creatura.
2958 3981 3082 4036 Ideo
3105 3983 3156 4036 in
3181 3998 3360 4037 rerum
3387 3984 3593 4039 naturis
3618 3986 3734 4040 haec

2152 4072 2257 4125 duo
2293 4078 2498 4124 tantum
2537 4078 2698 4137 sunt,
2740 4070 2793 4125 id
2840 4079 2921 4126 cst
2963 4082 3195 4138 creator,
3221 4082 3275 4127 et
3312 4084 3580 4129 creatura.
3628 4077 3734 4132 Sed

2151 4159 2293 4228 quod
2319 4174 2530 4229 semper
2556 4160 2659 4214 fuit
2695 4169 2751 4215 et
2783 4176 2996 4230 semper
3022 4170 3134 4228 est,
3176 4171 3270 4218 aut
3307 4164 3601 4234 ingenitum
3629 4174 3730 4229 est,

2154 4263 2244 4308 aut
2272 4254 2538 4323 genitum;
2573 4262 2666 4307 aut
2708 4268 2805 4307 nec
2852 4254 3169 4324 ingenitum,
3217 4270 3316 4310 nec
3358 4258 3617 4327 genitum.
3668 4258 3735 4311 Et

2155 4354 2279 4401 sunt
2307 4347 2420 4401 haec
2455 4346 2556 4400 tria
2580 4330 2910 4400 teternaliter
2933 4347 3056 4400 tria.
3080 4359 3105 4387 α
3134 4346 3285 4413 Quod
3312 4347 3604 4418 ingenitum
3629 4358 3730 4417 est,

477 4410 716 4505 singulis,
747 4418 800 4465 et
824 4420 931 4465 tota
956 4412 1113 4466 simul
1141 4413 1193 4466 in
1214 4413 1462 4466 omnibus
1485 4413 1765 4466 creaturis.
1816 4412 1925 4466 Nec
1957 4414 2050 4466 ad-
2082 4404 2124 4460 Ι)
2151 4435 2311 4490 pater
2337 4444 2418 4488 est
2447 4435 2622 4499 solus,
2653 4435 2777 4504 quia
2814 4451 2845 4489 η
2892 4436 3039 4490 "uno
3086 4404 3206 4490 05;,
3250 4404 3415 4491 hang,
3448 4438 3590 4505 quod
3628 4404 3730 4495 est;

480 4499 585 4553 huc
613 4500 675 4552 dc
698 4502 869 4570 gratia
894 4501 1179 4569 loquimur,
1207 4516 1311 4570 qua
1346 4516 1403 4554 se
1433 4501 1666 4572 gratuito
1697 4513 1917 4554 munere
1952 4501 2051 4553 mi-

477 4595 784 4649 sericordiae
810 4611 918 4650 suae
945 4596 1213 4650 salvandis
1242 4596 1545 4651 hominibus
1581 4598 1819 4665 przebct;
1859 4598 1952 4651 sed
1985 4598 2051 4652 de

479 4694 685 4745 natura,
715 4702 819 4756 qua
847 4688 986 4741 Deus
1012 4688 1188 4741 omnia
1218 4702 1336 4754 qure
1365 4686 1509 4747 fecit,
1535 4695 1588 4741 et
1611 4687 1812 4755 implet,
1842 4696 1895 4742 et
1931 4702 2054 4741 con-

479 4775 631 4837 tinet,
678 4777 966 4831 secuudum
1003 4793 1161 4845 quam
1210 4778 1337 4831 dicit
1367 4795 1378 4830 :
1411 4776 1606 4831 Cwlunt
1652 4787 1699 4830 et
1737 4787 1929 4831 terram
1960 4796 2051 4849 ego

478 4863 666 4932 impleo
695 4864 829 4933 (Jer.
863 4880 1019 4930 χχιιι,
1050 4866 1160 4936 24).
1209 4867 1273 4919 Et
1305 4868 1597 4920 secundum
1626 4883 1783 4935 quam
1814 4867 1915 4935 ipsi
1945 4869 2053 4923 Deo

480 4952 672 5006 beatus
704 4953 870 5007 David
896 4954 1025 5009 dicit
1048 4972 1060 5007 :
1090 4953 1205 5019 Quo
1232 4954 1314 5007 ibo
1344 4973 1375 5008 a
1412 4954 1610 5024 Spiritu
1638 4966 1725 5008 tuo
1751 4972 1768 5008 :
1792 4966 1837 5009 et
1864 4974 1894 5009 a
1920 4956 2055 5025 facie

478 5053 569 5097 tua
594 5063 692 5114 quo
719 5047 917 5117 fugiant
941 5047 1110 5115 (Psal.
1136 5050 1500 5120 cxxxvmﬂ)?
1527 5051 1592 5105 Et
1610 5052 1673 5105 de
1700 5052 1934 5117 Christo,
1960 5052 2053 5121 qui

480 5143 564 5188 est
586 5138 847 5205 sapientia
896 5138 1008 5199 Dei,
1051 5140 1248 5193 dicitur
1279 5160 1290 5193 :
1320 5140 1535 5210 Attingit
1576 5161 1607 5195 a
1646 5142 1749 5210 ﬁne
1791 5160 1948 5213 usque
1984 5144 2053 5197 ad

480 5225 637 5292 ﬁnem
670 5227 893 5295 fortiter,
916 5238 963 5282 et
987 5229 1211 5299 disponit
1236 5234 1411 5285 omnia
1433 5233 1654 5287 suaviter
1674 5235 1824 5304 (Sap.
1840 5236 2049 5306 v1u,l).

481 5313 555 5366 De
580 5314 779 5384 Spiritu
810 5333 1021 5385 quoque
1049 5328 1234 5376 sancto
1266 5321 1543 5393 Scriptura
1570 5335 1756 5379 sancta
1781 5326 1859 5380 sic
1880 5325 2054 5395 loqui-

482 5411 607 5455 tur:
635 5403 768 5469 Quia
808 5405 1037 5475 Spiritus
1088 5408 1297 5466 Domini
1335 5414 1538 5485 replevit
1577 5416 1748 5469 orbem
1793 5425 2052 5471 terrarum

484 5488 631 5558 (δίῳ.
663 5507 703 5554 l,
731 5492 804 5563 7).
854 5494 1089 5553 Trinitas
1119 5499 1320 5569 itaque,
1349 5520 1467 5575 qua:
1493 5513 1576 5559 est
1604 5504 1743 5561 Dcus
1771 5523 1929 5572 unus,
1959 5521 2050 5561 ve-

555 5612 580 5641 ι
618 5601 815 5664 ἉΕιιριιε
848 5609 1013 5668 Paris.
1044 5631 1159 5687 cap.
1190 5618 1275 5674 82.

2152 4525 2255 4578 nisi
2281 4540 2311 4577 a
2340 4525 2545 4592 seipso;
2584 4524 2723 4593 quod
2748 4525 2984 4595 genitum
3006 4533 3109 4589 est,
3138 4525 3305 4580 Filius
3331 4535 3433 4589 est,
3462 4527 3547 4581 cui
3572 4541 3601 4579 a
3632 4526 3735 4579 Pa-

2151 4622 2233 4668 tre
2262 4621 2485 4667 estesse
2512 4613 2653 4682 quod
2682 4621 2795 4678 est;
2824 4615 2967 4682 quod
3010 4628 3138 4668 vero
3177 4630 3279 4669 net:
3322 4615 3619 4683 ingenitum
3651 4621 3736 4669 est

2153 4720 2253 4759 nec
2281 4705 2540 4775 genitum,
2574 4704 2806 4773 Spiritus
2830 4713 3050 4760 sanctus
3074 4714 3177 4769 est,
3206 4706 3290 4760 cui
3319 4714 3403 4760 est
3429 4721 3549 4761 esse
3578 4721 3606 4758 a
3636 4705 3736 4758 Pa-

2156 4803 2240 4849 tre
2268 4803 2322 4848 et
2350 4794 2487 4848 Filio
2513 4796 2827 4864 procedere.
2855 4794 2922 4849 Et
2943 4796 3056 4850 haec
3087 4796 3189 4849 tria
3212 4796 3449 4850 Trinitas
3475 4805 3558 4851 est
3586 4813 3732 4862 vera,

2159 4883 2629 4938 consubstantialis
2650 4892 2705 4937 et
2728 4891 3011 4939 coarterna.
3035 4884 3170 4950 Quia
3200 4885 3359 4954 igitur
3379 4885 3520 4939 aliud
3543 4894 3625 4941 cst
3647 4902 3739 4957 ge-

2159 4974 2360 5038 nuisse,
2381 4990 2543 5043 quam
2570 4981 2753 5027 natum
2783 4989 2934 5037 esse;
2965 4973 3106 5027 aliud
3129 4981 3213 5027 est
3239 4975 3553 5041 procedere,
3572 4991 3734 5045 quam

2160 5065 2324 5134 718
2372 5064 2647 5133 genuisse,
2684 5063 2769 5120 vel
2810 5071 2992 5116 natum
3041 5077 3160 5117 esse
3208 5081 3220 5116 :
3273 5064 3615 5120 manifestum
3652 5073 3737 5120 est

2158 5154 2411 5224 quoniam
2444 5153 2576 5225 [Al.,
2601 5152 2890 5224 quomodo]
2915 5152 3052 5208 alius
3073 5162 3155 5209 est
3181 5154 3360 5221 Pater,
3385 5156 3520 5212 alius
3544 5157 3732 5221 Filius,

2159 5247 2295 5301 alius
2335 5246 2569 5316 Spiritus
2608 5256 2841 5302 sanctus.
2885 5247 3123 5303 Trinitas
3160 5248 3339 5319 itaque
3374 5251 3439 5304 ad
3477 5265 3736 5319 personas

2156 5340 2361 5402 Patris,
2389 5348 2444 5394 et
2472 5339 2629 5403 Filii,
2654 5347 2711 5393 et
2751 5337 2983 5408 Spiritus
3022 5341 3190 5394 sancti
3232 5340 3462 5395 refertur
3492 5359 3505 5394 :
3547 5341 3736 5397 Unitas

2156 5430 2225 5484 ad
2253 5436 2499 5483 naturam
2523 5436 2736 5483 aeterna:
2777 5429 3002 5484 Deitatis
3026 5431 3276 5499 pertinet.
3315 5431 3482 5486 Porro
3506 5432 3733 5502 plurima

2157 5519 2209 5573 in
2234 5519 2313 5573 eis
2338 5535 2455 5589 qua:
2494 5516 2632 5572 facta
2664 5528 2807 5583 sunt,
2839 5528 2892 5573 et
2921 5535 2985 5574 ex
3019 5529 3257 5589 tempore
3284 5530 3563 5591 cceperuut
3599 5520 3730 5593 [At.,
