4072 6346
304 298 374 355 29
950 294 1366 353 DOGMATICA.
1405 327 1476 339 -—
1512 298 1601 353 DE
1637 298 1792 354 FIDE
1831 297 1888 354 S.
1933 297 2323 353 TRINITATIS
2360 295 2537 351 LIBRI
2576 295 2660 351 Ill.
2701 296 2826 351 LIB.
2867 299 2928 353 ll.
3489 304 3559 359 30

299 410 446 481 quod
479 422 548 463 ex
591 415 829 477 tempore
873 406 1085 480 coepit],
1126 407 1383 463 distantia
1418 408 1688 463 invenitur
1726 423 1875 473 esse;
1905 412 1950 469 Α
1980 405 2107 475 quia
2150 404 2322 458 forma
2369 403 2465 457 Dei
2514 404 2720 473 accepit
2765 403 2993 458 formam
3044 405 3220 471 servi,
3269 413 3560 479 utrumque

299 490 428 557 riam
455 499 702 568 quaedam
724 512 791 553 ex
819 498 900 553 eis
927 507 1050 553 sunt
1071 499 1331 569 spiritalia
1348 538 1363 563 ,
1397 499 1642 568 quaedam
1685 514 1876 567 corpo—

298 591 463 655 ralia;
509 590 752 659 quaadam
799 589 1119 654 invisibilia,
1168 589 1413 659 qumdam
1457 604 1583 643 vero
1625 588 1876 643 visibilia.

297 680 566 747 Quiddam
596 680 777 749 itaque
802 680 855 732 in
883 679 962 734 eis
987 678 1186 734 factum
1214 679 1430 744 dicitur,
1457 687 1514 734 et
1537 694 1641 733 non
1670 686 1877 743 natum,

294 779 356 823 ut
385 770 617 834 coelum,
646 778 702 824 et
734 778 912 835 terra,
937 776 993 823 et
1015 769 1179 823 multa
1208 768 1263 822 in
1287 768 1549 822 creaturis
1581 787 1593 821 :
1625 768 1878 837 quiddam

293 878 428 917 vero
456 862 660 917 factum
689 863 904 925 dicitur,
932 871 986 915 et
1012 870 1195 915 natum
1217 902 1231 927 ,
1261 863 1352 917 sed
1389 860 1792 924 insensibiliter,
1820 868 1882 914 ut

295 956 525 1009 arbores
552 962 605 1008 et
620 955 813 1015 herbae
837 954 903 1008 de
931 962 1103 1019 terra;
1134 955 1388 1023 quiddam
1415 962 1498 1009 est
1521 952 1719 1009 factum
1738 992 1751 1017 ,
1779 968 1878 1006 na-

294 1053 521 1113 tumque
546 1044 894 1109 sensibiliter,
922 1052 983 1098 ut
1008 1044 1253 1098 homines
1276 1052 1330 1098 et
1359 1044 1629 1098 animalia.
1662 1043 1879 1112 Aliquid

290 1135 457 1188 etiam
493 1132 693 1187 factum
729 1142 838 1198 est,
878 1141 934 1188 et
968 1142 1185 1197 natum,
1223 1142 1278 1189 et
1314 1142 1594 1199 renatum,
1626 1141 1686 1188 ut
1717 1134 1878 1187 homo

288 1220 471 1277 factus
496 1237 528 1275 a
550 1223 679 1287 Deo,
706 1232 865 1279 natus
889 1240 920 1278 a
949 1224 1281 1293 parentibus,
1314 1232 1532 1279 renatus
1556 1224 1729 1295 gratia
1756 1224 1874 1289 Dei,

287 1316 596 1371 ministerio
630 1315 762 1388 [Al.,
795 1317 847 1371 in
872 1316 1150 1387 mysterio]
1178 1317 1544 1387 baptismatis;
1578 1332 1698 1385 quae
1726 1330 1876 1386 rege-

286 1407 501 1460 neratio
530 1407 595 1460 in
629 1408 743 1461 solo
781 1407 996 1461 homine
1026 1407 1315 1471 invenitur,
1346 1407 1439 1461 sed
1470 1422 1576 1461 non
1616 1406 1670 1460 in
1705 1406 1871 1460 omni.

284 1494 557 1561 Quiddam
581 1511 709 1550 vero
738 1497 791 1549 in
819 1497 903 1551 his
930 1511 1048 1566 qua:
1075 1495 1215 1550 facta
1246 1504 1388 1560 sunt,
1422 1496 1687 1552 rationale
1714 1503 1797 1550 est
1820 1503 1876 1549 et

283 1584 520 1640 mortale
541 1625 557 1648 ,
586 1593 645 1638 ut
671 1585 809 1639 idem
834 1586 994 1639 homo
1025 1604 1037 1639 :
1068 1587 1160 1639 sed
1187 1587 1291 1640 hoc
1328 1586 1380 1640 in
1406 1585 1520 1640 solo
1546 1586 1762 1641 homine
1779 1626 1793 1650 ,
1819 1593 1875 1640 et

284 1676 338 1729 in
365 1677 517 1730 omni
558 1678 852 1747 reperitur;
901 1678 1153 1746 quiddam
1196 1692 1324 1733 vero
1366 1679 1624 1733 rationale
1662 1687 1867 1734 tantum

285 1776 389 1831 est,
424 1783 530 1821 non
562 1770 811 1832 mortale,
834 1778 894 1823 ut
914 1770 1132 1837 angelus
1156 1788 1168 1823 :
1196 1778 1248 1823 et
1273 1772 1376 1824 hoc
1409 1771 1656 1825 similiter
1678 1772 1733 1826 in
1757 1772 1868 1827 sola

286 1856 524 1925 angelica
554 1865 752 1911 natura
781 1859 1068 1923 invenitur,
1098 1867 1153 1913 et
1181 1860 1234 1912 in
1260 1861 1435 1923 omni;
1469 1862 1563 1914 sed
1586 1876 1655 1914 ex
1687 1860 1791 1924 his,
1822 1862 1872 1914 id

285 1957 389 2011 est,
417 1948 646 2017 angelis,
680 1949 898 2017 quidam
925 1957 1050 2003 sunt
1076 1950 1402 2005 aaternaliter
1428 1951 1633 2016 miseri,
1655 1952 1872 2019 quidam

283 2043 615 2099 aeternaliter
638 2043 813 2107 beati;
849 2044 990 2099 sicut
1014 2045 1177 2098 etiam
1199 2045 1265 2099 de
1298 2045 1622 2110 hominibus,
1653 2047 1868 2114 quidam

284 2143 411 2188 sunt
452 2135 695 2204 ptenales
728 2143 946 2204 propter
977 2137 1170 2190 merita
1210 2136 1454 2201 malitiae;
1485 2139 1698 2206 quidam
1740 2154 1869 2192 vero

282 2242 406 2281 cum
458 2226 698 2295 angelis,
750 2226 841 2295 qui
886 2243 1040 2282 suum
1085 2236 1435 2282 servaverunt
1474 2230 1865 2299 principatum,

279 2317 428 2371 beati
457 2317 785 2371 :eternaliter
811 2326 969 2371 erunt
1001 2332 1097 2387 per
1123 2319 1349 2389 gratiam
1381 2319 1495 2373 Dei.
1535 2319 1638 2373 Sed
1674 2322 1757 2375 hae
1793 2321 1868 2375 dl-

280 2408 571 2463 versitates
605 2416 974 2463 creaturarum
1012 2420 1065 2464 et
1102 2411 1636 2477 eommutabilitates,
1666 2413 1732 2467 ab
1760 2430 1865 2469 uno

280 2499 396 2552 solo
438 2507 492 2551 et
529 2499 948 2554 incommutabili
979 2501 1088 2555 Deo
1119 2510 1313 2556 creata:
1352 2510 1515 2567 sunt,
1554 2505 1644 2573 qui
1684 2506 1863 2560 omnia

280 2604 404 2657 qua:
432 2598 559 2643 sunt
582 2590 634 2642 in
656 2589 793 2644 coelo
812 2591 940 2645 etin
964 2599 1129 2656 terra,
1157 2592 1358 2661 absque
1379 2594 1486 2647 ulla
1509 2595 1861 2660 dubitatione,

280 2680 425 2733 sicut
452 2678 648 2743 voluit,
689 2679 834 2735 fecit.
871 2680 983 2735 Hoc
1021 2697 1234 2752 quoque
1265 2684 1539 2738 sciendum
1578 2693 1689 2750 est,
1721 2688 1864 2755 quod

283 2769 462 2823 omnis
491 2770 808 2834 substantia,
834 2786 953 2840 qua:
976 2771 1118 2826 Deus
1145 2788 1251 2827 non
1278 2781 1380 2840 est,
1408 2782 1653 2829 creatura
1678 2784 1783 2842 est,
1809 2785 1864 2831 et

282 2873 405 2927 qua:
432 2868 680 2918 creatura
704 2875 810 2913 non
834 2868 938 2924 est,
970 2861 1111 2916 Deus
1136 2871 1239 2917 est.

907 2969 1133 3026 CAPUT
1170 2971 1236 3025 Χ.

1982 495 2156 560 Deus,
2197 503 2254 551 et
2288 504 2573 565 utrumque
2602 498 2791 561 homo;
2820 496 2914 551 sed
2944 504 3231 566 utrumque
3258 498 3400 554 Deus
3434 516 3561 570 pro-

1979 594 2101 657 pter
2127 585 2480 655 accipientem
2509 586 2701 653 Deum,
2723 596 3009 657 utrumque
3041 596 3219 643 autem
3248 588 3409 645 homo
3433 607 3560 661 pro-

1978 686 2099 746 pter
2122 684 2400 746 acceptum
2430 678 2724 733 hominem.
2756 678 2874 734 Non
2900 688 3075 734 tamen
3098 679 3188 735 illa
3219 684 3560 753 susceptione

1979 766 2207 820 alterum
2231 781 2421 821 eorum
2458 766 2513 821 in
2548 766 2774 822 alterum
2808 783 3123 824 conversum
3169 780 3330 841 atque
3379 781 3555 827 muta-

1978 864 2093 909 tum
2128 864 2240 923 est;
2274 871 2375 911 nec
2412 856 2665 911 divinitas
2700 858 2896 928 quippe
2932 860 2983 914 in
3019 870 3323 917 creaturam
3353 870 3558 920 mutata

1978 952 2079 1010 est,
2107 954 2167 999 ut
2187 946 2470 1001 desisteret
2499 961 2617 1001 esse
2640 947 2922 1013 divinitas;
2950 966 3048 1003 nec
3071 959 3321 1006 creatura
3344 951 3398 1006 in
3423 951 3561 1006 divi-

1977 1036 2236 1099 nitatem,
2270 1044 2327 1089 ut
2365 1036 2648 1091 desisteret
2686 1052 2805 1093 esse
2846 1047 3112 1094 creatura.
3156 1041 3332 1096 Unum
3377 1050 3559 1097 tamen

1976 1126 2168 1180 horum
2211 1125 2484 1181 miraculis
2524 1127 2746 1193 claruit;
2791 1128 2935 1183 aliud
2981 1131 3263 1185 succubuit
3299 1130 3555 1200 injuriis:

1976 1218 2070 1273 sed
2098 1217 2402 1274 nullatenus
2440 1218 2576 1272 alius
2605 1218 2707 1273 fuit
2735 1221 2827 1289 qui
2857 1220 3133 1275 miraculis
3168 1221 3387 1288 claruit,
3419 1222 3562 1277 alius

1975 1308 2068 1377 qui
2105 1307 2316 1378 injuriis
2354 1307 2608 1378 fatigatus
2640 1318 2752 1376 est;
2796 1310 2891 1366 sed
2928 1326 3065 1365 unus
3100 1319 3260 1379 atque
3305 1311 3448 1366 idem
3501 1313 3559 1367 in

1973 1397 2147 1452 forma
2196 1399 2292 1452 Dei
2340 1401 2814 1455 consubstantialis
2865 1400 3043 1467 Patri,
3086 1402 3140 1456 in
3186 1401 3361 1457 forma
3414 1403 3557 1457 servi

1974 1490 2446 1547 consubstantialis
2469 1492 2653 1557 matri,
2681 1492 2859 1547 anima
2888 1500 2942 1547 et
2967 1509 3129 1549 carne
3155 1494 3316 1549 homo
3345 1493 3553 1563 plenus.

2466 1624 2629 1694 719
2657 1623 2883 1679 CAPUT
2956 1623 3046 1677 XI.

1899 1752 1946 1814 Β
1975 1729 2160 1786 Utrum
2207 1734 2384 1787 anima
2408 1733 2600 1787 Christi
2634 1733 2841 1814 plenam
2887 1732 3072 1787 habeat
3116 1731 3402 1787 divinitatis
3443 1746 3556 1786 sure

2579 1804 2944 1873 cognitionem.

2044 1907 2386 1966 Conﬁdenter
2407 1910 2564 1982 plane
2600 1920 2657 1965 et
2698 1912 3065 1966 indubitanter
3083 1909 3312 1966 dicimus
3338 1912 3402 1966 de
3428 1924 3556 1965 san-

1972 1998 2076 2054 ctis
2096 2001 2321 2068 angelis,
2346 2008 2504 2069 atque
2531 1998 2837 2057 hominibus
2860 2001 3084 2065 sanctis,
3108 2015 3336 2069 quorum
3362 2015 3555 2068 quam-

1970 2087 2052 2142 vis
2098 2089 2352 2158 quislibet
2403 2106 2501 2159 per
2558 2090 2864 2159 adoptionis
2917 2090 3145 2160 gratiam
3192 2090 3551 2158 nuncupative

1968 2176 2111 2233 Deus
2139 2179 2368 2246 dicatur,
2410 2180 2555 2233 nulla
2581 2175 2759 2233 tamen
2805 2179 3018 2233 ratione
3046 2178 3187 2232 Deus
3210 2178 3543 2248 angelorum,

1968 2267 2053 2322 vel
2082 2268 2225 2324 Deus
2260 2279 2572 2325 sanctorum
2600 2268 2917 2323 naturaliter
2944 2268 3049 2323 dici
3094 2281 3273 2338 posse,
3318 2269 3457 2322 sicut
3485 2270 3554 2321 de
3616 2300 3621 2303 -

1967 2360 2184 2418 Christo
2219 2361 2416 2415 dicitur
2455 2359 2571 2429 :Et]
2596 2360 2815 2414 adorent
2866 2375 2984 2413 eum
3031 2374 3205 2412 omnes
3234 2355 3405 2426 angeli
3456 2355 3549 2409 Dei

1968 2451 2138 2524 (Psal.
2181 2467 2323 2515 XCVI,
2363 2450 2451 2521 8);
2504 2458 2577 2514 et,
2639 2448 2831 2503 Omnia
2869 2447 3136 2517 subjecisti
3183 2446 3277 2500 sub
3332 2444 3546 2514 pedibus

1964 2543 2079 2613 ejus
2132 2541 2317 2613 (Hebr.
2369 2558 2427 2604 tt,
2458 2542 2521 2604 8;
2583 2539 2732 2593 Psal.
2762 2555 2880 2603 vni,
2923 2538 3000 2609 8).
3054 2538 3113 2591 In
3150 2552 3215 2591 eo
3253 2536 3396 2606 quod
3432 2536 3535 2598 ait,

1965 2635 2142 2688 omnia
2198 2633 2439 2703 subjecit,
2506 2633 2645 2687 nihil
2702 2632 2909 2687 dimisit
2957 2647 3064 2685 non
3114 2628 3412 2698 subjectum
3468 2629 3540 2682 ei.

1964 2723 2222 2790 Quamvis
2274 2724 2529 2792 quislibet
2563 2729 2782 2777 sanctus
2827 2722 3019 2776 divinae
3058 2721 3389 2775 habitatione
3418 2735 3541 2791 gra-

1964 2818 2054 2871 tiae
2083 2816 2213 2888 [Al.,
2246 2815 2596 2870 habitationis
2625 2813 2820 2885 gratia]
2840 2811 3152 2882 lpraecipuus
3178 2821 3341 2877 esset,
3368 2811 3545 2865 nullus
3602 2840 3605 2845 ~

1967 2918 2146 2961 tamen
2194 2922 2381 2960 eorum
2435 2905 2490 2959 in
2539 2920 2701 2958 unam
2756 2918 2877 2957 cum
2916 2900 3197 2955 divinitate
3253 2916 3541 2970 personam

1964 2996 2168 3050 electus
2220 3002 2321 3059 est,
2368 2994 2473 3048 nisi
2509 2993 2757 3048 Christus
2803 2992 2963 3055 Deus,
3010 2998 3065 3045 et
3114 2992 3294 3045 homo.
3349 2991 3544 3046 Anima

283 3081 438 3147 Quod
464 3081 703 3152 quietiam
730 3080 984 3155 mirabiiis
1014 3082 1152 3149 facta
1183 3091 1254 3134 est
1294 3082 1587 3152 conjunctio
1612 3085 1862 3137 creatoris
1890 3080 1934 3143 C
1966 3086 2184 3155 quippe,
2225 3092 2279 3139 et
2316 3099 2442 3138 caro
2470 3083 2688 3145 Christi,
2741 3098 2860 3137 cum
2894 3081 3070 3137 Verbo
3098 3098 3238 3136 unus
3270 3091 3354 3136 est
3383 3081 3541 3136 Chri-

868 3151 935 3204 ad
962 3160 1277 3204 creaturam.

348 3263 497 3315 Inter
522 3263 659 3315 hanc
685 3259 1056 3331 [At.,'harum]
1081 3260 1285 3315 scilicet
1307 3268 1676 3316 creaturarum
1698 3263 1862 3316 mira-

276 3354 443 3409 bilem
470 3361 526 3405 et
552 3353 845 3421 speciosam
877 3351 1238 3423 [varictatem,
1261 3367 1325 3406 ex
1348 3351 1475 3423 qua]
1499 3352 1862 3420 pulcherrima

277 3443 608 3497 universitas
651 3440 1000 3495 formatarum
1026 3448 1236 3495 constat
1268 3456 1469 3507 rerum,
1499 3443 1563 3496 de
1598 3459 1702 3513 qua
1733 3444 1863 3499 dici-

280 3542 369 3586 tur
408 3550 422 3584 :
454 3531 523 3584 Et
550 3541 695 3584 erant
734 3532 908 3584 omnia
938 3530 1084 3585 valde
1123 3531 1255 3584 bona
1295 3528 1446 3601 (Gen.
1480 3550 1522 3598 ι,
1550 3533 1662 3603 51).
1693 3533 1860 3604 (Bona

278 3640 408 3677 vero
428 3664 441 3686 ,
466 3624 596 3691 quia
627 3639 656 3675 a
686 3623 823 3677 bono
853 3622 1065 3677 condita
1090 3631 1211 3676 sunt
1238 3631 1503 3688 creatore,
1527 3626 1619 3679 sed
1646 3641 1750 3679 non
1783 3627 1860 3680 sic

277 3716 417 3769 bona
460 3714 601 3767 sicut
632 3722 859 3775 creator,
886 3714 977 3782 qui
1004 3713 1148 3767 solus
1170 3721 1252 3766 cst
1279 3729 1546 3768 summum
1573 3726 1626 3769 et
1651 3717 1856 3771 incom-

276 3805 537 3859 mutabile
563 3804 784 3876 bonum)
813 3821 826 3858 :
853 3806 1013 3859 homo
1051 3805 1194 3859 solus
1222 3808 1287 3859 ad
1320 3807 1604 3875 imaginem
1631 3817 1684 3861 et
1710 3810 1860 3863 simi-

274 3896 557 3950 litudinem
584 3895 877 3953 conditoris
905 3903 1118 3949 creatus
1144 3910 1261 3949 esse
1286 3894 1499 3964 legitur,
1532 3906 1586 3950 et
1615 3896 1859 3951 felicissi-

272 4000 397 4039 mus
444 3982 579 4054 [Al.,
618 3982 933 4054 felicissimi]
978 3984 1151 4045 horti,
1191 3983 1281 4051 qui
1322 3984 1604 4052 paradisus
1639 3984 1855 4050 dicitur,

273 4073 551 4128 habitator
582 4072 934 4137 constitutus,
973 4071 1234 4139 uniusque
1263 4073 1629 4127 tantummodo
1652 4071 1858 4128 fructus

272 4161 449 4229 e,-ulis
476 4160 806 4230 prohibitus,
831 4168 1097 4229 quatenus
1134 4167 1242 4214 tam
1278 4159 1449 4215 facilis
1482 4162 1857 4217 observatione

273 4250 550 4314 mandati,
580 4250 853 4304 caelestem
879 4256 1179 4303 mereretur
1203 4249 1589 4303 beatitudinem
1617 4268 1629 4302 :
1658 4250 1751 4305 sed
1777 4251 1858 4304 in-

270 4341 418 4395 vidia
450 4340 656 4394 ruentis
686 4340 861 4409 angeli
894 4339 959 4392 de
988 4339 1313 4393 beatitudine
1346 4355 1474 4404 sua,
1516 4340 1671 4408 hujus
1698 4356 1853 4395 man-

273 4433 385 4487 dati
424 4441 792 4501 transgressor
816 4430 1035 4485 eﬁ‘ectus
1064 4439 1175 4493 est,
1203 4439 1361 4499 atque
1396 4432 1449 4484 in
1476 4431 1633 4503 hujus
1656 4432 1852 4495 exsilii,
1883 4421 1930 4480 D

273 4524 416 4578 sicut
436 4522 793 4579 comminatus
813 4528 898 4577 est
914 4521 962 4573 ei
985 4528 1215 4584 creator,
1238 4536 1592 4576 mrumnosam
1624 4520 1861 4588 dejectus

271 4623 356 4668 est
381 4612 659 4667 miseriam
682 4652 696 4677 ,
724 4619 777 4665 et
806 4611 1001 4681 ptenali
1027 4610 1215 4664 mortis
1235 4610 1538 4665 conditione
1568 4611 1859 4666 mulctatus

273 4701 430 4776 (Gen.
471 4705 555 4771 ιι).
594 4700 700 4756 Sed
738 4701 1055 4755 mitissimus
1093 4709 1320 4762 creator,
1369 4700 1556 4755 nolens
1593 4701 1855 4756 facturam

272 4793 528 4863 imaginis
556 4806 664 4845 suae
690 4790 1018 4845 :eternaliter
1044 4791 1218 4859 perire
1238 4830 1251 4855 ,
1284 4790 1431 4843 misit
1467 4790 1662 4844 Filium
1699 4806 1854 4845 suum

274 4884 612 4955 unigenitum
649 4881 851 4947 Deum,
889 4898 987 4951 per
1023 4896 1181 4949 quem
1216 4881 1417 4935 creavit
1455 4882 1758 4947 hominem,
1796 4890 1858 4938 ut

271 4988 373 5043 per
404 4972 651 5027 eumdem
684 4973 1059 5035 redimeretur,
1095 4986 1193 5040 per
1216 4987 1375 5040 quem
1395 4980 1609 5026 creatus
1628 4979 1728 5026 est.
1752 4971 1853 5038 Qui

273 5081 499 5122 cantem
532 5082 598 5121 ex
641 5066 848 5135 virgine
892 5080 1203 5141 assumens,
1246 5066 1318 5120 ita
1367 5067 1612 5121 humana:
1647 5077 1853 5122 naturae

275 5161 547 5214 adunatus
567 5167 673 5223 est,
695 5165 755 5211 ut
784 5158 924 5213 idem
951 5164 1093 5212 esset
1118 5158 1299 5223 homo,
1320 5157 1410 5226 qui
1433 5158 1592 5221 Deus,
1616 5167 1673 5212 et
1689 5159 1849 5225 Deus,

273 5252 365 5321 qui
398 5251 561 5304 homo
594 5269 605 5303 :
637 5250 761 5318 quia
794 5249 917 5303 talis
943 5257 1059 5303 erat
1091 5248 1181 5302 illa
1219 5248 1504 5318 susceptio,
1534 5263 1651 5316 qua:
1683 5248 1850 5302 Deum

274 5341 551 5395 hominem
581 5339 803 5407 faceret,
834 5348 887 5395 et
914 5341 1183 5395 hominem
1208 5339 1405 5405 Deum;
1437 5355 1535 5394 nec
1561 5339 1665 5394 ulla
1691 5349 1774 5394 est
1799 5341 1850 5395 in

273 5433 379 5486 hac
406 5432 636 5486 duarum
661 5431 1036 5501 conjunctione
1068 5440 1382 5485 naturarum
1405 5473 1417 5494 ,
1447 5431 1499 5486 id
1524 5438 1603 5485 est
1620 5473 1633 5495 ,
1662 5432 1851 5486 divini-

274 5526 407 5579 tatis
440 5532 605 5594 atque
641 5524 1023 5589 humanitatis,
1057 5524 1356 5595 personalis
1390 5526 1674 5594 separatio.
1711 5525 1850 5596 Ergo

346 5672 370 5700 ι
416 5658 620 5716 Ᾱῐηεειε
646 5658 815 5713 Paris.
847 5675 963 5727 cap.
992 5659 1079 5713 83.

1962 3183 2096 3239 stus,
2147 3182 2202 3229 et
2229 3190 2366 3228 unus
2401 3173 2589 3227 Filius.
2644 3173 2910 3241 Perquam
2948 3186 3078 3225 vero
3113 3172 3306 3225 durum
3336 3179 3439 3235 est,
3487 3180 3544 3226 et

1963 3282 1994 3320 a
2020 3265 2250 3322 sanitate
2293 3263 2426 3336 [Al.,
2451 3261 2729 3334 ﬁrmitate]
2761 3261 2882 3316 fidei
2929 3262 3144 3330 penitus
3193 3259 3447 3324 alienum,
3480 3267 3540 3313 ut

1963 3358 2204 3412 dicamus
2230 3358 2464 3409 animam
2484 3354 2682 3410 Christi
2712 3368 2819 3407 non
2840 3352 3051 3422 plenam
3074 3366 3183 3406 sua:
3216 3349 3345 3422 [Al.,
3376 3349 3427 3403 in
3457 3348 3537 3420 se]

1962 3446 2179 3501 deitatis
2200 3446 2401 3500 habere
2428 3444 2695 3507 notitiam,
2730 3458 2857 3497 cum
2887 3458 2991 3510 qua
3022 3441 3343 3496 naturaliter
3369 3455 3533 3494 unam

1962 3540 2200 3595 creditur
2224 3539 2424 3593 habere
2478 3550 2788 3605 personam.
2841 3532 2990 3589 Unde
3018 3531 3254 3589 Joannes
3298 3532 3538 3600 Baptista

1960 3628 2176 3683 Christo
2204 3627 2545 3698 singulariter
2601 3642 2665 3680 ac
2689 3627 2805 3678 sine
2852 3639 3100 3678 mensura
3141 3624 3320 3675 datam
3368 3621 3535 3688 Spiri-

1962 3727 2047 3773 tus
2076 3719 2382 3786 largitatem
2426 3717 2560 3770 dixit
2590 3731 2603 3769 :
2638 3715 2763 3769 Non
2809 3716 2945 3768 enim
2986 3714 3054 3766 ad
3078 3728 3373 3766 mensuram
3418 3708 3538 3781 [ait]

1958 3810 2051 3863 dat
2074 3809 2211 3862 Deus
2232 3808 2483 3877 Spiritum
2508 3810 2685 3879 (Joan.
2706 3824 2790 3871 ιιι,
2817 3806 2930 3875 54).
2961 3806 3276 3860 Hominibus
3293 3805 3360 3858 ad
3388 3819 3541 3858 meu-

1959 3915 2140 3954 suram
2194 3899 2317 3961 dat;
2370 3898 2528 3951 unico
2582 3896 2717 3949 Filio
2772 3896 2837 3948 ad
2867 3910 3172 3949 mensuram
3210 3909 3318 3947 non
3367 3894 3536 3957 dedit,

1957 3989 2083 4058 quia
2109 3988 2283 4042 omnis
2310 3985 2583 4056 plenitudo
2638 3983 2933 4038 divinitatis
2964 3983 3017 4036 in
3046 3997 3111 4036 eo
3148 3982 3374 4034 habitat.
3419 3980 3539 4049 Ipse

1957 4088 2042 4135 est
2095 4078 2237 4133 enim
2266 4076 2359 4146 qui
2397 4074 2489 4129 dat
2524 4074 2746 4137 sanctis,
2789 4072 2903 4142 ipse
2950 4079 3033 4126 est
3069 4071 3158 4139 qui
3187 4070 3428 4136 accepit;
3482 4075 3537 4122 et

1958 4169 2083 4241 quia
2119 4176 2310 4237 potens
2328 4172 2412 4220 est
2467 4164 2534 4219 ad
2558 4178 2866 4218 mensuram
2896 4162 3045 4225 dare,
3073 4161 3191 4215 ideo
3218 4175 3325 4213 non
3352 4158 3538 4213 debuit

1958 4260 2025 4313 ad
2053 4272 2361 4313 mensuram
2390 4256 2656 4325 accipere.
2705 4253 2763 4306 1n
2795 4252 2965 4306 forma
2988 4252 3129 4305 enim
3176 4249 3269 4304 Dei
3310 4262 3534 4303 manens

1959 4352 2220 4423 Spiritum
2249 4350 2368 4414 dat;
2432 4348 2657 4401 formam
2684 4346 2823 4400 servi
2850 4345 3119 4412 accipiens
3151 4341 3410 4413 Spiritum
3440 4357 3533 4397 ac-

1956 4440 2097 4509 cepit
2126 4457 2138 4492 :
2170 4440 2341 4508 ipsum
2368 4436 2533 4500 enim,
2583 4449 2740 4504 quem
2771 4434 2838 4487 ad
2868 4448 3176 4487 mensuram
3204 4432 3314 4490 dat,
3360 4438 3530 4485 totum

1956 4529 2181 4597 accepit.
2231 4526 2313 4580 Ad
2340 4540 2643 4580 mensuram
2672 4524 2868 4592 quippe
2894 4524 2985 4576 dat
3013 4522 3193 4574 multis
3243 4520 3398 4583 filiis;
3435 4519 3529 4573 sed

1954 4633 2061 4672 non
2097 4617 2163 4670 ad
2219 4630 2527 4669 mensuram
2566 4614 2790 4681 accepit,
2841 4612 2931 4681 qui
2978 4612 3169 4665 unicus
3221 4617 3304 4664 est
3338 4609 3526 4672 Filius,

1953 4708 2077 4776 quia
2102 4708 2179 4761 sic
2202 4714 2285 4760 est
2306 4704 2627 4759 naturaliter
2657 4704 2817 4757 homo
2838 4718 3017 4765 verus,
3072 4710 3130 4754 ut
3154 4701 3290 4754 idem
3331 4701 3399 4753 sit
3432 4716 3529 4754 na-

1952 4797 2200 4852 turaliter
2245 4796 2408 4850 ctiam
2442 4794 2581 4847 Deus
2609 4809 2789 4848 verus.
2823 4806 2849 4833 8
2880 4792 2937 4845 In
2975 4790 3190 4846 Christo
3216 4801 3395 4844 autem
3432 4805 3517 4845 se—

1957 4888 2187 4944 cundum
2216 4884 2492 4941 catholicae
2524 4883 2645 4936 ﬁdei
2688 4883 2994 4947 veritatem,
3041 4882 3094 4935 in
3144 4882 3347 4935 unitate
3401 4894 3526 4949 per-

1958 4992 2101 5033 sona:
2127 4976 2283 5031 simul
2310 4982 2365 5028 et
2392 4974 2644 5029 deitatem
2668 4972 2918 5037 fatemur,
2945 4980 2999 5025 et
3033 4972 3265 5025 animam
3289 4971 3529 5023 rationa-

1958 5069 2063 5123 lem
2108 5076 2162 5122 et
2189 5081 2429 5121 carnem.
2478 5066 2536 5119 In
2563 5080 2669 5134 quo
2702 5072 2883 5118 tamen
2914 5063 3086 5118 deitas
3132 5062 3392 5133 Spiritum
3439 5077 3530 5116 ac-

1956 5160 2132 5228 cipere
2154 5174 2257 5212 non
2279 5157 2471 5227 potuit,
2502 5158 2628 5227 quia
2666 5157 2957 5211 secundum
2980 5157 3233 5210 deitatem
3269 5154 3448 5219 Pater,
3473 5162 3528 5208 et

1954 5251 2142 5315 Filius,
2164 5257 2218 5304 et
2248 5248 2479 5318 Spiritus
2502 5257 2723 5303 sanctus
2744 5264 2882 5303 unus
2919 5255 3002 5302 est
3054 5247 3214 5302 Deus.
3262 5246 3376 5300 Non
3397 5259 3526 5314 ergo

1954 5345 2127 5412 potuit
2177 5338 2436 5412 Spiritum
2489 5351 2731 5397 sanctum
2784 5342 3036 5396 divinitas
3085 5340 3205 5395 Filii
3255 5340 3523 5407 accipere,

1954 5452 2076 5491 cum
2116 5436 2229 5505 ipse
2255 5434 2488 5504 Spiritus
2508 5441 2725 5490 sanctus
2750 5433 2827 5488 sic
2851 5432 3109 5502 procedat
3133 5448 3162 5486 a
3212 5431 3349 5485 Filio
3383 5429 3525 5483 sicut

1952 5528 2194 5598 procedit
2220 5543 2250 5583 a
2280 5526 2460 5594 Patre,
2504 5534 2558 5582 et
2586 5527 2662 5582 sic
2692 5525 2849 5582 detur
2875 5542 2904 5579 a
2940 5524 3075 5581 Filio
3121 5522 3260 5578 sicut
3306 5522 3464 5604 datur
3490 5537 3519 5574 a
