4072 6346
482 313 547 371 51
1301 303 1359 357 Β.
1403 302 1464 356 F.
1506 296 1729 353 ALBlNl
1764 292 1895 349 SEU
1934 284 2208 345 ALCUlNl
2244 281 2526 342 OPERUM
2561 279 2739 336 PARS
2774 276 2859 334 lll.
3657 274 3735 331 εξ

486 432 664 487 patre,
690 430 879 486 Restat
900 428 1078 495 itaque
1098 431 1157 478 ut
1178 422 1359 477 anima
1376 418 1576 473 Christi
1607 412 1867 484 Spiritum
1895 421 2047 461 acee-
2077 411 2121 461 Α
2150 410 2310 469 atque
2339 401 2516 495 idem.-
2542 396 2608 450 Et
2636 397 2737 451 hoc
2785 402 2958 495 totum
2997 391 3240 495 simplex,
3285 400 3457 495 totum
3510 389 3703 446 Unitas

482 523 645 593 perit,
686 535 845 590 quem
864 527 1042 572 tamen
1084 530 1191 568 non
1222 513 1287 566 ad
1312 522 1615 564 mensuram
1647 503 1870 572 accepit,
1910 499 2036 567 quia

485 621 654 667 totum
700 610 922 678 accepit.
967 606 1065 661 Ubi
1099 606 1241 659 enim
1269 615 1520 655 mensura
1554 596 1750 650 dicitur
1784 608 1889 645 non
1917 603 2055 669 esse,

481 702 755 773 plenitudo
785 697 1124 770 perfectionis
1149 704 1203 749 et
1228 693 1489 763 perfectio
1515 686 1864 758 plenitudinis
1908 684 2058 773 inve-

483 771 649 846 nitur.
678 790 779 843 Per
801 804 958 857 quam
987 787 1149 839 etiam
1177 783 1557 853 plenitudinem
1581 777 1860 849 [Spiritus,
1886 771 2059 841 pleni-

485 879 746 951 tudinem]
775 879 965 933 divinte
992 874 1312 945 cognitionis
1344 872 1543 925 habere
1566 865 1907 921 manifestum
1933 868 2015 913 est
2039 876 2052 912 :

484 972 537 1024 in
562 978 818 1038 quantum
844 968 987 1020 enim
1018 964 1237 1017 cuilibet
1282 968 1589 1015 sanctorum
1618 955 1850 1024 Spiritus
1876 952 2050 1012 datur,

482 1061 538 1114 in
568 1068 773 1113 tantum
801 1057 1032 1127 cognitio
1074 1052 1381 1106 Divinitatis
1420 1048 1681 1117 accipitur
1723 1046 1893 1097 abeo.
1937 1040 2054 1093 Non

484 1150 628 1203 enim
655 1148 1023 1201 :estimandum
1050 1152 1135 1198 est
1172 1143 1364 1196 anima:
1393 1139 1594 1195 Christi
1633 1137 1687 1191 in
1719 1136 1897 1202 aliquo
1938 1132 2053 1201 ple-

481 1253 607 1291 nam
637 1236 940 1290 Divinitatis
969 1235 1152 1287 deesse
1183 1231 1447 1291 notitiam,
1507 1226 1658 1295 cujus
1680 1240 1783 1279 una
1822 1232 1904 1276 est
1927 1236 2053 1290 per-

468 1332 614 1382 'sona
663 1342 784 1379 cum
808 1326 1004 1385 Verbo,
1037 1338 1197 1391 quam
1234 1322 1312 1373 sic
1365 1316 1638 1386 Sapientia
1688 1311 1941 1380 suscepit,
1997 1316 2057 1361 ut

482 1431 603 1471 cum
634 1417 747 1481 ipsa
778 1414 1056 1467 divinitate
1083 1426 1177 1464 sua
1207 1425 1312 1462 una
1335 1409 1405 1462 sit
1427 1408 1481 1460 in
1516 1404 1777 1459 Trinitate
1802 1414 2051 1470 persona,

482 1505 537 1559 id
582 1512 685 1568 est,
733 1503 981 1558 Christus
1003 1499 1309 1562 cruciﬁxus,
1340 1512 1497 1566 quem
1532 1494 1624 1548 Dei
1653 1494 1905 1547 virtutem
1936 1490 2057 1542 Dei-

482 1609 586 1663 que
638 1594 955 1664 sapientiam
978 1590 1191 1662 _Paulus
1238 1586 1512 1657 apostolus
1559 1582 1819 1653 praedicat
1856 1579 1907 1651 (Ι
1929 1578 2050 1632 Cor.

482 1701 523 1751 ι,
555 1685 668 1757 24).

1097 1792 1319 1848 CAPUT
1350 1789 1465 1844 ΧΠ.

483 1890 546 1946 Si
573 1891 749 1945 anima
771 1888 961 1943 Christi
981 1886 1185 1955 plenam
1209 1884 1367 1955 habet
1380 1880 1671 1955 divinitatis
1695 1874 2057 1955 cognitionem,

551 1942 806 2017 quomodo
834 1942 1025 2010 dicitur
1064 1956 1115 2006 in
1144 1951 1443 2021 Evangelia,
1494 1948 1692 2001 Filium
1721 1942 2061 1998 itescirediem

546 2030 735 2099 judicii
763 2027 951 2097 (Marc.
984 2039 1102 2088 xm,
1133 2022 1244 2094 5:2).

551 2139 610 2193 In
660 2135 955 2205 Scripturis
1002 2133 1204 2187 sanctis
1235 2145 1400 2200 genus
1440 2136 1523 2182 est
1575 2123 1879 2187 locutionis,
1922 2120 2065 2189 quod

483 2228 623 2297 apud
670 2225 1049 2295 grammaticos
1075 2220 1397 2289 metonymia
1440 2217 1661 2280 dicitur,
1694 2215 1746 2268 id
1775 2222 1879 2276 est,
1938 2211 2063 2264 dum

486 2330 583 2385 per
638 2314 958 2368 ellicientem
1017 2310 1328 2378 designatur
1366 2308 1421 2360 id
1462 2306 1603 2375 quod
1654 2303 1899 2356 ellicitur.
1954 2300 2067 2353 Hoc

486 2407 631 2461 enim
670 2419 864 2474 genere
912 2402 1197 2457 locutionis
1243 2401 1382 2454 Deus
1428 2398 1637 2453 nescire
1678 2396 1891 2459 dicitur,
1942 2394 2065 2462 quia

486 2493 792 2547 nescientes
825 2490 979 2554 facit;
1033 2491 1196 2544 etiam
1239 2497 1293 2543 et
1316 2488 1451 2542 scire
1498 2486 1640 2539 Deus
1670 2485 1887 2548 dicitur,
1939 2483 2065 2551 quia

486 2584 718 2637 scientes
746 2581 893 2644 facit,
948 2583 1085 2637 sicut
1115 2582 1375 2650 scriptum
1404 2589 1485 2634 est
1522 2597 1533 2631 :
1568 2578 1746 2630 Tentat
1770 2594 1855 2631 vos
1886 2576 2066 2629 Domi-

487 2690 585 2726 nus
610 2673 748 2726 Deus
769 2682 950 2736 vester,
980 2682 1033 2723 ut
1065 2672 1217 2734 sciat,
1254 2672 1299 2722 si
1329 2668 1555 2738 diligatis
1584 2684 1699 2720 eum
1722 2666 1916 2736 (Exod.
1950 2682 2061 2730 xvr,

484 2762 551 2827 4;
600 2763 754 2816 Deut.
782 2779 899 2826 xm,
942 2764 1017 2832 '5).
1065 2761 1179 2814 Non
1228 2762 1369 2814 enim
1403 2762 1481 2814 sic
1520 2759 1925 2827 intelligendum
1954 2766 2058 2819 est,

488 2855 642 2923 quasi
692 2855 830 2908 Deus
856 2854 1061 2907 nesciat
1106 2852 1150 2905 si
1186 2851 1409 2921 diligant
1450 2866 1595 2913 eum,
1644 2850 1710 2903 de
1735 2849 1930 2917 quibus
1958 2848 2061 2901 hoc

487 2945 728 2999 dicitur:
782 2945 874 2998 sed
898 2952 954 2995 ut
980 2943 1053 2995 illi
1084 2943 1183 3011 ipsi
1222 2943 1417 3005 sciant,
1456 2948 1714 3009 quantum
1768 2941 1821 2993 in
1851 2939 2061 2993 Domini

488 3034 772 3088 dilectione
798 3031 1119 3102 profecerim
1170 3030 1303 3101 (AL,
1345 3028 1723 3101 proﬁcerent];
1763 3030 1905 3098 quod
1960 3027 2060 3081 nisi

491 3121 881 3175 tentationibus
923 3134 1040 3187 quas
1066 3119 1333 3184 accidunt,
1397 3136 1503 3175 non
1535 3121 1689 3190 plene
1717 3121 1784 3173 ab
1830 3118 2063 3172 homini-

488 3210 592 3264 bus
618 3210 944 3279 agnoscitur.
977 3208 1042 3261 Et
1078 3210 1249 3277 ipsum
1272 3219 1454 3274 tentat,
1487 3225 1581 3278 pro
1618 3225 1682 3263 eo
1702 3210 1934 3277 positum
1963 3216 2065 3271 est,

494 3301 639 3369 quod
669 3302 862 3354 tentari
894 3301 1051 3355 sinat.
1087 3299 1178 3355 Sic
1204 3309 1259 3354 et
1284 3316 1403 3355 cum
1429 3301 1625 3355 dicitur
1645 3303 1851 3356 nescire
1876 3303 2066 3364 Deum,

494 3399 588 3443 aut
624 3406 722 3459 pro
752 3406 816 3444 eo
839 3390 1037 3444 dicitur
1079 3390 1221 3459 quod
1248 3406 1351 3444 non
1379 3392 1662 3460 approbat,
1713 3392 1855 3445 sicut
1890 3391 2069 3459 impiis

492 3479 737 3535 dicturus
768 3489 850 3534 est
887 3499 898 3533 :
944 3480 1132 3533 Nescio
1159 3497 1244 3533 vos
1275 3480 1490 3549 (Matth.
1520 3498 1646 3546 xxv,
1678 3482 1798 3553 12);
1860 3491 1952 3535 aut
1974 3497 2072 3550 pro

498 3585 563 3625 eo
586 3571 728 3639 quod
778 3571 979 3624 utiliter
1003 3570 1307 3624 nescientes
1336 3569 1482 3635 facit,
1535 3573 1647 3625 sive
1674 3573 1837 3627 etiam
1869 3589 1966 3641 pro
2008 3587 2072 3625 eo

498 3661 641 3730 quod
663 3675 767 3712 non
789 3668 872 3713 est
894 3668 1101 3728 tempus
1125 3660 1348 3724 sciendi,
1383 3661 1521 3715 sicut
1546 3663 1600 3714 in
1630 3662 1917 3733 Evangelio
1944 3662 2074 3715 dici-

499 3759 617 3803 tur:
651 3749 725 3802 De
747 3750 829 3802 die
850 3758 896 3801 et
923 3750 1049 3801 hora
1064 3765 1209 3801 nemo
1230 3751 1347 3814 scit,
1373 3768 1533 3821 neque
1550 3753 1719 3821 angeli
1743 3754 1793 3805 in
1817 3751 1961 3815 cwlo,
1987 3768 2075 3803 ne-

502 3858 600 3913 que
615 3839 784 3894 Filius
809 3841 970 3909 720
991 3840 1089 3893 nisi
1108 3839 1265 3893 Pater
1289 3833 1503 3911 (Matth.
1525 3860 1647 3909 xm,
1663 3844 1774 3913 5'2).
1802 3843 1911 3896 Hoc
1932 3842 2074 3894 enim

498 3947 697 4002 genere
723 3930 1008 3984 locutionis
1035 3931 1243 3985 nescire
1272 3932 1671 3998 diciturFilius,
1690 3934 1813 4003 quia
1839 3934 2079 3986 nescien-

500 4029 584 4075 tes
629 4020 778 4087 fccit,
811 4024 951 4092 quod
1002 4024 1130 4077 utile
1161 4024 1267 4079 illis
1291 4023 1389 4077 fuit
1433 4026 1664 4091 nescire,
1710 4025 1763 4079 id
1808 4035 1907 4088 est,
1936 4027 2079 4093 quod

503 4125 610 4163 non
642 4112 714 4164 ita
761 4112 984 4175 sciebat,
1034 4120 1095 4164 ut
1120 4126 1211 4165 eos
1257 4112 1395 4165 scire
1440 4111 1675 4166 fecisset.
1731 4112 1862 4177 Quia
1895 4112 2079 4165 utilius

505 4200 611 4254 illis
659 4200 757 4254 fuit
778 4200 918 4254 diem
938 4200 1127 4269 judicii
1162 4203 1371 4256 nescire
1400 4218 1561 4271 quam
1586 4203 1747 4264 scire,
1780 4209 1839 4254 ut
1868 4217 2081 4271 semper

504 4289 680 4357 parati
731 4299 911 4343 essent
960 4298 1015 4343 et
1080 4289 1393 4360 vigilantes,
1440 4292 1567 4345 dum
1623 4306 1728 4360 qua
1782 4291 1913 4344 hora
1966 4293 2080 4348 dies

503 4376 711 4431 Domini
763 4381 915 4446 quasi
958 4378 1044 4433 fur
1086 4381 1312 4445 veniret,
1367 4390 1583 4449 paratos
1606 4382 1871 4437 inveniret
1900 4397 2012 4436 eos.

1097 4490 1321 4545 CAPUT
1354 4491 1487 4543 Xlll.

749 4557 901 4623 Quod
930 4576 1088 4612 unum
1118 4577 1244 4628 opus
1268 4561 1332 4613 sit
1375 4560 1552 4613 Patris
1582 4568 1629 4612 et
1660 4558 1805 4613 Filii.

574 4646 839 4716 Operatur
877 4652 1018 4703 enim
1056 4651 1216 4705 Pater
1256 4667 1352 4721 per
1381 4651 1589 4715 Filium,
1623 4668 1719 4721 per
1763 4666 1921 4721 quem
1950 4651 2080 4707 fecit

506 4739 708 4804 omnia,
734 4746 788 4793 et
809 4754 1022 4810 semper
1063 4750 1314 4811 Operatur
1343 4760 1354 4795 :
1390 4744 1530 4796 sicut
1577 4743 1776 4797 dictum
1808 4752 1889 4796 est
1915 4758 1928 4795 :
1955 4742 2080 4795 0m—

508 4826 596 4879 nia
644 4827 920 4895 peripsum
947 4828 1087 4897 facta
1112 4839 1229 4883 sunt
1290 4829 1467 4900 (Joan.
1514 4847 1554 4895 l,
1582 4832 1669 4898 5);
1724 4830 1885 4882 item:
1920 4827 2079 4882 Pater

508 4932 653 4969 meus
673 4933 836 4986 usque
875 4918 1025 4971 modo
1060 4928 1325 4987 operatur,
1358 4929 1404 4971 et
1450 4935 1541 4988 ego
1589 4935 1774 4987 operor
1804 4917 1982 4988 (Joan.
2026 4935 2079 4985 v,

511 5007 599 5078 l7)
626 5024 639 5071 ;
705 5023 809 5061 non
833 5010 1197 5062 diversitatem
1227 5010 1403 5077 operis
1423 5009 1728 5078 designans,
1767 5010 1889 5077 quia
1915 5025 2081 5062 unum

512 5110 645 5165 opus
666 5107 750 5150 est
790 5097 963 5152 Patris
994 5106 1059 5155 et,
1092 5098 1231 5161 Filii,
1279 5098 1372 5150 sed
1399 5113 1745 5167 personarum
1786 5100 2085 5168 proprieta-

515 5195 622 5239 tem
649 5190 952 5243 ostendens.
982 5190 1095 5257 Ipsa
1125 5189 1303 5256 itaque
1332 5189 1572 5258 operatio
1593 5188 1707 5253 Dei,
1740 5190 1790 5242 id
1818 5198 1923 5253 est,
1955 5206 2081 5243 san-

516 5284 617 5330 ctse
664 5278 962 5342 Trinitatis,
1024 5278 1267 5332 voluntas
1306 5289 1389 5332 est
1436 5280 1550 5343 Dei,
1599 5287 1654 5332 et
1692 5281 1938 5334 voluntas
1991 5282 2085 5335 Dei

517 5368 743 5438 simplex
771 5379 872 5434 est,
930 5379 985 5423 et
1022 5372 1299 5437 semperin
1330 5374 1513 5441 requie
1556 5373 1922 5427 beatitudinis.
1976 5372 2087 5427 Nec

521 5456 664 5511 aliud
688 5468 771 5512 est
801 5460 909 5512 Deo
934 5462 1164 5529 operari,
1212 5462 1354 5516 aliud
1380 5463 1535 5527 velle,
1589 5464 1682 5519 sed
1728 5464 1865 5519 idem
1900 5473 1979 5518 est
2010 5465 2085 5519 illi

522 5546 657 5601 velle
679 5557 733 5601 et
750 5549 982 5616 operari,
1021 5552 1145 5620 quia
1196 5553 1439 5608 voluntas
1466 5554 1559 5608 Dei
1589 5554 1832 5609 eﬂ‘ectiva
1867 5564 1949 5609 est
1992 5571 2084 5623 po-

523 5636 708 5689 tentia.
738 5635 843 5692 Nec
874 5639 982 5694 Deo
1007 5641 1145 5697 aliud
1175 5651 1255 5699 est
1283 5659 1421 5711 esse,
1448 5645 1586 5701 aliud
1610 5645 1767 5711 velle,
1800 5646 1891 5701 sed
1919 5662 2082 5703 unum

2159 502 2327 546 totum
2371 490 2630 552 Trinitas,
2672 497 2841 541 totum
2894 486 3189 558 amotio-tow;
3249 486 3373 554 quia
3412 499 3532 539 esse
3581 485 3725 553 quod

2157 581 2505 637 substantiale
2541 588 2643 643 est,
2672 593 2836 631 unum
2868 586 2950 630 est
2980 577 3031 629 in
3056 575 3235 639 Patre,
3275 584 3329 628 et
3353 575 3512 639 Filio,
3530 584 3585 629 et
3605 575 3727 643 Spi-

2155 673 2263 725 ritu
2291 678 2511 732 sancto;
2568 675 2623 721 et
2648 669 2839 721 horum
2871 681 2976 718 una
3021 667 3162 719 actio
3192 672 3295 728 est,
3330 666 3469 719 sicut
3496 681 3602 719 una
3632 681 3728 720 vo-

2156 769 2350 821 luntas.
2404 756 2645 813 Fuefunt
2710 757 2853 811 enim
2883 756 3061 810 omnia
3090 756 3158 809 ab
3208 764 3409 809 teterno
3434 755 3533 827 [in]
3592 757 3724 810 Deo.

2154 851 2473 922 Operationc
2496 859 2696 911 autem,
2723 848 2773 900 id
2797 856 2897 910 est,
2926 848 3124 900 virtute
3154 847 3269 909 Dei,
3294 848 3384 915 qui
3425 856 3508 902 est
3534 848 3725 912 Filius,

2154 953 2517 1015 apparuerunt
2572 942 2773 999 omnia,
2815 950 2872 995 et
2908 939 3047 994 facta
3100 949 3225 994 sunt
3259 941 3398 993 sicut
3432 941 3624 1005 voluit,
3673 949 3729 993 et

2154 1034 2366 1103 quando
2389 1034 2577 1096 voluit,
2613 1040 2667 1086 et
2691 1034 2957 1100 quomodo
2990 1031 3189 1096 voluit,
3241 1032 3330 1099 qui
3357 1030 3483 1085 fecit
3501 1034 3685 1086 omnia
3711 1051 3723 1084 :

2154 1123 2247 1178 sed
2283 1139 2388 1177 non
2418 1123 2504 1175 ille
2523 1121 2715 1185 factus,
2744 1136 2840 1191 per
2864 1136 3024 1188 quem
3055 1121 3195 1175 facta
3225 1130 3349 1175 sunt
3383 1123 3583 1176 omnia.
3618 1122 3728 1177 Na-

2154 1220 2240 1266 tus
2266 1221 2348 1267 est
2392 1227 2522 1281 ergo
2561 1212 2730 1265 FlllllS
2772 1211 2884 1274 Dei,
2914 1226 2975 1265 ex
3001 1219 3203 1264 aeterno
3242 1219 3497 1276 :eternus,
3523 1211 3592 1265 de
3620 1211 3731 1265 Deo

2153 1305 2317 1368 Deus,
2351 1306 2415 1359 de
2454 1304 2654 1358 lumine
2689 1305 2894 1369 lumen,
2933 1304 3072 1357 sicut
3097 1305 3392 1372 saepissime
3415 1303 3650 1361 diximus
3676 1315 3733 1361 et

2154 1408 2368 1463 semper
2391 1394 2652 1448 dicemus.

2718 1461 2943 1518 CAPUT
2982 1462 3121 1516 XIV.

2156 1573 2347 1628 Omnia
2385 1590 2478 1644 per
2522 1572 2784 1628 Christum
2836 1575 2976 1642 facta
3014 1591 3143 1639 esse,
3173 1575 3343 1645 ipsum
3384 1592 3501 1629 vero
3551 1586 3735 1631 natum

2774 1660 2876 1696 non
2901 1645 3117 1711 factum.

2235 1756 2299 1808 In
2325 1756 2576 1826 principio
2602 1758 2718 1825 fecit
2752 1757 2891 1810 Deus
2914 1757 3095 1810 malum
3116 1767 3165 1811 et
3186 1768 3378 1812 terram
3403 1756 3556 1829 (Gen.
3582 1775 3621 1822 ι,
3652 1760 3730 1830 1);

2164 1847 2216 1901 id
2235 1855 2336 1910 est,
2370 1848 2421 1899 in
2455 1846 2668 1900 Christo
2694 1848 2819 1902 fecit
2860 1848 3023 1912 Deus,
3049 1850 3141 1918 qui
3170 1858 3251 1903 est
3276 1850 3443 1903 Filius
3479 1851 3595 1915 Dei,
3638 1851 3735 1919 qui

2164 1948 2247 1992 est
2274 1937 2509 1991 Verbum
2557 1938 2671 2001 Dei,
2724 1940 2814 2007 qui
2856 1948 2940 1992 est
2967 1940 3156 2001 virtus,
3223 1947 3277 1993 et
3307 1940 3569 2008 sapientia
3608 1940 3729 2003 Dei,

2166 2029 2304 2082 sicut
2333 2027 2526 2082 dicitur
2556 2028 2608 2080 in
2648 2027 2859 2081 Psalmo
2894 2043 2908 2081 ε
2940 2026 3129 2081 Omnia
3173 2029 3227 2081 in
3274 2028 3524 2098 sapientia
3574 2028 3740 2096 fecisti

2167 2116 2338 2188 (Psal.
2384 2133 2500 2179 cm,
2531 2116 2641 2187 “24).
2702 2116 2807 2170 Sed
2832 2118 2943 2186 ipse
2971 2118 3110 2170 idem
3150 2116 3281 2188 [Al.,
3331 2116 3509 2188 idest]
3546 2116 3734 2178 Filius.

2167 2217 2291 2262 ante
2343 2208 2520 2262 omnia
2540 2223 2750 2276 semper
2777 2216 2876 2271 est,
2929 2218 2983 2262 et
3019 2225 3230 2279 semper
3265 2211 3423 2271 Deus,
3448 2218 3504 2262 et
3525 2223 3740 2277 semper

2168 2297 2223 2351 in
2254 2298 2389 2361 Deo;
2438 2297 2639 2350 idcirco
2663 2297 2928 2366 ὀμοούσιον
2954 2298 3111 2353 Pater
3137 2307 3193 2352 et
3213 2299 3398 2352 Filius.
3428 2298 3485 2351 ln
3519 2314 3583 2353 eo
3603 2311 3733 2351 vero

2170 2386 2298 2458 [Αι.,
2345 2388 2465 2441 ideo
2491 2386 2641 2457 vero]
2694 2389 2835 2455 quod
2861 2389 3029 2443 Filius
3073 2391 3268 2444 dicitur
3294 2400 3349 2445 et
3397 2399 3500 2455 est,
3532 2391 3744 2460 genitus

2167 2486 2272 2543 est,
2324 2493 2427 2531 non
2447 2478 2660 2543 factus;
2706 2480 2953 2546 quamvis
2982 2479 3270 2549 Apostolus
3328 2482 3551 2536 dixisset
3586 2498 3599 2535 :
3640 2481 3744 2547 Qui

2167 2569 2338 2637 factus
2377 2578 2453 2621 est
2482 2569 2737 2637 sapientia
2778 2570 2923 2622 nobis
2970 2587 3001 2622 a
3029 2571 3137 2624 Deo
3166 2571 3217 2639 (Ι
3243 2570 3363 2625 Cor.
3395 2590 3434 2637 ι,
3477 2573 3602 2644 50);
3639 2588 3747 2627 non

2170 2662 2315 2729 quod
2370 2660 2543 2714 factus
2573 2662 2641 2714 sit
2685 2662 2738 2714 in
2761 2662 3061 2715 substantia
3096 2679 3191 2717 sua
3214 2672 3274 2717 ut
3306 2674 3467 2728 esset,
3499 2666 3593 2720 sed
3619 2665 3748 2720 elle-

2169 2760 2288 2805 ctus
2328 2759 2412 2805 est
2440 2759 2500 2804 ut
2550 2751 2807 2806 Dominus
2843 2761 2985 2807 esset
3014 2754 3256 2807 omnium
3283 2771 3402 2823 qua:
3432 2755 3571 2809 facta
3597 2765 3746 2820 sunt,

2170 2842 2297 2895 dum
2342 2842 2560 2895 fuerunt
2610 2844 2803 2910 quibus
2826 2842 3082 2897 Dominus
3112 2853 3273 2898 esset.
3299 2846 3590 2899 Creaturas
3616 2860 3748 2916 ergo

2171 2933 2298 2989 fecit
2356 2935 2496 2989 Deus
2563 2950 2660 3002 per
2704 2934 2917 2996 Filium,
2970 2935 3064 2989 sed
3113 2951 3215 2989 non
3247 2937 3439 2989 Filium
3468 2935 3615 3000 fecit,
3652 2951 3750 3005 per

2171 3043 2329 3097 quem
2381 3027 2507 3081 fecit
2561 3026 2773 3091 omnia;
2826 3027 2918 3080 sed
2968 3028 3150 3098 genuit
3187 3028 3252 3081 de
3300 3028 3599 3081 substantia
3653 3043 3751 3081 sua

2169 3116 2427 3184 mqualem
2460 3116 2580 3170 sibi.
2631 3116 2797 3169 Natus
2819 3125 2903 3169 est
2928 3132 3055 3187 ergo
3084 3116 3353 3181 Christus,
3411 3134 3517 3171 non
3543 3117 3746 3171 factus.

2172 3206 2487 3272 Ubicunque
2527 3220 2654 3275 ergo
2696 3206 2892 3259 dicitur
2933 3206 3185 3273 quoniam
3230 3206 3407 3262 factus
3453 3217 3556 3272 est,
3619 3216 3749 3277 post

2169 3296 2397 3364 primam
2427 3295 2827 3363 generationem
2889 3297 3102 3359 dicitur,
3132 3312 3249 3366 qua:
3292 3314 3356 3351 ex
3385 3309 3587 3352 mterno
3613 3297 3749 3370 [Al.,

2172 3402 2291 3456 qua:
2320 3395 2522 3440 mterna
2551 3386 2655 3458 est]
2689 3394 2791 3450 est,
2833 3396 2886 3441 et
2912 3403 3017 3441 una
3053 3397 3154 3451 est,
3181 3397 3235 3443 et
3255 3399 3464 3454 sancta,
3493 3399 3547 3445 et
3569 3390 3755 3448 inell'a-

2171 3476 2313 3531 bilis.
2375 3476 2593 3545 Legitur
2635 3478 2685 3530 in
2727 3477 2954 3531 Actibus
3000 3477 3423 3547 Apostolorum:
3458 3478 3757 3535 Certissima

2173 3564 2332 3633 igitur
2364 3565 2491 3617 sciat
2532 3565 2715 3618 domus
2763 3564 2953 3629 Israel,
2994 3568 3115 3636 quia
3152 3569 3291 3621 hunc
3317 3566 3581 3623 Christum
3603 3570 3760 3624 Deus.

2175 3657 2315 3724 fecit,
2348 3675 2497 3726 quem
2530 3675 2614 3711 vos
2668 3659 3007 3727 suspendistis
3050 3660 3104 3713 in
3138 3677 3291 3714 cruce
3327 3662 3463 3730 (Act.
3497 3678 3557 3725 ll,
3624 3661 3752 3732 56);

2174 3755 2229 3801 et
2248 3748 2530 3816 Apostolus
2573 3768 2584 3800 :
2638 3747 2740 3812 Qui
2778 3750 2948 3819 factus
2989 3761 3150 3804 estea:
3191 3750 3406 3804 muliere
3450 3749 3646 3821 (Galat.
3673 3767 3752 3819 tv,

2175 3838 2229 3907 4)
2259 3854 2273 3903 ;
2308 3846 2363 3891 et
2407 3838 2736 3909 evangelista
2769 3854 2783 3892 :
2829 3837 3047 3893 Verbum
3074 3858 3195 3893 caro
3220 3841 3415 3909 factum
3442 3850 3515 3894 est
3572 3840 3753 3911 (Joan.

2178 3945 2213 3991 ι,
2248 3928 2355 3998 ll).
2396 3928 2501 3982 lsta
2540 3931 2719 3985 omnia
2751 3917 2857 3983 non
2907 3929 2960 3982 in
2983 3928 3097 3997 ejus
3126 3932 3490 3996 existentiam,
3523 3932 3604 3985 vel
3630 3933 3755 3987 sub-

2180 4021 2450 4084 stantiam,
2512 4022 2605 4075 sed
2646 4022 2697 4074 in
2728 4029 2900 4086 actus,
2951 4029 3006 4075 et
3047 4022 3100 4074 in
3150 4022 3600 4077 ministratinnem
3641 4022 3759 4090 ejus

2177 4114 2429 4182 potentia:
2456 4122 2617 4182 atque
2667 4113 2883 4166 virtutis
2932 4113 3204 4167 dicuntur.
3251 4114 3404 4179 Quod
3458 4115 3747 4184 Apostolus

2180 4206 2257 4259 ait
2292 4204 2565 4258 Christum
2595 4204 2687 4256 Dei
2719 4205 2973 4258 virtutem
3002 4214 3055 4258 et
3084 4206 3179 4260 Dei
3202 4206 3519 4275 sapientiam
3552 4205 3603 4276 (1
3629 4204 3753 4259 Cor.

2181 4316 2221 4364 ι,
2275 4299 2388 4367 24),
2436 4314 2543 4352 non
2568 4297 2641 4349 ita
2673 4297 3075 4365 intelligendum
3133 4306 3233 4360 est,
3284 4298 3426 4365 quod
3471 4297 3631 4351 Pater
3652 4298 3758 4352 dici

2102 4420 2153 4479 ι)
2179 4407 2283 4444 non
2309 4391 2479 4459 possit
2501 4391 2692 4453 virtus,
2722 4389 2804 4441 vel
2830 4389 3113 4456 sapientia,
3154 4389 3293 4443 sicut
3315 4390 3417 4442 diei
3442 4404 3547 4443 non
3581 4396 3761 4458 potest

2185 4481 2369 4544 Filius,
2396 4480 2477 4533 vel
2508 4480 2772 4542 Verbum;
2807 4479 2930 4546 quia
2962 4480 3076 4531 hcec
3124 4479 3344 4533 relativa
3367 4487 3490 4532 sunt
3519 4481 3757 4544 nomina,

2182 4570 2320 4623 sicut
2354 4570 2599 4637 superius
2630 4569 2830 4621 dictum
2876 4575 2956 4620 est
2992 4583 3004 4620 :
3038 4568 3128 4621 illa
3176 4584 3327 4631 vero,
3380 4568 3432 4621 id
3467 4577 3550 4623 est
3586 4569 3760 4622 virtus

2182 4671 2236 4714 et
2264 4661 2553 4729 sapientia,
2584 4659 2957 4714 substantialia
2995 4668 3121 4713 sunt
3160 4678 3171 4712 :
3204 4660 3322 4714 ideo
3353 4660 3534 4725 Pater,
3586 4662 3759 4717 virtus

2184 4756 2238 4803 et
2282 4750 2541 4818 sapientia
2562 4789 2576 4813 ,
2612 4759 2666 4802 et
2692 4749 2859 4802 Filius
2879 4750 3051 4802 virtus
3087 4759 3141 4803 et
3173 4751 3469 4819 sapientia;
3507 4759 3561 4804 et
3590 4751 3761 4819 Spiri-

2186 4849 2272 4893 tus
2306 4849 2522 4894 sanctus
2550 4841 2718 4894 virtus
2743 4848 2795 4894 et
2819 4840 3113 4908 sapientia;
3149 4856 3254 4893 non
3296 4848 3474 4893 tamen
3517 4849 3626 4896 tres
3654 4842 3762 4894 vir-

2191 4941 2349 4996 tutes,
2404 4946 2505 4985 nec
2571 4939 2681 4985 tres
2724 4931 3017 4999 sapientiae,
3077 4931 3169 4985 sed
3192 4945 3296 4983 una
3325 4931 3520 4995 virtus,
3580 4940 3634 4985 et
3656 4948 3762 4986 una

2190 5022 2447 5090 sapientia
2496 5021 2656 5075 Pater
2692 5031 2746 5076 et
2792 5022 2984 5086 Filius,
3021 5030 3074 5075 et
3102 5022 3335 5089 Spiritus
3362 5030 3612 5086 sanctus;
3659 5023 3778 5077 sic--

2189 5122 2248 5166 ut
2277 5129 2381 5166 una
2410 5113 2726 5175 substantia,
2768 5123 2821 5165 ct
2858 5129 2963 5165 una
3003 5112 3408 5180 omnipotentis,
3436 5122 3489 5166 et
3512 5112 3614 5167 alia
3642 5128 3763 5182 quae

2191 5202 2255 5255 de
2283 5202 2582 5255 substantia
2610 5202 2905 5256 divinitatis
2933 5202 3202 5256 dicuntur.
3270 5202 3336 5256 Et
3380 5204 3451 5255 ita
3493 5202 3761 5271 intelliga-

2191 5300 2280 5345 tur
2319 5292 2486 5345 Filius
2514 5292 2771 5361 sapientia
2800 5292 2994 5356 Patris,
3036 5294 3304 5361 quomodo
3342 5294 3538 5347 dicitur
3582 5293 3763 5347 lumen

2191 5380 2405 5444 Patris;
2457 5381 2511 5435 id
2554 5389 2655 5441 est,
2701 5389 2760 5433 ut
2796 5382 3246 5449 quemadmodum
3286 5382 3468 5436 lumen
3507 5382 3572 5436 de
3597 5380 3762 5435 lumi-

2190 5481 2279 5531 ne,
2302 5476 2356 5521 et
2376 5475 2661 5536 utrumque
2686 5484 2851 5521 unum
2879 5469 3077 5533 lumen,
3103 5470 3181 5523 sic
3208 5469 3535 5539 intelligatur
3556 5469 3764 5538 sapien-

2192 5559 2264 5612 tia
2313 5559 2376 5613 de
2421 5560 2678 5629 sapientia
2705 5600 2719 5626 ,
2760 5570 2815 5614 et
2842 5568 3129 5629 utrumque
3154 5577 3258 5614 una
3286 5562 3586 5630 sapientia;
3636 5564 3761 5630 quia

2191 5650 2245 5704 in
2277 5648 2365 5705 illa
2389 5649 2730 5720 simplicitate
2757 5651 2947 5705 divina:
2973 5659 3177 5708 natum
3203 5653 3358 5723 721
3388 5668 3491 5708 non
3518 5659 3599 5707 est
3619 5650 3764 5708 aliud
