4072 6346
292 272 366 329 33
934 268 1348 325 DOGMATICA.
1385 265 1456 307 έ-
1494 267 1581 321 nn
1616 264 1771 320 non
1812 264 1869 318 s.
1914 261 2302 319 TRINITATIS
2340 267 2517 322 LIBRI
2557 268 2640 322 lll.
2684 269 2809 323 me.
2853 269 2912 324 ιι.
3224 298 3227 301 -
3470 280 3540 333 δι

292 399 488 455 sapere
508 398 669 453 quam
690 397 828 448 esse,
884 397 982 437 nec
1003 383 1146 435 aliud
1196 396 1314 435 esse
1356 395 1514 449 quam
1539 392 1712 448 posse,
1755 387 1856 429 nec
1883 378 1931 434 Α
1960 375 2228 431 multoties
2266 379 2472 447 legatur
2500 380 2639 449 quod
2669 380 2975 449 apparuerit
3014 382 3143 453 [Αι.,
3177 387 3536 460 apparuisset]

294 476 442 532 aliud
485 490 642 545 posse
662 490 824 545 quam
878 476 1077 528 vivere.
1122 473 1323 527 Eadem
1362 472 1436 526 ibi
1463 471 1724 539 sapientia
1748 483 1868 538 qua:

296 564 397 637 [et]
424 566 683 629 essentia,
716 565 902 619 eadem
923 564 1160 633 potentia
1183 577 1301 630 quae
1322 570 1377 615 et
1402 560 1656 624 essentia,
1679 560 1868 613 eadem

292 653 407 707 vita
457 670 577 724 quae
596 663 651 709 et
680 655 934 720 essentia,
976 663 1030 709 et
1053 655 1166 707 haec
1197 654 1378 707 omnia
1423 666 1610 716 unum,
1654 659 1708 704 et
1732 665 1870 704 unus

292 742 462 798 Deus.

900 814 1125 869 CAPUT
1162 813 1279 867 XV.

292 925 375 982 De
409 943 469 980 eo
508 926 647 997 quod
682 927 815 980 sicut
856 926 1012 979 Pater
1033 935 1105 979 est
1134 927 1255 987 vita,
1278 926 1351 977 ita
1382 934 1429 977 et
1460 922 1505 975 F
1510 923 1629 976 ilius
1652 931 1724 977 est
1744 924 1869 976 vita.

366 1033 522 1089 Sicut
550 1036 710 1089 Pater
730 1036 982 1099 vivificat,
1018 1036 1096 1089 sic
1122 1044 1176 1089 et
1204 1034 1370 1088 Filius
1398 1048 1533 1102 quos
1557 1032 1670 1085 vult
1697 1030 1871 1083 viviti-

291 1133 386 1180 cat
416 1125 599 1197 (Joan.
634 1142 686 1189 v,
718 1125 807 1195 9.6)
841 1146 852 1179 :
883 1143 988 1180 non
1017 1134 1193 1180 tamen
1226 1126 1358 1180 alios
1391 1124 1473 1178 vel
1509 1124 1663 1177 aliter
1691 1122 1871 1186 Pater,

292 1225 348 1272 et
376 1216 514 1272 alios
544 1217 627 1270 vel
652 1217 808 1270 aliter
836 1216 1020 1279 Filius,
1043 1218 1135 1271 sed
1163 1217 1377 1270 eosdem
1405 1230 1538 1284 quos
1558 1214 1717 1267 Pater
1739 1213 1874 1266 vivi-

293 1305 441 1368 ficat,
467 1306 702 1358 vivilieat
722 1314 777 1359 et
800 1306 964 1359 Filius
987 1306 1249 1359 similiter.
1276 1305 1384 1359 Nec
1408 1304 1637 1373 Spiritus
1660 1311 1875 1357 sanctus

291 1393 360 1446 ab
394 1394 499 1447 hac
518 1393 875 1447 viviﬁcatione
898 1394 1255 1448 secernendus
1276 1402 1377 1458 est,
1403 1394 1528 1462 quia
1551 1408 1713 1446 unum
1741 1407 1875 1460 opus

292 1494 377 1538 est
412 1484 609 1550 Patris,
635 1494 687 1539 et
710 1485 850 1549 Filii,
882 1494 937 1539 et
967 1485 1198 1555 Spiritus
1224 1485 1414 1546 sancti,
1446 1484 1587 1538 sicut
1612 1499 1715 1536 una
1744 1485 1873 1537 sub-

288 1575 496 1629 stantia
526 1583 687 1643 atque
721 1575 972 1629 essentia.
1005 1576 1153 1628 Sicut
1192 1575 1335 1627 enim
1365 1573 1526 1627 Pater
1553 1573 1741 1627 vivens
1767 1572 1875 1625 vita

290 1675 396 1727 est,
425 1666 500 1719 ita
526 1673 580 1720 et
603 1665 767 1719 Filius
796 1666 926 1718 vita.
968 1665 1141 1719 Manet
1178 1679 1305 1733 ergo
1346 1664 1501 1717 Pater
1535 1664 1662 1727 vita,
1697 1672 1876 1716 manet

288 1758 392 1831 [et]
424 1758 595 1812 Filius
620 1760 748 1812 vita.
782 1759 939 1812 Pater
972 1760 1081 1812 vita
1112 1760 1165 1812 in
1193 1759 1497 1827 semetipso,
1526 1773 1632 1813 non
1658 1761 1724 1813 ab
1750 1759 1872 1823 alio,

290 1849 461 1903 Filius
489 1851 599 1903 vita
631 1851 684 1903 in
714 1852 1033 1919 semetipso,
1062 1851 1153 1904 sed
1186 1866 1215 1903 a
1238 1850 1417 1915 Patre,
1449 1852 1537 1917 qui
1565 1866 1685 1904 eum
1717 1850 1877 1905 talem

291 1939 500 2009 genuit,
528 1948 590 1992 ut
612 1940 777 1992 vitam
802 1940 1021 1993 haberet
1043 1942 1094 1993 in
1124 1941 1427 2008 semetipso.
1456 1940 1664 1994 Dictum
1686 1943 1879 2011 quippe

291 2036 398 2091 est,
425 2028 565 2080 sicut
604 2028 717 2096 ipse
746 2027 912 2080 Filius
940 2029 1015 2080 ait
1043 2043 1056 2079 :
1090 2028 1237 2082 Sicut
1268 2026 1430 2081 Pater
1451 2030 1598 2081 habet
1640 2030 1793 2082 vitam
1825 2032 1878 2082 in

290 2118 589 2187 semetipso,
622 2119 696 2170 sic
726 2117 865 2170 dedit
899 2128 945 2171 et
968 2117 1107 2170 Filio
1139 2118 1293 2171 vitam
1314 2119 1499 2172 habere
1528 2120 1580 2171 in
1609 2122 1877 2189 semetipso

293 2204 480 2281 (Joan.
506 2224 558 2272 v,
586 2208 698 2278 26),
731 2208 783 2261 id
810 2216 911 2270 est,
943 2209 1125 2277 genuit
1156 2208 1348 2261 Filium
1368 2249 1382 2273 ,
1412 2209 1573 2261 vitam
1602 2209 1654 2261 in
1684 2217 1878 2263 semet-

291 2298 414 2367 ipso
439 2298 744 2350 habentem.
786 2295 898 2352 Hoc
926 2298 1095 2350 solum
1126 2297 1377 2361 interest,
1409 2298 1549 2366 quod
1579 2297 1737 2352 Pater
1766 2300 1875 2353 vita

293 2397 381 2441 est
409 2403 517 2441 non
545 2389 842 2450 nascendo,
876 2388 1041 2441 Filius
1070 2387 1221 2459 [vita]
1266 2398 1346 2442 est
1383 2390 1682 2454 nascendo;
1718 2389 1877 2444 Pater

294 2478 361 2529 de
390 2476 540 2529 nullo
570 2482 741 2545 patre,
771 2476 936 2529 Filius
965 2478 1028 2529 de
1060 2475 1168 2530 Deo
1202 2477 1393 2541 Patre;
1426 2475 1629 2547 [Pater]
1659 2487 1877 2546 propter

290 2565 492 2619 Filium
528 2564 687 2619 Pater
714 2574 817 2631 est,
847 2565 1013 2619 Filius
1036 2581 1164 2620 vero
1197 2575 1251 2620 et
1280 2566 1418 2634 quod
1447 2565 1613 2619 Filius
1643 2576 1724 2620 est
1754 2581 1877 2634 pro-

290 2664 417 2724 pter
443 2654 657 2709 Patrem
689 2663 791 2719 est,
819 2664 871 2709 et
900 2657 1040 2725 quod
1067 2666 1169 2721 est,
1203 2672 1234 2709 a
1273 2657 1429 2710 Patre
1457 2664 1556 2721 est,
1598 2664 1653 2709 et
1690 2672 1720 2708 a
1745 2657 1873 2721 vita,

294 2745 406 2796 vita
435 2754 538 2797 est.
572 2744 730 2798 Pater
767 2746 856 2813 qui
893 2746 1108 2798 estvita
1153 2747 1206 2798 in
1246 2747 1550 2815 semetipso,
1585 2747 1766 2815 genuit
1790 2746 1878 2800 Fi-

296 2833 428 2887 lium
461 2836 549 2902 qui
580 2845 722 2889 esset
755 2838 866 2890 vita
896 2837 950 2890 in
983 2837 1289 2906 semetipso.
1324 2838 1445 2892 Ideo
1476 2846 1530 2891 et
1566 2840 1677 2907 ipse
1711 2839 1878 2892 Filius

295 2924 372 2977 ait
410 2941 424 2976 :
468 2923 618 2978 Sicut
656 2926 773 2978 vivit
816 2926 997 2991 Pater,
1036 2938 1085 2979 et
1116 2944 1207 2997 ego
1256 2929 1367 2981 vivo
1416 2939 1623 2998 propter
1665 2928 1877 2982 Patrem

293 3011 480 3081 (Joan.
508 3030 584 3077 vi,
630 3014 743 3087 58).
771 3014 887 3071 Non
916 3016 1002 3071 ita
1049 3016 1249 3072 dictum
1288 3024 1398 3082 est,
1432 3017 1583 3087 quasi
1615 3017 1664 3071 in
1700 3017 1875 3086 seipse

290 3103 464 3161 Filius
485 3108 755 3177 propriam
780 3125 884 3163 non
909 3111 1129 3163 haberet
1152 3113 1333 3174 vitam,
1360 3113 1449 3166 sed
1469 3113 1877 3181 participatione

293 3205 535 3265 paternae
575 3201 697 3254 vita:
729 3201 895 3253 vitam
940 3202 1180 3255 haberet.
1228 3202 1377 3257 Sicut
1414 3204 1599 3258 oculus
1644 3203 1876 3258 carnalis

293 3287 708 3356 participatione
733 3289 867 3344 lucis
892 3290 1114 3345 alterius
1136 3292 1312 3346 lumen
1343 3295 1563 3361 accipit,
1598 3294 1738 3363 quod
1769 3311 1875 3348 non

295 3376 462 3430 habet
486 3378 537 3430 in
556 3379 753 3446 seipso,
780 3380 881 3434 nisi
907 3380 1119 3435 aliunde
1142 3391 1457 3437 mutuasset.
1484 3383 1589 3438 Sed
1611 3384 1723 3453 jam
1741 3386 1875 3454 jam-

293 3482 403 3534 que
432 3465 563 3538 [Al.,
587 3467 697 3535 jam
728 3470 928 3542 itaque]
959 3472 1081 3526 talis
1103 3489 1133 3526 a
1157 3473 1314 3528 Patre
1340 3477 1551 3545 genitus
1575 3486 1657 3531 est
1686 3478 1871 3544 Filius,

295 3557 389 3623 qui
418 3556 472 3608 in
506 3557 678 3625 seipso
712 3558 917 3613 viveret
945 3578 957 3613 :
989 3561 1125 3615 sicut
1166 3562 1325 3616 Pater
1369 3580 1474 3617 non
1510 3575 1592 3619 est
1634 3567 1875 3637 indigens

294 3646 427 3709 vita,
468 3648 547 3701 sic
580 3647 743 3701 Filius
783 3665 890 3704 non
931 3650 1195 3721 indigeret
1226 3652 1355 3724 [Al.,
1396 3656 1619 3728 indiget]
1650 3659 1874 3714 alterius

293 3738 437 3791 vice.
476 3738 572 3792 Est
602 3738 759 3793 Pater
780 3740 906 3805 vita,
934 3749 1016 3796 est
1043 3742 1207 3798 Filius
1241 3746 1380 3810 vita;
1418 3755 1704 3815 utrumque
1742 3748 1869 3819 (AL,

293 3827 535 3898 utrique]
565 3837 742 3883 tamen
773 3846 878 3884 una
905 3832 1012 3885 vita
1032 3872 1045 3896 ,
1071 3848 1177 3887 non
1213 3835 1361 3899 dum,
1390 3837 1513 3904 quia
1549 3854 1687 3891 unus
1712 3838 1871 3903 Deus,

294 3932 406 3972 non
432 3917 538 3970 duo
570 3918 664 3971 dii.
694 3919 750 3971 In
777 3920 876 3974 hac
914 3936 1042 3975 vero
1071 3923 1177 3975 vita
1209 3922 1340 3975 vivit
1369 3923 1625 3988 mundus,
1655 3934 1709 3979 et
1735 3926 1876 3979 vivet

291 4008 533 4079 quandiu
579 4009 845 4063 obedierit
882 4011 1007 4066 huic
1045 4014 1186 4067 vitae.
1235 4013 1386 4069 Unde
1430 4022 1483 4068 et
1518 4015 1707 4070 Petrus
1745 4017 1819 4070 ait
1858 4035 1870 4070 :

296 4098 379 4151 Tu
419 4097 573 4151 verba
607 4099 723 4151 vita:
761 4108 967 4153 (eterna:
1005 4101 1160 4154 habes
1198 4101 1378 4169 (Joan.
1414 4120 1488 4167 v1,
1518 4104 1605 4174 69)
1640 4105 1734 4158 :Id
1770 4114 1871 4172 est,

292 4188 390 4257 qui
420 4187 515 4240 tibi
540 4188 822 4254 obedierit,
856 4190 1023 4243 vitam
1050 4199 1304 4245 aeternam
1336 4194 1515 4248 habet.
1541 4196 1605 4248 Et
1637 4197 1747 4263 ipse
1776 4197 1877 4252 Do-

294 4281 480 4334 minus
512 4298 525 4332 :
552 4281 747 4344 Amen,
792 4298 943 4334 amen
986 4283 1102 4336 dico
1141 4285 1313 4349 vobis,
1341 4287 1463 4354 quia
1500 4288 1634 4339 venit
1670 4290 1798 4341 hora
1826 4298 1875 4342 et

297 4390 436 4426 nunc
458 4383 563 4437 est,
592 4374 799 4443 quando
827 4376 1021 4429 mortui
1055 4376 1265 4429 audient
1306 4394 1478 4430 vocem
1520 4377 1647 4431 Filii
1682 4378 1794 4441 Dei,
1828 4388 1874 4432 et

293 4465 388 4526 qui
413 4465 674 4518 audierint
701 4466 866 4519 vivent
891 4466 1070 4537 (Joan.
1102 4483 1153 4531 v,
1183 4467 1295 4537 95).
1329 4468 1468 4534 Quid
1497 4478 1578 4523 est
1600 4470 1743 4523 enim
1779 4486 1877 4524 au-

298 4553 472 4617 dient,
497 4555 595 4608 nisi
621 4555 927 4619 obaudient,
944 4556 995 4609 id
1014 4564 1118 4621 est,
1140 4557 1425 4611 obedient?
1445 4558 1710 4624 Quantum
1734 4561 1878 4614 enim

296 4644 536 4711 pertinet
561 4645 628 4698 ad
666 4645 811 4699 auris
859 4647 1119 4710 auditum,
1161 4662 1267 4701 non
1308 4663 1494 4703 omnes
1531 4650 1620 4717 qui
1661 4650 1879 4703 audient

298 4736 515 4800 vivent;
546 4736 698 4790 multi
734 4738 874 4791 enim
913 4738 1150 4800 audiunt,
1182 4747 1237 4793 et
1263 4754 1367 4793 non
1393 4742 1638 4805 credunt,
1665 4741 1747 4795 vel
1773 4756 1877 4794 non

300 4821 508 4876 faciunt
546 4839 666 4892 qua:
711 4822 843 4894 [Αι.,
873 4826 1035 4897 quod]
1083 4827 1336 4891 credunt;
1379 4828 1642 4883 audiendo
1678 4838 1731 4883 et
1773 4846 1878 4883 non

299 4913 571 4968 credendo
610 4931 716 4969 non
744 4917 1028 4981 obediunt;
1069 4933 1173 4971 non
1212 4919 1508 4974 obediendo
1539 4936 1644 4974 non
1680 4922 1876 4975 vivent.

298 5003 488 5071 Itaque
534 5005 591 5058 hi
642 5008 733 5075 qui
778 5008 1012 5072 audient,
1054 5010 1185 5063 nihil
1230 5019 1313 5063 est
1339 5012 1506 5077 aliud,
1541 5028 1699 5082 quam
1739 5013 1880 5082 quod

299 5095 564 5150 obediunt
590 5111 604 5149 :
633 5099 725 5168 qui
749 5113 878 5170 ergo
906 5100 1177 5165 obedient,
1212 5103 1410 5158 vivent.

898 5230 1121 5289 CAPUT
1157 5234 1295 5290 XVI.

303 5344 460 5411 Quod
494 5346 798 5422 substantia
824 5348 1109 5422 divinitatis
1147 5352 1441 5403 omnimodo
1489 5350 1754 5408 invisibilis
1792 5356 1879 5422 sit,

436 5425 486 5469 et
516 5415 1042 5487 incomprehensibilis
1072 5420 1125 5473 in
1146 5437 1242 5473 sua
1272 5431 1459 5475 natura
1485 5424 1757 5477 creaturis.

378 5528 532 5585 Sicut
572 5529 736 5600 igitur
772 5531 1122 5588 immutabilis
1168 5541 1250 5587 est
1283 5535 1499 5589 omnino
1526 5536 1685 5599 Deus,
1725 5538 1795 5591 ita
1828 5548 1883 5593 et

304 5618 594 5675 invisibilis
618 5627 701 5673 est
738 5620 792 5675 in
827 5629 1019 5677 natura
1047 5623 1425 5693 magnitudinis
1464 5641 1590 5680 suae.
1628 5625 1882 5692 Quamvis

1969 463 2115 518 Deus
2141 467 2358 519 cuilibet
2388 469 2438 520 in
2468 469 2643 522 Veteri
2683 469 3024 523 Testamento
3044 471 3279 536 Patrum,
3315 476 3408 530 sed
3440 492 3540 545 ap-

1969 554 2147 623 paruit
2168 556 2362 622 quibus
2397 557 2637 611 voluerat
2674 570 2768 629 per
2794 558 3089 626 subjectam
3121 571 3450 629 creaturam,
3485 568 3540 620 in

1969 662 2073 716 qua
2104 646 2343 700 voluerat
2374 649 2568 715 specie,
2595 657 2648 701 et
2669 650 2932 717 quomodo
2954 651 3137 704 voluit.
3173 651 3275 707 Sed
3316 654 3543 710 nullate-

1967 752 2071 792 nus
2111 752 2141 790 a
2181 736 2418 806 quolibet
2461 739 2607 791 visus
2647 746 2727 792 est
2772 739 2870 810 [in]
2913 741 3207 794 substantia
3247 743 3543 799 divinitatis

1970 842 2111 891 sese,
2152 843 2269 895 qua:
2304 827 2521 881 omnino
2560 828 2839 883 invisibilis
2872 840 2925 884 et
2964 834 3412 889 incommutabilis
3438 843 3539 889 est.

1971 916 2122 981 Quod
2153 916 2493 972 beatissimus
2524 927 2575 972 et
2606 932 2832 989 magnus
2860 924 3117 990 propheta
3151 923 3357 993 Moyses
3388 924 3543 978 intel-

1970 1007 2140 1075 ligens
2164 1008 2236 1060 ait
2260 1008 2400 1072 Deo,
2431 1024 2549 1062 cum
2580 1025 2686 1078 quo
2716 1017 2774 1062 ut
2797 1010 2999 1064 amicus
3031 1013 3097 1065 ad
3126 1013 3375 1077 amicum,
3408 1013 3544 1067 facie

1973 1102 2037 1155 ad
2072 1101 2259 1155 faciem
2287 1101 2496 1155 locutus
2523 1116 2641 1155 esse
2661 1100 2855 1155 dicitur
2880 1120 2891 1155 :
2924 1100 2981 1155 Si
3001 1103 3166 1157 inveni
3190 1106 3407 1173 gratiam
3427 1114 3545 1158 ante

1973 1204 2049 1258 te,
2085 1196 2295 1248 ostende
2339 1196 2465 1249 mihi
2506 1196 2825 1265 temetipsum
2861 1196 3056 1264 (Exod.
3088 1214 3290 1263 xxxm,
3332 1200 3438 1270 l5).
3486 1199 3543 1254 Si

1975 1282 2153 1349 itaque
2175 1282 2288 1349 ejus
2307 1291 2552 1336 naturam
2578 1284 3037 1352 substantiamque
3059 1287 3406 1354 conspiceret,
3431 1288 3547 1341 nul-

1975 1372 2183 1425 latenus
2206 1373 2409 1426 diceret
2445 1392 2455 1425 :
2491 1371 2712 1426 Ostende
2740 1374 2864 1426 mihi
2900 1376 3240 1445 temetipsum.
3282 1377 3384 1445 Ipsi
3419 1392 3547 1448 ergo

1976 1462 2221 1532 apparuit
2248 1462 2387 1517 Deus
2414 1463 2466 1516 in
2501 1479 2562 1517 ea
2590 1464 2767 1531 specie
2794 1480 2896 1531 qua
2924 1465 3193 1529 voluerat,
3224 1481 3329 1519 non
3367 1476 3547 1522 autem

1976 1554 2089 1621 ipse
2114 1554 2359 1622 apparuit
2387 1554 2459 1607 illi
2484 1554 2535 1606 in
2561 1563 2749 1607 natura
2776 1555 2989 1624 propria
3013 1595 3026 1619 ,
3052 1572 3211 1624 quam
3240 1556 3446 1627 Moyses
3466 1560 3547 1611 vi-

1977 1644 2105 1698 dere
2140 1645 2403 1713 cupiebat.
2447 1643 2724 1698 Manifeste
2777 1644 2907 1714 (AL,
2956 1647 3202 1714 cupiebat
3244 1647 3546 1719 manifeste]

1909 1712 1952 1771 Β
1979 1712 2433 1800 ῃονθτθιίιιῑίίιυθ,
2471 1734 2611 1800 quod
2640 1712 2990 1802 corporaliter
3010 1712 3241 1797 videbat,
3276 1712 3551 1802 quodcun;

1979 1836 2083 1888 que
2108 1822 2353 1886 videbat;
2383 1830 2437 1875 et
2462 1837 2641 1875 veram
2667 1824 2924 1877 visionem
2955 1824 3048 1877 Dei
3080 1824 3429 1893 spiritualiter
3459 1841 3549 1880 re-

1978 1912 2244 1979 quirebat.
2274 1913 2496 1967 Locutio
2527 1914 2719 1982 quippe
2759 1915 2877 1979 illa,
2906 1931 3025 1984 qua:
3058 1915 3217 1969 ﬁebat
3245 1917 3298 1970 in
3330 1916 3551 1973 vocibus

1980 2005 2055 2056 sic
2082 2003 2240 2071 722
2268 2004 2693 2068 modificabatur,
2717 2013 2971 2073 tanquam
2994 2014 3135 2061 esset
3156 2007 3312 2061 amici
3332 2008 3552 2076 loquen-

1979 2094 2047 2147 tis
2078 2096 2141 2146 ad
2170 2095 2419 2149 amicum.
2449 2096 2744 2150 Conﬁrmat
2778 2112 2905 2150 vero
2929 2099 3249 2168 evangelista
3290 2099 3383 2153 Dei
3432 2114 3549 2155 esse

1977 2193 2224 2237 naturam
2254 2186 2559 2239 omnimodo
2588 2187 2929 2251 invisibilem,
2955 2187 3044 2241 ubi
3074 2189 3148 2240 ait
3174 2207 3184 2240 ε
3210 2188 3375 2242 Deum
3401 2206 3547 2243 nemo

1974 2274 2101 2326 vidit
2130 2291 2355 2343 unquam
2388 2274 2567 2345 (Joan.
2606 2292 2643 2340 ι,
2684 2276 2801 2347 18);
2834 2277 2958 2346 quia
2994 2278 3375 2346 plenitudinem
3415 2280 3551 2334 divi-

1975 2364 2161 2418 uitatis
2181 2381 2297 2433 qum
2320 2366 2371 2419 in
2396 2366 2502 2421 Deo
2526 2377 2627 2432 est,
2656 2384 2811 2422 nemo
2835 2370 3003 2424 oculis
3018 2372 3173 2435 vidit,
3196 2386 3352 2425 nemo
3372 2381 3551 2426 mente

1976 2455 2398 2523 comprehendit.
2436 2456 2544 2510 Nec
2579 2457 2742 2510 etiam
2780 2458 3031 2527 angelica:
3068 2470 3271 2513 naturze
3308 2474 3552 2529 compre-

1977 2545 2256 2598 hensibilis
2283 2553 2365 2599 est
2390 2544 2532 2600 Deus
2557 2564 2569 2599 :
2599 2548 2721 2616 quia
2744 2562 2867 2601 vere
2896 2549 3444 2616 incomprehensibilis
3470 2548 3552 2602 di-

1979 2636 2147 2701 citur;
2177 2636 2271 2689 sed
2314 2638 2602 2691 secundum
2644 2654 2944 2692 mensuram
2985 2639 3287 2693 donationis
3324 2640 3434 2701 Dei,
3474 2640 3551 2695 ita

1978 2726 2145 2780 Deum
2195 2726 2277 2779 vel
2315 2727 2487 2796 angeli
2528 2728 2610 2781 vel
2652 2729 2842 2783 anima:
2880 2739 3182 2783 sanctorum
3227 2731 3545 2799 intelligunt.

1978 2816 2209 2870 Proinde
2252 2818 2499 2885 quamvis
2544 2833 2712 2885 usque
2746 2819 2812 2872 ad
2850 2820 3207 2887 aequalitatem
3252 2821 3548 2889 angelicam

1979 2908 2213 2960 humana
2245 2916 2365 2975 post
2392 2908 2835 2962 resurrectionem
2862 2918 3051 2962 natura
3089 2909 3363 2977 proficiat,
3400 2919 3453 2963 et
3479 2910 3548 2963 ad

1922 3045 1947 3070 η
1981 2998 2445 3068 contemplandum
2485 2998 2651 3051 Deum
2696 2998 2987 3067 glorificata
3030 3007 3332 3067 consurgat,
3369 2999 3551 3053 videre

1982 3098 2158 3142 tamen
2186 3090 2301 3158 ejus
2329 3088 2617 3142 essentiam
2647 3088 2799 3158 plene
2824 3103 2930 3141 non
2953 3088 3113 3151 valet,
3146 3089 3237 3141 sed
3263 3089 3549 3158 unicuique

1976 3188 2283 3234 sanctorum
2324 3182 2391 3233 ad
2439 3195 2548 3233 suae
2588 3178 2959 3235 sufﬁcientiam
2999 3178 3342 3235 beatitudinis
3371 3180 3546 3233 mani-

1976 3273 2258 3326 lestabitur
2288 3273 2455 3342 gloria
2480 3272 2610 3342 ejus.

2537 3383 2761 3439 CAPUT
2798 3384 2954 3438 XVII.

1978 3472 2129 3537 Quod
2157 3472 2261 3544 ilhc
2290 3474 2526 3544 visiones,
2553 3492 2669 3544 qum
2697 3475 2749 3529 in
2763 3474 2929 3528 Veteri
2954 3473 3277 3529 Testamento
3301 3475 3547 3531 Patribus

2044 3543 2343 3615 apparuisse
2372 3543 2631 3615 leguntur,
2664 3546 2889 3597 maxime
2911 3561 3003 3614 per
3034 3547 3291 3615 angelicas
3319 3547 3546 3601 admini-

2048 3612 2321 3665 strationes
2346 3613 2547 3680 fierent.

2043 3721 2195 3788 Quod
2222 3737 2351 3775 vero
2378 3724 2555 3776 omnia
2586 3738 2703 3791 quae
2727 3723 2975 3778 Patribus
3003 3725 3115 3778 visa
3144 3734 3267 3780 sunt
3295 3727 3547 3796 congruis

1974 3813 2300 3881 temporibus
2341 3812 2421 3863 vel
2451 3813 2609 3876 locis,
2647 3814 2934 3866 secundum
2975 3814 3067 3867 Dei
3094 3815 3543 3882 dispensationem

1974 3917 2069 3969 per
2117 3902 2385 3968 angelicas
2427 3915 2545 3954 esse
2594 3900 2724 3971 [Al.,
2773 3902 2972 3971 essent]
3024 3903 3542 3968 administrationes,

1974 3990 2308 4058 apertissime
2331 3989 2560 4043 eximius
2581 3991 2761 4044 mundi
2787 3991 2997 4054 Doctor,
3022 3992 3110 4059 qui
3139 3993 3190 4045 in
3216 3992 3428 4045 tertium
3442 4007 3541 4046 ra-

1972 4089 2097 4149 ptus
2130 4079 2321 4134 cmlum
2353 4081 2554 4134 audivit
2584 4078 2711 4149 [Ain
2736 4080 2920 4133 audire
2949 4080 3162 4150 meruit]
3190 4081 3430 4149 quaedam
3455 4097 3543 4135 ar-

1974 4186 2107 4225 cana
2132 4171 2507 4239 mysteriorum
2530 4170 2622 4223 Dei
2651 4171 2828 4234 verba,
2853 4171 3101 4234 ostendit,
3127 4171 3214 4223 ubi
3236 4172 3337 4224 ait:
3356 4171 3543 4226 Nonne

1974 4280 2146 4316 omnes
2176 4272 2295 4315 sunt
2323 4261 2755 4315 administratorii
2788 4261 2997 4331 spiritus
3018 4261 3086 4313 ad
3114 4262 3546 4316 ministrationem

1903 4352 2147 4445 Dmissi,
2189 4360 2396 4421 propter
2446 4367 2530 4403 eos
2576 4350 2663 4420 qui
2716 4349 3068 4403 ha’reditatem
3115 4351 3321 4420 capiunt
3362 4350 3548 4405 salutis

1979 4440 2163 4511 (Hebr.
2194 4457 2235 4504 ι,
2273 4440 2391 4508 lli);
2426 4440 2608 4494 volens
2646 4440 2868 4510 intelligi
2896 4441 2982 4494 illa
3022 4443 3200 4495 omnia
3239 4442 3355 4496 non'
3375 4442 3546 4496 solum

1976 4548 2073 4601 per
2103 4532 2320 4602 angelos
2352 4531 2519 4595 facta,
2550 4533 2641 4586 sed
2667 4533 2828 4585 etiam
2858 4543 3076 4601 propter
3100 4549 3196 4588 nos
3227 4534 3364 4588 facta
3385 4574 3398 4597 ,
3428 4550 3549 4603 qua:

1979 4621 2033 4673 in
2062 4621 2332 4673 veteribus
2364 4618 2613 4690 leguntur
2643 4620 3079 4689 figurationihus;
3111 4632 3160 4675 et
3195 4623 3351 4689 paulo
3378 4631 3499 4690 post
3529 4640 3543 4676 :

1980 4710 2041 4765 Si
2066 4711 2200 4763 enim
2230 4728 2397 4764 sermo
2420 4728 2512 4780 per
2539 4711 2746 4780 angelos
2777 4712 2972 4773 dictus,
3010 4712 3180 4780 factus
3209 4723 3283 4766 est
3310 4712 3493 4780 ﬁnnus
3526 4729 3545 4767 :

1978 4804 2153 4857 omnia
2183 4819 2301 4871 quae
2328 4804 2448 4856 data
2475 4814 2599 4856 sunt
2627 4803 2708 4856 vel
2738 4804 2878 4857 dicta
2906 4804 3097 4872 populo
3126 4790 3310 4874 priori,
3335 4820 3430 4873 per
3451 4820 3545 4859 an-

1979 4893 2125 4963 gelos
2170 4894 2469 4946 ministrata
2504 4908 2620 4946 esse
2659 4892 2919 4957 ostendit;
2958 4902 3154 4948 nostra:
3195 4910 3323 4949 vero
3360 4895 3545 4950 salutis

1979 4987 2237 5055 originem
2266 4994 2319 5040 et
2350 4986 2731 5055 plenitudinem
2762 5001 2858 5055 per
2881 4986 3049 5054 ipsum
3081 4985 3171 5040 Dei
3201 4985 3392 5041 Filium
3421 5003 3545 5043 mox

1980 5078 2033 5131 in
2061 5077 2404 5146 sequentibus
2433 5075 2669 5143 ejusdem
2703 5075 2939 5144 epistola
2978 5077 3154 5130 verbis
3191 5078 3544 5132 ministratam

1981 5181 2100 5221 esse
2121 5166 2520 5219 demonstravit.
2550 5165 2615 5217 Et
2634 5166 2821 5219 beatus
2851 5163 3151 5233 Stephanus
3188 5174 3545 5235 protomartyr

1982 5256 2227 5324 angelum
2256 5255 2418 5325 Moysi
2446 5255 2680 5309 locutum
2702 5269 2819 5309 esse
2840 5255 2891 5309 in
2916 5254 3130 5309 ﬂamma
3153 5255 3290 5325 ignis
3318 5254 3545 5310 asseruit

1981 5348 2036 5400 in
2066 5345 2421 5414 disputatione
2452 5360 2614 5412 quam
2645 5344 2829 5398 habuit
2857 5354 3043 5399 contra
3076 5345 3397 5414 lapidatores
3420 5357 3544 5397 suos

1983 5437 2119 5508 (Act.
2151 5436 2285 5508 vn);
2331 5437 2457 5489 dum
2489 5435 2540 5489 in
2579 5435 2762 5489 eadem
2797 5435 2999 5489 visione
3038 5437 3231 5491 dicitur
3264 5435 3545 5489 Dominum

1982 5531 2290 5598 apparuisse
2317 5526 2484 5597 Moysi
2515 5546 2525 5579 :
2557 5535 2914 5596 apparuerunt
2940 5542 3067 5579 vero
3092 5525 3281 5595 angeli,
3307 5533 3359 5578 et
3381 5525 3544 5579 locuti

1983 5634 2105 5680 sunt
2134 5626 2183 5679 in
2226 5638 2451 5694 persona
2493 5622 2630 5676 illius
2657 5621 2744 5691 qui
2775 5637 2867 5676 eos
2904 5622 3170 5677 direxerat
3209 5620 3401 5691 (Exod.
3437 5620 3540 5676 uti.
