4072 6346
525 246 595 302 55
1351 241 1413 297 Β.
1443 242 1505 297 F.
1536 240 1760 295 ALBINI
1801 240 1931 297 SEU
1966 238 2097 295 ALC

2197 240 2240 295 il
2278 239 2563 296 OPERUM
2599 239 2778 296 PARS
2815 240 2897 295 ιιι.
3711 242 3779 303 56

530 360 635 415 Sed
664 358 833 428 quaeri
869 364 1047 429 potest
1074 373 1171 412 cur
1200 355 1474 426 Scriptura
1501 370 1607 409 non
1634 356 1774 411 dicat
1803 370 1815 407 :
1841 354 2100 423 Apparuit
2125 358 2175 413 Α
2200 352 2267 405 de
2293 351 2452 406 Patre
2476 353 2747 422 procedit,
2776 360 2830 406 et
2859 361 3001 408 totus
3035 352 3102 408 de
3140 353 3307 420 Filio;
3347 361 3491 413 totus
3531 352 3583 417 in
3620 358 3784 417 Patro

530 453 778 522 angelus,
813 450 897 505 vel
942 451 1150 504 loculus
1196 458 1277 504 est
1326 446 1543 515 angelus
1588 446 1805 500 cuilibet
1843 446 2105 500 Patrum?

530 544 784 612 Quamvis
822 544 1036 613 quidem
1077 557 1253 611 praeco
1291 541 1454 594 verba
1499 538 1697 593 referat
1740 537 1952 606 judicis,
1997 555 2103 592 non

529 636 784 692 scribitur
808 636 1044 704 ingestis
1073 652 1084 686 :
1113 634 1296 686 Prazco
1320 632 1453 686 dixit
1475 632 1559 683 vel
1580 630 1737 695 fecit;
1770 632 1860 686 sed
1891 648 1903 683 :
1933 629 2102 684 Iudex

531 727 665 782 dixit
701 726 784 780 vel
821 723 965 779 fecit.
1009 723 1343 793 Quapropter
1382 719 1641 790 probabili
1690 719 1896 773 ratione
1934 718 2103 772 videri

528 826 722 889 potest,
755 815 997 885 patribus
1036 814 1231 867 nostris
1271 819 1395 866 ante
1444 809 1865 889 incarnationem
1905 806 2105 863 Christi

529 906 629 961 sub
652 919 879 975 persona
907 902 1117 957 Domini
1146 900 1482 971 apparuisse,
1516 896 1599 953 vel
1626 898 1833 953 locutos
1859 912 1978 952 esse
2005 912 2104 951 an-

530 996 676 1067 gelos
709 1014 719 1048 :
752 1011 851 1049 nec
880 994 997 1049 illos
1036 994 1196 1047 etiam
1234 993 1287 1045 in
1329 1006 1424 1046 sua
1461 989 1771 1060 apparuisse
1807 988 2103 1043 substantia

528 1086 855 1142 credendum
880 1094 981 1149 est,
1010 1085 1101 1139 sed
1130 1085 1181 1137 in
1203 1080 1438 1151 subjecta
1467 1088 1728 1143 creatura,
1763 1095 1880 1149 quas
1910 1080 1976 1133 ab
1998 1078 2103 1133 illis

528 1185 768 1245 tempore
789 1186 1087 1246 opportuno
1116 1182 1385 1243 assumpta
1418 1180 1533 1237 est,
1562 1173 1627 1227 ad
1656 1172 2103 1225 ministrationem

527 1266 689 1321 ofﬁcii
726 1267 825 1319 sui.
873 1266 1025 1319 Sicut
1067 1264 1242 1318 anima
1279 1262 1511 1317 hominis
1564 1261 1845 1316 invisibilis
1880 1268 1990 1325 est,
2030 1261 2115 1313 ita.

524 1358 686 1412 etiam
716 1356 1009 1425 angelicam
1039 1354 1344 1408 carnalibus
1376 1353 1545 1408 oculis
1579 1361 1825 1407 naturam
1858 1353 2101 1407 invisibi-

526 1450 628 1503 lem
664 1465 783 1503 esse
808 1447 1169 1513 certissimum
1195 1455 1295 1498 est.

1082 1553 1310 1610 CAPUT
1348 1552 1530 1610 XVIII.

528 1671 653 1727 Non
680 1670 743 1723 de
783 1667 893 1723 solo
942 1666 1101 1721 Patre
1139 1667 1528 1733 intelligendum
1567 1682 1705 1731 esse,
1735 1664 1822 1720 ubi
1860 1664 2051 1721 dicitur
2079 1683 2098 1722 .'

830 1738 931 1804 Qui
954 1738 1084 1792 facit
1109 1724 1373 1792 mirabilia
1401 1752 1593 1808 magna
1624 1724 1790 1791 solus.

597 1853 911 1920 Ubicunque
933 1850 985 1902 in
1010 1847 1291 1916 Scriptura
1313 1855 1498 1901 sancta
1526 1846 1739 1916 legitur,
1768 1845 1911 1900 solus
1938 1845 2098 1908 Deus,
2153 1872 2159 1877 ν

521 1962 631 2002 non
657 1946 722 2000 de
739 1938 1083 2010 unaqualibet
1098 1954 1327 2008 persona
1355 1938 1409 1991 in
1432 1945 1617 1992 sancta
1645 1932 1908 1991 Trinitate
1946 1934 2103 1992 intel-

521 2038 790 2109 ligendum
811 2042 913 2099 est,
938 2032 1030 2087 sed
1052 2032 1118 2086 de
1143 2040 1253 2084 tota
1277 2037 1462 2083 sancta
1486 2026 1766 2093 Trinitate,
1782 2042 1901 2096 quae
1921 2043 2102 2097 sequa-

520 2128 644 2182 liter
671 2134 926 2196 operatur
953 2122 1131 2177 omnia
1157 2134 1490 2189 quazcunque
1522 2119 1790 2189 operanda
1819 2133 1938 2172 esse
1962 2118 2105 2187 judi-

521 2219 684 2274 dicat.
712 2215 863 2272 Unde
890 2213 1029 2283 quod
1057 2213 1110 2266 in
1136 2209 1365 2264 Psalmis
1387 2209 1583 2262 dicitur
1611 2225 1624 2261 :
1657 2205 1761 2273 Qui
1789 2206 1915 2276 facit
1943 2207 2104 2260 mira-

520 2308 647 2363 bilia
668 2323 859 2376 magna
878 2304 1019 2359 solus
1046 2299 1218 2374 (Psal.
1243 2317 1387 2365 LXXI,
1412 2299 1533 2370 l8);
1556 2300 1645 2370 qui
1666 2299 1791 2367 facit
1818 2297 2101 2351 luminaria

520 2397 662 2453 solus
691 2394 862 2467 (Psal.
901 2408 1097 2456 cxxxv,
1126 2391 1199 2461 7),
1231 2406 1335 2444 non
1364 2390 1429 2444 de
1471 2388 1584 2442 solo
1619 2386 1809 2451 Patre,
1843 2387 1981 2440 sicut
2009 2385 2104 2438 ad.

517 2488 743 2541 versarii
770 2486 953 2540 volunt
974 2482 1284 2552 intelligitur
1307 2480 1531 2545 dictum,
1552 2478 1654 2533 'sed
1683 2478 1748 2532 de
1772 2485 1883 2531 tota
1913 2484 2101 2530 sancta

520 2578 814 2641 Trinitate,
856 2591 976 2645 qua:
1016 2582 1100 2628 est
1140 2586 1311 2635 unus,
1354 2569 1501 2624 solus
1539 2564 1998 2623 Deus.rSimiliter
2034 2566 2102 2620 de

517 2671 679 2725 Patre
709 2668 822 2722 solo
844 2681 949 2721 non
971 2675 1053 2720 est
1078 2661 1479 2732 intelligendum
1506 2659 1648 2728 quod
1675 2656 1962 2728 Apostolus
1985 2657 2096 2710 ait:

519 2763 735 2823 Beatus,
764 2766 810 2811 et
837 2756 977 2811 solus
1003 2752 1331 2825 potens,ltex
1360 2764 1535 2821 regum
1570 2758 1616 2803 et
1642 2749 1897 2802 Dominus
1934 2747 2101 2801 domi-

518 2853 754 2906 nantium
776 2891 790 2915 ,
827 2848 917 2919 qui
961 2846 1102 2900 solus
1148 2844 1299 2897 habet
1340 2838 1814 2903 immortalitatem,
1850 2845 1898 2891 et
1934 2837 2099 2891 lucem

517 2940 717 2995 habitat
744 2934 1168 2998 inaccessibilem,
1194 2948 1347 3003 quem
1376 2947 1522 2985 nemo
1549 2930 1814 2983 hominum
1835 2928 1979 2992 vidit,
2008 2944 2100 2981 nec

516 3030 690 3085 videre
723 3034 887 3098 potest
927 3023 979 3094 (Ι
1022 3022 1154 3076 Tim.
1186 3038 1262 3088 vi,
1300 3019 1399 3084 l5,
1435 3018 1543 3090 16).
1584 3018 1640 3073 In
1679 3018 1872 3086 quibus
1895 3018 2094 3081 verbis,
2126 3033 2173 3098 ο

516 3135 618 3174 nec
664 3118 825 3172 Pater
860 3114 1078 3184 proprie
1125 3112 1433 3167 nominatus
1468 3116 1581 3173 est,
1622 3122 1723 3162 nec
1764 3107 1965 3173 Filius,
1999 3122 2101 3161 nec

520 3209 755 3278 Spiritus
799 3217 1045 3267 sanctus;
1089 3202 1183 3257 sed
1223 3199 1495 3264 absolute,
1526 3200 1714 3253 beatus
1748 3204 1802 3250 et
1837 3196 1982 3249 solus
2005 3210 2102 3263 po-

517 3310 658 3364 tcns,
689 3298 806 3352 Rex
834 3310 1020 3366 regum
1047 3303 1100 3348 et
1126 3293 1386 3347 Dominus
1412 3288 1820 3350 dominantium,
1850 3286 1991 3356 quod
2017 3294 2100 3341 est

515 3407 679 3455 unus,
707 3389 853 3443 solus
873 3428 888 3452 ,
914 3389 1103 3442 beatus
1122 3424 1136 3451 ,
1159 3393 1375 3453 potens,
1403 3380 1712 3445 invisibilis,
1744 3395 1905 3434 verus
1934 3378 2092 3442 Deus,

515 3484 630 3553 ipsa
654 3481 913 3544 Trinitas,
941 3492 1059 3547 quae
1082 3476 1359 3546 aequaliter
1396 3475 1552 3529 beata
1591 3480 1695 3537 est,
1725 3470 1883 3541 723
1918 3484 2099 3539 requa-

513 3570 639 3625 liter
671 3576 890 3640 potens,
928 3567 1035 3621 imo
1075 3565 1445 3634 omnipotens,
1482 3562 1644 3617 etiam
1691 3569 1746 3615 et
1787 3560 2092 3629 unipotens,

513 3662 639 3732 quia
667 3675 770 3714 una
796 3659 1034 3729 potentia
1061 3665 1145 3711 est
1170 3656 1331 3711 totius
1355 3662 1553 3710 sanctae
1580 3651 1880 3708 Trinitatis.
1912 3650 2096 3719 Neque

512 3752 657 3805 enim
688 3749 812 3818 quia
843 3748 957 3816 ipse
1001 3744 1170 3799 Filius
1204 3742 1334 3798 alibi
1378 3742 1602 3811 loquens
1649 3754 1779 3795 voce
1820 3738 2095 3808 sapientia:

512 3842 651 3914 (ipse
677 3848 759 3894 est
787 3839 930 3894 enim
973 3835 1236 3906 sapientia
1264 3833 1416 3904 Dei),
1448 3832 1526 3887 ait
1565 3849 1578 3886 :
1619 3828 1815 3901 Cyrum
1849 3828 1962 3883 cwli
1993 3829 2095 3881 cir-

512 3934 647 3988 cuiri
690 3932 805 3986 sola
852 3928 1021 4001 (Eccl.
1066 3944 1216 3992 rxrv,
1258 3926 1332 3997 8),
1373 3926 1641 3995 separavit
1676 3939 1708 3978 a
1747 3938 1805 3978 se
1830 3922 2088 3977 Patrem:

510 4033 713 4097 quanto
738 4024 909 4093 magis
946 4035 1074 4091 ergo
1099 4020 1205 4075 n'on
1240 4026 1323 4075 est
1355 4033 1576 4072 necesse
1594 4057 1607 4083 ,
1636 4023 1697 4070 ut
1725 4015 2093 4071 tantummodo

511 4119 579 4173 de
600 4117 759 4170 Patre
787 4121 983 4184 printer
1016 4111 1212 4165 Filium
1241 4108 1326 4163 vel
1352 4108 1610 4176 Spiritum
1655 4114 1900 4160 sanctum
1936 4104 2094 4159 intel-

509 4207 709 4278 ligatur
744 4204 885 4274 quod
922 4205 1123 4259 dictum
1167 4208 1250 4256 est
1289 4217 1304 4253 :
1346 4196 1504 4254 Solus
1542 4197 1692 4251 habet
1731 4195 2092 4250 immortalita-

510 4311 634 4367 tem,
663 4310 709 4354 et
735 4299 899 4352 lucem
923 4297 1120 4350 habitat
1150 4290 1552 4347 inaccessibilem
1577 4290 1601 4343 Ρ

1098 4401 1322 4457 CAPUT
1360 4399 1499 4454 xxx.
1732 4476 1736 4480 δ

615 4502 693 4555 De
722 4498 917 4554 unitate
945 4495 1175 4567 Spiritus
1201 4492 1367 4547 sancti
1398 4507 1511 4543 cum
1545 4488 1705 4542 Patre
1739 4497 1785 4541 et
1823 4485 1979 4539 Filio.

582 4626 608 4653 ιι
650 4609 882 4680 Spiritus
926 4608 1105 4676 itaque
1145 4611 1393 4664 sanctus,
1446 4601 1584 4655 sicut
1619 4600 1779 4653 Pater
1812 4608 1866 4652 et
1903 4598 2087 4661 Filius,

507 4701 700 4774 plenus
735 4707 817 4754 est
853 4697 996 4752 Deus
1031 4705 1087 4749 et
1122 4693 1424 4766 perfectus;
1467 4691 1575 4745 imo
1610 4705 1747 4744 unus
1783 4689 1931 4743 Deus
1968 4704 2089 4743 cum

511 4793 670 4849 Patre
692 4799 747 4843 et
772 4788 938 4850 Filio,
970 4796 1131 4853 atque
1156 4799 1259 4837 una
1285 4781 1603 4844 substantia,
1628 4780 1767 4833 sicut
1789 4794 1949 4848 supra
1974 4793 2090 4832 me-

509 4881 839 4937 moravimus
877 4893 889 4929 :
925 4872 1178 4945 quoniam
1206 4873 1320 4945 ipse
1347 4879 1429 4925 est
1459 4869 1691 4939 Spiritus
1720 4877 1965 4931 sanctus,
1994 4867 2087 4936 qui

512 4972 567 5027 in
584 4967 878 5040 Scripturis
895 4966 1089 5021 dicitur
1112 4962 1343 5032 Spiritus
1365 4960 1481 5025 Dei,
1504 4959 1587 5014 vel
1615 4957 1845 5027 Spiritus
1864 4958 2086 5024 Christi,

510 5059 623 5115 sive
649 5057 881 5127 Spiritus
910 5053 1083 5109 Patris
1100 5092 1114 5117 ,
1141 5052 1253 5106 sive
1287 5048 1519 5118 Spiritus
1556 5047 1897 5115 I’araeletus,
1924 5048 2087 5101 etiam

511 5158 567 5205 et
596 5149 828 5219 Spiritus
851 5148 1124 5211 veritatis;
1158 5161 1257 5202 nec
1287 5161 1391 5200 non
1423 5154 1477 5199 ct
1498 5144 1730 5216 Spiritus
1756 5147 1904 5209 vitm,
1930 5144 2018 5213 qui
2054 5158 2084 5198 a

510 5238 671 5294 Patre
702 5245 756 5291 et
794 5236 931 5290 Filio
969 5235 1246 5305 aequaliter
1280 5233 1574 5307 [procedit,
1601 5241 1656 5288 et
1690 5249 1810 5288 cum
1844 5232 2000 5286 Patre
2034 5239 2089 5286 ct

500 5316 648 5386 .Filio
685 5325 983 5397 mqualiter]
1020 5327 1295 5390 aduratur,
1337 5325 1461 5396 quia
1501 5324 1777 5395 aequaliter
1806 5331 1888 5378 est
1924 5324 2087 5390 Deus,

511 5430 657 5475 totus
681 5419 858 5475 Patris
882 5425 935 5470 et
969 5424 1111 5470 totus
1142 5416 1262 5471 Filii
1300 5414 1562 5485 Spiritus;
1603 5415 1725 5485 quia
1767 5430 1904 5468 unus
1933 5422 2090 5467 natu-

514 5512 695 5566 raliter
722 5510 953 5579 Spiritus
979 5517 1075 5573 est,
1110 5517 1163 5563 et
1192 5508 1389 5573 Patris,
1415 5516 1465 5564 et
1494 5507 1650 5574 Filii;
1689 5506 1914 5576 proinde
1945 5513 2089 5560 totus

584 5637 606 5661 ιι
647 5620 849 5674 ιιῐιιεεις
872 5621 1068 5687 Paris.,
1111 5637 1225 5691 cap.
1258 5622 1343 5675 8L

2117 4394 2170 4456 D

2205 448 2401 502 manet,
2432 449 2487 494 et
2516 448 2660 494 totus
2684 441 2736 494 in
2766 441 2919 506 Filio,
2955 442 3080 511 quia
3113 444 3192 497 sic
3221 453 3400 498 manet
3428 454 3487 499 ut
3509 450 3785 517 procedat,

2205 526 2289 591 sic
2305 527 2548 596 procedit
2576 536 2635 581 ut
2656 536 2887 582 maneat.
2923 529 3074 585 Unde
3112 532 3430 586 naturaliter
3458 534 3597 590 hanc
3627 537 3788 592 habet

2206 631 2326 670 cum
2351 616 2512 670 Patre
2558 624 2611 669 et
2641 616 2778 671 Filio
2806 618 3027 673 unitatis
3050 618 3457 687 plenitudinem,
3480 632 3533 676 et
3559 624 3789 693 plenitua

2204 706 2343 759 dinis
2374 706 2668 770 unitatem,
2702 716 2762 760 ut
2789 716 2961 762 totum
2997 708 3215 763 Patrem
3255 711 3483 777 habeat,
3514 723 3789 785 totumque

2204 794 2431 860 Filium;
2463 795 2681 865 ipseque
2719 795 2851 866 [Al.,
2886 798 2998 867 ipse
3022 799 3254 871 quoque]
3293 809 3435 857 totus
3472 802 3732 860 habeatur
3757 821 3789 860 a

2202 884 2393 951 Patre,
2437 893 2583 940 totus
2616 886 2880 941 habeatur
2916 903 2946 941 a
2976 888 3145 955 Filio;
3186 892 3277 960 qui
3307 893 3468 947 etiam
3497 910 3525 947 a
3550 895 3709 951 Patre
3733 907 3790 951 et

2201 975 2341 1030 Filio
2362 976 2639 1045 aequaliter
2664 977 2839 1041 datur,
2866 979 2973 1032 imo
2997 987 3052 1033 et
3079 995 3107 1032 a
3134 981 3311 1049 seipso
3336 984 3511 1047 datur,
3541 985 3679 1039 sicut
3701 984 3789 1040 Fi-

2202 1063 2307 1119 lius
2343 1064 2409 1118 de
2444 1079 2510 1119 eo
2548 1066 2677 1119 dicit
2706 1084 2717 1118 z
2752 1066 2997 1136 Spiritus,
3030 1069 3117 1120 ubi
3148 1069 3273 1135 vult,
3302 1074 3465 1141 spirat
3494 1072 3672 1143 (Joan.
3699 1090 3786 1140 ιιι,

2204 1153 2280 1225 8).
2310 1154 2426 1224 Ipse
2453 1154 2508 1207 in
2536 1154 2815 1223 preplietis
2848 1155 3055 1209 locutus
3080 1166 3192 1220 cst,
3223 1173 3318 1227 per
3347 1159 3519 1226 ipsum
3543 1159 3785 1228 Apostoli

2205 1245 2321 1299 sine
2348 1245 2541 1298 timore
2565 1244 2898 1298 smcularium
2927 1254 3252 1313 potestatum
3281 1248 3643 1302 testimonium
3664 1263 3791 1317 pro-

2203 1337 2449 1390 ferebant
2495 1336 2562 1390 de
2610 1335 2863 1401 Christo,
2915 1338 3037 1405 quia
3087 1338 3201 1406 ipse
3238 1338 3557 1407 loquebatur
3592 1341 3646 1394 in
3682 1341 3787 1396 illis

2203 1426 2339 1495 (Act.
2373 1440 2445 1487 ιι,
2473 1440 2547 1489 ιν,
2579 1440 2654 1487 v1,
2688 1426 2865 1495 mn),
2896 1426 3036 1480 sicut
3072 1427 3186 1494 ipse
3222 1427 3479 1482 Dominus
3516 1429 3631 1483 ait:
3666 1430 3789 1484 Non

2202 1514 2339 1567 enim
2366 1529 2453 1567 vos
2474 1514 2596 1567 estis
2619 1513 2709 1583 qui
2739 1512 3032 1584 loquimini,
3061 1514 3149 1568 sed
3178 1515 3406 1585 Spiritus
3433 1515 3609 1570 Patris
3635 1520 3789 1572 vestri

2201 1605 2290 1673 qui
2319 1603 2545 1674 loquitur
2570 1605 2626 1657 in
2658 1604 2798 1658 vobis
2826 1603 3037 1673 (Matth.
3070 1620 3126 1669 ι,
3157 1604 3268 1675 20).
3301 1605 3357 1658 1n
3390 1606 3504 1673 ipso
3529 1606 3672 1660 enim
3694 1606 3790 1660 ha-

2132 1692 2174 1752 B
2203 1692 2331 1746 bent
2358 1706 2545 1747 omnes
2578 1692 2761 1747 ﬁdeles
2790 1692 3160 1746 remissionem
3188 1702 3555 1761 peccatorum,
3586 1695 3697 1748 sive
3728 1694 3787 1749 in

2200 1780 2490 1849 baptismo,
2514 1780 2626 1835 sive
2654 1781 2817 1835 etiam
2845 1780 2897 1833 in
2918 1781 3254 1849 paenitentia.
3279 1780 3395 1848 Ipse
3424 1782 3663 1836 cbaritas
3689 1782 3785 1838 Dei

2201 1868 2421 1935 dicitur,
2451 1869 2698 1938 quamvis
2734 1868 2914 1934 Pater,
2945 1878 2999 1923 et
3034 1868 3201 1924 Filius
3238 1870 3308 1924 sit
3340 1870 3593 1925 cbaritas.
3636 1870 3791 1927 Sicut

2202 1958 2344 2012 enim
2392 1957 2536 2029 [Al.,
2586 1960 2727 2014 sicut
2765 1958 2853 2030 et]
2898 1960 3067 2014 Filius
3116 1961 3374 2030 sapientia
3423 1962 3519 2016 Dei
3569 1964 3787 2027 dicitur,

2202 2046 2448 2113 quamvis
2484 2047 2555 2101 sit
2585 2047 2747 2102 Pater
2768 2056 2822 2101 et
2850 2046 3085 2116 Spiritus
3114 2057 3331 2103 sanctus
3358 2050 3643 2120 sapientia,
3674 2052 3791 2121 ipse

2202 2133 2544 2201 Paracletus,
2589 2137 2643 2191 id
2680 2146 2792 2203 est,
2819 2137 3135 2193 'consolator
3173 2139 3389 2203 dicitur,
3434 2140 3559 2210 quia
3598 2157 3789 2197 revera

2202 2222 2331 2278 dum
2358 2226 2494 2280 dona
2524 2214 2987 2283 sacramentorum
3023 2228 3325 2294 distribuit,
3366 2230 3789 2288 consolationem

2203 2312 2395 2367 anima:
2415 2316 2619 2383 prmbet
2648 2332 2661 2368 :
2686 2330 2786 2384 per
2804 2331 2966 2386 quam
2992 2316 3124 2388 [Al.,
3147 2332 3242 2387 per
3269 2316 3451 2391 quem]
3478 2319 3791 2375 dill‘unditur

2202 2400 2255 2454 in
2285 2400 2537 2457 cordibus
2568 2404 2770 2459 nostris
2794 2405 2889 2459 Dei
2919 2407 3155 2462 cbaritas
3175 2449 3188 2472 ,
3216 2418 3313 2478 per
3347 2427 3511 2481 quam
3544 2429 3641 2468 nos
3674 2422 3789 2469 tota

2203 2487 2466 2542 inhabitat
2495 2488 2751 2547 Trinitas.
2782 2492 3043 2560 Quocirca
3079 2498 3377 2553 rectissime
3408 2498 3641 2570 Spiritus
3666 2518 3791 2557 san—

2203 2588 2340 2645 ctus,
2371 2596 2493 2634 cum
2517 2582 2587 2636 sit
2615 2583 2758 2638 Deus
2776 2624 2792 2649 ,
2821 2588 3235 2642 vocatur‘etiam
3262 2589 3458 2644 donum
3490 2590 3617 2657 Dei;
3646 2592 3789 2662 quod

2203 2667 2400 2722 donum
2440 2671 2685 2739 proprie,
2722 2672 2849 2741 quid
2886 2675 2985 2729 nisi
3018 2676 3256 2731 cbaritas
3296 2677 3614 2747 intelligitur
3653 2679 3783 2751 [Al.,

2202 2757 2545 2828 intelligenda
2576 2760 2701 2833 est],
2731 2779 2852 2832 quae
2878 2760 3122 2831 perducit
3146 2765 3211 2819 ad
3241 2766 3408 2821 Deum
3426 2804 3440 2831 ,
3468 2775 3522 2821 et
3543 2768 3657 2822 sine
3680 2783 3785 2837 qua

2204 2847 2456 2915 quaelibet
2500 2848 2603 2904 alia
2647 2851 2818 2907 virtus
2864 2853 3045 2921 operis
3094 2854 3222 2909 boni
3270 2869 3375 2909 non
3421 2855 3667 2924 perducit
3702 2857 3787 2932 ad

2203 2936 2371 2992 Deum
2389 2938 2413 2991 ‘l

2805 3031 3031 3091 CAPUT
3065 3035 3183 3089 XX.

2205 3135 2356 3190 Nihil
2393 3139 2567 3220 itaque
2611 3142 2895 3220 temporale
2929 3145 2983 3197 in
3022 3161 3081 3220 eo
3108 3146 3358 3220 debemus
3398 3146 3679 3220 intelligere
3722 3150 3787 3204 de

2400 3206 2601 3279 Spiritu
2633 3222 2833 3278 sancto,
2862 3213 2985 3266 dum
3015 3214 3209 3268 dicitur
3232 3217 3431 3270 donum
3465 3206 3581 3272 Dei:

2272 3336 2384 3394 Hoc
2412 3354 2538 3395 vero
2567 3342 2765 3397 donum
2810 3342 2905 3400 Dei
2933 3382 2946 3410 ,
2977 3347 3117 3416 quod
3153 3356 3236 3402 est
3278 3346 3509 3419 Spiritus
3540 3361 3783 3419 sanctus,

2200 3440 2525 3488 coasternum
2551 3444 2635 3490 est
2658 3444 2713 3491 et
2737 3440 3194 3495 consubstantiale
3223 3442 3468 3497 donatori
3495 3460 3508 3496 :
3535 3444 3661 3513 quia
3690 3447 3786 3500 do-

2199 3536 2328 3575 num
2358 3522 2608 3579 donabile
2638 3524 2753 3579 ﬁeri
2783 3527 3020 3595 poterit,
3047 3530 3294 3598 quamvis
3319 3544 3425 3584 non
3464 3531 3536 3586 sit
3571 3532 3657 3586 cui
3689 3535 3785 3588 do-

2198 3620 2375 3666 netur.
2401 3610 2553 3677 Quod
2580 3611 2804 3680 donum,
2836 3616 2888 3671 id
2916 3624 3019 3683 est,
3057 3616 3290 3688 Spiritus
3311 3626 3547 3686 sanctus,
3576 3636 3683 3675 non
3711 3636 3780 3676 ex

2197 3711 2468 3774 tempore,
2500 3705 2594 3760 sed
2624 3705 2692 3760 ab
2734 3708 3036 3763 aeternitate
3081 3706 3351 3779 procedit;
3400 3712 3493 3766 sed
3536 3712 3660 3781 quia
3701 3713 3781 3767 sic

2196 3795 2521 3864 procedebat
2561 3805 2620 3851 ut
2663 3807 2806 3853 esset
2854 3800 3130 3865 donabile,
3165 3798 3276 3869 jam
3316 3802 3512 3857 donum
3546 3811 3698 3867 erat,
3727 3812 3783 3858 et

2197 3895 2487 3957 antequam
2522 3897 2667 3944 esset
2696 3890 2785 3945 cui
2820 3891 3056 3945 daretur.
3088 3889 3259 3943 Aliter
3293 3891 3436 3945 enim
3466 3891 3782 3962 intelligitur

2197 3996 2320 4035 cum
2342 3980 2542 4035 dicitur
2562 3981 2781 4045 donum,
2806 3975 2961 4034 aliter
2983 3995 3104 4033 cum
3126 3980 3324 4034 dicitur
3344 3981 3619 4036 donatum.
3644 3982 3779 4038 Nam

2197 4072 2395 4126 donum
2424 4075 2602 4140 potest
2626 4085 2745 4125 esse
2775 4078 2831 4125 et
2850 4078 3138 4139 antequam
3168 4072 3325 4124 detur
3358 4088 3370 4123 :
3406 4070 3657 4126 donatum
3686 4086 3780 4126 au-

2195 4164 2303 4213 tem
2327 4158 2431 4213 nisi
2458 4157 2675 4213 cuilibet
2693 4156 2878 4211 datum
2898 4156 3079 4221 luerit,
3103 4157 3251 4211 nullo
3277 4160 3435 4214 modo
3460 4160 3564 4214 dici
3578 4168 3777 4230 potest.

2196 4250 2267 4304 Et
2289 4250 2391 4305 hoc
2416 4250 2598 4319 itaque
2627 4249 2824 4304 donum
2852 4248 2946 4303 Dei
2973 4248 3242 4304 occultum
3271 4247 3372 4303 fuit
3398 4248 3467 4303 ab
3493 4258 3693 4305 aeterno
3722 4249 3779 4305 in

2195 4336 2356 4395 Patre
2382 4348 2435 4396 et
2463 4339 2629 4405 Filio;
2678 4338 3128 4394 manil‘estandum
3175 4346 3477 4408 opportuno
3516 4346 3776 4409 tempore,

2194 4429 2320 4484 dum
2355 4437 2538 4484 essent
2570 4430 2765 4498 quibus
2802 4428 3137 4483 manifestari
3177 4428 3414 4482 deberet.
3445 4426 3512 4482 Et
3549 4428 3651 4483 hec
3689 4428 3780 4483 ἀοο

2192 4536 2342 4585 num,
2377 4521 2430 4575 id
2454 4529 2566 4585 est,
2602 4519 2835 4591 Spiritus
2862 4527 3081 4575 sanctus
3110 4519 3163 4573 in
3198 4519 3383 4574 eadem
3420 4519 3622 4573 unitate
3652 4518 3778 4574 sub-

2193 4610 2406 4665 stantia:
2450 4618 2504 4663 et
2546 4610 2852 4679 arqualitate
2891 4625 3014 4665 cum
3055 4610 3214 4665 Patre
3240 4617 3295 4663 et
3335 4608 3472 4663 Filio
3509 4609 3775 4665 consistit.

2193 4699 2222 4739 ι)
2254 4698 2381 4754 Sive
2408 4700 2552 4754 enim
2587 4700 2657 4754 sit
2682 4700 2861 4754 unitas
2888 4699 3201 4762 amborum,
3225 4698 3338 4753 sive
3358 4699 3637 4762 sanctitas,
3665 4698 3779 4752 sive

2192 4788 2463 4853 cbaritas;
2501 4787 2615 4841 sive
2638 4788 2758 4842 ideo
2783 4787 2964 4841 unitas
2988 4787 3115 4856 quia
3141 4786 3399 4851 cbaritas,
3430 4793 3485 4841 et
3513 4785 3631 4840 ideo
3649 4785 3779 4840 cha-

2192 4876 2326 4930 ritas
2350 4876 2476 4945 quia
2504 4876 2762 4930 sanctitas
2792 4893 2803 4928 :
2836 4889 3175 4943 nequaquam
3205 4873 3380 4927 minor
3409 4880 3492 4927 est
3517 4873 3571 4926 in
3597 4871 3777 4940 aliquo

2190 4965 2295 5020 illis
2318 4979 2383 5019 ex
2407 4965 2600 5035 quibus
2621 4964 2881 5035 procedit.
2914 4964 2983 5018 Et
3018 4963 3133 5018 haec
3157 4972 3239 5018 est
3278 4977 3486 5017 summa
3514 4962 3776 5028 cbaritas,

2190 5071 2295 5125 qua
2323 5054 2534 5125 genitus
2554 5070 2584 5109 a
2606 5056 2858 5125 gignente
2884 5054 3159 5124 diligatur,
3185 5053 3589 5123 genitoremque
3617 5070 3773 5109 suum

2190 5147 2406 5216 diligat,
2438 5155 2492 5201 et
2532 5147 2651 5202 ideo
2681 5162 2784 5202 non
2815 5145 2977 5219 724
3015 5145 3245 5216 amplius
3272 5160 3431 5216 quam
3470 5145 3571 5199 tria
3600 5154 3726 5201 sunt
3757 5160 3773 5201 :

2190 5255 2329 5293 unus
2354 5239 2581 5309 diligens
2608 5254 2753 5303 eum,
2780 5238 2869 5307 qui
2898 5238 2963 5292 de
3002 5237 3092 5292 illo
3120 5245 3234 5302 est;
3278 5243 3333 5290 et
3371 5250 3509 5289 unus
3548 5234 3777 5305 diligens

2190 5342 2333 5392 eum,
2361 5342 2389 5380 a
2417 5341 2522 5396 quo
2544 5335 2656 5392 est;
2689 5334 2743 5381 et
2773 5327 2884 5396 ipsa
2915 5326 3145 5391 dilectio,
3177 5325 3243 5379 de
3271 5339 3377 5394 qua
3404 5322 3614 5385 dicitur,
3647 5324 3774 5393 quia

2191 5415 2331 5471 Deus
2362 5417 2592 5470 Charitas
2618 5426 2711 5470 est.
2739 5417 2807 5471 Et
2830 5419 2945 5472 btec
2970 5431 3178 5471 summa
3204 5422 3259 5468 et
3285 5412 3569 5469 inell‘abilis
3597 5412 3775 5467 Trini-

2192 5515 2275 5563 tas
2299 5496 2592 5563 non'unius
2616 5507 2711 5562 Dei
2740 5493 2841 5563 dici
2871 5507 3050 5573 debet,
3081 5507 3174 5563 sed
3196 5520 3335 5561 unus
3364 5505 3521 5559 Deus.

2265 5620 2293 5659 ὶ)
2328 5618 2494 5683 Idem,
2520 5634 2636 5687 cap.
2667 5618 2752 5672 85.
