4072 6346
224 238 293 299 ‘57
830 239 1246 303 DOCIIATICA.
1288 270 1356 280 —-
1394 240 1481 294 DE
1521 239 1674 295 FIDE
1714 240 1771 295 S.
1813 238 2204 295 TRINITATIS
2241 238 2419 293 LIBRI
2460 235 2544 291 III.
2588 236 2714 291 LIB.
2759 236 2844 292 III.
3393 237 3465 294 58

804 354 1028 410 CAPUT
1065 356 1204 411 XXI.

228 464 332 521 Cur
354 466 492 520 idem
519 465 743 537 Spiritus
762 478 971 522 sanctus
994 469 1069 521 bis
1089 487 1121 521 a
1144 468 1254 521 Deo
1283 466 1487 521 Christo
1510 467 1664 520 datus
1692 468 1797 520 sit?

293 594 318 619 ι
346 580 566 648 Absque
590 580 920 634 dubitatione
949 580 1067 634 ideo
1096 579 1327 649 Spiritus
1350 587 1568 633 sanctus
1595 578 1678 631 bis
1708 580 1799 633 da-

227 680 307 724 tus
335 680 437 734 est,
466 678 525 724 ut
544 670 1047 724 commendarentur
1069 670 1174 724 duo
1199 680 1461 739 praecepta
1492 668 1793 723 charitatis.

226 760 337 815 Duo
367 770 492 814 sunt
520 762 662 816 enim
698 770 991 830 przecepta,
1024 763 1115 817 sed
1141 778 1245 815 una
1290 770 1371 815 est
1414 762 1680 825 Charitas;
1720 760 1798 814 sic

225 854 381 905 etiam
408 868 548 906 unus
586 852 845 922 Spiritus,
885 860 938 905 et
970 855 1073 908 duo
1109 853 1249 907 data.
1281 854 1389 907 Nec
1422 852 1523 906 alia
1564 852 1798 905 cbaritas

224 940 394 1011 diligit
440 942 771 1011 proximum,
817 956 977 1010 quam
1020 941 1109 995 illa
1154 958 1273 1011 qute
1305 941 1479 1008 diligit
1512 942 1698 995 Deum.
1739 937 1797 993 In

226 1037 367 1081 terra
392 1029 552 1082 datur
582 1029 834 1097 Spiritus,
863 1038 921 1083 ut
946 1030 1195 1098 diligatur
1221 1030 1497 1098 proximus
1526 1046 1538 1080 :
1573 1027 1636 1081 de
1662 1026 1798 1081 cmlo

225 1119 395 1180 datur,
439 1127 498 1171 ut
533 1120 781 1189 diligatur
820 1122 979 1175 Deus.
1034 1120 1289 1187 Quamvis
1334 1121 1403 1174 sit
1450 1119 1591 1173 aliud
1634 1117 1795 1181 Deus,

225 1208 365 1261 aliud
392 1209 698 1277 proximus,
727 1217 901 1263 tamen
946 1222 1053 1264 una
1082 1211 1345 1264 charitate
1384 1208 1682 1279 diligendus
1717 1215 1802 1261 est

226 1301 364 1354 Deus
392 1310 449 1355 et
475 1301 768 1375 proximus.
814 1301 981 1354 Deum
1013 1300 1133 1369 plus
1162 1300 1364 1368 seipso,
1404 1297 1707 1368 proximum
1741 1301 1802 1347 ut

224 1392 461 1461 seipsam
484 1400 693 1445 amator
716 1399 877 1445 amet.
910 1391 965 1444 In
1012 1400 1155 1444 terra
1187 1389 1430 1444 Christus
1458 1389 1603 1443 dedit
1632 1386 1801 1458 Spiri-

226 1489 358 1544 tum,
387 1480 483 1533 sed
507 1480 573 1533 de
600 1480 735 1535 cmlo
762 1491 845 1534 est
870 1479 1010 1549 quod
1040 1480 1203 1533 dedit.
1229 1479 1321 1533 Ille
1353 1480 1497 1533 enim
1522 1479 1688 1542 dedit,
1710 1478 1799 1545 qui

223 1566 286 1621 de
317 1567 461 1621 emlo
490 1568 782 1622 descendit.
814 1567 913 1622 Hie
951 1569 1153 1623 invenit
1180 1569 1265 1622 cui
1311 1570 1496 1633 daret,
1545 1568 1636 1622 sed
1679 1568 1801 1621 inde

224 1656 403 1709 attulit
445 1656 573 1725 quid
606 1656 735 1727 [Al.,
766 1657 927 1729 quod]
960 1659 1130 1712 daret.
1161 1656 1268 1711 Sed
1296 1657 1399 1712 ista
1430 1659 1664 1713 charitas
1692 1672 1797 1710 non

224 1752 437 1797 tenetur
462 1744 563 1797 nisi
594 1746 645 1798 in
675 1746 878 1800 unitate
905 1746 1155 1800 Ecclesiae
1176 1745 1397 1811 Christi,
1419 1761 1518 1799 nec
1541 1746 1682 1799 illam
1708 1747 1802 1799 ha-

224 1832 368 1894 bent,
401 1833 492 1902 qui
525 1848 583 1886 se
609 1834 852 1889 dividunt
878 1836 942 1888 ah
971 1836 1174 1888 unitate
1199 1835 1475 1889 catholicae
1504 1836 1670 1904 pacis.

807 1941 1033 1999 CAPUT
1067 1944 1232 1998 XXII.

230 2051 475 2116 Quamvis
504 2053 709 2106 diversa
746 2054 847 2105 sint
887 2052 984 2105 Dei
1014 2053 1150 2106 dona
1179 2055 1231 2107 in
1263 2055 1478 2119 sanctis,
1502 2058 1567 2109 ab
1591 2072 1694 2110 uno
1722 2071 1809 2117 eo:

456 2122 673 2191 demque
695 2119 889 2192 Spiritu
915 2123 1131 2191 singulis
1153 2126 1360 2193 singula
1384 2126 1594 2178 dantur.

293 2231 442 2284 Dona
483 2232 655 2285 sancti
696 2231 928 2302 Spiritus
966 2234 1224 2287 membris
1254 2233 1505 2289 Ecclesia:
1539 2234 1805 2304 sigillatim

225 2319 562 2382 dividuntur,
591 2329 646 2373 et
692 2321 911 2392 singulis
950 2322 1156 2391 singula
1203 2323 1341 2376 dona
1384 2324 1710 2377 tribuuntur.
1748 2324 1806 2377 In

222 2406 443 2461 Christo
498 2408 760 2475 siquidem
818 2408 931 2463 solo
979 2410 1152 2463 omnis
1203 2410 1476 2479 plenitudo
1523 2411 1804 2475 donorum,

222 2498 347 2565 quia
377 2497 556 2550 omnis
582 2497 855 2566 plenitudo
896 2499 1193 2553 divinitatis
1228 2501 1281 2553 in
1308 2515 1372 2554 eo
1399 2501 1622 2555 habitat.
1656 2498 1807 2556 Unde

222 2589 414 2657 plenus
456 2589 643 2659 gratiae
671 2598 725 2642 et
750 2589 993 2643 veritatis
1029 2591 1097 2643 ah
1125 2591 1451 2661 evangelista
1485 2590 1810 2661 praedicatur

222 2677 409 2744 (Joan.
438 2694 476 2739 ι,
503 2676 609 2745 Η).
635 2676 691 2729 In
715 2676 917 2746 Spiritu
948 2686 1134 2733 sancto
1156 2680 1329 2733 omnis
1351 2680 1523 2749 gratia
1547 2680 1807 2735 donorum

225 2766 474 2817 consistit
504 2763 637 2836 [Al.,
667 2765 901 2835 existit];
936 2766 1049 2835 ipse
1075 2767 1238 2833 enim,
1271 2778 1429 2838 prout
1447 2768 1580 2834 vult,
1607 2771 1809 2840 gratias

228 2852 492 2906 donorum
541 2854 784 2924 largitur,
830 2854 949 2908 aliis
988 2856 1120 2909 dans
1169 2872 1469 2911 sermonem
1511 2859 1805 2927 sapientiae,

228 2944 346 2996 aliis
374 2945 643 3007 scientize,
675 2944 794 2999 aliis
839 2945 1032 3011 ﬁdem;
1084 2955 1244 3015 atque
1275 2946 1393 3020 [ita]
1434 2948 1719 3017 unicuique
1752 2949 1806 3002 in

1819 359 1868 418 Α
1884 353 2153 431 λιιηιειιθιι]
2185 351 2476 421 largitoris,
2505 358 2561 405 et
2587 350 2640 403 in
2667 349 2914 404 omnibus
2938 346 3079 401 idem
3107 345 3339 417 Spiritus
3365 349 3466 403 ha-

1897 443 2075 503 betur,
2106 441 2244 495 sicut
2266 441 2317 493 in
2342 436 2616 509 pro‘phetis
2642 454 2776 491 unus
2799 446 2957 506 atque
2987 437 3126 491 idem
3157 437 3363 492 locutus
3386 446 3472 491 est

1899 533 2130 602 Spiritus
2161 530 2211 599 (I
2236 530 2357 583 Cor.
2381 545 2480 593 xu,
2504 529 2537 581 4
2562 532 2713 599 seq.).
2742 528 2857 597 Ipse
2879 529 3039 581 etiam
3066 525 3354 581 ineffabilia
3378 526 3471 579 do-

1896 629 2013 684 cet,
2052 635 2171 688 qum
2201 617 2444 687 proferre
2485 617 2749 670 humanus
2776 631 2953 670 sermo
2981 630 3085 669 non
3114 622 3321 684 potest;
3360 615 3473 683 ipse
3540 676 3550 682 ο

1896 711 2038 765 enim
2081 708 2275 762 dicitur
2315 707 2381 759 ab
2419 705 2671 775 Apostolo
2711 707 2994 776 gemitibus
3025 703 3473 759 inenarrabilibus

1897 798 2167 869 postulare
2195 811 2291 865 pro
2316 796 2469 849 nobis
2504 794 2679 864 (Rom.
2708 812 2826 859 vni,
2858 796 2945 866 26)
2973 813 2986 848 :
3019 795 3291 865 postulare
3315 794 3474 864 plane

1899 887 2112 951 dicitur,
2153 888 2275 955 quia
2316 900 2413 938 nos
2452 884 2782 953 postulantes
2828 886 2955 939 facit
2998 884 3252 940 ineffabili
3294 883 3473 938 cordis

1898 978 2116 1047 gemitu.
2169 975 2274 1029 Sed
2318 990 2422 1028 non
2464 989 2604 1028 nunc
2628 1014 2642 1039 ,
2688 983 2748 1027 ut
2786 977 3086 1043 quondam,
3126 977 3261 1030 dona
3300 976 3472 1029 sancti

1900 1069 2132 1139 Spiritus
2176 1076 2299 1122 sunt
2333 1067 2385 1120 in
2420 1068 2754 1131 hominibus;
2795 1082 2919 1119 nam
2961 1067 3147 1135 paucis
3188 1067 3240 1120 in
3278 1064 3474 1134 populo

1898 1157 2061 1211 Israel
2091 1157 2226 1212 dona
2266 1158 2601 1211 emicuerunt
2636 1156 2805 1209 sancti
2839 1154 3070 1225 Spiritus
3107 1170 3202 1224 per
3227 1154 3479 1223 quaelibet

1900 1246 2081 1316 signa,
2107 1245 2190 1299 vel
2212 1246 2556 1314 ,prophetias;
2614 1262 2756 1300 nunc
2786 1254 2962 1300 autem
2991 1246 3043 1298 in
3074 1245 3217 1297 omni
3256 1244 3479 1297 creden-

1901 1336 2031 1389 tium
2071 1336 2408 1389 multitudine
2449 1334 2680 1404 Spiritus
2720 1337 2888 1389 sancti
2933 1335 3105 1404 gratia
3144 1332 3476 1396 diffunditur,

1901 1425 2191 1479 secundum
2246 1424 2568 1479 voluntatem
2630 1424 2998 1478 distiikuentis
3056 1422 3287 1491 Spiritus
3344 1418 3475 1490 [Al.,

1901 1515 2039 1586 Dei].
2070 1516 2136 1568 Et
2159 1517 2259 1569 hoc
2286 1524 2386 1578 est,
2419 1515 2631 1582 quodin
2660 1513 2948 1582 Evangelia
2972 1512 3198 1565 dicitur:
3228 1510 3477 1563 Nondum

1900 1604 2036 1658 enim
2073 1612 2184 1656 erat
2220 1602 2447 1673 Spiritus
2477 1602 2663 1666 datus,
2695 1603 2819 1671 quia
2853 1599 3009 1654 Iesus
3049 1599 3277 1653 nondum
3308 1598 3481 1667 fuerat

1902 1690 2222 1761 gloriﬁcatus
2268 1690 2397 1762 [Al.,
2426 1689 2766 1762 clariﬁcatus]
2809 1690 2987 1760 (Joan.
3029 1705 3125 1751 vn,
3171 1689 3284 1758 '59).
3332 1686 3484 1741 Sicut

1903 1784 2047 1837 enim
2073 1783 2234 1837 unius
2265 1782 2509 1852 corporis
2542 1783 2781 1835 membra
2819 1781 3026 1834 diversa
3056 1779 3253 1833 habent
3281 1776 3480 1842 ofﬁcia,

1906 1888 2024 1943 qua:
2053 1882 2230 1939 tamen
2266 1873 2444 1927 omnia
2470 1887 2575 1925 una
2613 1880 2869 1940 Operatur
2901 1870 3079 1923 anima
3104 1877 3159 1923 et
3183 1868 3341 1937 regit,
3372 1867 3481 1921 dis-

1906 1966 2149 2020 tribuens
2191 1963 2480 2031 unicuique
2532 1962 2802 2025 mcmbro,
2830 1961 2957 2030 qui-.l
2993 1959 3186 2023 faciat;
3218 1957 3390 2019 oculo,
3425 1964 3486 2010 ut

1905 2054 2120 2118 videat;
2151 2052 2355 2115 manui,
2384 2060 2444 2105 ut
2473 2060 2752 2120 operetur;
2782 2050 2938 2119 pedi,
2966 2060 3022 2102 ut
3048 2048 3313 2112 ambulet;
3345 2046 3481 2112 auri,

1905 2149 1966 2197 ut
1990 2141 2171 2194 audiat
2200 2158 2211 2191 :
2240 2140 2316 2194 sic
2343 2148 2467 2193 sunt
2487 2140 2649 2193 etiam
2673 2140 2883 2192 diversa
2916 2139 3052 2191 dona
3084 2136 3327 2190 fidelibus
3359 2144 3481 2188 tan-

1905 2245 2066 2299 quam
2094 2229 2351 2282 membris
2372 2230 2436 2283 ad
2463 2242 2767 2281 mensuram
2787 2227 2978 2295 cuique
3001 2226 3271 2295 prepriam
3295 2224 3481 2278 distri-

1904 2318 2053 2371 buta.
2085 2315 2337 2381 Quamvis
2362 2316 2523 2377 enim,
2547 2325 2601 2368 et
2632 2316 2684 2368 in
2714 2314 2860 2368 omni
2888 2314 3121 2367 ﬁdelium
3144 2312 3485 2367 multitudine

1907 2405 2131 2458 diversae
2157 2405 2263 2459 sint
2283 2405 2544 2457 donorum
2565 2405 2771 2473 gratim,
2798 2418 2964 2456 unum
2988 2410 3165 2457 tamen
3185 2418 3381 2471 corpus
3402 2413 3487 2456 est

1907 2492 2159 2547 Ecclesite
2184 2508 2282 2561 per
2308 2508 2474 2546 unum
2502 2492 2782 2561 Spiritum,
2806 2507 2908 2545 una
2930 2492 3207 2546 charitatis
3229 2506 3487 2561 compage

1906 2584 2328 2653 conglutinatum
2374 2592 2535 2652 atque
2577 2598 2873 2637 connexum
2908 2600 2921 2635 :
2953 2582 3045 2650 qui
3084 2582 3319 2650 Spiritus
3352 2594 3486 2636 mea:

1907 2673 2223 2727 humilitatis
2262 2672 2472 2740 spiritui
2502 2672 2765 2740 inspirare
2792 2671 3063 2739 dignetur.
3086 2670 3213 2738 quid
3234 2670 3486 2738 deinceps

1908 2764 2191 2818 dicendum
2220 2763 2291 2816 sit
2318 2762 2383 2816 de
2410 2760 2663 2815 ineffabili
2691 2759 2890 2814 Christi
2918 2757 3044 2812 Jesu
3073 2758 3280 2812 Domini
3313 2759 3485 2813 nostri

1907 2854 2216 2919 Nativitate,
2245 2853 2311 2907 de
2336 2866 2441 2922 quo
2479 2852 2745 2919 Propheta
2785 2851 2860 2903 ait
2896 2867 2909 2903 :
2948 2847 3341 2903 Generationem
3374 2849 3485 2917 ejus

1907 2948 2023 3019 quis
2055 2946 2315 3001 enarrabit
2348 2944 2498 3015 (Isai.
2533 2959 2651 3006 Llll,
2682 2942 2773 3010 8)?
2802 2940 2944 3008 quod
2972 2940 3040 2994 ab
3089 2938 3193 2993 alio
3222 2938 3482 3008 incipien-

224 3031 425 3085 virtute
454 3034 625 3087 sancti
652 3032 883 3103 Spiritus
910 3036 1083 3109 gratia
1110 3036 1365 3106 tribuitur
1394 3039 1686 3093 secundum
1713 3053 1805 3093 vo-
1829 3025 1878 3088 ο
1909 3037 2036 3092 dum
2061 3050 2179 3091 esse
2199 3033 2419 3089 exordio
2446 3032 2638 3087 melius
2663 3030 2914 3084 arbitror.

301 3173 325 3201 ι
368 3162 571 3218 Encas
594 3163 765 3227 Paris,
797 3180 914 3234 cap.
952 3164 1040 3220 86.

239 3305 611 3319 ______
645 3306 843 3319 ____._
896 3307 903 3320 ,
2019 3307 2023 3310 ,
2216 3306 2219 3307 ,
3432 3296 3441 3320 ι

1516 3390 1749 3451 LIBER
1793 3389 2151 3450 TERTIUS.

832 3506 1213 3566 PROLOGUS.

300 3597 447 3651 Duas
476 3598 616 3651 enim
655 3608 931 3655 creaturas
969 3601 1253 3655 rationales
1284 3599 1520 3655 condldit
1543 3610 1752 3655 creator
1787 3616 1799 3654 :

228 3702 393 3741 uuam
433 3687 734 3751 ccelestem,
768 3688 991 3743 alteram
1030 3698 1370 3756 terrestrem;
1422 3700 1478 3745 et
1521 3700 1803 3759 utramque

228 3776 383 3830 liberi
423 3777 633 3830 arbitrii
673 3786 935 3846 potestate
971 3779 1301 3843 nobilitavit,
1329 3787 1389 3834 ut
1424 3779 1720 3833 voluntarie
1750 3779 1801 3831 in

227 3866 520 3920 dilectione
541 3864 658 3929 Dei,
680 3874 735 3919 et
758 3866 949 3920 divina:
973 3866 1223 3935 potentia
1248 3864 1402 3919 laude
1427 3864 1805 3935 perpetualiter

225 3967 395 4026 atque
424 3957 581 4009 beate
606 3964 964 4024 permaneret.
998 3953 1103 4010 Sed
1130 3956 1253 4025 quia
1286 3957 1451 4025 prior,
1481 3956 1531 4011 id
1566 3965 1667 4020 est,
1706 3973 1803 4010 an-

225 4046 420 4116 gelica,
448 4060 553 4097 non
586 4053 761 4098 tamen
794 4052 922 4111 tota,
946 4045 1161 4114 propria
1181 4044 1492 4099 delectando
1521 4044 1680 4114 725
1706 4059 1805 4113 po-

224 4138 436 4201 tentia,
470 4136 535 4189 ab
564 4149 746 4189 amore
782 4132 971 4188 summi
1011 4134 1134 4189 boni
1177 4134 1450 4199 recedens,
1493 4134 1544 4187 in
1576 4134 1808 4203 seipsam

227 4228 477 4296 delapsa,
507 4226 587 4279 sui
636 4224 901 4278 homicida
941 4224 1079 4279 facta
1112 4233 1216 4299 est,
1254 4239 1608 4279 aerumnosam
1649 4231 1810 4292 atque

227 4317 503 4388 pcenalem
532 4315 823 4383 impietatis
847 4329 957 4367 sua:
990 4314 1343 4368 :eternitatem
1375 4320 1597 4382 experta
1633 4326 1647 4365 :
1689 4327 1814 4381 pro-

226 4407 359 4460 inde
396 4405 595 4459 invidia
623 4411 809 4459 contra
854 4404 1123 4458 hominem
1158 4403 1524 4467 inardescens,
1561 4416 1627 4456 ne
1657 4401 1816 4457 emle—

226 4508 373 4553 stem
400 4495 750 4552 beatitudinis
778 4494 957 4548 sedem
988 4493 1304 4563 possideret,
1336 4492 1579 4547 incitavit
1603 4507 1725 4545 eum
1750 4490 1816 4546 ad

230 4586 594 4657 peccandum,
621 4583 860 4638 efﬁciens
878 4598 999 4637 eum
1030 4598 1137 4637 sum
1159 4584 1363 4637 socium
1391 4582 1641 4646 miseriae,
1663 4581 1816 4649 quasi

228 4678 509 4748 quoddam
551 4674 802 4728 solatium
849 4674 949 4727 sibi
990 4681 1135 4728 esset
1173 4688 1295 4727 cum
1343 4672 1589 4743 plurimis
1631 4685 1818 4741 pmnas

225 4768 344 4841 pati
377 4785 390 4820 :
422 4766 513 4819 vel
540 4765 701 4820 etiam
740 4771 799 4817 ut
833 4763 1024 4834 injuria
1064 4762 1296 4817 creatori
1332 4762 1638 4816 inureretur
1683 4758 1814 4831 [Al.,

227 4855 623 4927 ingereretur],
648 4855 691 4909 si
722 4862 970 4910 creatura
996 4854 1061 4908 ad
1085 4853 1371 4924 imaginem
1402 4867 1554 4907 suam
1581 4851 1816 4915 condita,

228 4947 451 5016 perdito
471 4945 746 5015 dignitatis
768 4960 876 4998 sua:
906 4944 1117 4998 nomine
1137 4950 1192 4997 et
1206 4943 1424 4996 numine
1446 4940 1577 5011 [Al.,
1601 4941 1819 4995 nomine

228 5040 285 5093 in
317 5047 589 5093 aeternum
627 5038 803 5106 ignem
838 5035 991 5106 sum],
1029 5051 1136 5090 sum
1171 5035 1488 5089 subderetur
1532 5032 1815 5103 impietati.

228 5129 390 5196 Quod
412 5129 536 5199 pius
560 5128 807 5182 conditor
829 5142 933 5181 non
958 5141 1146 5195 passus
1162 5164 1176 5189 ,
1210 5125 1497 5181 miseratus
1524 5124 1815 5189 hominem,

228 5219 541 5275 reformare
568 5234 692 5273 eum
720 5219 903 5272 volens
929 5218 995 5272 ad
1019 5218 1254 5287 pristina:
1276 5218 1549 5288 dignitatis
1575 5215 1821 5273 nobilita-

229 5322 369 5375 tem,
396 5310 550 5366 misit
579 5310 792 5363 unicum
822 5308 1016 5362 Filium
1043 5323 1195 5361 suum
1224 5308 1494 5363 hominem
1526 5308 1817 5377 suscipere,

228 5413 293 5459 ut
332 5405 477 5459 idem
497 5444 511 5467 ,
541 5402 635 5472 qui
660 5401 799 5455 Deus
822 5408 940 5454 erat
979 5414 1045 5452 ex
1091 5399 1199 5453 Deo
1220 5438 1235 5463 ,
1262 5407 1404 5453 esset
1432 5399 1591 5453 homo
1627 5413 1693 5452 ex
1721 5401 1819 5453 lio-

228 5495 416 5560 mine,
456 5504 514 5549 et
554 5492 874 5549 immortalis
908 5491 1132 5546 haberet
1159 5490 1359 5558 aliquid
1386 5490 1527 5544 unde
1562 5489 1698 5545 mori
1728 5505 1821 5559 po-

235 5588 449 5641 tuisset.
485 5585 789 5655 Assumpsit
834 5585 1012 5651 itaque
1042 5582 1135 5637 Dei
1176 5580 1341 5634 Filius
1387 5596 1448 5634 ex
1495 5580 1820 5634 mortalitate

1908 3518 2121 3574 nostra,
2151 3507 2293 3562 unde
2322 3507 2466 3563 salva
2494 3521 2588 3561 sua
2620 3504 3052 3567 immortalitate,
3080 3502 3324 3558 mortalis
3345 3502 3488 3557 esset

1910 3596 2041 3671 [Al.,
2074 3599 2211 3654 mori
2239 3597 2541 3668 potuisset].
2570 3604 2626 3652 et
2649 3596 2917 3651 diabolum
2956 3595 3189 3649 hominis
3224 3594 3487 3647 victorem

1909 3692 2080 3763 magis
2104 3682 2343 3747 vinceret
2360 3689 2564 3758 justitia
2593 3703 2754 3758 quam
2783 3688 3020 3757 potentia
3041 3727 3054 3749 ,
3096 3694 3154 3739 ut
3181 3684 3490 3739 ostenderet

1892 3792 2224 3853 utrumque,
2249 3788 2303 3835 et
2328 3788 2635 3849 perpetuam
2675 3777 2942 3844 aequitatis
2979 3792 3088 3830 suae
3108 3774 3402 3843 justitiam,
3434 3782 3490 3828 et

1911 3881 2125 3925 aeternae
2164 3867 2420 3922 bonitatis
2459 3865 2612 3937 [suae]
2650 3865 3090 3919 misericordiam.
3128 3862 3397 3917 Justitiam
3432 3862 3489 3917 in

1912 3962 2097 4032 angelo
2122 3957 2387 4015 homicida
2418 3958 2499 4011 sui
2528 3957 2695 4025 ipsius
2716 3962 2875 4025 atque
2894 3953 3156 4019 hominis;
3190 3953 3242 4007 in
3272 3954 3489 4007 homine

1910 4065 2039 4104 vero
2065 4050 2133 4103 ab
2157 4048 2345 4102 eodem
2374 4046 2580 4117 perdito
2608 4044 3054 4110 misericordiam,
3075 4059 3232 4113 quem
3254 4045 3487 4114 gratuito

1913 4152 2119 4207 magum
2145 4135 2357 4206 pietatis
2383 4149 2491 4189 sua:
2514 4149 2737 4188 munere
2765 4134 3027 4189 redimere
3049 4132 3233 4187 voluit.
3258 4131 3407 4199 Quod
3430 4133 3486 4187 in

1918 4229 2264 4298 sequentibus
2279 4225 2457 4281 divina
2470 4227 2627 4282 nobis
2639 4227 2871 4281 donante
2883 4226 3056 4296 gratia
3067 4225 3265 4280 dicturi
3278 4239 3482 4280 sumus.

2424 4336 2651 4393 CAPUT
2690 4335 2979 4391 PRIMUM.

2089 4408 2168 4461 De
2192 4406 2362 4478 gratia
2392 4407 2504 4471 Dei,
2537 4423 2639 4478 qua
2662 4406 2799 4459 Deus
2828 4407 2981 4459 homo
3011 4404 3183 4473 factus
3209 4412 3304 4458 est.

1982 4497 2039 4551 In
2071 4499 2172 4552 hoc
2198 4498 2361 4551 etiam
2391 4497 2671 4551 evidenter
2703 4496 3113 4551 commendatur
3141 4494 3283 4563 quod
3312 4491 3485 4562 Spiri-

1915 4596 2004 4644 tus
2032 4598 2251 4644 sanctus
2284 4589 2354 4643 sit
2381 4588 2580 4643 donum
2610 4587 2726 4652 Dei,
2758 4586 2897 4640 sicut
2931 4600 3090 4654 supra
3128 4584 3482 4649 ostendimus,

1917 4677 2043 4732 dum
2070 4677 2265 4732 dicitur
2288 4677 2343 4731 in
2380 4676 2636 4747 Symbolo
2666 4674 2943 4730 catholicm
2987 4673 3129 4736 ﬁdei,
3158 4671 3300 4742 quod
3328 4670 3485 4726 Chri-

1917 4778 2031 4826 stus
2066 4772 2131 4825 de
2168 4769 2372 4840 Spiritu
2401 4778 2588 4825 sancto
2618 4776 2927 4838 conceptus,
2965 4775 3020 4820 et
3065 4782 3131 4821 ex
3161 4765 3329 4820 Maria
3368 4766 3479 4819 vir-

1917 4861 2037 4932 gine
2070 4861 2142 4916 sit
2166 4869 2342 4915 natus.
2375 4860 2509 4916 Cum
2528 4861 2686 4914 aliter
2713 4860 2778 4914 de
2806 4860 2915 4923 illo,
2940 4858 3097 4913 aliter
3127 4858 3192 4912 de
3214 4857 3301 4911 illa
3326 4866 3486 4912 natus

1916 4950 2007 5015 sit,
2035 4966 2143 5005 non
2180 4951 2244 5005 de
2274 4950 2364 5005 illo
2396 4952 2535 5006 sicut
2575 4951 2641 5005 de
2678 4950 2855 5014 Patre,
2895 4950 2958 5005 de
2980 4948 3068 5002 illa
3106 4963 3234 5002 vero
3259 4948 3399 5003 sicut
3419 4948 3486 5002 de

1917 5040 2086 5095 Matre
2126 5057 2138 5093 :
2171 5041 2297 5110 quid
2318 5049 2496 5096 tamen
2529 5040 2618 5095 hic
2645 5041 2815 5095 sancti
2847 5039 3081 5107 Spiritus
3111 5038 3313 5093 mentio
3344 5036 3483 5092 facta

1919 5137 2019 5195 est,
2074 5130 2177 5185 nisi
2232 5132 2372 5200 quod
2420 5146 2610 5201 magna
2664 5131 2755 5185 Dei
2813 5131 2984 5201 gratia
3044 5126 3486 5185 commendatur?

1918 5217 2056 5284 Quid
2091 5219 2231 5273 enim
2283 5228 2471 5274 natura
2511 5221 2743 5275 humana
2763 5209 2826 5275 in
2855 5222 3071 5275 homine
3107 5220 3326 5276 Christo
3373 5231 3486 5274 me-

1922 5312 2047 5375 ruit,
2083 5319 2141 5365 ut
2176 5313 2229 5365 in
2284 5313 2490 5368 unitate
2539 5313 2668 5384 [Al.,
2712 5314 2997 5386 unitatem]
3047 5330 3290 5383 persona:
3343 5310 3483 5367 unici

1920 5402 2041 5456 Filii
2102 5404 2193 5457 Dei
2233 5404 2578 5474 singulariter
2634 5415 2777 5461 esset
2822 5408 3133 5476 assumpta?
3175 5406 3304 5473 Qua:
3344 5406 3484 5460 bona

1919 5493 2203 5547 voluntas?
2256 5493 2420 5561 Cujus
2447 5495 2571 5549 boni
2596 5497 2855 5566 propositi
2901 5498 3173 5553 studium?
3216 5495 3345 5562 Quae
3390 5495 3485 5549 ho-

1923 5598 1987 5635 na
2014 5598 2175 5650 opera
2201 5595 2613 5653 praecesserunt,
2651 5590 2844 5657 quibus
2883 5595 3181 5643 mereretur
3214 5586 3318 5643 ista
3348 5584 3483 5660 [Al.,

4002 152 4011 199 λ

4004 400 4009 455 il

3982 554 3983 565 χ
4010 496 4021 547 ³ι
