4072 6346
4 1176 7 1197 5
14 1176 15 1179 η

4 1208 13 1233 b

4 1262 5 1275 ι

579 237 650 293 39
1422 223 1482 277 Β.
1522 221 1583 275 F.
1624 218 1845 274 ALBINI
1885 217 2016 273 SEU
2054 216 2327 272 ALCUINI
2364 215 2644 274 OPERUM
2680 217 2858 272 PARS
2896 217 2981 272 Ill.
3757 223 3828 279 ιο

582 356 708 428 iste]
729 350 911 416 htﬁno,
942 362 1046 403 una
1077 344 1191 400 ﬁeri
1212 354 1438 413 persona
1466 353 1587 392 cum
1608 337 1736 399 Deo,
1773 334 1881 388 imo
1906 342 1959 387 et
1986 333 2146 387 homo
2173 333 2369 392 Aeum
2418 332 2484 385 de
2509 332 2726 401 Virgine
2757 333 2942 386 nasci?
2986 330 3119 397 Quia
3148 332 3250 387 hoc
3275 348 3411 402 opus
3458 334 3705 391 mirabile
3737 347 3822 394 to-

583 425 707 518 ipse"
723 441 898 499 Deus?
923 440 1122 505 Nempe
1153 435 1265 503 ipse
1290 447 1355 485 ex
1382 444 1488 497 quo
1508 442 1626 481 esse
1645 427 1806 480 homo
1832 425 2010 492 cmpit,
2038 438 2147 518 non

584 511 728 593 aliud
759 532 922 603 coepit
943 542 1062 584 esse
1083 538 1240 593 quam
1264 521 1358 575 Dei
1378 519 1569 582 Filius,
1593 518 1766 571 ethoc
1787 514 1995 577 unicus,
2029 511 2148 564 uni-

583 630 794 702 genitus
814 635 867 680 et
900 621 1182 694 proprius;
1239 625 1293 670 et
1320 620 1540 683 propter
1570 610 1661 664 Dei
1715 609 1975 702 Verbum,
2003 605 2148 674 quod

584 697 710 774 caro
735 718 934 771 factum
963 719 1065 773 est,
1096 709 1280 775 utique
1303 706 1443 759 Deus
1468 720 1481 767 ;
1514 709 1574 754 ut
1595 697 2037 768 quemadmodum
2065 702 2147 749 est

583 824 689 863 una
711 820 936 877 persona
957 800 1183 871 quilibet
1206 798 1384 859 homo,
1410 792 1588 846 anima
1633 788 1840 842 scilicet
1868 784 2149 840 rationalis

584 908 639 953 et
685 913 828 957 caro,
869 894 941 947 ita
990 890 1061 945 sit
1103 887 1349 943 Christus
1398 898 1501 936 una
1530 894 1783 949 persona,
1812 878 2048 932 Verbum
2093 884 2149 929 et

583 1004 710 1044 caro
740 984 871 1057 [Al.,
927 990 981 1036 et
1008 980 1231 1033 verbum
1258 972 1430 1043 caro].
1472 969 1622 1026 Unde
1652 976 1858 1022 naturae
1901 967 2149 1020 humana:

587 1087 732 1132 tanta
777 1075 945 1146 gloria
999 1070 1157 1125 nullis
1181 1063 1604 1137 praecedentibus
1629 1060 1853 1123 meritis,
1896 1059 2011 1113 sine
2058 1058 2151 1112 du—

582 1168 845 1225 bitatione
894 1161 1122 1235 gratuito
1159 1170 1401 1219 munere,
1457 1152 1557 1207 nisi
1587 1151 1712 1219 quia
1762 1163 1955 1218 magna
1982 1148 2069 1201 hic
2097 1155 2152 1201 et

583 1258 696 1315 sola
744 1255 839 1309 Dei
887 1253 1059 1323 gratia
1112 1248 1339 1303 ﬁdeliter
1371 1252 1424 1299 et
1459 1242 1637 1297 sobrie
1684 1238 2150 1294 considerantibus

581 1349 859 1405 evidenter
914 1339 1245 1397 ostenditur?
1310 1344 1369 1390 ut
1414 1333 1711 1401 intelligant
1764 1329 2009 1384 homines
2055 1343 2151 1397 per

580 1438 822 1495 eamdem
865 1432 1090 1503 gratiam
1121 1446 1177 1484 se
1200 1426 1483 1499 justiﬁeari
1518 1437 1674 1491 posse
1714 1437 1741 1474 a
1771 1420 2025 1490 peccatis,
2055 1433 2151 1487 per

581 1544 743 1598 quam
799 1525 995 1579 factum
1038 1519 1207 1574 est'ut
1260 1514 1695 1572 homoChristus
1734 1509 1936 1564 nullum
1982 1508 2151 1577 possit

580 1619 778 1673 habere
820 1620 1118 1683 peceatum.
1173 1608 1264 1661 Sic
1312 1611 1552 1659 sanetam
1590 1600 1865 1670 Virginem
1922 1605 2149 1652 matrem

2249 432 2359 476 tum
2391 425 2528 478 dono
2572 423 2702 495 [AI.,
2750 424 2971 495 donum]
3016 424 3108 478 Dei
3155 424 3356 480 factum
3409 435 3514 491 est,
3543 435 3597 482 et
3623 429 3824 488 donum

2245 514 2339 568 Dei
2386 516 2603 585 proprie
2647 514 2881 583 Spiritus
2932 524 3149 570 sanctus
3183 518 3399 571 dicitur.
3445 518 3632 589 Neque
3676 523 3825 578 enim

2246 605 2371 673 quia
2428 605 2683 660 mundum
2734 606 2893 659 istum
2941 605 3067 660 fecit
3118 607 3279 671 Deus,
3314 604 3421 663 dici
3467 625 3592 664 eum
3631 610 3714 667 fas
3742 622 3827 668 est

2246 696 2342 750 Dei
2368 695 2592 760 Filium;
2626 696 2769 750 haud
2799 697 2942 750 enim
2998 713 3120 751 eum
3168 706 3379 767 oportet
3414 700 3593 756 dicere
3638 713 3827 759 natum
3912 742 3915 743 ν

2247 784 2312 837 de
2339 785 2470 849 Deo,
2502 785 2595 839 sed
2638 784 2862 851 factum,
2887 786 2971 839 vel
3020 795 3280 849 creatum,
3305 789 3388 843 vel
3412 793 3706 859 conditum,
3741 796 3827 850 vel

2247 874 2550 929 institutum
2591 875 2659 928 ab
2698 875 2810 939 illo,
2836 876 2919 929 vel
2948 876 2991 928 si
3023 876 3151 944 quid
3196 875 3501 943 hujusmodi
3526 889 3673 937 recte
3703 898 3829 951 pos-

2247 979 2433 1017 sumus
2452 964 2648 1018 dicere.
2675 963 2783 1017 Nec
2818 965 2981 1033 igitur
3007 967 3407 1021 concedendum
3426 976 3528 1034 est,
3559 972 3828 1040 quidquid

2247 1057 2315 1111 de
2354 1057 2531 1126 aliqua
2575 1073 2633 1111 re
2671 1066 2942 1120 nascatur,
2991 1059 3246 1112 continuo
3272 1058 3510 1125 ejusdem
3539 1063 3617 1116 rei
3656 1064 3830 1119 lilium

2247 1148 2684 1216 nuncupandum.
2719 1148 2789 1202 Ut
2817 1148 2882 1200 de
2908 1148 3087 1201 multis
3109 1150 3371 1217 exemplis
3398 1152 3497 1205 hoc
3522 1151 3826 1219 proferam,

2248 1243 2393 1290 certe
2439 1236 2531 1304 qui
2570 1243 2864 1289 nascuntur
2890 1251 2953 1289 ex
2994 1252 3131 1306 aqua
3159 1245 3213 1291 et
3260 1236 3463 1307 Spiritu
3493 1249 3697 1303 sancto,
3736 1257 3829 1297 ne-

2249 1342 2353 1395 que
2385 1326 2521 1380 ﬁlios
2551 1342 2643 1381 eos
2674 1335 2821 1381 recte
2852 1327 3133 1395 quisquam
3167 1328 3362 1381 dixerit
3390 1345 3562 1398 aquae,
3592 1331 3677 1384 vel
3706 1331 3830 1401 Spi-

2250 1417 2386 1471 ritus
2413 1416 2605 1481 sancti,
2639 1417 2731 1471 sed
2776 1417 2934 1485 plane
2977 1418 3229 1472 dicuntur
3257 1418 3375 1472 Filii
3406 1420 3500 1473 Dei
3551 1419 3726 1476 Patris
3773 1430 3831 1476 et

2249 1506 2440 1560 matris
2462 1506 2736 1560 Ecclesi:e.
2760 1506 2849 1560 Sic
2874 1522 3004 1577 ergo
3025 1510 3089 1561 de
3113 1508 3317 1577 Spiritu
3346 1519 3533 1564 sancto
3555 1522 3717 1566 natus
3742 1523 3829 1568 est

2250 1595 2418 1649 Filius
2448 1597 2543 1650 Dei
2589 1595 2788 1661 Patris,
2836 1605 2891 1650 et
2938 1614 3042 1650 non
3076 1597 3308 1666 Spiritus
3353 1601 3545 1655 sancti.
3596 1602 3651 1656 Si
3682 1604 3828 1658 enim

579 1708 787 1763 scilicet
821 1678 948 1756 Pilii
980 1701 1092 1763 Dei,
1121 1696 1339 1767 angelus
1382 1692 1649 1754 salutavit,
1677 1690 1891 1760 quando
1930 1690 1979 1742 ei
2011 1688 2150 1741 futu-
2182 1678 2219 1734 Β
2249 1685 2417 1739 Filius
2460 1685 2695 1755 Spiritus
2740 1688 2910 1741 sancti
2944 1688 3213 1742 diceretur
3254 1690 3503 1744 Christus
3531 1693 3829 1748 secundum

580 1814 699 1851 rum
744 1792 1006 1849 nuntiavit
1056 1796 1268 1859 partum
1305 1804 1319 1843 :
1353 1785 1455 1838 Ave
1486 1783 1700 1855 (inquit)
1738 1780 1907 1851 gratia
1956 1778 2146 1848 plena;

577 1898 634 1943 et
679 1884 837 1955 paulo
883 1889 1040 1951 post:
1075 1876 1324 1931 Invenisti
1366 1875 1480 1945 (ait)
1531 1873 1754 1943 gratiam
1797 1870 1938 1939 apud
1979 1868 2150 1920 Deum

577 1976 732 2047 (Luc.
765 1990 804 2038 ι,
851 1972 945 2036 28,
992 1969 1104 2041 50).
1148 1968 1214 2021 Et
1244 1967 1358 2019 haec
1406 1965 1619 2033 quidem
1669 1961 1839 2032 gratia
1890 1960 2066 2029 plena,
2094 1965 2151 2013 et

577 2065 843 2120 invenisse
873 2060 1013 2131 apud
1034 2059 1203 2113 Deum
1230 2057 1456 2127 gratiam
1480 2054 1694 2115 dicitur,
1724 2061 1783 2106 ut
1802 2051 2013 2104 Domini
2039 2049 2147 2114 sui,

577 2157 685 2211 imo
710 2153 920 2207 Domini
954 2151 1213 2213 omnium,
1239 2147 1385 2201 salva
1423 2143 1751 2214 virginitate,
1784 2151 1955 2194 mater
1984 2147 2146 2193 esset.

1196 2277 1419 2335 CAPUT
1462 2277 1523 2333 Π.

574 2398 655 2454 Ad
680 2393 1174 2451 commendationem
1203 2389 1435 2461 ejusdem
1461 2387 1668 2461 gratiis,
1709 2384 1904 2461 beatus
1928 2396 2145 2461 euange-

681 2468 802 2521 lista
833 2464 1097 2519 Christum
1125 2456 1464 2527 ait,'plenum
1491 2456 1664 2526 gratia
1708 2462 1761 2507 et
1795 2456 2041 2507 veritate.
2126 2490 2134 2495 .

645 2579 723 2633 De
758 2578 873 2647 ipso
902 2584 1081 2629 autem
1133 2571 1358 2625 Domino
1390 2567 1624 2621 Joannes
1662 2563 1987 2632 evangelista
2025 2575 2149 2614 cum

576 2673 800 2729 dixisset
839 2687 851 2721 :
904 2667 1126 2721 Verbum
1172 2680 1293 2716 caro
1339 2661 1533 2730 factum
1582 2666 1676 2720 est,
1722 2666 1770 2709 et
1815 2652 2063 2706 habitarit
2095 2651 2150 2704 in

576 2763 753 2825 nobis;
810 2758 1099 2826 adiunxit:
1154 2754 1413 2813 Vidimus,
1484 2749 1677 2817 inquit,
1740 2746 1963 2816 gloriam
2009 2744 2146 2812 ejus,

574 2852 796 2922 gloriam
850 2848 999 2918 quasi
1044 2843 1295 2913 unigeniti
1347 2858 1379 2893 a
1412 2840 1592 2903 Patre,
1623 2836 1829 2908 plenum
1877 2834 2060 2905 gratia:
2101 2843 2149 2887 et

574 2940 806 2994 veritatis
839 2937 1018 3007 (Joan.
1050 2933 1227 3002 1,14).
1259 2930 1410 2998 Quod
1454 2930 1531 2982 ait
1573 2945 1586 2980 :
1632 2926 1857 2979 Verbum
1899 2942 2020 2977 caro
2066 2923 2149 2992 [a-

574 3039 712 3083 ctum
734 3038 829 3091 est,
856 3028 958 3080 hoc
995 3033 1097 3087 est,
1128 3022 1335 3093 plenum
1360 3020 1543 3088 gratia:
1560 3034 1578 3082 ;
1605 3015 1745 3085 quod
1782 3016 1859 3068 ait
1885 3032 1897 3069 :
1927 3014 2145 3083 glariam
2175 3012 2219 3072 C

574 3118 723 3189 quasi
757 3115 1008 3184 unigeniti
1061 3130 1092 3164 a
1123 3111 1301 3173 Patre,
1339 3111 1442 3163 hoc
1475 3116 1579 3172 est,
1632 3106 1840 3177 plenum
1893 3104 2142 3158 veritatis.

576 3207 787 3263 Veritas
839 3205 1034 3272 quippe
1075 3202 1188 3270 ipsa
1215 3200 1521 3268 unigenitus
1545 3204 1625 3251 est
1674 3197 1765 3250 Dei
1808 3194 1997 3258 Filius,
2038 3208 2146 3246 non

575 3298 769 3369 gratia,
801 3290 894 3349 sed
938 3302 1152 3346 natura.
1184 3290 1370 3345 Gratia
1418 3286 1650 3354 suscepit
1696 3285 1966 3339 hominem
1999 3292 2146 3336 tanta

575 3388 780 3441 unitate
805 3396 1068 3454 personae,
1099 3388 1154 3433 ut
1180 3380 1320 3433 idem
1352 3379 1464 3445 ipse
1489 3385 1631 3430 esset
1661 3376 1823 3429 etiam
1869 3373 2009 3427 ﬁlius
2045 3374 2146 3426 ho-

575 3477 755 3540 minis,
783 3475 873 3543 qui
915 3473 1009 3526 Dei
1036 3470 1203 3524 Filius
1235 3470 1424 3523 unicus
1449 3466 1769 3536 unigenitus.
1796 3466 1852 3519 1n
1895 3465 2010 3534 ipso
2040 3478 2146 3517 uno

575 3567 685 3620 Deo
730 3574 783 3618 et
812 3564 1047 3625 homine,
1086 3561 1242 3630 plena
1285 3558 1456 3627 gratia
1484 3556 1854 3619 humanitatis,
1884 3554 2147 3624 plenaque

575 3656 870 3712 divinitatis
909 3655 1107 3708 veritas
1136 3651 1478 3721 agnoscitur;
1514 3648 1676 3719 726
1722 3648 1835 3701 haec
1872 3646 2145 3714 plenitudo

575 3745 872 3802 divinitatis
905 3745 959 3797 in
987 3743 1158 3811 seipso
1198 3740 1581 3809 plenitudinem
1619 3739 1781 3791 habet
1806 3736 2006 3805 gratiae,
2041 3749 2146 3803 qua

574 3846 660 3893 est
682 3836 812 3908 [Αι.,
842 3850 961 3904 qua:
982 3833 1085 3903 est]
1113 3840 1223 3885 tota
1248 3832 1555 3886 humanitas
1578 3830 1631 3883 in
1650 3829 1929 3905 divinitate
1948 3841 2042 3880 sua
2060 3842 2072 3889 ;
2092 3832 2146 3878 et

572 3924 844 3996 plenitudo
887 3924 1071 3993 gratia:
1100 3921 1483 3991 plenitudinem
1514 3919 1567 3973 in
1609 3934 1667 3973 se
1691 3918 1855 3971 habet
1883 3916 2143 3978 veritatis,

574 4030 681 4085 qua
737 4022 818 4067 est
891 4012 1024 4084 [Al.,
1081 4027 1198 4080 qua:
1238 4010 1340 4082 est]
1389 4017 1499 4063 tota
1547 4008 1802 4063 divinitas
1849 4007 1902 4059 in
1955 4008 2145 4059 huma—

574 4108 744 4159 nitate
819 4120 934 4159 sua.
1013 4105 1090 4157 lta
1147 4111 1206 4156 ut
1267 4102 1542 4172 plenitudo
1601 4099 1846 4152 veritatis
1914 4098 2147 4167 plenitu-

575 4197 754 4249 dinem
811 4196 862 4247 in
921 4210 979 4249 se
1032 4195 1227 4248 habeat
1277 4193 1485 4263 gratiae,
1536 4200 1590 4245 et
1634 4191 1910 4259 plenitudo
1959 4190 2145 4260 gratia:

573 4285 955 4354 plenitudinem
996 4286 1050 4339 in
1097 4300 1154 4339 se
1197 4285 1393 4338 habeat
1440 4282 1705 4337 veritatis.
1756 4281 1872 4352 [Sic
1898 4290 2142 4349 estergo

574 4374 821 4429 Christus
852 4374 1040 4443 plenus
1070 4375 1255 4444 gratia:
1281 4381 1336 4427 et
1362 4370 1625 4443 veritatis]

576 4465 743 4518 nitate
790 4463 1065 4533 plenitudo
1117 4463 1465 4517 humanitatis
1498 4469 1747 4529 suscepta
1808 4469 1907 4523 est,
1962 4460 2034 4512 ita
2088 4459 2144 4511 in

574 4556 907 4609 humanitate
950 4555 1067 4624 ejus
1117 4554 1392 4623 plenitudo
1426 4555 1495 4607 sit
1524 4554 1839 4613 divinitatis,
1891 4548 2146 4617 Apostolo

574 4653 825 4707 testante,
854 4645 946 4713 qui
976 4646 1084 4697 ait:
1127 4644 1191 4696 ln
1214 4660 1315 4713 quo
1339 4643 1538 4697 habitat
1583 4642 1749 4696 omnis
1779 4640 2042 4711 plenitudo
2072 4639 2147 4691 di-

574 4735 800 4788 vinitatis
823 4735 1161 4805 corporaliter
1189 4734 1410 4805 (Coloss.
1444 4751 1503 4799 ιι,
1532 4734 1609 4805 9).

1182 4844 1407 4900 CAPUT
1445 4845 1529 4898 lll.

577 4958 844 5027 Quomodo
867 4976 967 5011 non
991 4957 1057 5011 sit
1086 4957 1321 5011 Christus
1344 4956 1515 5010 Filius
1540 4956 1770 5027 Spiritus
1800 4958 1985 5027 sancti,
2014 4956 2143 5027 idum

641 5029 697 5109 in
726 5026 968 5109 ngbalo
998 5029 1209 5109 dicitur,
1236 5028 1302 5081 de
1329 5027 1533 5096 Spiritu
1583 5036 1768 5081 sancto
1795 5036 1849 5080 et
1887 5042 1953 5081 ex
1976 5026 2144 5079 Maria

645 5098 851 5167 virgine
872 5098 1066 5151 natus?

645 5206 774 5260 Illud
818 5223 948 5262 vero
984 5222 1201 5262 movere
1257 5208 1477 5275 poterit,
1524 5209 1791 5277 quomodo
1820 5208 2023 5262 dictum
2072 5209 2143 5262 sit

575 5294 844 5350 Christum
870 5296 937 5351 de
966 5296 1171 5366 Spiritu
1197 5306 1383 5351 sancto
1412 5306 1594 5350 natum
1623 5306 1677 5351 et
1721 5297 1885 5353 Maria
1914 5298 2142 5367 virgine,

576 5404 697 5442 cum
747 5386 918 5443 Filius
965 5388 1111 5443 nullo
1158 5390 1316 5444 modo
1373 5390 1444 5443 sit
1492 5390 1724 5460 Spiritus
1754 5392 1925 5445 sancti
1970 5391 2147 5445 ﬁlius?

575 5478 656 5531 An
685 5478 801 5531 ideo
852 5479 1048 5533 dicitur
1073 5480 1138 5534 de
1185 5479 1390 5549 Spiritu
1420 5490 1605 5537 sancto
1639 5491 1818 5547 natus,
1847 5483 1973 5553 quia
2018 5481 2144 5536 fecit

650 5602 673 5627 ⁸
708 5590 840 5644 Vide
865 5591 919 5645 S.
955 5593 1088 5663 Aug.
1116 5593 1207 5647 lib.
1240 5611 1277 5649 ιι
1302 5595 1366 5650 de
1390 5596 1676 5663 Trinitate,
1704 5614 1849 5652 num.
1878 5598 1907 5651 7
1939 5607 1991 5653 et
2019 5601 2070 5653 8.

2248 1775 2665 1839 humanitatem,
2690 1776 2795 1829 duo
2820 1776 3010 1830 Patres
3042 1786 3222 1831 essent
3252 1778 3304 1831 in
3332 1789 3519 1833 sancta
3541 1780 3824 1845 Trinitate,

2247 1873 2301 1917 et
2329 1864 2472 1918 Deus
2511 1865 2673 1919 homo
2699 1864 2894 1931 factus,
2927 1867 3062 1920 duos
3104 1869 3380 1924 habuisset
3410 1870 3619 1936 Patres,
3659 1890 3828 1927 unum

2249 1957 2560 2020 divinitatis,
2614 1959 2843 2013 alterunt
2889 1960 3262 2015 humanitatis.
3322 1962 3427 2017 Sed
3461 1965 3581 2032 quis
3619 1965 3721 2019 hoc
3750 1966 3827 2019 di—

2250 2062 2372 2103 cere
2405 2048 2655 2105 audebit?

2853 2141 3078 2197 CAPUT
3134 2143 3219 2197 IV.

2321 2250 2591 2316 Quomodo
2628 2253 2959 2323 intelligenda
2989 2255 3055 2308 sit
3101 2258 3279 2311 missio
3327 2254 3457 2311 Filii
3486 2276 3517 2312 a
3553 2257 3710 2314 Patre
3732 2262 3757 2314 γ

2320 2359 2676 2425 Quaerendum
2722 2375 2806 2416 est
2853 2365 3120 2431 quomodo
3159 2366 3487 2438 intelligatur
3521 2370 3708 2425 missio
3733 2370 3827 2426 Fi-

2247 2446 2355 2501 lii?
2374 2448 2532 2503 Pater
2576 2452 2716 2503 enim
2755 2451 2898 2505 solus
2942 2470 3205 2522 nusquam
3238 2454 3432 2525 legitur
3474 2458 3707 2523 missus;
3761 2460 3830 2513 de

2250 2536 2385 2593 Filio
2415 2541 2633 2608 quidem
2660 2542 2731 2593 ita
2765 2542 2951 2595 scribit
2979 2541 3267 2611 Apostolus
3297 2562 3307 2595 :
3339 2542 3469 2598 Cum
3492 2556 3665 2599 autem
3696 2547 3830 2601 venit

2248 2628 2512 2698 plenitudo
2545 2631 2809 2698 temporis,
2842 2632 2979 2684 misit
3012 2632 3152 2685 Deus
3197 2632 3391 2686 Filium
3426 2652 3597 2698 suum,
3634 2636 3831 2704 factum

2250 2733 2313 2770 ex
2338 2715 2569 2777 muliere,
2603 2717 2798 2784 factum
2823 2719 2915 2771 sub
2946 2719 3073 2788 lege,
3108 2730 3161 2773 ut
3185 2738 3269 2775 eos
3293 2723 3382 2791 qui
3407 2724 3498 2776 sub
3529 2723 3637 2791 lege
3659 2734 3827 2789 erant,

2252 2802 2523 2858 redemiret
2550 2805 2691 2877 (Gal.
2735 2824 2808 2870 1v,
2846 2807 2921 2879 4).
2951 2808 3084 2864 Cum
3134 2820 3313 2865 autem
3337 2812 3413 2865 ait
3461 2830 3472 2863 :
3517 2811 3663 2865 Misit
3694 2812 3830 2866 Deus

2252 2895 2451 2950 Filium
2499 2915 2671 2961 suum,
2715 2900 2910 2966 factum
2938 2917 3002 2955 ex
3039 2902 3273 2966 muliere,
3322 2904 3456 2958 satis
3500 2904 3735 2959 ostendit
3761 2919 3827 2959 eo

2254 2991 2369 3059 ipso
2418 2992 2640 3044 missum
2683 2988 2897 3056 Filium,
2954 3010 3060 3062 quo
3111 2994 3287 3048 factus
3336 3003 3420 3049 est
3466 3011 3531 3050 ex
3578 2996 3826 3050 muliere.
3892 3042 3895 3043 ν

2252 3081 2404 3147 Quod
2428 3096 2556 3150 ergo
2584 3083 2648 3137 de
2690 3083 2798 3135 Deo
2823 3093 2980 3137 natus
3004 3094 3087 3139 est
3116 3086 3207 3139 Dei
3239 3086 3426 3150 Filius,
3452 3088 3505 3140 in
3541 3089 3643 3141 hoc
3673 3104 3831 3141 mun-

2248 3172 2315 3225 do
2345 3181 2480 3235 erat,
2528 3171 2666 3225 sicut
2694 3172 3030 3242 Evangelista
3077 3176 3151 3227 ait
3205 3194 3216 3229 :
3266 3176 3333 3228 In
3371 3177 3565 3231 mundo
3611 3187 3739 3239 erat,
3782 3187 3835 3232 et

2245 3260 2474 3313 mundus
2512 3277 2603 3330 per
2635 3262 2803 3330 ipsum
2828 3263 2999 3331 [actus
3021 3274 3093 3317 est
3116 3265 3295 3333 (Joan.
3323 3281 3360 3326 ι,
3394 3265 3513 3329 l0);
3562 3266 3703 3333 quod
3731 3282 3831 3320 au-

2248 3360 2355 3406 tem
2399 3351 2464 3405 de
2508 3352 2673 3405 Maria
2724 3354 2932 3420 virgine
2980 3363 3138 3407 natus
3176 3364 3281 3417 est,
3311 3356 3363 3408 in
3393 3356 3536 3409 hunc
3568 3357 3833 3412 munzlum

2246 3442 2444 3495 missus
2492 3442 2727 3496 advenit.
2773 3443 2906 3495 Nam
2954 3452 3007 3496 et
3054 3444 3164 3511 ipse
3209 3444 3468 3498 Dominus
3511 3447 3626 3499 ait:
3659 3447 3831 3516 Egoa

2248 3531 2408 3585 Patre
2435 3533 2587 3596 exivi,
2615 3542 2662 3583 et
2695 3533 2806 3585 reni
2826 3533 2879 3585 in
2900 3534 3037 3585 hunc
3065 3533 3313 3586 mundum
3338 3531 3521 3604 (Joan.
3563 3551 3678 3600 xvi,
3711 3536 3829 3606 28).

2249 3620 2417 3693 [Ergo
2443 3638 2469 3674 a
2496 3621 2659 3675 Patre
2690 3622 2859 3687 exire,
2885 3631 2938 3677 et
2964 3624 3147 3677 venire
3175 3625 3225 3677 in
3252 3624 3395 3679 hunc
3417 3626 3697 3698 mundum]
3728 3626 3835 3683 hoc

2245 3720 2327 3766 est
2355 3712 2514 3765 mitti.
2564 3712 2701 3777 Quid
2748 3714 2912 3781 igitur
2950 3723 3030 3768 est
3086 3716 3228 3783 quod
3279 3716 3343 3770 de
3400 3716 3492 3770 illo
3543 3718 3682 3771 idem
3714 3719 3833 3786 ipse

2246 3802 2573 3870 evangelista
2616 3803 2745 3856 dicit
2789 3818 2802 3856 :
2852 3804 2919 3857 In
2971 3804 3163 3856 mundo
3202 3814 3335 3869 erat,
3392 3814 3439 3859 et
3474 3807 3700 3860 mundus
3736 3824 3837 3876 per

2244 3910 2362 3947 eum
2389 3896 2558 3964 factus
2590 3906 2685 3960 est,
2738 3905 2783 3949 et
2830 3896 3056 3949 mundus
3095 3913 3211 3949 eum
3243 3912 3344 3949 non
3392 3896 3828 3967 cognorit(Joan.

2248 4000 2284 4046 ι,
2346 3984 2468 4053 10);
2524 3986 2717 4040 deinde
2774 3983 3046 4055 subjungit
3079 4000 3093 4038 :
3129 3984 3195 4038 In
3244 4003 3339 4039 sua
3395 3987 3605 4057 propria
3654 3989 3836 4041 venit?

2247 4086 2271 4114 α
2306 4074 2433 4128 lllue
2462 4077 2649 4143 utique
2700 4076 2897 4130 missus
2931 4085 3035 4141 est,
3075 4092 3180 4144 quo
3229 4078 3394 4130 venit.
3427 4076 3497 4130 At
3538 4078 3582 4131 si
3606 4077 3661 4131 in
3687 4079 3835 4134 hunc

2244 4165 2503 4218 mundum
2535 4166 2737 4241 missus
2771 4173 2872 4229 est,
2922 4166 3046 4220 illuc
3082 4174 3165 4220 est
3213 4168 3437 4227 missus.
3469 4168 3561 4221 ubi
3601 4177 3735 4223 erat.
3770 4168 3830 4223 In

2246 4254 2445 4309 mundo
2486 4264 2622 4319 erat,
2657 4264 2710 4310 et
2754 4257 2806 4310 in
2836 4258 3093 4310 mundum
3132 4258 3329 4312 missus
3354 4267 3457 4313 est.
3496 4258 3666 4325 Quam
3693 4259 3827 4313 mis-

1635 4413 1648 4435 ,
1677 4379 1735 4424 ut
1758 4343 1915 4425 ‘sicm
1945 4386 1976 4423 ει
2004 4343 2142 4424 αἰξί,
2171 4364 2219 4423 ι)
2246 4343 2450 4397 sionem
2492 4354 2669 4398 tamen
2697 4362 2831 4414 opus
2862 4361 2979 4400 esse
3026 4356 3225 4401 sancta:
3257 4347 3537 4403 Trinitatis
3580 4348 3711 4402 nulli
3738 4364 3830 4402 ca-

2249 4434 2448 4489 tholico
2489 4436 2840 4490 dubitandum
2867 4446 2970 4491 est.

2868 4546 3093 4602 CAPUT
3139 4549 3198 4601 V.

2319 4657 2589 4723 Quomodo
2616 4660 2793 4712 missio
2837 4660 3004 4711 sancti
3035 4658 3265 4729 Spiritus
3295 4661 3361 4713 sit
3390 4660 3747 4731 intelligenda.

2319 4770 2346 4809 ι)
2372 4768 2521 4822 Sicut
2544 4768 2685 4821 enim
2717 4784 2746 4820 a
2770 4767 2928 4823 Patre
2959 4768 3189 4838 Spiritus
3220 4778 3436 4825 sanctus
3466 4771 3717 4836 mittitur,
3751 4772 3827 4826 ita

2249 4868 2301 4913 et
2326 4874 2353 4911 a
2383 4857 2554 4923 Filio;
2580 4866 2869 4927 utrumque
2898 4859 3041 4912 enim
3071 4860 3124 4912 in
3163 4859 3455 4930 Evangelia
3486 4860 3679 4930 legitur
3706 4862 3825 4931 ipso

2248 4948 2475 5002 Domino
2496 4948 2707 5002 dicente
2737 4965 2750 5000 :
2777 4948 2915 5000 Dum
2962 4958 3134 5001 autem
3166 4952 3356 5002 venerit
3386 4949 3615 5019 Spiritus
3651 4950 3823 5003 Para-

2246 5037 2407 5091 cletus
2435 5078 2448 5100 ,
2494 5054 2645 5107 quem
2696 5036 2857 5090 Pater
2898 5039 3060 5090 mittet
3114 5039 3168 5091 in
3223 5040 3429 5091 nomine
3474 5056 3589 5093 meo
3638 5037 3819 5111 (Joan.

2246 5145 2355 5193 xrv,
2386 5129 2497 5201 26).
2524 5129 2593 5182 Et
2612 5128 2739 5183 illud
2772 5130 2835 5183 de
2863 5129 3036 5197 seipso
3067 5147 3080 5181 :
3121 5128 3252 5182 Cum
3282 5139 3453 5183 autem
3481 5132 3675 5184 venerit
3701 5129 3827 5201 Spi-

2248 5220 2379 5271 ritus
2403 5218 2728 5279 Paracletus,
2759 5234 2908 5287 quem
2955 5234 3047 5287 ego
3082 5220 3283 5271 mittam
3312 5220 3365 5272 in
3409 5220 3614 5273 nomine
3645 5218 3826 5275 Patris

2248 5306 2384 5369 mei;
2414 5307 2505 5360 sed
2534 5307 2634 5360 ista
2659 5306 2842 5360 missio
2872 5321 2969 5375 per
2997 5307 3255 5376 quasdam
3281 5308 3521 5362 visibiles
3544 5308 3610 5361 ad
3633 5309 3823 5363 horam

2248 5394 2389 5450 facta
2435 5403 2521 5449 est
2554 5404 2850 5451 creaturas.
2890 5396 3049 5451 Facta
3090 5407 3173 5451 est
3207 5399 3348 5451 enim
3393 5399 3635 5467 quaedam
3664 5412 3821 5454 crea-

2249 5492 2384 5542 turze
2404 5488 2611 5556 species
2637 5502 2703 5542 ex
2747 5495 3003 5557 tempore,
3038 5489 3088 5541 in
3132 5504 3237 5557 qua
3266 5489 3550 5544 visibiliter
3573 5487 3824 5546 ostende-

2321 5603 2348 5643 ι)
2382 5602 2580 5658 ,λΕηρειε
2615 5604 2809 5671 Paris,
2839 5620 2956 5674 cap.
2991 5604 3077 5657 87.
