4072 6346
288 376 357 440 M
867 367 1282 430 DOGMATICA.
1321 401 1392 412 —-
1427 366 1513 424 DE
1546 363 1703 422 FIDE
1739 364 1798 420 S.
1843 352 2242 418 TRINITATIS
2280 354 2458 410 Llltlll
2493 350 2579 409 lli.
2604 348 2815 405 ——LIB.
2856 347 2941 404 111.
3482 341 3554 400 42

290 502 443 551 ηιιιι·
469 487 706 558 Spiritus
745 493 986 547 sanctus,
1016 485 1129 538 sive
1163 497 1285 537 cum
1316 495 1477 550 super
1500 478 1660 549 727
1697 478 1870 546 ipsum
1902 481 1948 534 Α
1978 480 2087 534 tur,
2127 477 2185 523 ut
2226 468 2446 536 aqualis
2500 464 2647 520 Patri
2701 461 3035 558 ostendatur,
3094 459 3235 513 sicut
3291 458 3421 558 [ibit
3460 460 3553 516 ubi

292 582 580 639 Dominum
604 577 934 645 baptizatum
980 573 1243 643 corporali
1274 572 1454 641 specie
1491 569 1737 624 columba
1785 568 1877 621 de-

292 668 735 742 scendit(Matth.
769 683 857 732 ιιι,
877 667 996 736 16);
1024 666 1107 720 vel
1132 666 1293 719 etiam
1325 662 1589 733 corporali
1615 662 1793 732 specie
1823 662 1878 715 in

296 764 490 835 linguis
530 762 701 833 igneis
745 762 894 814 visus
920 766 1003 813 est
1031 772 1196 828 super
1233 754 1505 826 apostolos
1539 752 1879 808 descendisse

293 856 436 928 (Act.
490 872 551 919 ιι,
596 854 672 923 5).
724 852 850 907 Hac
898 852 1145 921 operatio
1173 849 1459 904 visibiliter
1496 861 1774 916 expressa,
1826 852 1881 899 et

294 946 471 1002 oculis
498 945 676 1000 oblata
713 943 1051 1007 mortalibus,
1077 942 1263 996 missio
1285 941 1456 995 sancti
1479 938 1714 1008 Spiritus
1738 938 1882 991 dicta

299 1046 409 1099 est,
457 1051 564 1090 non
598 1043 657 1089 ut
697 1040 981 1104 appareret
1010 1030 1126 1099 ejus
1175 1031 1289 1101 ipsa
1332 1029 1653 1092 substantia,
1683 1041 1788 1096 qua
1827 1032 1882 1080 et

300 1130 418 1200 ipse
444 1127 730 1184 invisibilis
773 1133 827 1181 et
853 1122 1311 1180 incommutabilis
1340 1131 1443 1186 est,
1472 1121 1611 1176 sicut
1638 1120 1801 1173 Pater
1828 1124 1882 1173 et

299 1222 501 1285 Filius;
548 1219 639 1274 sed
684 1226 743 1271 ut
801 1214 1160 1272 exterioribus
1202 1213 1333 1268 visis
1390 1212 1668 1267 hominum
1718 1208 1882 1264 corda

298 1316 776 1369 eommonerentur
850 1306 981 1380 [Αι.,
1050 1302 1539 1375 commoverentur]
1600 1298 1883 1370 temporali

300 1401 743 1460 manilestatione
786 1400 1071 1463 venientis,
1109 1396 1175 1452 ad
1212 1396 1483 1453 occultam
1524 1394 1884 1451 aternitatem

301 1509 523 1564 semper
548 1492 831 1563 prasentis
859 1497 1195 1546 convertere.

913 1602 1140 1659 CAPUT
1179 1601 1268 1657 Vl.

542 1692 652 1749 Cur
686 1693 829 1748 solus
858 1692 1020 1747 Pater
1049 1692 1236 1745 missus
1268 1705 1371 1743 non
1396 1688 1603 1759 legatur
1624 1688 1650 1742 .9

369 1806 499 1865 Ideo
544 1807 709 1863 Pater
753 1806 953 1861 missus
993 1820 1099 1859 non
1126 1804 1346 1875 legitur,
1390 1803 1516 1874 quia
1575 1802 1888 1856 incarnatus
1920 1829 1963 1889 Β

306 1916 415 1957 non
443 1900 706 1955 creditur.
755 1896 1129 1967 Congruenter
1174 1895 1349 1950 dictus
1401 1902 1484 1949 est
1536 1893 1735 1947 missus
1772 1890 1883 1955 ille,

306 1994 401 2065 qui
430 1993 483 2047 in
526 2005 696 2047 carne
750 1988 1000 2058 apparuit
1057 1986 1290 2059 [misisse
1318 1992 1494 2039 autem
1521 1982 1692 2049 illum,
1717 1981 1808 2052 qui
1840 1982 1893 2034 in

308 2097 374 2136 ea
402 2096 511 2134 non
542 2077 839 2148 apparuit].
868 2077 1065 2131 Forma
1112 2075 1273 2145 igitur
1303 2073 1392 2126 illa
1441 2070 1674 2139 suscepti
1721 2071 1895 2124 homi-

309 2173 411 2234 nis,
448 2171 571 2225 Filii
598 2184 828 2240 persona
865 2176 972 2233 est,
1005 2182 1113 2222 non
1148 2166 1311 2219 etiam
1337 2163 1532 2219 Patris.
1554 2162 1895 2231 Quapropter

311 2261 476 2315 Pater
517 2259 804 2313 invisibilis
851 2273 958 2312 una
1011 2272 1133 2311 cum
1191 2254 1328 2309 Filio
1382 2268 1563 2308 secum
1617 2250 1892 2315 invisibili,

309 2353 561 2406 eumdem
628 2349 822 2403 Filium
872 2347 1143 2403 visibilem
1195 2345 1463 2404 faciendo.
1516 2343 1729 2399 misisse
1772 2358 1927 2409 eum,

310 2443 492 2496 dictus
535 2448 637 2495 est.
677 2440 753 2492 lla
809 2452 936 2493 vero
987 2445 1206 2505 accepta
1254 2434 1383 2506 [est]
1427 2433 1600 2488 forma
1648 2432 1807 2495 servi,
1838 2441 1899 2487 ut

312 2540 564 2587 maneret
614 2527 1067 2585 incommutabilis
1109 2527 1282 2581 forma
1339 2524 1632 2591 Dei.Qnod
1687 2538 1816 2578 vero
1844 2524 1900 2578 in

314 2624 454 2678 Filio
485 2621 732 2691 apparuit
764 2620 1071 2675 carnalibus
1097 2617 1286 2682 oculis,
1321 2615 1389 2670 ab
1420 2615 1672 2670 invisibili
1712 2622 1900 2669 sancta

314 2716 586 2770 Trinitate
630 2713 834 2768 factum
875 2720 960 2768 est
1017 2711 1181 2783 [sicut
1232 2709 1463 2765 Abraha
1514 2717 1569 2765 ct
1615 2709 1807 2782 Moysi,
1846 2716 1903 2765 et

315 2804 512 2861 Joanni
533 2802 791 2873 Baptista
810 2811 864 2857 et
892 2803 1065 2857 tribus
1086 2800 1362 2870 discipulis
1383 2800 1436 2854 in
1459 2798 1685 2872 monte].

885 2930 911 2958 δ
952 2915 1180 2973 CAPUT
1220 2914 1333 2971 VII.

427 3028 607 3096 Quare
629 3028 803 3083 Filius
826 3046 963 3083 nunc
990 3027 1245 3153 ἴφιαιὶεὲ
1273 3044 1411 3083 nunc
1440 3028 1612 3082 minor
1639 3026 1802 3084 Patre

1027 3114 1107 3153 ica
1134 3114 1200 3152 ur

1027 3114 1200 3154 tentur

1977 561 2139 634 idem]
2174 562 2286 630 ipse
2324 561 2441 613 ait:
2476 558 2589 629 Ego
2638 566 2687 613 et
2740 553 2903 610 Pater
2942 568 3102 607 unum
3146 568 3327 606 sumus
3364 550 3551 622 (Joan.

1977 673 2031 720 ι,
2059 656 2148 727 50)
2175 671 2189 718 ;
2217 670 2400 718 unum,
2437 659 2659 722 propter
2688 648 3009 705 substantia
3032 646 3324 706 unitatem;
3350 661 3552 710 sumus,

1977 758 2197 819 propter
2250 758 2602 816 personarum
2664 742 3073 812 proprietatem.
3132 739 3283 806 Quod
3327 738 3557 807 diligen-

1981 838 2186 892 tissime
2208 835 2343 908 [Αι.,
2369 832 2807 905 prudentissime]
2848 832 3084 901 prudens
3111 831 3281 885 lector
3309 828 3562 887 conside-

1980 944 2101 985 rare
2126 929 2303 993 debet,
2336 928 2464 998 quid
2490 941 2588 996 pro
2616 940 2721 995 qua
2743 924 2953 977 dicatur
2981 923 3153 977 forma
3186 941 3198 975 :
3231 937 3353 977 cum
3378 928 3564 975 tamen

1980 1029 2035 1076 et
2071 1022 2125 1075 in
2170 1020 2344 1074 forma
2382 1019 2547 1082 servi,
2579 1026 2633 1071 et
2680 1018 2737 1070 in
2786 1014 2959 1070 forma
3015 1014 3131 1079 Dei,
3155 1046 3159 1051 ο
3186 1014 3328 1069 idem
3357 1013 3469 1084 ipse
3492 1011 3566 1067 sit

1982 1112 2168 1175 Filius,
2211 1124 2369 1175 unus,
2415 1108 2721 1179 unigenitus
2748 1105 2845 1160 Dei
2875 1106 3092 1171 Patris;
3138 1106 3190 1159 in
3243 1104 3416 1159 forma
3464 1102 3564 1159 Dei

1981 1203 2205 1272 aqualis
2249 1202 2420 1265 Patri,
2473 1201 2527 1253 in
2565 1200 2740 1253 forma
2781 1198 2922 1253 servi
2976 1198 3154 1252 minor
3200 1196 3382 1253 Patre.
3422 1196 3571 1264 Qua-

1982 1303 2202 1365 pr0pter
2228 1292 2361 1366 [Al.,
2390 1290 2594 1364 itaque]
2622 1306 2726 1345 non
2760 1290 3031 1345 immerito
3060 1288 3338 1358 Scriptura
3365 1297 3574 1344 utrum-

1984 1403 2088 1457 que
2126 1386 2275 1448 dicit,
2306 1393 2364 1439 et
2391 1382 2651 1453 aqualem
2698 1382 2846 1436 Patri
2872 1380 3086 1443 Filium,
3115 1388 3169 1435 et
3210 1380 3427 1436 Patrem
3455 1396 3575 1436 ma-

1977 1477 2153 1547 jorem
2192 1476 2348 1530 Filio.
2400 1475 2534 1530 Illud
2574 1475 2720 1529 enim
2771 1481 2995 1544 propter
3041 1473 3270 1528 formam
3300 1473 3391 1528 Dei
3427 1473 3575 1529 :hoc

1986 1579 2166 1626 autem
2200 1577 2421 1640 pr0pter
2462 1568 2692 1623 formam
2721 1567 2888 1631 servi,
2920 1567 3037 1621 sine
3061 1565 3165 1619 ulla
3191 1580 3436 1635 persona
3462 1567 3574 1622 dis-

1987 1663 2230 1718 cretione
2289 1659 2425 1732 [Al.,
2465 1657 2698 1713 naturali
2749 1656 3089 1728 confusione]
3132 1657 3467 1728 intelligitur.
3513 1658 3574 1713 In

1991 1750 2163 1806 forma
2193 1750 2308 1814 Dei,
2334 1750 2390 1803 in
2416 1749 2673 1819 principio
2695 1756 2806 1803 erat
2842 1744 3096 1811 Verbum;
3126 1748 3181 1802 in
3212 1749 3381 1802 forma
3406 1748 3572 1815 servi,

2001 1840 2228 1895 Verbum
2259 1857 2381 1894 caro
2418 1839 2617 1909 factum
2664 1848 2738 1894 est
2777 1837 2961 1910 (Joan.
2999 1855 3037 1903 ι,
3069 1838 3178 1909 M),
3206 1839 3257 1893 id
3285 1849 3390 1904 est,
3430 1840 3575 1896 Deus

1993 1934 2158 1988 homo
2186 1932 2361 1988 factus
2394 1941 2493 1987 est.
2521 1932 2578 1986 ln
2608 1933 2694 1986 illa
2743 1948 2807 1986 ex
2857 1940 3060 1987 aterno
3086 1934 3308 2002 aqualis
3335 1934 3529 2011 [Patri]
3554 1952 3572 2002 ;

1996 2023 2051 2077 in
2073 2023 2174 2077 ista
2219 2037 2287 2076 ex
2327 2031 2566 2091 tempore
2594 2021 2789 2075 minor.
2816 2020 2874 2075 In
2906 2020 3077 2076 forma
3120 2039 3223 2092 qua
3251 2025 3474 2094 aqualis
3493 2032 3580 2081 est

1994 2114 2166 2181 Patri,
2192 2114 2319 2168 fecit
2343 2114 2617 2168 hominem
2645 2130 2659 2177 ;
2690 2112 2742 2166 in
2765 2112 2938 2166 forma
2961 2129 3065 2181 qna
3095 2114 3271 2168 minor
3292 2127 3374 2170 est
3394 2115 3576 2180 Patre,

1996 2207 2170 2264 factus
2206 2215 2289 2263 est
2330 2209 2510 2262 homo.
2543 2206 2777 2261 Proinde
2817 2207 2871 2260 in
2909 2206 3170 2261 catholica
3200 2206 3302 2261 lide
3328 2208 3444 2261 sine
3471 2207 3582 2262 ulla

1998 2300 2331 2354 dubitatione
2368 2296 2747 2352 confirmatum
2777 2304 2862 2351 est
2902 2296 3175 2352 hominem
3212 2298 3382 2362 illum,
3418 2314 3582 2369 quem

1999 2388 2236 2457 suscepit
2255 2387 2515 2457 sapientia
2561 2386 2654 2441 Dei
2683 2403 2747 2441 ex
2767 2387 3020 2458 virginali
3046 2397 3221 2452 utero,
3248 2389 3379 2443 nihil
3404 2390 3585 2446 minus

1999 2480 2252 2535 habuisse
2276 2494 2438 2550 quam
2461 2479 2643 2533 cateri
2675 2478 2939 2541 homines,
2972 2487 3232 2547 quantum
3259 2480 3496 2548 pertinet
3515 2479 3586 2534 ad

2000 2570 2363 2643 integritatem
2393 2570 2642 2625 humana
2690 2578 2916 2637 natura,
2954 2572 3007 2625 in
3037 2587 3143 2642 qua
3172 2574 3334 2628 homo
3369 2582 3589 2632 creatus

2001 2672 2108 2728 est,
2155 2672 2211 2719 et
2243 2664 2376 2718 nihil
2419 2663 2641 2718 omnino
2665 2678 2733 2717 ex
2765 2679 2854 2729 eo,
2900 2666 3043 2733 quod
3075 2666 3332 2735 deceptor
3381 2666 3588 2723 homini

2004 2755 2230 2813 invexit.
2275 2754 2546 2822 Quantum
2595 2763 2775 2810 autem
2820 2756 2887 2810 ad
2914 2755 3292 2812 excellentiam
3320 2772 3585 2827 persona,

2005 2844 2162 2917 longe
2205 2845 2350 2901 aliud
2374 2856 2456 2901 est
2506 2860 2668 2917 quam
2720 2847 2903 2901 cateri
2950 2848 3217 2913 homines,
3273 2849 3398 2918 quia
3443 2848 3590 2904 idem

2007 2938 2191 3005 homo,
2217 2953 2323 2999 una
2349 2953 2601 3009 persona,
2640 2954 2762 2994 cum
2790 2938 2885 2993 Dei
2915 2939 3093 2995 Verbo
3114 2938 3290 2997 factus
3313 2949 3417 2997 est.

2596 3072 2822 3129 CAPUT
2868 3073 2994 3129 VIII.

395 3210 476 3268 Εἰ
509 3228 615 3268 una
661 3212 927 3267 sententia
954 3210 1199 3282 Αροειοιί
1245 3211 1363 3268 dum
1410 3212 1465 3267 in
1509 3211 1648 3267 Filio
1684 3213 1779 3268 Dei
1808 3228 1906 3268 ηδ,
1929 3194 1978 3258 c
2013 3187 2189 3256 Quare
2210 3205 2465 3260 nusquam
2493 3188 2723 3259 Spiritus
2746 3199 2957 3244 sanctus
2981 3188 3142 3246 Patre
3157 3194 3331 3247 minor
3352 3194 3593 3265 legatur?

325 3314 462 3361 tura
486 3303 857 3373 intelliguntur
888 3318 901 3356 :
928 3319 1055 3367 una,
1081 3302 1136 3357 in
1161 3317 1265 3372 qua
1288 3311 1370 3357 est
1395 3318 1491 3374 per
1522 3304 1701 3358 omnia
1725 3318 1907 3374 aqua-

326 3394 396 3448 lis
418 3390 565 3447 Patri
599 3411 610 3446 :
646 3392 837 3457 altera,
884 3392 939 3446 in
978 3408 1082 3461 qua
1127 3391 1303 3446 minor
1346 3402 1430 3448 est
1463 3393 1643 3459 Patre,
1674 3393 1761 3448 ubi
1794 3395 1907 3451 ait:

327 3482 436 3549 Qui
464 3499 582 3535 cum
611 3492 739 3536 esset
770 3483 826 3536 in
862 3482 1035 3551 forma
1066 3481 1181 3546 Dei,
1213 3498 1316 3535 non
1360 3484 1598 3554 rapinam
1625 3485 1912 3538 arbitratus

327 3585 406 3631 est
432 3591 546 3629 esse
588 3575 811 3646 aequalis
835 3574 967 3647 [Al.,
1001 3573 1276 3646 aqualem]
1309 3575 1438 3643 Deo,
1464 3576 1554 3631 sed
1584 3579 1914 3648 semetipsum

325 3666 623 3723 αἱτιαηὶυῆ
672 3665 897 3735 formam
941 3666 1073 3720 servi
1124 3667 1411 3737 suscipiens
1462 3667 1679 3739 (Philip.
1729 3685 1789 3733 ιι,
1837 3668 1912 3740 6),

328 3756 568 3817 Proinde
609 3759 853 3827 quadam
902 3758 974 3812 ita
1010 3759 1262 3813 dicuntur
1291 3759 1345 3813 in
1370 3758 1666 3830 Srripturis
1692 3764 1913 3828 sanctis,

330 3859 393 3907 ut
415 3853 591 3905 minor
637 3850 805 3905 Filius
850 3850 1199 3920 intelligatur,
1235 3851 1375 3906 sicut
1432 3852 1546 3920 ipse
1601 3852 1723 3908 ait:
1759 3852 1920 3906 Pater

330 3945 510 4015 major
528 3961 608 3998 me
624 3954 697 3998 est
715 3942 895 4015 (Joan.
927 3959 1037 4006 xw,
1066 3944 1185 4012 28);
1218 3944 1465 4013 quadam
1488 3945 1704 3999 veroita
1726 3945 1921 4000 dicun-

409 4112 433 4139 ιι
464 4098 521 4152 In
555 4098 688 4154 Cod.
724 4099 1124 4155 Vindobonensi
1155 4101 1342 4156 Theol.
1376 4103 1499 4167 455,
1534 4119 1658 4159 sae.
1694 4103 1783 4168 i2,
1832 4120 1922 4160 ca-

333 4178 435 4243 put
478 4170 508 4222 7
544 4170 707 4243 hujus
731 4241 739 4243 _
762 4170 882 4243 libri
914 4172 1182 4243 discrepat
1226 4187 1256 4225 a
1286 4172 1474 4243 priori,
1520 4181 1575 4228 et
1605 4175 1677 4228 ita
1703 4174 1863 4229 habet
1905 4190 1919 4230 :

336 4239 507 4316 i_Q_ua
530 4240 841 4294 discretione
865 4240 1232 4316 intelligendus
1257 4239 1323 4296 sit
1358 4259 1494 4297 nunc
1519 4243 1737 4316 aqualis
1769 4244 1922 4300 Patri

337 4309 533 4373 Filius,
567 4328 704 4363 nunc
724 4320 896 4364 autent
920 4309 1126 4365 minor?

416 4381 825 4455 «AQuaproptet'A
856 4383 1064 4455 cognita
1110 4384 1211 4438 ista
1247 4384 1427 4455 regula
1455 4384 1925 4455 intelligendarum

336 4451 747 4521 Scripturarnm
796 4452 866 4525 de
891 4451 1026 4507 Filio
1045 4455 1172 4525 Dei,
1196 4462 1255 4508 ut
1276 4451 1672 4525 distinguamus
1701 4457 1829 4525 quid
1869 4459 1922 4512 in

337 4526 421 4580 eis
458 4531 617 4595 sonet
669 4523 963 4595 secundum
1035 4523 1263 4579 formam
1311 4524 1425 4590 Dei,
1455 4523 1513 4579 in
1566 4541 1670 4595 qua
1709 4523 1812 4591 est,
1867 4536 1921 4583 et

338 4594 564 4663 :eqnalis
591 4602 674 4647 est
705 4592 885 4664 Patri;
927 4602 982 4647 et
1008 4595 1136 4664 quid
1175 4596 1468 4650 secundum
1517 4592 1746 4651 formam
1777 4599 1918 4652 servi

339 4681 501 4736 quam
541 4663 768 4732 accepit,
801 4672 855 4717 et
883 4663 1057 4720 minor
1099 4673 1182 4720 est
1208 4665 1368 4720 Patre
1398 4684 1410 4695 ο
1444 4682 1550 4722 non
1578 4669 1922 4723 conturbabi-

338 4752 464 4807 niur
487 4743 741 4803 tanquam
764 4736 1051 4807 contrariis
1079 4744 1133 4789 et
1163 4738 1583 4807 repugnantibus
1606 4747 1919 4793 sanctorum

338 4805 607 4860 librorum
650 4806 950 4859 sententiis.
1010 4806 1138 4861 Nam
1205 4805 1498 4861 secundum
1546 4809 1772 4862 formam
1822 4809 1919 4864 Dei

338 4876 565 4957 aqualis
595 4884 675 4960 est
697 4874 843 4929 Patri
866 4876 1029 4947 728
1051 4886 1106 4931 et
1124 4876 1297 4960 Pilius
1319 4886 1374 4960 et
1404 4878 1637 4960 Spiritus
1664 4888 1917 4960 sanctus;

381 4948 470 4999 uia
512 4955 704 5000 neuter
751 4961 939 5000 eorum
991 4957 1237 5001 creatura
1280 4957 1381 5011 est,
1413 4948 1553 5003 sicut
1592 4948 1703 5017 jam
1742 4959 1922 5005 osten-

339 4963 524 5073 ximus
557 5034 571 5069 :
605 5016 898 5070 secundum
940 5027 1119 5072 autem
1172 5020 1399 5072 formam
1447 5020 1585 5073 servi
1618 5020 1791 5073 minor
1839 5028 1922 5073 est

384 5018 571 5070 imus:
605 5016 898 5070 secundum
940 5027 1119 5072 autem
1172 5020 1399 5072 formam
1447 5016 1791 5075 serviminor
1839 5028 1923 5076 est

347 5088 536 5150 Patre,
579 5087 709 5158 quia
738 5086 851 5155 ipse
896 5088 1070 5142 dixit:
1104 5088 1265 5142 Pater
1292 5089 1463 5158 major
1508 5106 1589 5143 me
1632 5100 1707 5143 est
1738 5091 1917 5157 (Joan.

344 5173 461 5228 xiv,
494 5158 611 5228 28).
645 5156 816 5211 Minor
843 5165 926 5211 est
952 5160 1152 5228 seipso,
1197 5160 1322 5228 quia
1345 5156 1413 5217 de
1441 5160 1533 5214 illo
1563 5156 1764 5215 dictum
1796 5170 1878 5215 est
1905 5178 1918 5213 :

348 5227 698 5301 semetipsum
721 5228 1004 5301 exinanivit
1037 5227 1265 5301 (Philip.
1302 5246 1359 5295 ιι,
1386 5229 1439 5300 7)
1463 5248 1476 5295 ;
1510 5231 1685 5285 minor
1704 5239 1788 5286 est.
1811 5232 1926 5301 Spi-

349 5276 1009 5371 a'.a:;;aats,'aiis'iaa
1039 5276 1925 5371 satis...'ttazai"tt:.},t;;.:t.;.

350 5370 411 5441 in
449 5367 653 5441 Filium
680 5367 931 5441 hominis,
958 5367 1252 5441 remittetur
1284 5372 1361 5435 ei;
1400 5372 1489 5441 qui
1529 5367 1702 5425 autem
1740 5372 1930 5425 dicerit

353 5438 731 5509 blasphemiam
775 5440 831 5509 in
873 5438 1127 5509 Spiritum
1176 5438 1432 5503 sanctum,
1491 5460 1597 5496 non
1641 5443 1931 5496 remittetur

355 5508 703 5581 (Μάκαι-χιι,
724 5508 835 5574 52).
888 5508 955 5581 Et
989 5510 1042 5563 in
1073 5512 1186 5580 ipso
1210 5512 1435 5567 virtutes
1456 5520 1709 5581 operatus
1735 5520 1817 5567 est
1841 5512 1926 5566 di-

355 5578 488 5635 cens
518 5597 531 5632 :
561 5578 647 5660 Sit
666 5596 758 5660 ego
803 5581 859 5633 in
884 5578 1105 5650 Spiritu'
1127 5581 1240 5660 Dei.
1261 5581 1412 5660 ejicio
1461 5578 1739 5660 dicatquid,
1794 5592 1930 5660 certe

355 5649 651 5722 supervenit
692 5649 746 5722 in
788 5666 874 5705 vos
901 5649 1114 5720 regnum
1146 5651 1240 5705 Dei
1267 5649 1417 5721 (Luc.
1450 5669 1527 5718 ιιι,
1559 5653 1670 5722 20).
1700 5654 1765 5708 Et
1789 5652 1930 5722 apud

356 5719 790 5796 Isai_am_dicit,_
838 5719 1000 5790 quam
1043 5719 1331 5796 lectionem
1379 5724 1491 5792 ipse
1546 5725 1598 5779 in
1632 5719 1930 5796 '7Synag'oga

360 5791 633 5858 recitavit,
677 5798 733 5845 et
758 5791 825 5846 de
848 5807 907 5847 se
940 5793 1261 5862 completam
1292 5791 1412 5849 sine
1442 5791 1930 5868 scrupulo'dubita-

684 5885 960 5981 Parnm"
974 5958 991 5966 ,
1004 5883 1104 5977 Cl.

2080 3301 2111 3341 δ
2135 3300 2273 3369 ideo
2323 3309 2504 3356 autem
2533 3316 2797 3370 nusquam
2841 3303 3100 3373 scriptum
3129 3313 3230 3371 est,
3262 3308 3404 3376 quod
3450 3308 3594 3367 Deus

2012 3391 2173 3447 Pater
2203 3390 2375 3461 major
2421 3393 2492 3446 sit
2521 3391 2722 3461 Spiritu
2750 3402 2958 3459 sancto,
2999 3395 3083 3449 vel
3111 3396 3345 3466 Spiritus
3369 3408 3592 3456 sanctus

2012 3484 2192 3537 minor
2230 3482 2341 3537 Deo
2370 3481 2549 3547 Patre,
2584 3484 2707 3551 quia
2747 3499 2854 3538 non
2880 3493 2964 3540 est
2987 3486 3065 3558 ita
3093 3503 3123 3541 a
3162 3486 3365 3558 Spiritu
3401 3500 3593 3547 sancto

2014 3573 2281 3638 columba,
2312 3574 2365 3627 in
2405 3590 2511 3643 qua
2550 3576 2817 3645 apparuit,
2856 3556 3163 3647 assumpta;
3200 3556 3284 3634 vel
3316 3581 3404 3637 ille
3426 3584 3587 3654 ignis,

2015 3665 2071 3720 in
2117 3682 2226 3736 quo
2254 3665 2531 3722 descendit
2587 3683 2748 3738 super
2777 3672 3069 3740 apostolos,
3104 3673 3157 3727 in
3210 3690 3371 3729 unam
3408 3692 3595 3745 perso-

2017 3774 2141 3813 nam
2178 3759 2477 3814 divinitatis
2531 3775 2659 3824 sua,
2690 3761 2828 3815 sicut
2859 3773 3132 3834 assumpta
3160 3775 3242 3820 est
3277 3782 3307 3819 a
3335 3767 3470 3822 Filio
3501 3769 3595 3824 Dei

2019 3863 2086 3903 ex
2112 3848 2322 3919 virgine
2373 3849 2538 3903 Maria
2586 3852 2894 3906 humanitas
2926 3853 2979 3906 in
3007 3869 3168 3908 unam
3217 3870 3329 3909 sua
3378 3858 3601 3914 deitatis

2019 3953 2329 4010 personam.
2373 3938 2558 4009 Neque
2598 3940 2742 3995 enim
2779 3941 3084 3997 columbam
3111 3928 3440 4001 beatiﬁcavit
3471 3946 3599 4018 Spi-

2024 4096 2186 4151 tionis
2213 4098 2469 4184 ostendit,
2503 4094 2752 4181 Spiritus,
2805 4096 3012 4184 inquit,_
3050 4098 3259 4154 Domini
3301 4118 3456 4184 super
3496 4120 3600 4184 me,

2022 4178 2232 4241 propter
2258 4168 2407 4241 quod
2437 4170 2587 4223 unxit
2636 4184 2756 4241 me;
2783 4170 3139 4238 evangelizare
3159 4168 3472 4241 pauperibus
3503 4168 3602 4227 mié

2024 4240 2091 4313 sit
2128 4254 2230 4313 m_e,
2261 4239 2789 4313 pradieareAcaptivis
2812 4241 3191 4313 remissionem,
3215 4239 3319 4297 etc.
3346 4243 3495 4313 (Luc.
3522 4260 3600 4310 tv,

2028 4310 2095 4365 18
2119 4326 2133 4374 ;
2161 4308 2273 4364 Isa.
2306 4326 2414 4372 ωιι,
2442 4310 2514 4377 l).
2543 4308 2769 4377 Adqua
2805 4308 3046 4366 facienda
3076 4311 3197 4367 ideo
3237 4329 3295 4368 se
3325 4308 3456 4370 dicit
3478 4308 3605 4372 mis-

2027 4396 2173 4451 sum,
2194 4380 2316 4449 quia
2356 4381 2580 4451 spiritus
2611 4379 2818 4435 Domini
2849 4396 3009 4451 super
3032 4398 3155 4436 eum
3180 4392 3281 4439 est.

2103 4469 2122 4502 ι
2158 4450 2464 4524 Secundum
2505 4450 2733 4524 formam
2766 4451 2859 4505 Dei
2888 4450 3066 4524 omnia
3099 4467 3195 4523 per
3239 4455 3412 4524 ipsum
3461 4454 3606 4512 facta
3692 4506 3695 4509 .

1955 4560 1999 4619 υ
2024 4529 2157 4619 ‘sunt
2179 4521 2549 4619 ;'se.cundu|m'
2583 4521 2810 4619 feminam
2840 4521 2985 4619 εἶτνί
3017 4521 3130 4619 ipse
3161 4521 3336 4619 fact—ths
3366 4541 3440 4608 ,οἷς
3487 4543 3605 4581 mu-

2024 4591 2178 4667 l_iere,
2207 4593 2382 4647 factus
2411 4595 2509 4648 θιὼ
2539 4593 2672 4662 lege.
2700 4593 3005 4667 Secundum
3030 4591 3255 4650 formam
3286 4596 3378 4651 Dei
3410 4597 3523 4667 ipse
3550 4604 3609 4655 et

2028 4663 2187 4717 Pater
2208 4679 2373 4717 unum
2402 4672 2559 4728 sunt;
2580 4664 2872 4717 secundum
2907 4663 3137 4719 formam
3162 4668 3302 4721 servi
3336 4663 3444 4721 non
3460 4669 3608 4723 venit

2027 4733 2206 4789 facere
2240 4733 2577 4805 voluntatem]
2612 4749 2785 4805 suam,
2832 4733 2924 4787 sed
2966 4736 3307 4805 voluntatem
3348 4736 3465 4805 ejus
3510 4739 3604 4805 qui

2028 4820 2151 4859 eum
2178 4804 2342 4858 misit.
2371 4803 2677 4859 Secundum
2699 4803 2927 4857 formam
2953 4804 3076 4867 Dei,
3107 4809 3239 4862 sicut
3272 4803 3434 4863 Pater
3453 4803 3606 4862 habet

2028 4876 2185 4928 vitam
2216 4876 2269 4928 in
2297 4876 2587 4945 semetipso,
2628 4876 2704 4928 sic
2732 4874 2874 4928 dedit
2897 4885 2944 4929 et
2987 4875 3127 4931 Filio
3154 4879 3311 4933 vitam
3337 4879 3526 4933 habere
3550 4880 3606 4933 in

2028 4945 2296 5017 s_emetipso
2338 4942 2518 5016 (Joan.
2553 4962 2603 5008 v,
2634 4945 2760 5017 26);
2800 4947 3094 5017 secundum
3147 4948 3375 5004 formam
3419 4950 3603 5005 servi:

2032 5015 2219 5068 Tristis
2261 5025 2357 5086 est
2384 5017 2561 5068 anima
2596 5015 2711 5069 mea
2737 5033 2896 5086 usque
2922 5015 2991 5069 ad
3020 5029 3271 5084 mortem;
3302 5029 3376 5084 et,
3423 5018 3604 5083 Pater,

2029 5086 2223 5153 inquit,
2317 5085 2442 5161 ﬁeri
2470 5096 2656 5161 potest,
2678 5085 2920 5161 transeat
2940 5104 2971 5139 a
2994 5104 3087 5161 me,
3102 5090 3241 5161 calix
3267 5092 3365 5145 iste
3387 5089 3601 5161 (ΜαλιΙι.

2027 5172 2181 5231 15va,
2225 5157 2427 5231 58-39).
2480 5156 2785 5211 Secundum
2815 5158 3043 5231 formam
3073 5160 3163 5214 Dei
3197 5161 3308 5231 ipse
3336 5156 3422 5215 est
3442 5174 3607 5231 verus

2029 5227 2173 5281 Deus
2198 5235 2252 5280 et
2276 5226 2383 5280 vita
2413 5234 2648 5291 aterna;
2687 5228 2982 5282 secundum
3009 5226 3240 5286 formam
3266 5231 3407 5288 servi
3430 5229 3605 5284 factus

2029 5305 2115 5351 est
2138 5296 2395 5351 obediens
2418 5313 2587 5367 usque
2613 5298 2679 5351 ad
2704 5306 2955 5365 mortem,
2979 5310 3207 5357 mortem
3229 5310 3407 5357 autem
3430 5300 3609 5356 crucis

2033 5366 2255 5440 (Philip.
2290 5385 2351 5431 ιι,
2396 5369 2473 5440 8).
2506 5366 2828 5423 Secundum
2868 5369 3097 5440 formam
3128 5372 3221 5426 Dei
3254 5371 3457 5437 omnia,
3486 5386 3611 5440 qua.

2032 5440 2195 5509 habet
2236 5439 2437 5505 Pater,
2464 5439 2633 5509 ipsius
2658 5446 2792 5509 sunt
2824 5457 2836 5492 :
2878 5439 2948 5493 Et
2977 5443 3154 5496 omnia
3183 5453 3274 5496 tua
3322 5457 3437 5495 mea
3463 5439 3607 5508 sunt,

2032 5508 2227 5578 inquit,
2272 5518 2319 5564 et
2346 5525 2464 5582 mea
2486 5508 2589 5566 tua
2615 5508 2793 5582 (Joan.
2839 5526 2973 5575 xvn,
3002 5512 3129 5582 10);
3162 5512 3456 5567 secundum
3495 5511 3611 5567 for-

2032 5595 2176 5653 mam
2220 5580 2360 5635 servi
2388 5595 2501 5653 non
2541 5580 2632 5636 est
2664 5580 2779 5649 ejus
2804 5581 3049 5637 doctrina
3073 5580 3283 5653 ipsius,
3322 5582 3418 5638 sed
3443 5582 3610 5651 illius,

2033 5651 2124 5720 qui
2161 5666 2286 5706 eum
2328 5652 2493 5707 misit.
2529 5670 2549 5703 ι

2106 5722 2134 5762 δ
2164 5722 2297 5779 Vide
2327 5720 2388 5779 S.
2416 5722 2799 5795 Augustinum,
2828 5722 2921 5780 lib.
2949 5740 3005 5780 ιι
3044 5724 3112 5781 de
3141 5724 3427 5795 Trinitate,
3459 5737 3613 5786 num.

2035 5790 2125 5850 H-

3016 5890 3065 5971 2
