4072 6346
444 328 519 388 ss
1258 322 1319 382 Β.
1362 322 1423 379 r.
1461 319 1688 378 ALBINI
1728 316 1859 376 seu
1898 308 2173 376 ALCUINI
2213 309 2498 375 orenam
2536 312 2717 371 rAns
2750 311 2816 369 In
3667 296 3734 373 it

445 448 588 507 ritus
623 440 913 519 {sanctus},
956 444 1041 500 vel
1074 444 1225 499 illum
1270 441 1477 503 ﬂatum,
1521 438 1605 492 vel
1652 437 1800 492 illum
1832 437 2028 505 ignem,
2064 434 2109 493 Α
2136 429 2270 485 duas
2288 442 2565 498 personas,
2596 426 2647 485 id
2673 423 2917 490 est,veri
2941 418 3060 481 Filii
3089 414 3285 519 Det-et
3312 419 3548 493 adoptivi
3580 422 3725 519 [ΔΙ-η

447 538 662 609 sibique
684 545 741 592 et
764 552 1006 608 persona:
1030 551 1142 591 suae
1167 536 1222 589 in
1243 533 1506 587 unitatem
1532 532 1886 600 habitumque
1912 546 2036 585 con-

442 627 626 699 junxit
676 628 733 682 in
796 636 1081 691 aeternum,
1153 624 1249 679 sed
1300 631 1669 693 apparuerunt
1713 622 1835 686 ista,
1895 622 2037 677 sicut

447 729 749 790 opportune
798 732 1058 791 apparere
1087 718 1412 783 debuerunt,
1460 724 1710 772 creatura
1763 716 2033 771 serviente

448 813 705 878 creatori,
735 822 789 866 et
819 812 885 865 ad
912 820 1101 865 nutum
1132 809 1265 877 ejus,
1297 810 1391 879 qui
1441 807 1953 864 incommutabiiiter
1978 808 2033 861 in

446 904 626 973 soipso
655 909 958 972 permanet,
992 900 1059 955 ad
1113 916 1237 954 eum
1267 899 1681 971 significandum
1731 906 1787 952 et
1811 898 2034 953 demon—

447 996 747 1056 strandum,
787 995 931 1049 sicut
960 993 1254 1064 signiﬁcari
1295 1000 1350 1047 et
1379 991 1741 1047 demonstrari
1783 991 2032 1047 mortali-

445 1086 545 1142 bus
596 1087 899 1156 oportebat,
955 1094 1161 1140 mutata
1231 1093 1393 1154 atque
1441 1100 1720 1140 conversa.
1778 1085 2035 1152 Quamvis

447 1175 681 1245 Spiritus
720 1186 939 1233 sanctus
974 1176 1316 1247 apparuisset
1343 1176 1396 1229 in
1442 1177 1623 1246 specie
1651 1178 1915 1232 columbae
1948 1177 2033 1233 vel

443 1267 605 1339 ignis,
631 1285 740 1325 non
761 1282 1047 1341 p055umus
1076 1279 1260 1324 tamen
1287 1269 1468 1324 dicere
1490 1270 1755 1339 Spiritum
1784 1278 2033 1325 sanctum

444 1361 614 1418 Deum
646 1371 701 1419 et
728 1364 1056 1429 columbam,
1082 1370 1175 1417 aut
1205 1362 1376 1417 Deum
1406 1371 1459 1416 et
1488 1362 1688 1433 ignem,
1728 1364 1870 1418 sicut
1894 1364 2031 1418 dici-

440 1470 564 1509 mus
614 1453 812 1509 Filium
842 1454 1012 1509 Deum
1048 1462 1103 1508 et
1128 1454 1423 1508 hominem.
1458 1453 1689 1525 Propter
1719 1456 1819 1509 has
1867 1455 2035 1525 igitur

443 1548 756 1618 corporales
801 1547 1024 1612 formas,
1058 1548 1113 1601 in
1145 1548 1342 1616 quibus
1364 1547 1613 1616 apparuit
1642 1546 1878 1617 Spiritus
1907 1562 2031 1603 san-

441 1651 578 1701 ctus,
629 1640 826 1694 missus
852 1638 1073 1704 dicitur,
1122 1652 1231 1692 non
1283 1646 1505 1709 propter
1544 1653 1637 1694 eas
1666 1639 1846 1693 minor
1872 1639 2034 1695 Patre

442 1732 549 1785 dici
600 1740 799 1800 potest,
860 1732 999 1786 sicut
1048 1730 1216 1785 Filius
1282 1739 1505 1802 propter
1556 1729 1789 1785 formam
1850 1732 2027 1798 servi;

442 1825 569 1892 quia
600 1824 691 1878 illa
738 1823 911 1877 forma
956 1824 1095 1878 servi
1144 1823 1357 1878 inhmsit
1404 1823 1482 1877 illi
1515 1824 1583 1878 ad
1621 1824 1881 1877 unitatem
1912 1837 2035 1892 per-

437 1929 585 1970 sonze
642 1914 1047 1985 perpetualiter,
1099 1913 1203 1969 illae
1254 1928 1384 1969 vero
1434 1914 1643 1983 Species
1698 1914 2028 1983 corporales,

438 2004 492 2059 id
544 2014 646 2069 est,
673 2006 923 2061 columba
973 2014 1028 2061 et
1070 2005 1230 2076 ignis,
1284 2006 1352 2060 ad
1377 2003 1857 2061 demonstrandum
1886 2007 2032 2076 quod

436 2112 574 2168 Opus
619 2098 739 2164 fuit,
791 2100 860 2156 ad
917 2108 1126 2170 tempus
1173 2105 1560 2170 apparuerunt,
1595 2106 1797 2153 etesse
1843 2106 2032 2168 postea

436 2189 779 2245 destiterunt.

1047 2281 1275 2339 CAPUT
1332 2282 1423 2336 IX.

437 2370 591 2439 Quod
623 2373 778 2446 aliter
827 2373 1226 2446 intelligendum
1267 2377 1334 2429 sit
1390 2372 1615 2429 Verbum
1649 2392 1773 2430 caro
1802 2376 2026 2446 factum,

505 2454 659 2515 atque
693 2444 849 2499 aliter
901 2443 1120 2501 Verbum
1158 2446 1257 2501 Dei
1282 2448 1335 2500 in
1375 2446 1604 2517 quolibet
1628 2443 1950 2502 sanctorum.

478 2606 479 2609 η
507 2553 694 2609 Multis
742 2555 932 2621 modis,
964 2556 1097 2610 dicit
1125 2557 1406 2626 deiloquus
1428 2556 1646 2623 Paulus,
1685 2557 1854 2611 Deum
1883 2557 2030 2612 locu-

436 2658 548 2705 tum
599 2642 710 2701 esse
760 2648 996 2717 patribus
1056 2649 1111 2702 in
1155 2650 1439 2718 prophetis,
1504 2649 1797 2703 novissimis
1852 2649 2032 2720 itaque

436 2740 617 2809 diebus
662 2738 895 2795 locutum
929 2739 1076 2793 nobis
1105 2756 1216 2794 esse
1244 2741 1299 2793 in
1352 2739 1491 2793 Filio
1522 2756 1617 2793 suo
1642 2739 1774 2811 [A|.,
1805 2741 2029 2795 novissi-

436 2846 520 2889 me
540 2829 680 2902 vero]
710 2828 899 2902 (Hebr.
933 2847 975 2895 ι,
1002 2831 1076 2900 1).
1104 2830 1175 2883 Et
1200 2837 1261 2883 ut
1284 2829 1589 2883 certissime
1616 2829 2027 2900 intelligeretur,

434 2922 502 2976 de
533 2936 640 2990 quo
684 2921 823 2976 Filio
867 2921 1113 2986 dixisset,
1152 2935 1274 2975 mox
1302 2920 1581 2989 subjunxit
1600 2920 1788 2975 dicens
1817 2934 1831 2974 :
1862 2919 2029 2986 Quem

434 3012 703 3065 constituit
749 3011 1007 3065 hwredem
1052 3012 1435 3075 tmiversorum,
1470 3027 1565 3082 per
1610 3027 1763 3081 quem
1806 3010 1930 3079 fecit
1980 3018 2029 3064 et

434 3113 481 3158 et
509 3103 706 3158 smcuia
737 3102 929 3176 (lbid.,
951 3103 1027 3172 2).
1048 3102 1152 3157 Per
1175 3102 1321 3157 illum
1350 3119 1501 3168 vero,
1530 3117 1625 3173 per
1654 3118 1814 3173 quem
1846 3103 2029 3158 omnia

432 3197 662 3261 creavit,
711 3195 765 3249 id
794 3203 899 3260 est,
943 3192 1220 3249 Christum
1269 3192 1365 3249 Dei
1410 3192 1629 3259 Filium,
1682 3193 1894 3249 locutus
1942 3187 2099 3254 estC

433 3285 747 3345 novissimis
784 3283 969 3340 saeculi
1000 3285 1336 3355 temporibus
1372 3284 1575 3338 sanctis
1605 3285 1757 3349 suis;
1783 3284 2032 3354 quamvis

381 3388 389 3397 '
434 3378 606 3437 Deum
648 3378 888 3433 locutum
932 3390 1055 3431 esse
1084 3376 1137 3429 iu
1174 3376 1457 3446 prophetis
1486 3375 1695 3447 legatur
1722 3372 1857 3445 [Al.,
1884 3375 2032 3445 lega-

433 3471 600 3543 mus].
640 3470 793 3526 Sicut
843 3469 1044 3525 dicitur
1078 3469 1245 3541 729
1289 3470 1603 3541 principium
1652 3469 1896 3539 loquendi
1928 3468 2033 3523 Do-

434 3564 580 3618 mino
610 3564 663 3617 in
712 3560 850 3618 Osee
878 3559 1033 3632 (Osee
1054 3578 1090 3624 ι,
1116 3560 1173 3631 2)
1205 3579 1217 3614 :
1251 3560 1335 3616 vel
1361 3562 1545 3626 etiam,
1581 3560 1789 3615 verbum
1815 3560 2031 3613 Domini

433 3654 634 3724 factum
663 3655 734 3710 ad
754 3654 1053 3724 quemlibet
1076 3655 1418 3724 prophetam,
1443 3654 1586 3708 sicut
1613 3652 1812 3723 legitur
1844 3670 1858 3708 :
1901 3650 2029 3705 Ver-

433 3750 556 3804 bum
582 3749 793 3803 Domini
840 3749 1040 3819 faetum
1067 3761 1143 3803 est
1168 3749 1236 3802 ad
1284 3747 1485 3803 Isaiam
1510 3748 1814 3819 prophetam
1845 3744 2032 3818 (Isaia:

432 3859 662 3907 xxxviii,
690 3843 771 3913 4).
819 3841 937 3898 Non
980 3842 1146 3913 igitur
1169 3842 1243 3896 ita
1266 3840 1515 3897 Christus
1546 3843 1772 3898 verbum
1813 3840 1909 3897 Dei
1935 3839 2031 3895 ha-

435 3937 554 3995 buit
611 3937 666 3991 in
696 3951 774 4001 se,
816 3936 958 3991 sicut
988 3935 1077 3988 alii
1124 3935 1317 3999 sancti,
1377 3934 1472 3988 sed
1510 3934 1626 4003 ipse
1673 3942 1759 3987 est
1788 3932 2030 3988 Verbum

432 4026 550 4085 Dei.
581 4027 743 4082 Aliud
772 4036 857 4082 est
884 4026 1030 4081 enim
1058 4026 1290 4080 Verbum
1320 4026 1372 4079 in
1394 4040 1579 4090 carne,
1618 4024 1761 4078 aliud
1781 4032 1865 4078 est
1896 4024 2031 4077 Ver-

434 4120 564 4176 bum
604 4136 734 4175 caro
761 4118 1000 4185 factum;
1047 4118 1190 4172 aliud
1226 4126 1309 4171 est
1344 4116 1488 4171 Deus
1527 4116 1583 4173 in
1616 4116 1857 4181 homine,
1883 4115 2028 4170 aliud

434 4223 520 4270 est
574 4213 718 4270 Deus
776 4215 958 4269 homo.
988 4213 1112 4268 Ideo
1152 4211 1246 4266 Dei
1277 4210 1447 4265 Filius
1492 4224 1601 4264 non
1628 4209 1804 4264 solum
1834 4222 2028 4263 secun-

431 4308 561 4363 dum
582 4320 767 4361 veram
810 4306 1171 4371 divinitatem,
1210 4320 1373 4375 quam
1404 4305 1565 4359 habet
1598 4294 1677 4359 ‘dc
1709 4313 1901 4359 natura
1928 4301 2025 4356 Dei

432 4399 631 4465 Patris,
684 4398 779 4453 sed
825 4397 989 4451 etiam
1021 4398 1315 4451 secundum
1362 4413 1606 4462 carnem,
1639 4412 1803 4467 quam
1839 4413 2024 4453 veram

432 4491 753 4547 naturaliter
795 4491 960 4549 habet
984 4491 1306 4559 deocorpore
1331 4490 1501 4545 beatae
1528 4490 1841 4555 Genitricis,
1880 4490 2022 4546 Deus

430 4604 616 4654 verus,
654 4599 711 4646 et
728 4591 973 4645 creditur
1007 4597 1060 4644 et
1090 4591 1418 4661 prmdieatur
1447 4589 1514 4643 ab
1543 4588 1793 4643 omnibus
1845 4589 2027 4644 catho-

431 4684 590 4739 licis:
625 4685 880 4756 quoniam
906 4694 1114 4740 teter-tia
1140 4682 1395 4739 divinitas
1438 4683 1562 4738 Filii
1593 4700 1716 4738 cum
1743 4682 1902 4752 plena
1926 4683 2030 4738 liu-

431 4778 695 4832 manitate
737 4793 852 4841 sua,
892 4786 947 4832 et
987 4776 1175 4830 eadem
1205 4774 1365 4844 plena
1413 4774 1723 4829 humanitas
1754 4773 1872 4827 Filii
1903 4788 2029 4828 cum

431 4880 638 4926 mterna
686 4871 969 4926 divinitate
1021 4884 1137 4933 sua,
1170 4884 1275 4921 una
1328 4867 1498 4921 estin
1526 4874 1714 4921 sancta
1759 4862 2028 4921 Trinitate

429 4976 696 5032 persona;
751 4970 806 5016 et
847 4961 962 5015 hmc
1005 4976 1108 5013 non
1157 4960 1430 5029 adoptiva,
1459 4959 1553 5015 sed
1583 4956 1801 5030 propria
1830 4966 1883 5014 ct
1906 4974 2029 5029 per-

430 5054 594 5119 fecta,
626 5062 680 5109 et
726 5052 840 5125 ipse
869 5061 1012 5109 totus
1042 5052 1095 5109 in
1138 5052 1421 5107 divinitate
1472 5059 1635 5120 atque
1688 5050 2030 5106 humanitate

430 5164 529 5203 sua
560 5148 868 5219 unigenitus
911 5150 967 5200 et
995 5161 1154 5200 verus
1189 5143 1283 5198 Dei
1318 5143 1508 5209 Filius,
1550 5144 1690 5198 idem
1716 5141 1848 5215 [Al.,
1881 5141 2024 5215 ideo]

430 5255 556 5296 cum
590 5239 751 5295 Patre
785 5247 839 5294 et
881 5236 1087 5309 Spiritu
1114 5246 1324 5302 sancto,
1363 5252 1502 5292 unus
1529 5245 1612 5291 est
1665 5232 1810 5290 Deus
1841 5250 2022 5300 verus,

430 5349 540 5388 non
578 5332 996 5405 nuncupativus,
1056 5331 1197 5389 sicut
1247 5329 1541 5401 Hispanias
1592 5330 1806 5384 hwresis
1858 5328 2023 5397 impia

430 5427 740 5482 temeritate
784 5424 1059 5480 allirmare
1118 5425 1483 5496 prmsumpsit,
1526 5436 1778 5477 asserens
1808 5420 1903 5473 Dei
1936 5418 2025 5475 Fi-

431 5519 567 5573 lium
616 5520 671 5577 in
713 5519 892 5575 divina
934 5527 1127 5576 natura
1156 5514 1323 5573 Deum
1356 5528 1476 5572 esse
1515 5528 1728 5580 verum,
1759 5521 1815 5569 et
1844 5513 1897 5566 in
1925 5512 2025 5568 hu-

430 5624 593 5666 mana
643 5614 1099 5683 nuncupativum;
1134 5612 1383 5667 similiter
1424 5620 1479 5664 et
1534 5610 1586 5663 in
1618 5609 1799 5663 divina
1829 5615 2022 5661 natura

432 5704 712 5776 proprium
733 5704 929 5761 Filium
952 5705 1072 5771 Dei,
1101 5712 1155 5760 et
1181 5705 1234 5758 in
1257 5704 1492 5757 humana
1518 5699 1854 5768 adoptivum,
1884 5698 2023 5753 divi-

432 5799 565 5855 dens
623 5816 785 5855 unam
846 5815 1132 5868 personam
1184 5798 1303 5852 Filii
1349 5793 1445 5849 Dei
1500 5804 1629 5847 cum
1664 5789 1918 5848 Nestorio
1967 5794 2021 5850 in

2134 524 2250 578 veri
2286 521 2408 579 Filii
2435 528 2490 576 et
2533 518 2831 591 adoptivi];
2863 534 2988 574 cum
3014 515 3381 573 certissimum
3407 516 3727 581 consteuin

2136 613 2283 671 illam
2324 626 2631 682 personam,
2672 626 2838 680 quam
2885 609 3072 664 habuit
3109 605 3435 661 mteraaliter
3462 606 3531 662 de
3566 607 3730 663 Patre

2135 706 2366 776 genitus,
2428 686 2524 758 Dei
2565 702 2759 757 Filium
2808 702 3099 757 humanam
3156 700 3519 771 assumpsisse
3569 706 3729 756 natu-

2136 812 2275 861 ram,
2302 811 2466 864 quam
2497 808 2657 849 nemo
2679 793 2975 851 catholicus
3004 793 3107 848 (ide
3135 790 3488 847 confirmatus
3520 791 3732 861 adopti-

2134 901 2258 941 vam
2279 902 2400 941 esse
2426 901 2592 941 ausus
2611 894 2696 941 est
2711 886 2914 941 dicere.
2942 884 3084 939 Deus
3112 884 3209 939 Dei
3236 882 3408 937 Filius
3427 883 3728 938 humanam

2135 976 2431 1047 assumpsit
2457 986 2729 1040 naturam,
2754 991 2860 1031 non
2887 990 3198 1045 personam,
3225 974 3281 1029 in
3314 983 3729 1029 azternamsus—

2135 1070 2341 1138 cipiens
2369 1084 2659 1139 personam
2692 1067 2995 1122 divinitatis
3036 1066 3384 1136 temporalem
3422 1066 3734 1120 humanite-

2134 1161 2206 1216 tis
2243 1161 2622 1215 substantiam.
2653 1160 2826 1215 lIomo
2851 1160 3103 1215 transivit
3121 1160 3175 1215 in
3207 1160 3396 1223 Deum,
3426 1173 3535 1213 non
3554 1157 3734 1213 versi-

2134 1252 2363 1309 bilitate‘
2396 1260 2625 1317 naturae,
2662 1253 2758 1307 sed
2804 1260 3027 1323 propter
3067 1250 3265 1306 divina:
3305 1250 3570 1305 unitatem
3600 1263 3731 1318 pcr-

2135 1359 2299 1399 sonae.
2330 1344 2456 1401 Ideo
2485 1360 2593 1400 non
2643 1352 2769 1399 sunt
2797 1345 2903 1400 duo
2927 1344 3153 1409 Christi,
3194 1358 3295 1398 nec
3322 1343 3428 1398 duo
3453 1340 3598 1407 Filii,
3631 1340 3730 1397 sed

2135 1451 2276 1491 unus
2295 1434 2563 1499 Christus,
2598 1442 2654 1489 et
2680 1450 2819 1488 unus
2849 1433 3042 1499 Filius,
3066 1434 3208 1489 Deus
3238 1432 3420 1488 homo.

2757 1546 2987 1603 CAPUT
3036 1547 3103 1602 Χ.

2209 1660 2360 1727 Quod
2398 1670 2491 1717 nec
2524 1660 2688 1715 Pater
2721 1677 2814 1715 nec
2851 1660 3080 1731 Spiritus
3117 1668 3360 1725 sanctus,
3401 1658 3495 1714 sed
3527 1658 3673 1715 solus

2604 1731 2781 1788 Filius
2820 1734 3129 1787 incarnatus
3167 1734 3256 1786 sit.

2063 1810 2113 1880 Β
2208 1849 2527 1920 Quanquam
2567 1866 2671 1905 una
2707 1851 2780 1905 sit
2812 1858 3007 1905 natura
3041 1858 3241 1904 sanctae
3272 1847 3590 1914 Trinitatis,
3617 1862 3728 1903 non

2138 1950 2318 1999 tamen
2347 1950 2456 1997 tota
2486 1942 2723 1997 Trinitas
2751 1944 3031 1997 incarnata
3059 1950 3171 2006 est;
3201 1942 3296 1997 sed
3321 1941 3434 1996 sola
3459 1940 3581 1995 Filii
3606 1956 3731 2011 per-

2137 2051 2269 2090 sona
2294 2037 2584 2090 humanam
2608 2035 3036 2091 misericorditer
3056 2041 3298 2106 suscepit
3322 2044 3590 2090 naturam.
3618 2035 3730 2091 Nec

2135 2134 2316 2182 tamen
2357 2126 2429 2181 ita
2462 2124 2558 2181 Dei
2604 2127 2772 2182 Filius
2812 2129 3127 2183 incarnatus
3173 2135 3284 2191 est,
3328 2135 3390 2182 ut
3430 2143 3538 2182 una
3584 2135 3729 2183 esset

2136 2220 2194 2275 in
2232 2235 2299 2274 eo
2335 2228 2530 2274 natura
2570 2222 2868 2276 divinitatis
2917 2230 2971 2276 et
3022 2222 3223 2277 carnis.
3257 2220 3442 2292 Neque
3495 2222 3638 2276 enim
3673 2221 3728 2276 in

2135 2310 2355 2366 Christo
2395 2312 2498 2365 hoc
2527 2312 2701 2366 deitas
2735 2314 2911 2382 potuit
2945 2328 3065 2368 esse
3097 2314 3243 2383 quod
3280 2328 3435 2377 caro,
3469 2322 3562 2367 ant
3598 2328 3729 2369 caro

2135 2403 2280 2473 quod
2318 2404 2532 2459 deitas:
2573 2406 2701 2473 quia
2741 2414 2969 2478 utraque
3007 2417 3203 2461 natura
3227 2448 3241 2472 ,
3289 2405 3342 2459 id
3375 2414 3491 2473 est,
3534 2406 3730 2461 divini-

2138 2495 2265 2549 tatis
2301 2504 2357 2549 et
2394 2496 2782 2564 humanitatis,
2814 2497 2865 2551 in
2906 2512 3003 2552 sua
3040 2499 3337 2568 permansit
3375 2499 3725 2568 proprietate.

2134 2584 2430 2656 Propterea
2467 2587 2661 2656 utique
2698 2588 2993 2643 humanam
3037 2599 3319 2655 naturam,
3362 2589 3415 2645 id
3450 2598 3567 2655 est,
3608 2606 3729 2646 eam

2135 2693 2260 2733 nem
2289 2680 2776 2750 rationabilemque
2804 2683 3041 2737 animam
3069 2700 3177 2738 non
3210 2702 3240 2738 a
3270 2691 3382 2739 tota
3418 2684 3684 2739 Trinitate
3710 2722 3727 2751 ,

2135 2771 2227 2827 sed
2270 2788 2299 2826 a
2340 2773 2455 2828 solo
2485 2773 2623 2829 Filio
2654 2776 2978 2831 confitemur
3003 2786 3337 2847 susceptam,
3374 2778 3428 2832 in
3464 2779 3728 2833 unitatem

2135 2864 2334 2935 quippe
2368 2880 2642 2933 personm,
2684 2883 2791 2921 non
2833 2868 2889 2922 in
2935 2870 3198 2924 unitatem
3250 2878 3478 2925 naturis.
3530 2868 3729 2939 Utique

2134 2971 2364 3025 persona
2396 2958 2520 3013 Filii
2556 2974 2665 3015 non
2702 2967 2786 3015 est
2820 2960 3040 3027 eadem,
3077 2977 3199 3032 qua:
3248 2960 3428 3017 Patris
3471 2971 3583 3027 est,
3635 2967 3731 3016 aut

2137 3040 2376 3115 Spiritus
2403 3052 2597 3105 sancti.
2636 3050 2827 3107 Uuitas
2852 3068 2981 3123 ergo
3007 3068 3252 3122 persona:
3270 3094 3284 3118 ,
3311 3063 3563 3108 manente
3592 3055 3731 3108 (lun-

2138 3147 2290 3193 taxat
2338 3142 2622 3213 utriusque
2674 3145 3010 3215 proprietate
3063 3146 3421 3212 substantiae,
3482 3148 3622 3203 sicut
3674 3147 3729 3201 in

2134 3231 2352 3290 Christo
2382 3250 2673 3305 personam
2705 3252 2811 3292 non
2842 3236 2971 3293 fecit
3008 3239 3276 3307 duplicem
3299 3279 3314 3304 ,
3357 3239 3435 3294 sic
3476 3239 3731 3296 humana

2136 3333 2345 3381 natura:
2405 3327 2810 3398 susceptionem
2863 3344 2969 3383 non
3028 3328 3159 3383 fecit
3214 3340 3417 3386 sancta
3473 3329 3733 3386 Triuitatl

2136 3432 2504 3473 communem.
2554 3418 2636 3473 Ad
2684 3433 2973 3487 personam
3022 3420 3219 3489 quippe
3268 3419 3362 3475 Dei
3394 3421 3560 3475 Verbi
3610 3429 3734 3476 tan.

2137 3509 2411 3565 tummodo
2450 3510 2694 3579 acceptio
2728 3510 2817 3563 illa
2855 3510 3068 3566 senilis
3099 3509 3287 3566 forma:
3320 3512 3597 3581 pertinet:
3634 3513 3733 3570 sed

2133 3602 2270 3655 nihil
2296 3601 2489 3656 divina:
2513 3601 2862 3672 plenitudinis
2888 3601 3112 3657 abstulit
3137 3618 3150 3667 ;
3181 3602 3315 3659 nihil
3341 3602 3732 3660 dominationis

2134 3695 2335 3752 ademit
2375 3697 2431 3751 in
2470 3694 2685 3757 Christo
2722 3697 3082 3753 humanitatis
3126 3699 3423 3767 susceptio.
3470 3698 3606 3754 Hinc
3646 3705 3734 3755 est

2134 3793 2279 3863 quod
2317 3793 2372 3847 in
2412 3808 2522 3849 uno
2558 3792 2859 3863 eodemque
2896 3791 3116 3849 Christo
3149 3800 3205 3845 et
3233 3792 3483 3846 humana:
3520 3800 3732 3848 natura

2132 3884 2337 3940 veritas
2373 3884 2609 3950 claruit,
2649 3892 2704 3939 et
2741 3884 2938 3939 divina:
2976 3893 3184 3940 natura:
3214 3885 3735 3941 incommutabilitas

2131 3977 2435 4047 permansit
2481 3985 2704 4030 aeterna.
2754 3975 2869 4029 Hoc
2916 3985 3098 4031 tamen
3142 3976 3419 4031 sciendum
3462 3986 3546 4032 est
3587 3976 3733 4050 quod

2132 4073 2273 4127 hanc
2299 4072 2552 4128 servilem
2583 4071 2815 4126 formam
2836 4112 2851 4138 ,
2880 4086 3043 4142 quam
3074 4072 3221 4127 solus
3252 4072 3348 4127 Dei
3380 4072 3550 4129 Filius
3577 4088 3734 4129 accc-

2131 4170 2239 4236 pit,
2285 4175 2393 4222 tota
2436 4167 2677 4227 Trinitas
2714 4168 2864 4227 fecit.
2906 4168 3080 4237 Quam
3115 4181 3296 4227 tamen
3333 4180 3542 4227 certum
3579 4179 3665 4227 est
3699 4187 3733 4227 a

2132 4270 2245 4316 tota
2293 4270 2479 4316 sancta
2532 4262 2798 4320 Trinitate
2844 4262 3077 4330 factam,
3128 4266 3195 4320 ad
3246 4265 3416 4319 solam
3448 4264 3587 4319 Filii
3636 4262 3734 4321 Dei

2132 4354 2407 4424 pertinere
2432 4368 2740 4424 personam.
2770 4356 2886 4411 Non
2913 4358 3058 4412 enim
3085 4355 3247 4413 Pater
3275 4372 3494 4412 carnem
3523 4372 3734 4415 assum-

2129 4448 2270 4517 psit,
2306 4458 2480 4518 neque
2525 4447 2759 4518 Spiritus
2789 4456 3037 4512 sanctus,
3074 4450 3169 4505 sed
3198 4448 3366 4507 Filius
3396 4458 3641 4513 tantum,
3674 4457 3735 4504 ut

2056 4550 2109 4611 1)
2130 4541 2223 4611 qui
2255 4551 2374 4597 erat
2401 4542 2454 4599 in
2483 4540 2766 4597 divinitate
2794 4543 2890 4598 Dei
2920 4542 3098 4601 Patris
3128 4542 3316 4609 Filius,
3349 4543 3464 4615 ipse
3486 4543 3640 4597 ﬁeret
3677 4543 3733 4597 in

2133 4635 2353 4690 homine
2379 4636 2572 4690 matris
2601 4636 2825 4708 virginis
2856 4635 3029 4703 iilius,
3058 4652 3127 4691 ne
3156 4636 3279 4692 Filii
3319 4653 3515 4693 nomen
3560 4638 3614 4692 in
3656 4634 3736 4690 al-

2134 4738 2304 4785 teram
2334 4730 2595 4786 transiret
2625 4745 2912 4801 personam
2935 4772 2950 4797 ,
2987 4730 3078 4801 qui
3109 4747 3218 4785 non
3261 4740 3408 4787 esset
3447 4730 3737 4787 nativitate

2134 4823 2297 4885 ﬁlius.
2331 4823 2428 4879 Dei
2459 4840 2587 4894 ergo
2617 4822 2806 4888 Filius,
2837 4824 3073 4879 hominis
3099 4824 3278 4879 factus
3306 4834 3391 4878 est
3420 4823 3598 4877 ﬁlius:
3634 4836 3736 4878 na-

2134 4926 2221 4971 tus
2250 4917 2547 4971 secundum
2580 4917 2865 4972 veritatem
2894 4927 3104 4971 natura:
3130 4930 3194 4972 ex
3228 4916 3248 4989 [
3273 4916 3381 4971 Deo
3425 4914 3520 4971 Dei
3558 4915 3736 4973 Filius

2133 5016 2187 5063 et
2216 5009 2509 5065 secundum
2540 5008 2823 5066 veritatem
2855 5018 3063 5071 natura:
3089 5008 3198 5081 ex]
3238 5008 3458 5064 homine
3496 5008 3736 5065 hominis

2133 5104 2277 5159 ﬁlius
2316 5104 2370 5159 in
2401 5115 2634 5175 utraque
2663 5113 2857 5160 natura
2880 5146 2894 5170 ,
2926 5100 3035 5159 nun
3078 5103 3439 5175 appellatione
3481 5112 3730 5173 tantum,

2131 5198 2215 5253 vel
2239 5198 2527 5269 adoptione
2546 5238 2559 5264 ,
2588 5198 2685 5255 sed
2714 5199 2939 5254 veritate
2971 5198 3067 5255 Dei
3094 5197 3284 5255 Filius.

2650 5311 2812 5383 730
2845 5311 3074 5369 CAPUT
3114 5314 3204 5370 XI.

2135 5423 2210 5478 De
2254 5440 2314 5479 eo
2356 5426 2495 5497 quod
2540 5422 2760 5480 Verbum
2808 5427 2935 5503 Dei,
2984 5447 3096 5484 sua:
3139 5428 3315 5503 egi-nis
3362 5432 3727 5503 conceptione,

2452 5510 2759 5570 conceptum
2788 5501 2851 5554 sit
2886 5502 2938 5558 in
2972 5512 3118 5555 utero
3162 5498 3411 5573 Virginis.

2203 5615 2362 5675 Solus
2407 5616 2626 5686 itaque,
2674 5617 2818 5672 sicut
2858 5617 3128 5683 diximus,
3163 5613 3333 5678 Filius
3376 5617 3474 5674 Dei
3519 5618 3732 5691 accepit

2130 5725 2347 5764 carnem
2366 5752 2380 5777 ,
2413 5720 2473 5765 nt
2502 5710 2673 5780 possit
2710 5708 2861 5784 [ΑΙ.,
2886 5710 3110 5786 posset]
3140 5708 3420 5784 oorporeis
3447 5711 3619 5769 oculis
3647 5710 3731 5768 vi-

2128 5802 2277 5870 deri,
2310 5812 2363 5860 et
2392 5804 2667 5875 corporeis
2692 5806 2944 5862 manibus
2970 5807 3319 5869 contrectari.
3347 5806 3510 5865 Solus
3533 5808 3733 5863 huma-
