4072 6346
320 360 399 430 43
750 366 755 375 ’
911 358 1329 424 DOGMATICA.
1368 392 1440 404 —
1472 358 1562 418 DE
1596 358 1755 419 FIDE
1796 361 1855 418 S.
1893 356 2289 419 TRINITATIS
2326 358 2508 421 LIBRI
2544 362 2631 420 III.
2668 393 2742 410 --
2777 360 2905 419 LIB.
2943 360 3030 420 III.
3529 362 3607 429 48

321 497 454 541 nam
483 488 733 537 naturam
759 472 838 535 sic
867 480 1106 550 accepit,
1135 487 1195 533 ut
1235 486 1389 532 suam
1438 476 1677 545 faceret;
1722 484 1777 531 et
1816 491 1914 547 per
1941 479 1991 540 Α
2016 474 2216 549 (Joan.
2247 492 2309 533 ιιι
2329 519 2343 542 ,
2378 474 2446 535 I3
2464 477 2506 552 ).
2538 477 2665 534 Haec
2694 478 3015 549 loquebatur
3040 478 3096 533 in
3134 486 3283 534 terra
3312 479 3482 537 Filius
3507 483 3611 541 ho-

320 572 473 636 illam
505 574 803 631 divinitatis
829 578 1043 647 quoque
1075 588 1187 628 sua:
1214 571 1460 627 notitiam
1491 570 1920 627 misericorditer

320 664 634 730 hominibus
665 664 974 724 infunderet
1000 662 1129 740 [ΑΙ.
1155 707 1169 733 ,
1201 662 1565 736 insinuaret].
1598 656 1708 718 Nec
1736 672 1920 718 tamen

323 762 598 821 ullatenus
627 760 775 819 credi
807 761 967 817 debet
992 770 1212 815 carnem
1238 757 1442 814 Chrisﬁ
1473 759 1591 813 sine
1638 756 1920 812 divinitate

320 865 643 929 conceptam
668 855 722 909 in
749 862 902 909 utero
923 852 1187 923 Virginis,
1216 852 1530 923 priusquam
1561 850 1923 920 susciperetur

321 968 352 1006 a
386 946 604 1017 Verbo;
654 948 746 1003 sed
788 947 964 1017 ipsum
998 946 1229 1001 Verbum
1270 944 1441 999 Deum
1471 942 1630 1017 [Αἰη
1664 938 1919 1015 Domini]

319 1060 435 1100 sua:
463 1041 643 1097 carnis
671 1040 982 1109 acceptione
1007 1046 1325 1108 conceptum
1344 1079 1357 1103 ,
1388 1034 1669 1105 ipsamque
1700 1046 1922 1089 carnem

320 1136 491 1191 Verbi
518 1126 613 1190 Dei
645 1133 1021 1187 incarnatione
1046 1139 1361 1201 conceptam
1382 1172 1395 1197 ,
1426 1124 1778 1199 eamdemque
1802 1144 1924 1183 caro

320 1246 450 1285 nem
476 1224 729 1284 humana:
758 1220 965 1279 natu'rte
992 1236 1176 1278 veram
1205 1222 1407 1277 habere
1434 1221 1529 1277 Dei
1557 1218 1751 1275 Filium
1770 1261 1785 1285 ,
1814 1230 1921 1290 qua

318 1324 390 1379 de
416 1321 636 1395 Virgine
662 1318 900 1375 Verbum
924 1316 1067 1373 Deus
1094 1328 1253 1373 natus
1276 1325 1377 1373 est.
1407 1318 1521 1372 Non
1550 1328 1679 1388 ergo
1706 1317 1774 1371 ad
1796 1316 1923 1371 bea-

320 1416 439 1472 tam
470 1410 745 1489 Virginem
776 1412 929 1467 loeali
964 1420 1113 1467 motu
1145 1410 1306 1467 Verbi
1338 1408 1593 1465 divinitas
1621 1411 1799 1473 venit,
1828 1406 1922 1464 sed

320 1498 586 1565 ineil‘abili
628 1504 884 1579 potentia:
926 1521 1036 1561 suae
1084 1503 1560 1568 manifestatione,
1608 1511 1663 1556 et
1703 1509 1919 1559 uterum

321 1598 521 1659 matris
569 1599 870 1674 gignendus
900 1596 1190 1668 implevit,
1239 1611 1339 1651 nec
1406 1588 1613 1650 dimisit
1667 1588 1917 1660 Patrem,

320 1712 448 1751 cum
479 1694 627 1749 venit
655 1692 722 1747 ad
750 1692 1046 1763 Virginem.
1078 1690 1288 1761 Ubique
1337 1699 1480 1745 totus
1500 1731 1513 1753 ,
1556 1687 1759 1758 ubique
1799 1700 1924 1757 pere

320 1785 503 1840 fectus
530 1803 542 1836 :
576 1800 677 1838 nec
704 1781 981 1856 plenitudo
1009 1780 1305 1836 divinitatis
1350 1781 1543 1852 partiri
1584 1789 1796 1850 potest,
1827 1776 1923 1833 sed

2020 569 2213 633 minis,
2243 570 2338 625 sed
2380 570 2523 625 idem
2568 571 2683 641 ipse
2730 564 2899 627 Filius
2944 572 3178 627 hominis
3221 581 3339 628 erat
3365 575 3420 630 in
3446 576 3604 635 ctelo.

2019 664 2277 731 Quamvis
2304 664 2358 719 in
2386 664 2549 720 unius
2574 667 2880 736 corpusculi
2920 666 3195 722 videretur
3240 667 3464 725 latuisse
3504 685 3609 726 an-

2021 757 2197 828 gusda
2216 798 2232 824 ,
2262 767 2443 813 tamen
2470 759 2712 813 omnium
2741 766 3112 815 creaturarrnn
3160 762 3378 831 regebat
3424 762 3607 818 latitu-

2023 851 2223 905 dinem.
2258 850 2372 907 Nee
2401 850 2537 906 alius
2568 860 2650 907 ρει
2674 860 2775 922 per
2803 862 2962 923 quem
2991 854 3169 908 omnia
3215 865 3397 910 creata
3440 865 3607 925 sunt;

2024 942 2245 1018 [alius]
2278 944 2369 1015 qui
2400 952 2620 999 creatus
2648 954 2733 999 est
2760 945 2961 1012 homo;
2998 947 3138 1001 idem
3169 946 3284 1019 ipse
3310 956 3528 1004 creator
3554 958 3612 1006 et

2023 1044 2277 1091 creatura
2306 1055 2318 1091 :
2352 1045 2570 1092 creator
2598 1036 2653 1090 in
2684 1037 2999 1104 divinitate,
3041 1049 3290 1095 creatura
3327 1042 3382 1095 in
3419 1042 3613 1097 huma-

2022 1129 2211 1183 nitate.
2243 1124 2360 1184 Non
2392 1128 2563 1195 alius,
2603 1129 2698 1184 Sed
2738 1129 2911 1196 aliud,
2956 1132 3083 1200 quia
3122 1148 3229 1187 non
3272 1148 3378 1188 una
3416 1142 3613 1191 natura

2025 1222 2078 1278 in
2122 1238 2215 1288 eo,
2260 1224 2356 1278 sed
2397 1228 2504 1276 una
2550 1227 2634 1278 est
2677 1223 3003 1278 omnimodis
3028 1231 3279 1294 persona.
3310 1226 3426 1281 Non
3455 1227 3528 1281 ita
3557 1227 3615 1283 in

2024 1324 2214 1369 sancta
2254 1313 2523 1369 Trinitate
2567 1314 2856 1370 dicendum
2906 1325 2991 1370 est
3032 1316 3114 1371 vel
3158 1317 3612 1390 intelligendum;

2025 1422 2133 1463 non
2164 1406 2309 1463 enim
2337 1406 2419 1461 fas
2448 1416 2531 1462 est
2561 1408 2743 1463 dicere
2772 1409 2837 1463 de
2862 1408 3023 1464 Patre
3052 1417 3106 1464 et
3130 1408 3289 1475 Filio,
3320 1420 3375 1464 et
3408 1410 3614 1481 Spiritu

2026 1508 2236 1563 sancto,
2266 1499 2436 1567 aliud,
2460 1498 2617 1571 731
2651 1502 2777 1570 quia
2801 1515 2906 1554 una
2934 1502 3129 1556 horum
3153 1511 3238 1557 est
3264 1509 3492 1573 natura;
3520 1504 3614 1560 sed

2026 1595 2183 1661 alius,
2204 1595 2330 1667 quia
2352 1604 2709 1666 personarum
2732 1594 2986 1650 distantia
3009 1604 3093 1650 est
3115 1596 3170 1650 in
3191 1596 3290 1651 eis.
3316 1596 3373 1650 In
3396 1596 3615 1652 Christo

2027 1688 2209 1758 itaque
2243 1704 2351 1743 non
2381 1697 2464 1743 est
2502 1698 2859 1759 personarum
2911 1688 3201 1753 distantia,
3252 1689 3348 1744 sed
3394 1697 3616 1743 natura-

2028 1797 2183 1846 rum;
2214 1780 2333 1835 ideo
2360 1780 2498 1835 alius
2524 1795 2630 1834 non
2660 1780 2819 1835 debet
2844 1779 2981 1845 dici,
3010 1780 3107 1835 sed
3130 1780 3275 1835 aliud
3300 1781 3364 1836 de
3387 1795 3454 1835 eo
3479 1778 3614 1853 [Αι.,

318 1887 469 1934 totus
500 1874 671 1931 Filius
700 1875 757 1930 in
784 1872 945 1929 Patre
964 1916 978 1940 ,
1009 1881 1153 1927 totus
1179 1872 1350 1928 Filius
1378 1874 1432 1927 in
1460 1881 1619 1927 utero
1647 1870 1917 1943 Virginis;
1948 1872 1997 1934 Β
2025 1872 2091 1929 de
2122 1873 2293 1946 Deo].
2336 1874 2601 1941 Quocirca
2635 1873 2962 1929 omnimodis
2988 1890 3129 1928 unus
3166 1883 3249 1929 est
3284 1882 3445 1944 atque
3474 1874 3617 1929 idem

321 1979 469 2025 totus
494 1966 666 2023 Filius
691 1982 758 2021 ex
789 1976 944 2021 utero
970 1959 1208 2035 eju$dem
1234 1965 1407 2019 beata:
1432 1958 1670 2033 Virginis
1697 1970 1921 2017 carnem

319 2068 639 2125 assumens,
670 2057 722 2111 in
751 2073 857 2127 qua
883 2052 1173 2111 crticiilxus
1199 2063 1307 2117 est,
1338 2061 1391 2109 et
1420 2053 1662 2123 sepultus
1686 2069 1699 2117 ;
1732 2052 1789 2106 in
1817 2065 1922 2121 qua

321 2150 657 2216 resurrexit,
688 2157 742 2204 et
768 2148 823 2203 in
868 2147 1065 2203 coelum
1095 2146 1366 2209 ascendit,
1399 2152 1454 2201 et
1483 2145 1536 2199 in
1566 2145 1791 2200 dextera
1823 2141 1920 2197 Dei

318 2244 511 2309 sedet;
563 2242 617 2296 in
662 2257 768 2313 qua
814 2240 978 2295 etiam
1020 2246 1280 2294 venturus
1310 2245 1391 2292 est
1413 2234 1659 2305 judicare
1690 2234 1841 2289 vivos
1869 2238 1924 2288 et

318 2344 607 2403 mortuos;
642 2342 697 2390 et
723 2326 776 2388 in
808 2348 913 2405 qua
941 2330 1203 2386 videbunt
1229 2342 1350 2386 eum
1382 2342 1572 2384 omnes
1600 2327 1775 2383 tribus
1807 2336 1919 2381 tere

317 2444 436 2496 τες
471 2444 578 2483 non
625 2425 681 2481 in
707 2442 769 2482 ea
798 2424 1105 2482 humilitate
1135 2439 1240 2496 qua
1276 2421 1553 2492 iudicatur
1582 2419 1601 2492 [
1626 2418 1711 2473 At.
1738 2460 1752 2485 ,
1774 2418 1920 2487 judi-

317 2528 482 2577 catus
509 2514 666 2592 est],
696 2516 792 2575 sed
824 2518 878 2571 in
907 2532 970 2572 ea
998 2515 1277 2582 claritate,
1311 2526 1418 2585 qua
1454 2512 1797 2584 iudicaturus
1839 2512 1924 2566 est

318 2610 643 2670 universum
674 2609 953 2665 mundum.

941 2720 1167 2779 CAPUT
1205 2719 1318 2777 XII.

325 2816 407 2876 De
433 2817 724 2873 mediatore
753 2814 851 2871 Dei
876 2823 924 2869 et
953 2814 1225 2869 hominum
1245 2854 1261 2880 ,
1292 2813 1500 2867 homine
1528 2804 1657 2868 Iesu
1688 2810 1923 2867 Christo.

395 2928 585 2985 Nullus
620 2926 779 2998 plano
805 2939 989 2981 veram
1023 2939 1213 2996 pacem
1240 2940 1367 2981 cum
1397 2924 1511 2983 Deo
1537 2924 1741 2980 habere
1768 2933 1922 2997 pote-

321 3025 430 3091 rit,
460 3023 566 3079 nisi
605 3034 706 3092 per
746 3020 1102 3078 mediatorem
1144 3018 1436 3076 Dominum
1478 3017 1788 3085 Christum,
1832 3020 1924 3090 qui

323 3126 412 3176 est
454 3117 511 3172 in
550 3116 759 3172 duabus
799 3114 1038 3181 naturis,
1069 3129 1235 3171 verus
1260 3114 1404 3175 Deus
1426 3127 1697 3186 verusque
1722 3115 1922 3183 homo,

2029 1966 2278 2020 mortalis
2322 1972 2377 2020 et
2423 1963 2781 2029 immortalis,
2828 1964 3104 2035 passibilis
3144 1973 3198 2019 et
3241 1964 3614 2035 impassibilis.

2023 2055 2149 2111 Ideo
2199 2052 2486 2111 Dominum
2537 2054 2723 2126 gloriae
2773 2054 2909 2109 dixit
2957 2054 3246 2125 Apostolus
3289 2055 3615 2113 cruciﬁxum

2026 2144 2097 2219 (1
2126 2147 2248 2203 Cor.
2279 2163 2350 2209 η,
2379 2142 2412 2202 8
2435 2146 2484 2219 ),
2518 2148 2769 2219 quamvis
2795 2146 2907 2202 sola
2937 2148 3247 2203 humanitas
3274 2148 3620 2218 passionibus

2023 2237 2350 2307 subjaceret.
2384 2236 2690 2294 Cruciiixus
2717 2248 2800 2295 est
2838 2250 2967 2309 ergo
3011 2238 3108 2294 Dei
3151 2239 3347 2303 Filius,
3398 2242 3492 2295 sed
3534 2254 3621 2297 se-

2024 2333 2259 2389 cundum
2291 2347 2544 2398 carnem,
2578 2334 2720 2388 sicut
2747 2333 2803 2387 in
2834 2332 2939 2388 alio
2965 2331 3084 2388 loco
3113 2333 3253 2389 idem
3288 2335 3364 2389 ait
3390 2333 3619 2405 Aposto-

2023 2423 2148 2480 lus:
2197 2422 2309 2479 Nos
2356 2434 2531 2478 autem
2570 2424 2920 2495 prwdieamas
2963 2424 3229 2479 Christum
3270 2426 3620 2497 cruciﬁxum,

2022 2516 2228 2573 Judtris
2258 2517 2467 2589 quidem
2497 2517 2808 2571 scandalum
2828 2558 2841 2583 ,
2874 2516 3111 2589 gentibus
3139 2528 3314 2572 autem
3340 2517 3620 2574 stultitiam

2027 2606 2101 2684 (1
2129 2609 2250 2665 Cor.
2281 2624 2329 2676 ι,
2359 2608 2429 2665 25
2454 2611 2472 2681 )
2502 2626 2517 2675 ;
2548 2608 2682 2680 ipsis
2713 2618 2894 2664 autem
2922 2611 3131 2666 vocatis
3160 2608 3359 2665 Iudaeis
3384 2620 3439 2666 et
3465 2611 3621 2667 Crte.

2024 2705 2105 2760 eis
2132 2703 2410 2760 Christum
2450 2702 2547 2761 Dei
2585 2706 2872 2761 veritatem
2902 2701 2925 2777 [
2951 2698 3036 2758 ΑΙ.
3060 2746 3075 2773 ,
3106 2702 3405 2779 virtutem]
3436 2716 3492 2761 et
3522 2705 3620 2761 Det

2026 2796 2372 2867 sapientiam.

2621 2900 2850 2963 CAPUT
2888 2896 3028 2962 XIV.

2134 3017 2214 3074 De
2246 3008 2426 3074 Maria
2461 3018 2698 3091 Virgins,
2729 3028 2777 3074 et
2805 3020 3170 3075 incarnatione
3207 3017 3363 3076 Verbi
3387 3020 3508 3078 Dei.

2098 3133 2296 3189 Beatus
2319 3133 2651 3206 evangelista
2679 3142 2743 3189 ut
2766 3134 3156 3206 proprietatem
3184 3135 3345 3191 unius
3370 3148 3621 3207 persona

324 3226 472 3268 “"5
500 3210 783 3275 (Πιτίωυεν
831 3208 975 3264 idem
1026 3209 1286 3266 sacerdos
1330 3215 1386 3263 θι
1423 3207 1781 3275 “eliadum,
1831 3223 1923 3264 νθ·
1956 3232 2002 3298 C
2031 3225 2088 3281 in
2125 3224 2346 3281 Christo
2381 3226 2723 3291 ostenderet,
2757 3226 2833 3280 ait
2862 3244 2875 3278 :
2918 3223 3141 3281 Verbum
3169 3243 3294 3281 caro
3321 3227 3519 3296 factum
3543 3235 3622 3289 ea

325 3304 488 3361 aiens
515 3302 586 3358 ad
611 3316 713 3360 nos
738 3300 936 3358 offerre
962 3316 1064 3372 pro
1090 3301 1247 3358 nobis
1275 3300 1419 3371 quod
1444 3300 1679 3370 sumpsit
1720 3314 1788 3358 ex
1829 3314 1929 3357 no-

326 3396 446 3462 bis,
476 3403 537 3451 ut
580 3394 817 3451 auferret
858 3410 890 3449 a
935 3395 1093 3451 nobis
1136 3394 1282 3464 quod
1326 3395 1532 3451 invenit
1560 3394 1616 3450 in
1656 3394 1843 3462 nobis,
1874 3392 1928 3451 id

326 3495 447 3553 est,
476 3496 720 3558 peccata.
767 3499 793 3531 ι
826 3486 980 3543 Sicut
1010 3486 1157 3543 enim
1182 3485 1431 3543 diabolus
1456 3488 1724 3545 mediator
1747 3495 1834 3543 est
1858 3487 1928 3543 ad

326 3590 602 3648 mortem,
630 3582 723 3651 qui
754 3581 1019 3651 superbus
1043 3580 1446 3651 superbientem
1488 3581 1764 3639 hominem
1803 3594 1928 3651 per-

326 3676 485 3735 duxit
512 3676 582 3732 ad
608 3684 870 3743 mortem,
901 3676 977 3732 ita
1018 3675 1268 3733 Christus
1309 3676 1577 3733 mediator
1618 3678 1687 3734 ad
1723 3678 1922 3745 vitam,

327 3768 555 3826 lutmilis
605 3769 881 3825 hominem
930 3768 1276 3825 obedientem
1327 3770 1542 3825 reduxit
1588 3769 1660 3825 ad
1710 3771 1921 3828 vitam:

328 3865 456 3936 quia
486 3866 626 3920 sicut
655 3864 747 3920 ille
772 3866 949 3921 elatus
993 3864 1214 3928 cecidit,
1248 3873 1305 3920 et
1350 3865 1547 3935 deiecit
1583 3867 1928 3921 consentien-

327 3966 440 4013 tem
458 3997 475 4024 ,
506 3958 587 4014 sic
615 3957 721 4015 iste
763 3957 1081 4014 humiliatus
1107 3958 1382 4023 surrexit,
1413 3965 1470 4012 et
1497 3958 1673 4013 erexit
1702 3959 1929 4014 creden-

329 4058 461 4106 tem.
495 4050 702 4106 Idcirco
729 4059 911 4106 autem
938 4050 1225 4115 mediator,
1254 4051 1382 4121 quia
1409 4050 1551 4105 idem
1584 4051 1727 4106 Deus
1765 4058 1927 4121 atque

329 4142 498 4198 homo
536 4154 728 4210 verus,
762 4145 970 4200 habens
1011 4150 1137 4198 eum
1167 4142 1327 4198 Patre
1355 4143 1601 4199 eamdem
1628 4143 1927 4199 divinitatis

328 4244 621 4302 laturam,
669 4243 724 4291 et
765 4234 1086 4291 humilitatis
1122 4234 1369 4289 eamdem
1414 4250 1540 4289 cum
1584 4244 1758 4290 matre
1799 4234 1928 4290 sub-

328 4328 610 4385 stantiam.
639 4324 858 4382 Habetis
883 4340 951 4381 ex
981 4325 1139 4381 nobis
1168 4340 1339 4395 usque
1365 4324 1433 4380 ad
1465 4333 1696 4381 mortem
1727 4325 1927 4395 iniqui-

327 4420 460 4477 tatis
484 4427 686 4477 ηοω-ω
704 4435 920 4490 pmnam
935 4458 951 4484 ,
980 4419 1184 4474 habens
1210 4418 1706 4474 incommutabilem
1727 4417 1796 4473 de
1816 4418 1926 4475 Deo

329 4512 497 4571 Patre
525 4511 818 4584 justitiam.
866 4512 1097 4583 Propter
1139 4519 1381 4569 nostram
1411 4511 1754 4581 iniquitatem
1786 4521 1925 4566 tem-

2030 3316 2232 3391 (Joan.
2262 3333 2312 3384 ι,
2340 3317 2406 3371 Η
2428 3317 2468 3389 ).
2500 3318 2770 3385 Verbum,
2800 3319 2944 3388 quod
2972 3326 3091 3373 erat
3118 3318 3260 3389 apud
3288 3319 3459 3374 Deum
3479 3360 3495 3385 ,
3525 3334 3613 3376 an-

2027 3419 2246 3482 tequam
2274 3411 2508 3468 mundus
2537 3420 2709 3478 esset,
2737 3426 2835 3483 per
2864 3414 3010 3483 quod
3036 3413 3270 3468 mundus
3297 3412 3477 3469 factus
3501 3423 3621 3483 est;

2028 3502 2267 3559 Verbum
2298 3503 2442 3573 quod
2471 3518 2581 3559 non
2606 3505 2791 3560 amisit
2819 3505 3181 3560 aeternitatem
3213 3520 3367 3560 suam
3388 3544 3402 3568 ,
3431 3521 3623 3575 quam-

2024 3595 2109 3651 vis
2137 3596 2191 3651 in
2222 3606 2466 3667 tempore
2493 3611 2562 3652 ex
2588 3596 2841 3669 virginali
2869 3604 3025 3653 utero
3050 3611 3270 3653 carnem
3299 3596 3624 3653 assumenda

2026 3690 2190 3747 homo
2216 3691 2334 3745 ﬁeri
2360 3692 2637 3747 voluisset.
2680 3691 2835 3759 Quod
2864 3692 3103 3749 Verbum
3145 3708 3245 3763 per
3282 3692 3623 3762 omnipoten-

2026 3785 2159 3839 tiam
2188 3798 2340 3838 suam
2372 3784 2544 3839 voluit
2573 3786 2716 3839 hunc
2761 3785 3036 3840 hominem
3080 3801 3242 3856 quem
3287 3788 3618 3857 assumpsit,

2027 3878 2130 3933 hoc
2179 3876 2299 3932 ﬁeri
2345 3888 2411 3932 ex
2458 3884 2732 3946 tempore,
2781 3878 2925 3946 quod
2970 3878 3086 3947 ipse
3129 3893 3344 3948 semper
3369 3880 3472 3935 fuit
3500 3881 3619 3937 sine

2026 3980 2301 4041 tempore,
2332 3970 2385 4025 id
2412 3976 2495 4025 est
2513 4012 2527 4036 ,
2555 3970 2809 4041 proprius
2834 3970 3003 4027 Filius
3026 3972 3154 4037 Dei,
3186 3981 3245 4027 ut
3272 3989 3378 4029 non
3409 3974 3643 4046 possint

2028 4064 2134 4121 dici
2165 4065 2270 4120 duo
2301 4063 2424 4120 Filii
2454 4064 2584 4131 Dei,
2630 4065 2769 4121 alius
2815 4073 2942 4121 ante
2984 4072 3230 4136 tempora
3276 4069 3524 4139 genitus,
3564 4074 3623 4125 et

2029 4158 2166 4215 alius
2216 4166 2378 4215 natus
2422 4175 2488 4215 ex
2533 4168 2805 4229 tempore,
2854 4160 2947 4214 sed
2987 4170 3129 4215 unus
3174 4160 3269 4218 Dei
3300 4162 3469 4217 Filius
3493 4174 3622 4234 prtio

2026 4253 2179 4324 prius
2218 4260 2272 4307 et
2308 4252 2584 4323 perfectus
2627 4251 2887 4307 Dominus
2924 4259 3110 4307 noster
3147 4250 3304 4309 Iesus
3339 4254 3611 4315 Christus.

2029 4348 2200 4416 Quem
2231 4346 2389 4401 beata
2417 4345 2573 4417 virgo
2602 4346 2802 4414 Maria,
2834 4347 2981 4402 salva
3015 4347 3327 4417 integritate
3371 4350 3453 4404 sui
3498 4364 3626 4407 cor-

2027 4439 2197 4511 poris,
2224 4436 2395 4493 Deum
2420 4438 2590 4493 edidit
2617 4448 2671 4494 et
2701 4437 3006 4504 hominem,
3037 4455 3159 4509 qum
3186 4438 3286 4494 fuit
3315 4440 3435 4495 lana
3466 4458 3623 4499 mun-

2032 4533 2280 4599 dissima,
2313 4538 2368 4587 et
2394 4532 2708 4603 virginitate
2735 4532 3071 4599 clarissima,
3101 4542 3155 4588 et
3183 4534 3626 4605 incomparabilis

326 4604 595 4677 poraliter
639 4613 915 4671 mortuus,
956 4610 1181 4675 propter
1215 4602 1484 4673 justitiam
1531 4616 1686 4657 suam
1712 4609 1769 4657 et
1811 4602 1924 4672 ipse

2034 4626 2301 4680 Universis
2340 4640 2459 4695 qua:
2503 4634 2661 4679 erant
2700 4625 2800 4680 sub
2841 4624 2979 4681 caelo
3020 4624 3350 4697 virginibus,
3396 4636 3624 4700 eratque

328 4712 553 4770 sem
575 4699 766 4765 vivus,
796 4697 891 4768 qui
917 4695 1213 4753 cruciﬁxus
1240 4702 1325 4750 est
1366 4711 1434 4750 ex
1474 4694 1789 4750 inﬁrmitate
1824 4710 1924 4754 Io-

328 4799 449 4850 stn
463 4832 479 4862 ε
512 4790 611 4848 sed
632 4791 767 4849 vivit
793 4805 861 4848 ex
888 4791 1092 4846 virtute
1119 4804 1219 4845 sua
1250 4786 1321 4860 (Ι
1350 4785 1474 4843 Cor.
1503 4804 1605 4843 ιιιι
1630 4787 1671 4861 ).

929 4899 1158 4959 CAPUT
1192 4896 1327 4956 XIII.

329 5008 412 5075 De
455 5034 516 5072 eo
559 5016 701 5088 quod
746 5014 1059 5088 irChristo
1102 5016 1168 5088 si_t
1198 5024 1510 5088 naturarum
1538 5013 1791 5068 distantia
1822 5032 1927 5070 non

405 5085 643 5160 persona:
669 5103 689 5153 ;
728 5095 776 5142 et
816 5087 876 5142 in
914 5096 1099 5142 sancta
1127 5085 1381 5140 Trinitate
1405 5100 1750 5161 personarum
1775 5126 1791 5152 ,
1823 5100 1928 5139 non

406 5167 636 5213 natura.

405 5270 596 5342 Neque
636 5269 733 5326 Dei
776 5268 977 5337 Filius,
1010 5269 1153 5326 Deus
1177 5272 1414 5326 aeternus
1440 5285 1507 5326 ex
1533 5266 1726 5342 Patre,
1756 5268 1929 5330 Deum

332 5364 579 5422 deseruit
604 5362 824 5419 Patrem
842 5406 857 5430 ,
887 5365 1135 5436 quamvis
1157 5364 1321 5420 homo
1346 5364 1519 5422 factus
1548 5376 1692 5423 esset
1720 5383 1787 5424 ex
1818 5383 1932 5423 ma-

333 5470 420 5518 tre
449 5479 463 5516 :
496 5459 593 5516 sed
620 5460 761 5515 idem
792 5460 885 5531 qui
914 5462 1138 5531 gerebat
1166 5476 1286 5532 qua:
1317 5463 1551 5519 hominis
1583 5476 1708 5521 sunt
1737 5464 1790 5523 in
1820 5477 1930 5522 ter-

332 5554 452 5620 ris;
483 5553 625 5609 idem
656 5553 770 5625 ipse
800 5555 1022 5624 gerebat
1048 5553 1103 5609 in
1136 5555 1287 5611 ctelis
1312 5566 1431 5625 quas
1460 5556 1555 5614 Dei
1586 5566 1731 5614 sunt.
1778 5559 1931 5615 Sicut

332 5646 453 5715 ipse
480 5646 558 5700 ait
586 5644 641 5700 in
675 5645 967 5720 Evangelia
994 5663 1007 5701 :
1045 5640 1215 5701 Nemo
1242 5649 1472 5703 ascendit
1500 5651 1555 5705 in
1585 5649 1797 5716 caelum,
1828 5654 1930 5709 nisi

328 5739 424 5812 qui
448 5736 718 5794 descendit
745 5740 809 5793 de
834 5738 959 5793 mlo
978 5780 993 5806 ,
1021 5732 1195 5794 Filius
1218 5736 1443 5795 hominis
1461 5783 1474 5807 ,
1501 5744 1592 5813 qui
1619 5754 1693 5799 est
1722 5742 1777 5799 in
1804 5746 1929 5802 caelo

409 5866 435 5895 ι
474 5859 612 5916 Vide
638 5859 697 5917 S.
725 5859 1087 5930 Augustinum
1103 5898 1120 5928 ,
1146 5857 1242 5916 lib.
1271 5873 1325 5915 iv
1344 5858 1413 5917 de
1434 5858 1731 5933 Trinitate,
1756 5878 1815 5920 n.
1839 5862 1907 5920 l3

2034 4717 2157 4773 talis
2182 4733 2247 4773 ac
2278 4726 2426 4772 tanta
2446 4758 2461 4783 ,
2492 4725 2553 4771 ut
2594 4715 2707 4772 sola
2736 4715 2895 4787 digna
2928 4717 3081 4773 ﬁeret
3112 4719 3449 4775 divinitatem
3478 4722 3533 4776 in
3564 4738 3625 4779 se

2028 4813 2272 4883 recipere
2314 4810 2438 4865 Filii
2480 4808 2597 4865 Dei.
2642 4808 2794 4864 Sicut
2825 4809 2970 4864 enim
2999 4811 3269 4882 conchylii
3300 4814 3625 4884 sanguinem

2030 4908 2154 4964 lana
2192 4906 2451 4977 suscipit,
2496 4913 2556 4959 ut
2581 4918 2820 4975 purpura
2848 4916 2916 4959 ex
2944 4903 3133 4959 eadem
3164 4904 3285 4960 lana
3309 4948 3323 4973 ,
3356 4906 3624 4977 imperiali

2030 4998 2304 5073 majestati
2348 4997 2723 5054 tantummodo
2760 4997 2923 5069 digna
2968 4995 3094 5063 ﬁat,
3137 5012 3242 5068 qua
3278 4999 3458 5056 nullus
3484 4999 3627 5060 alius

2031 5092 2291 5157 induitur,
2322 5090 2427 5147 nisi
2457 5097 2683 5163 augusta
2712 5091 2970 5162 praeditus
3001 5090 3265 5162 dignitate
3296 5112 3309 5147 :
3340 5093 3415 5148 ita
3446 5093 3622 5166 Spiri-

2031 5194 2120 5242 tus
2150 5194 2371 5241 sanctus
2402 5182 2789 5253 superveniens
2819 5182 2871 5237 in
2900 5183 3114 5238 beatam
3147 5184 3425 5257 Virginem
3447 5228 3461 5251 ,
3492 5185 3618 5260 [et]

2033 5280 2207 5334 virtus
2247 5275 2512 5332 Altissimi
2550 5274 2893 5331 obumbravit
2928 5290 3049 5330 eam
3071 5317 3086 5342 ,
3118 5285 3178 5331 ut
3203 5276 3327 5333 lana
3358 5278 3513 5332 ﬂeret
3542 5278 3623 5334 di-

2034 5374 2262 5430 vinitate
2300 5376 2629 5443 purpurata,
2677 5362 3015 5423 solummodo
3055 5376 3259 5424 teterno
3302 5367 3623 5439 imperatori

2037 5467 2187 5524 indui
2232 5463 2566 5536 dignissima.
2611 5459 2679 5515 Et
2719 5460 2800 5515 sic
2838 5458 2982 5515 facta
3021 5470 3105 5516 est
3129 5460 3442 5515 beatissima
3474 5462 3624 5536 virgo

2038 5560 2206 5615 Maria
2248 5558 2518 5619 Θεοτόκος,
2565 5555 2711 5610 sicut
2748 5560 2802 5609 et
2837 5556 3201 5633 πρωτοτόκος.
3236 5552 3372 5608 Nam
3412 5563 3468 5611 et
3498 5565 3625 5613 ante

2039 5670 2157 5711 eam
2210 5652 2427 5706 fuerunt
2477 5649 2597 5703 alia:
2641 5648 2698 5702 in
2746 5646 2945 5719 populo
2995 5647 3365 5725 Χριστοτὸκαι,
3418 5649 3473 5705 id
3505 5658 3623 5717 est,

2040 5745 2371 5804 christorum
2428 5738 2751 5815 genitrices,
2805 5750 2913 5795 non
2964 5745 3143 5794 tamen
3193 5740 3464 5812 virgines,
3521 5754 3626 5797 nec
