4072 6346
447 322 514 382 47
1261 329 1323 381 Β,
1365 327 1428 381 F.
1463 325 1688 382 ALBINI
1730 324 1864 381 SEU
1902 319 2177 379 ALCUlNl
2217 314 2501 376 OPERUM
2541 317 2721 374 PARS
2757 318 2822 374 Ill
3649 312 3722 374 48

450 442 658 510 Spiritu
697 409 916 508 sancto,
947 448 1018 497 et.
1039 441 1239 495 virtute
1283 439 1546 492 Altissimi
1587 440 1946 502 obumbratae,
1984 445 2043 491 ut
2068 441 2122 498 Α
2147 435 2429 504 distinguit
2465 433 2626 506 [Al.,
2659 431 3032 506 distinguunt]
3070 423 3122 487 in
3172 427 3418 497 Christo,
3473 425 3726 490 divinitas

451 535 624 604 dignae
666 534 832 587 Deum
872 540 1131 603 geu’erare
1169 532 1560 585 invenirentur.
1603 530 1729 584 Haec
1766 541 1945 583 autem
1982 537 2036 583 et

451 632 825 704 Χριστοτόκος,
860 639 914 684 et
953 630 1066 684 sola
1109 629 1376 691 Θιοτόκος,
1405 635 1461 680 et
1491 625 1603 681 sola
1635 625 1788 695 virgo
1816 639 1884 678 ex
1916 622 2036 692 Spi—

452 723 558 776 ritu
604 732 792 777 sancto
836 730 890 775 et
931 723 1131 775 virtute
1172 720 1436 774 Altissimi
1482 719 1824 788 concipiens,
1868 732 1931 770 ac
1959 716 2038 771 sic

449 814 751 884 gloriﬁcata
773 856 786 878 ,
819 824 880 868 ut
909 815 1074 867 Deum
1104 812 1200 866 Dei
1243 812 1438 865 Filium
1468 819 1795 866 cozeternum
1827 819 1881 864 et
1909 825 2038 864 con-

449 906 861 962 substantialem
893 905 1040 960 Patri
1069 913 1372 975 generaret.
1407 904 1574 975 Virgo
1618 911 1742 957 ante
1783 909 1997 971 partum
2021 942 2036 966 ,

450 1000 600 1067 virgo
643 999 694 1052 in
737 1005 924 1066 partu,
969 996 1124 1064 virgo
1156 1004 1280 1065 post
1327 1003 1584 1064 partum:
1631 996 1850 1066 dignum
1893 994 2037 1048 enim

448 1099 567 1142 erat
587 1129 601 1154 ,
633 1097 692 1142 ιιι
721 1089 833 1142 Deo
864 1097 1143 1153 nascente,
1170 1087 1422 1141 meritum
1450 1093 1721 1142 cresceret
1750 1085 2034 1149 castitatis,

449 1197 520 1236 ne
549 1197 646 1252 per
675 1183 792 1253 ejus
817 1183 1107 1237 adventum
1135 1180 1466 1235 violarentur
1495 1178 1726 1249 integra,
1758 1179 1850 1248 qui
1880 1193 2039 1234 vene-

447 1282 531 1326 rat
573 1289 767 1329 sanare
810 1281 1083 1344 corrupta.
1133 1271 1244 1326 Nec
1294 1277 1548 1342 regnator
1592 1271 1714 1326 coeli
1760 1270 2040 1341 virginalis

446 1367 590 1420 uteri
639 1365 958 1434 dedignatus
1008 1363 1173 1436 [Al.,
1212 1362 1564 1435 indignatus]
1620 1372 1705 1417 est
1760 1363 2039 1434 angustias

445 1457 689 1522 intrare,
723 1459 815 1528 qui
861 1457 1102 1512 omnium
1149 1467 1522 1512 creaturarum
1575 1456 1761 1526 implet
1802 1456 2038 1511 latitudi—

447 1565 571 1607 nem
594 1593 608 1616 ,
634 1551 720 1605 cui
747 1550 1058 1621 angelorum
1087 1549 1279 1604 militia
1305 1558 1434 1604 nato
1464 1550 1750 1605 decantare
1774 1561 1997 1605 venerat
2021 1569 2035 1605 :

445 1641 630 1698 Gloria
655 1645 708 1696 in
731 1642 946 1702 excelsis
969 1641 1098 1706 Deo,
1123 1651 1168 1695 et
1192 1643 1248 1694 in
1277 1650 1418 1695 terra
1443 1658 1548 1712 pax
1573 1641 1867 1695 hominibus
1892 1642 2039 1696 bona:

446 1735 727 1790 voluntatis
759 1735 778 1807 (
805 1735 928 1788 Luc.
961 1751 1030 1801 tt,
1061 1733 1127 1787 14
1149 1733 1187 1804 ).

941 1879 946 1882 -
1018 1859 1042 1887 ε
1079 1844 1304 1901 CAPUT
1344 1845 1461 1900 XV.

619 1919 759 1984 Quid
786 1920 971 1988 cuique
1001 1926 1204 1970 natum
1233 1917 1288 1968 in
1318 1914 1526 1969 Christo
1559 1917 1852 1970 conveniat.

513 2012 846 2066 Firmissime
885 2008 1109 2064 credere
1148 2008 1408 2062 debemus
1445 2009 1546 2062 sub
1587 2008 1749 2061 unius
1789 2021 2034 2076 personae

444 2103 773 2174 proprietate
832 2101 1059 2155 duarum
1102 2113 1222 2153 esse
1258 2099 1313 2153 in
1347 2087 1566 2154 Christo
1607 2109 1917 2152 naturarum
1954 2099 2036 2153 in-

443 2196 619 2267 signia
655 2213 667 2247 :
710 2209 818 2247 non
857 2201 920 2247 ut
955 2191 1275 2245 divisionem
1310 2189 1575 2244 faciamus
1613 2190 1776 2243 unius
1810 2189 2030 2255 Christi,

444 2288 542 2344 sed
571 2293 630 2340 ut
658 2287 713 2340 in
743 2301 849 2338 uno
878 2283 974 2338 Dei
1005 2282 1141 2338 Filio
1175 2290 1231 2336 et
1265 2298 1376 2336 uno
1414 2281 1629 2337 Christo
1664 2281 1798 2335 duas
1838 2281 2032 2335 distin-

443 2393 672 2451 guamus
710 2377 1042 2432 substantias
1073 2394 1085 2428 :
1128 2390 1293 2428 unam
1333 2389 1453 2444 quae
1489 2374 1702 2427 initium
1743 2372 1932 2427 habuit
1963 2387 2030 2426 ex

443 2469 689 2541 virginali
720 2475 896 2532 utero,
927 2467 1152 2521 alteram
1179 2481 1298 2534 qua:
1327 2465 1445 2518 sine
1475 2465 1628 2518 initio
1656 2471 1922 2518 coaeterna
1951 2472 2037 2518 est

443 2560 555 2616 Deo
590 2560 736 2614 Patri
763 2576 776 2623 ;
807 2575 972 2612 unam
1002 2573 1122 2626 quae
1149 2564 1307 2610 :etate
1335 2555 1654 2626 proficiebat
1679 2563 1735 2608 et
1770 2555 2030 2624 sapientia

443 2651 610 2722 (Luc.
639 2668 675 2706 ιι
695 2691 709 2715 ,
737 2649 838 2720 52)
861 2691 876 2716 ,
906 2649 1132 2703 alteram
1163 2663 1282 2717 quze
1309 2657 1513 2702 aeterna
1543 2656 1626 2702 est
1656 2647 1750 2701 Dei
1777 2647 1949 2700 virtus
1980 2654 2036 2701 et

441 2742 541 2797 Dei
571 2743 850 2812 sapientia.
886 2739 956 2797 Ut
985 2740 1051 2794 de
1078 2739 1326 2810 plurimis
1355 2754 1528 2808 pauca
1560 2739 1800 2793 dicamus
1821 2780 1836 2804 ,
1868 2754 2033 2792 unam

427 2845 567 2902 ‘quse
604 2832 905 2886 dormiebat
942 2831 996 2885 in
1033 2846 1171 2885 nave
1199 2839 1254 2884 et
1279 2831 1513 2884 excitata
1545 2839 1628 2884 est
1657 2845 1686 2884 a
1714 2831 1991 2900 discipulis
2015 2870 2030 2896 ,

447 2922 677 2978 alteram
715 2939 836 2992 quae
875 2923 1178 2992 imperabat
1209 2922 1385 2976 ventis
1420 2931 1477 2977 et
1508 2921 1756 2976 ﬂuctibus
1795 2922 1812 2993 (
1840 2922 2030 2977 Matth.

445 3031 543 3070 uti
568 3015 586 3084 )
613 3032 626 3079 ;
665 3031 828 3069 unam
860 3029 965 3083 qua
998 3012 1148 3085 [Al.,
1179 3029 1331 3083 qum,
1363 3024 1412 3067 et
1438 3015 1512 3067 sic
1545 3015 1598 3068 in
1633 3013 1817 3085 scqq.]
1858 3014 2035 3082 plorat

2137 525 2375 580 deseruit
2409 525 2834 589 humanitatem,
2877 539 2980 580 nec
3017 523 3073 578 in
3109 524 3226 593 ipsa
3259 523 3426 578 etiam
3452 522 3723 594 passione.

2137 617 2288 685 Quod
2320 627 2377 672 ut
2403 618 2614 674 facilius
2643 619 2862 690 intelligi
2891 618 3090 688 possit,
3120 617 3382 689 exemplis
3407 616 3540 674 ﬁdes
3569 619 3731 676 robo.

2138 714 2308 767 randa
2335 722 2437 768 est.
2468 713 2630 769 Verbi
2657 715 2852 784 gratia,
2878 713 2925 767 si
2949 712 3155 767 securis
3179 711 3287 767 ictu
3315 712 3564 766 arborem
3594 711 3725 784 [Al.,

2139 805 2383 862 dicamus
2412 807 2619 862 securis
2649 807 2758 862 ictu
2789 808 3040 861 arborem
3077 803 3276 876 quam]
3314 805 3724 870 verberaveris,

2138 911 2194 958 et
2227 905 2566 974 splendorem
2600 903 2654 958 in
2693 919 2755 958 ea
2790 901 2949 959 simul
2986 903 3320 973 percusseris
3353 901 3517 968 solis,
3546 901 3728 958 arbori

2138 997 2354 1066 quidem
2385 995 2580 1050 vulnus
2609 995 2834 1066 inﬂigis,
2865 994 3031 1050 solem
3063 1009 3225 1061 vero,
3258 994 3414 1064 cujus
3452 1002 3510 1048 et
3547 993 3728 1064 splen-

2139 1093 2326 1146 dorem
2357 1090 2518 1147 simul
2547 1090 2786 1161 percutis
2815 1097 2870 1144 et
2902 1088 3137 1144 calorem
3159 1131 3175 1155 ,
3211 1087 3596 1160 impassibilem
3635 1090 3730 1145 de-

2138 1184 2420 1253 relinquis.
2458 1182 2610 1250 Quod
2653 1183 2698 1236 si
2740 1183 2990 1237 arborem
3031 1182 3138 1236 ictu
3178 1181 3388 1236 securis
3414 1196 3728 1251 percussam

2139 1277 2220 1332 sol
2260 1293 2368 1331 non
2403 1276 2638 1341 deserit,
2682 1284 2886 1346 quanto
2924 1275 3098 1346 magis
3137 1283 3385 1330 sanctum
3427 1279 3584 1330 suum
3632 1275 3729 1330 Dei

2138 1368 2329 1434 Filius,
2359 1368 2503 1438 quod
2533 1375 2617 1422 est
2642 1368 2879 1422 Verbum
2903 1408 2918 1432 ,
2949 1368 3004 1421 in
3031 1367 3286 1436 passione
3312 1382 3422 1422 non
3454 1366 3727 1433 deseruit,

2139 1461 2386 1530 quamvis
2428 1460 2544 1530 ipsa
2587 1459 2842 1514 divinitas
2883 1458 3229 1529 impassibilis
3274 1473 3490 1528 semper
3535 1459 3589 1514 in
3632 1475 3729 1515 sua

2139 1561 2454 1623 permaneat
2494 1561 2706 1606 natura.
2749 1551 2899 1606 Sicut
2933 1551 3099 1624 Moysi
3141 1551 3302 1623 [ΑΛ.
3335 1551 3552 1626 Moyse]
3591 1555 3728 1610 duce

2137 1644 2318 1716 p0puli
2349 1643 2446 1698 Dei
2473 1644 2687 1698 vidente
2706 1685 2718 1706 ,
2753 1643 2919 1698 rubus
2945 1641 3216 1696 ﬂammam
3245 1643 3466 1710 habuit,
3495 1644 3577 1700 sic
3601 1659 3728 1700 vere

2139 1753 2299 1807 passa
2325 1745 2409 1790 est
2434 1735 2742 1789 humanitas
2761 1734 2996 1798 Christi;
3026 1742 3080 1788 et
3101 1735 3242 1790 sicut
3257 1750 3384 1790 vere
3410 1751 3516 1790 non
3540 1735 3729 1792 incen-

2141 1847 2234 1885 sus
2276 1837 2396 1892 est,
2439 1829 2516 1882 sic
2562 1843 2688 1883 vere
2729 1845 2835 1883 non
2871 1843 3029 1896 passa
3067 1837 3150 1882 est
3185 1827 3458 1883 divinitas.
3493 1829 3609 1884 Non
3645 1839 3726 1885 ta-

2137 1936 2258 1976 men
2289 1919 2484 1974 alicubi
2517 1919 2772 1974 divinitas
2799 1919 3225 1985 humanitatem,
3257 1935 3323 1974 ex
3354 1935 3461 1990 quo
3505 1921 3562 1975 in
3607 1922 3727 1976 uni-

2137 2019 2302 2066 tatem
2333 2026 2444 2065 sure
2470 2026 2715 2080 persona:
2743 2018 3017 2080 assumpta
3053 2019 3167 2076 est,
3212 2011 3489 2077 deseruit;
3534 2027 3724 2068 verum

2133 2104 2298 2157 etiam
2324 2104 2390 2157 de
2416 2103 2602 2158 eodem
2634 2102 2823 2156 matris
2849 2111 3032 2168 utero,
3065 2102 3204 2157 idem
3249 2103 3390 2158 Deus
3431 2103 3593 2158 homo
3636 2103 3720 2158 fa-

2135 2204 2256 2250 ctus
2285 2195 2480 2258 exivit,
2511 2201 2565 2249 et
2593 2195 2646 2248 in
2675 2209 2836 2249 cruce
2867 2195 3006 2249 idem
3036 2194 3204 2258 Deus,
3236 2195 3399 2251 homo
3430 2195 3606 2251 factus
3631 2211 3726 2268 pe—

2134 2286 2354 2356 pendit,
2381 2294 2436 2339 et
2461 2285 2513 2339 in
2542 2284 2788 2353 sepulcro
2816 2284 2957 2339 idem
2983 2284 3126 2339 Deus
3151 2285 3311 2340 homo
3337 2283 3510 2341 factus
3529 2287 3722 2356 jacuit,

2135 2377 2228 2432 sed
2269 2378 2325 2430 in
2357 2376 2606 2447 sepulcro
2637 2375 2930 2430 secundum
2961 2375 3131 2430 solam
3162 2391 3382 2431 carnem
3411 2377 3552 2431 idem
3581 2376 3724 2433 Deus

2133 2471 2295 2525 homo
2319 2468 2531 2538 jacuit;
2565 2475 2621 2522 et
2655 2468 2708 2522 in
2758 2467 3029 2522 infernum
3061 2468 3352 2522 secundum
3399 2469 3566 2524 solam
3608 2470 3726 2525 ani-

2134 2577 2278 2617 mam
2324 2561 2621 2616 descendit.
2669 2558 2938 2628 Quidquid
2983 2561 3126 2614 enim
3172 2562 3226 2614 in
3272 2559 3488 2616 Christo
3521 2560 3722 2618 factum

2134 2669 2254 2709 esse
2299 2653 2515 2723 legitur,
2549 2641 2775 2706 ab'uno
2803 2650 3050 2715 Christo,
3095 2659 3150 2707 et
3193 2654 3259 2707 ab
3297 2669 3404 2707 uno
3447 2653 3544 2708 Dei
3585 2654 3725 2711 Filio

2134 2755 2345 2817 gestum
2373 2759 2522 2812 esse,
2556 2743 2734 2798 nullus
2765 2744 3062 2799 catholicus
3093 2744 3340 2800 dubitare
3370 2746 3549 2801 debet.
3596 2746 3722 2803 Hac

2132 2855 2263 2893 vero
2292 2838 2472 2892 omnia
2503 2837 2862 2908 personaliter
2887 2845 3034 2891 totus
3063 2836 3312 2892 Christus
3351 2838 3598 2910 dignatus
3640 2849 3725 2897 est

2135 2945 2316 3000 agere.
2365 2929 2486 2999 Ipse
2529 2929 2727 3000 quippe
2770 2945 2895 2984 suas
2921 2931 3199 3000 passiones
3229 2931 3502 2986 invenitur
3529 2947 3723 3004 opera-

2134 3031 2256 3087 tus,
2303 3022 2396 3092 qui
2441 3021 2577 3076 nihil
2619 3022 2799 3076 habuit
2847 3021 2990 3091 qu‘od
3033 3030 3311 3092 pateretur
3341 3023 3560 3078 invitus.
3604 3023 3722 3094 Ipse

445 3106 680 3161 amicum
708 3115 977 3160 mortuum
998 3145 1013 3170 ν
1041 3105 1264 3159 altera!“
1293 3121 1398 3174 qua
1427 3122 1559 3161 V006
1585 3106 1698 3161 S0la
1725 3116 1884 3162 V003!
1907 3123 2030 3161 eum
2061 3156 2105 3219 Ο
2137 3116 2300 3169 etiam
2331 3121 2386 3169 et
2407 3130 2542 3184 opus
2570 3121 2624 3169 et
2652 3123 2842 3168 auctor
2867 3115 3065 3183 operis.
3092 3113 3212 3170 Jam
3237 3129 3394 3180 vero,
3424 3131 3545 3171 cum
3571 3115 3722 3171 Chri-

453 3197 508 3219 J-
543 3199 780 3219 ......1...Δ
820 3207 866 3219 ,Α
901 3197 1184 3219 ..-η--,.ιιξι,.ι
1215 3197 1276 3219 Δ,Ι
1306 3199 1465 3219 --ΕΑΔ-,Α
1505 3198 1660 3219 ΙΙ,,.--
1709 3197 1793 3219 _-_\
1824 3216 1835 3219 _
1868 3214 2021 3219 _____e.__
2170 3215 2177 3219 .
2500 3210 2512 3219 ι
2743 3215 2750 3219 .
2986 3196 2989 3197 ν
3045 3217 3050 3219 .
3090 3209 3101 3219 ι
3307 3210 3318 3219 1
3447 3210 3459 3219 ι
3570 3213 3580 3219 .

443 3197 514 3254 de
541 3199 786 3268 sepulcro
814 3207 869 3252 et
901 3197 1187 3251 resuscitat
1213 3197 1276 3250 ad
1306 3199 1471 3252 vitam
1502 3198 1683 3268 (Joan.
1709 3197 1796 3268 ιιι)
1823 3216 1837 3263 ;
1868 3214 2028 3254 uuam

445 3307 550 3363 qua
577 3293 824 3345 tristatur
849 3305 1019 3359 usque
1046 3290 1112 3343 ad
1139 3297 1366 3343 mortem
1396 3293 1412 3362 (
1435 3290 1623 3344 Matth.
1651 3291 1840 3362 xxvr),
1871 3291 2030 3345 aliam

443 3398 549 3452 qua
577 3381 768 3436 liberat
795 3389 1010 3434 sanctus
1037 3396 1067 3434 a
1091 3380 1312 3434 tristitia
1338 3389 1393 3436 et
1415 3381 1508 3434 dat
1530 3382 1608 3436 eis
1632 3383 1882 3451 gaudium
1908 3383 2031 3437 vitae

444 3483 716 3546 perpetua:
739 3491 753 3538 ;
785 3489 948 3528 unam
971 3489 1075 3542 qua
1103 3473 1405 3528 videntibus
1427 3474 1683 3543 apostolis
1709 3477 1950 3530 ascendit
1977 3477 2030 3530 in

441 3567 614 3623 caelos
652 3566 870 3638 (Actor.
899 3565 990 3636 ι),
1027 3575 1082 3620 et
1119 3567 1270 3621 sedet
1305 3567 1371 3621 ad
1410 3568 1686 3624 dexteram
1716 3568 1922 3632 Patris,
1954 3569 2032 3623 al-

443 3667 617 3714 teram
654 3659 814 3729 732
845 3675 950 3728 qua
977 3659 1042 3712 de
1069 3659 1188 3713 sinu
1224 3659 1401 3716 Patris
1429 3677 1702 3731 nunquam
1731 3662 2027 3729 abscessit,

441 3750 538 3806 sed
574 3764 787 3818 semper
817 3765 939 3804 cum
978 3749 1140 3804 Patre
1169 3759 1224 3804 et
1253 3751 1306 3804 in
1339 3751 1498 3806 Patre
1527 3751 1658 3816 fuit,
1692 3759 1746 3806 et
1771 3768 1891 3807 esse
1923 3768 2029 3808 non

439 3840 661 3896 desinit.
697 3839 858 3896 Salva
893 3841 1058 3920 igitur
1091 3843 1422 3912 proprietate
1457 3843 1738 3914 utriusque
1778 3854 1987 3899 natura:
2013 3885 2027 3911 ,

438 3940 498 3987 et
523 3933 578 3986 in
611 3950 770 3987 unam
804 3943 1032 3988 coeunte
1056 3949 1378 4004 personam,
1409 3942 1659 4004 suscepta
1686 3944 1774 3989 est
1797 3951 1827 3989 a
1858 3934 2028 4004 maje-

435 4029 584 4080 state
612 4025 911 4087 humilitas,
940 4032 995 4079 et
1040 4040 1070 4078 a
1113 4026 1312 4080 virtute
1355 4026 1665 4088 inﬁrmitas,
1702 4028 1770 4080 ab
1815 4028 2030 4081 {uterni-

439 4121 554 4172 tate
577 4116 882 4170 mortalitas
907 4131 920 4179 ;
952 4122 1006 4168 et
1033 4115 1097 4168 ad
1127 4114 1512 4184 perliciendum
1540 4129 1675 4182 opus
1704 4114 1895 4168 salutis
1923 4117 2025 4170 hu-

439 4224 648 4272 manae,
703 4217 896 4262 natura
946 4207 1436 4273 incommutabilis,
1486 4215 1695 4260 natura:
1744 4215 1827 4260 est
1875 4208 2026 4260 unita

439 4298 682 4370 passibili
707 4339 721 4362 ,
759 4308 818 4352 ut
852 4298 1118 4351 mediator
1152 4298 1248 4351 Dei
1286 4307 1338 4352 et
1374 4297 1650 4352 hominum
1683 4299 1842 4352 homo
1870 4297 2023 4352 Chri-

439 4397 558 4446 stus
590 4387 748 4443 Jesus
785 4397 840 4442 et
873 4389 1008 4442 mori
1047 4389 1219 4458 possit
1253 4386 1412 4458 [Αι.,
1442 4388 1664 4459 posset]
1704 4405 1767 4444 ex
1799 4404 1940 4453 uno,
1970 4398 2024 4443 et

441 4482 582 4538 mori
618 4497 725 4535 non
761 4481 932 4551 possit
967 4496 1033 4535 ex
1071 4480 1259 4535 altero.
1297 4480 1527 4550 Propter
1575 4481 1734 4536 unius
1781 4496 2024 4550 personae

437 4573 810 4636 identitatem,
860 4571 1160 4625 communis
1207 4571 1317 4624 Deo
1362 4579 1416 4624 et
1451 4571 1653 4625 homini
1684 4572 1902 4634 dicitur,
1939 4571 2022 4625 vel

437 4665 612 4736 gloria
647 4664 731 4719 vel
769 4662 1089 4717 contumelia
1121 4681 1133 4714 :
1167 4663 1390 4732 proinde
1441 4663 1518 4716 sic
1559 4662 1614 4714 in
1663 4677 1768 4716 uno
1807 4662 2024 4718 Christo

439 4756 747 4810 communia
785 4763 990 4809 natura:
1025 4755 1307 4824 utriusque
1347 4755 1691 4808 inveniuntur
1728 4754 1899 4808 oﬂicia
1921 4796 1934 4820 ,
1967 4763 2026 4808 ut

440 4861 564 4901 cum
603 4861 709 4900 non
747 4845 1016 4900 dividatur
1053 4845 1106 4898 in
1139 4845 1428 4899 virtutibus
1459 4855 1618 4915 atque
1651 4846 1703 4900 in
1742 4846 2026 4900 inﬁrmita-

443 4939 590 4992 tibus
621 4937 897 5002 Christus,
932 4945 1110 4991 tamen
1146 4937 1199 4990 in
1237 4952 1399 5006 opere
1439 4937 1642 5014 aliquid
1679 4939 1896 5007 utrique
1929 4956 2023 4994 na-

439 5040 572 5086 tura:
601 5046 708 5085 non
739 5032 810 5085 sit
837 5045 1141 5085 commune.
1176 5030 1445 5099 Quidquid
1477 5039 1654 5085 tamen
1689 5042 1898 5103 gestum
1939 5040 2024 5088 est

437 5121 494 5177 in
541 5122 787 5186 Christo,
838 5139 977 5178 unus
1025 5123 1128 5177 hoc
1175 5123 1398 5194 gerebat
1439 5123 1721 5188 Christus,
1773 5143 1881 5180 non
1917 5127 2023 5182 duo

437 5212 660 5269 Christi.
697 5214 755 5268 In
793 5215 1049 5285 operibus
1083 5216 1389 5285 preprietas
1425 5216 1754 5273 discernitur
1803 5227 2023 5274 natura-

436 5317 559 5358 rum
577 5343 594 5373 ,
624 5304 678 5358 in
705 5311 968 5374 potestate
997 5305 1176 5360 unitas
1204 5321 1445 5376 persona:
1473 5307 1805 5378 intelligitur.

1025 5415 1252 5474 CAPUT
1290 5419 1429 5473 XVl.

436 5501 590 5574 Quod
631 5508 875 5563 divinitas
905 5509 1350 5583 hominemquem
1401 5513 1716 5580 assumpsit,
1755 5530 2018 5583 nunquam

1132 5581 1348 5633 dimisit.

505 5666 562 5722 lu
588 5668 732 5722 nulla
758 5670 1020 5740 siquidem
1046 5665 1376 5740 proprietate
1402 5686 1624 5741 operum
1651 5689 1770 5742 quae
1795 5682 2022 5734 naturas

509 5794 534 5824 ιι
573 5781 686 5838 Hoc
713 5793 873 5855 caput
905 5785 1174 5840 omittitur
1205 5784 1257 5839 in
1290 5782 1410 5839 cod.
1447 5783 1750 5840 Vindobon.

2136 3215 2250 3263 stus
2278 3224 2386 3262 uno
2414 3210 2710 3277 eodemque
2739 3196 3059 3278 temporeet
3088 3209 3142 3263 in
3173 3210 3418 3280 sepulcro
3440 3210 3638 3278 jacuit,
3665 3220 3724 3268 et

2131 3301 2185 3355 in
2215 3301 2485 3356 infernum
2511 3301 2816 3367 descendit,
2850 3303 2970 3371 quis
2999 3319 3104 3356 non
3135 3304 3490 3374 inseparabile
3514 3316 3721 3364 natura:

2130 3394 2414 3462 utriusque
2453 3408 2588 3461 opus
2627 3393 2850 3446 videat?
2893 3392 2958 3446 Et
2995 3394 3117 3462 quis
3159 3395 3211 3446 in
3254 3394 3370 3463 ipso
3412 3412 3518 3451 uno
3555 3399 3726 3468 atque

2133 3483 2474 3553 inseparabili
2504 3498 2669 3552 opere
2690 3523 2704 3546 ,
2735 3483 2952 3553 propria
2983 3484 3164 3538 carnis
3193 3493 3247 3538 et
3277 3485 3502 3549 animae,
3533 3503 3597 3541 ac
3637 3489 3722 3544 di-

2129 3576 2372 3630 vinitatis
2400 3575 2602 3646 [opera
2627 3574 2645 3645 ]
2675 3591 2784 3629 non
2813 3576 3088 3631 evidenter
3114 3579 3415 3646 agnoscat?
3459 3579 3529 3634 Ut
3572 3583 3718 3638 enim

2131 3669 2424 3725 secundum
2453 3685 2670 3724 carnem
2699 3669 2750 3723 in
2779 3669 3025 3739 sepulcro
3045 3669 3278 3738 jaceret,
3305 3681 3449 3728 totus
3470 3673 3720 3733 Christus

2131 3760 2298 3815 fecit?
2325 3761 2417 3815 sed
2451 3761 2738 3832 sepultura:
2763 3778 2931 3832 capax
2959 3763 3068 3817 sola
3097 3779 3224 3818 caro
3251 3768 3568 3823 naturaliter
3593 3768 3714 3825 fuit.

2130 3852 2189 3907 In
2219 3852 2486 3907 infernum
2515 3869 2726 3923 quoque
2757 3867 2816 3908 ut
2845 3856 3136 3910 secundum
3183 3857 3423 3914 animam
3468 3859 3716 3919 Christus

2131 3944 2514 4007 descenderet,
2545 3955 2751 3999 natura:
2777 3946 3082 4016 utriusque,
3111 3947 3163 4001 id
3191 3956 3306 4013 est,
3337 3949 3529 4006 divinae
3557 3961 3719 4024 atque

2130 4036 2379 4090 humanm
2403 4052 2570 4089 unum
2595 4037 2692 4090 fuit
2717 4053 2853 4106 opus
2877 4054 2890 4101 ;
2921 4037 3014 4092 sed
3045 4038 3210 4094 solius
3237 4041 3430 4096 anima:
3459 4044 3718 4101 naturalis

2129 4125 2232 4179 fuit
2271 4126 2360 4180 ille
2403 4127 2734 4192 descensus;
2767 4130 2906 4183 sicut
2948 4131 3138 4186 eodem
3181 4141 3460 4204 tempore,
3488 4143 3632 4192 totus
3661 4137 3716 4194 in

2127 4217 2264 4271 coelo
2307 4226 2361 4272 et
2390 4219 2442 4272 in
2475 4229 2619 4274 terra
2640 4262 2654 4284 ,
2686 4238 2795 4277 non
2822 4226 3071 4280 cessabat
3095 4226 3344 4284 Christus
3371 4233 3584 4301 operari
3613 4251 3625 4286 :
3659 4241 3716 4288 at

2127 4310 2295 4366 solius
2321 4311 2619 4369 divinitatis
2649 4313 2780 4381 fuit,
2811 4325 2866 4371 et
2893 4318 3013 4373 loco
3042 4336 3148 4375 non
3177 4323 3479 4391 contineri,
3511 4335 3566 4380 et
3592 4342 3714 4396 quae

2127 4403 2193 4456 ad
2215 4404 2658 4473 gubernationem
2686 4409 3054 4465 universitatis
3076 4413 3445 4482 pertinebant,
3467 4432 3589 4472 cum
3611 4418 3714 4474 Pa-

2055 4517 2104 4575 D
2130 4502 2210 4547 tre
2237 4497 2556 4552 naturaliter
2577 4507 2633 4552 et
2659 4501 2938 4570 mqualiter
2966 4505 3198 4573 operari.
3227 4505 3356 4563 Inde
3382 4518 3463 4564 est
3487 4513 3627 4580 quod
3654 4512 3710 4573 in

2126 4587 2377 4644 omnibus
2404 4590 2508 4645 illis
2533 4593 2785 4662 operibus
2807 4597 3076 4664 passionis
3100 4605 3155 4650 et
3177 4600 3387 4654 mortis.
3415 4604 3710 4661 auctoritas

2126 4679 2451 4748 apostolica,
2480 4682 2622 4750 quod
2663 4691 2807 4737 totus
2851 4685 2903 4738 in
2949 4702 3008 4741 se
3035 4698 3287 4757 operatus
3315 4699 3396 4745 est
3424 4691 3706 4762 Christus,

2127 4770 2205 4823 sic
2246 4771 2340 4824 uni
2385 4788 2628 4841 personae
2668 4777 2944 4845 operantis
2984 4779 3252 4850 assignat,
3295 4790 3357 4836 ut
3397 4784 3524 4852 quid
3555 4787 3709 4858 cujus

2126 4869 2335 4915 naturae
2379 4863 2485 4928 sit,
2531 4864 2900 4921 indubitanter
2935 4871 3202 4926 ostendat.
3251 4873 3385 4928 Nam
3416 4884 3470 4928 et
3513 4877 3708 4934 beatus

2126 4951 2322 5007 Paulus
2352 4954 2416 5008 de
2445 4971 2550 5008 uno
2579 4957 2874 5028 eodemque
2903 4960 3118 5017 Christo
3148 4964 3278 5019 dicit
3309 4984 3320 5020 :
3354 4965 3423 5019 Et
3462 4969 3508 5022 si
3537 4971 3711 5026 cruci-

2125 5043 2264 5112 ﬁxus
2307 5056 2380 5098 est
2425 5063 2488 5100 ea:
2532 5048 2866 5116 inﬁrmitate,
2895 5054 2986 5106 sed
3017 5055 3138 5108 vivit
3173 5073 3236 5110 ea:
3264 5059 3449 5113 virtute
3478 5059 3570 5115 Dei
3600 5060 3705 5134 (II

2128 5134 2246 5188 Cor.
2283 5153 2417 5202 xm,
2451 5138 2546 5210 4).
2597 5141 2664 5194 Ει
2707 5143 2897 5198 beatus
2942 5145 3166 5212 Petrus,
3214 5152 3584 5221 propheticum
3625 5156 3706 5210 sic

2125 5228 2348 5296 protulit
2375 5229 2442 5285 de
2480 5231 2709 5286 Psalmis
2753 5235 3055 5306 eloquium,
3089 5249 3147 5294 ut
3190 5237 3392 5298 Christi
3435 5247 3702 5314 animam,

2126 5332 2288 5386 quam
2318 5319 2370 5372 in
2406 5320 2676 5376 infernum
2704 5338 2928 5382 noverat
2957 5331 3326 5398 descendisse,
3361 5336 3532 5405 ipsam
3562 5338 3706 5394 dice-

2125 5415 2208 5460 ret
2252 5406 2307 5460 in
2348 5408 2560 5465 inferno
2605 5429 2712 5468 non
2755 5417 3066 5475 derelictam
3113 5421 3267 5494 (Act.
3309 5441 3381 5481 ιι.
3411 5427 3512 5493 27ς
3553 5427 3700 5484 Psal.

2126 5515 2216 5563 xv,
2249 5500 2354 5572 10)
2380 5518 2393 5566 ;
2426 5518 2529 5571 qua
2559 5505 2625 5560 de
2653 5507 2843 5564 inferis
2875 5514 2940 5566 ad
2971 5529 3188 5570 carnem
3219 5518 3305 5574 die
3333 5522 3493 5576 tertio
3519 5538 3702 5580 rever-

2126 5598 2271 5644 tente
2291 5632 2306 5657 ,
2336 5592 2474 5647 idem
2506 5595 2644 5651 Deus
2672 5603 2964 5658 secundum
3006 5621 3256 5675 carnem,
3288 5626 3393 5680 qua
3435 5613 3485 5666 in
3528 5613 3704 5683 sepul-

2125 5697 2220 5738 cro
2258 5683 2460 5755 jacuit,
2492 5685 2559 5744 de
2589 5691 2836 5761 sepulcro
2882 5699 3136 5753 surrexit.
3184 5700 3250 5756 Et
3291 5704 3704 5774 quadragesimo
