4072 6346
342 352 418 409 49
922 356 1341 415 DOGMATICA.
1380 385 1451 397 -—-
1483 353 1572 411 DE
1608 353 1763 410 FIDE
1801 353 1859 409 S.
1898 352 2287 409 TRINITATIS
2319 354 2502 410 LIBRI
2540 351 2624 412 Ill.
2655 382 2726 395 -—-
2759 353 2885 409 LIB.
2923 353 3010 409 Ill.
3521 357 3593 416 50

343 480 468 542 post
512 472 959 528 resurrectionem
1005 474 1094 530 die
1133 473 1272 528 idem
1316 473 1486 535 Deus,
1518 472 1680 525 homo
1707 469 1911 534 factus,
1941 473 1988 529 Α
2017 486 2134 523 cum
2158 470 2381 536 Christo,
2421 490 2536 543 qua?
2573 490 2781 528 sursum
2810 484 2931 527 sunt
2951 474 3188 545 quwrite,
3218 476 3307 530 ubi
3354 476 3591 537 Christus

347 560 406 616 in
424 563 621 618 cmlum
644 566 939 621 ascendens
959 567 1011 621 in
1032 567 1250 621 dextera
1270 567 1362 618 Dei
1383 567 1560 629 sedet,
1588 566 1709 620 inde
1733 565 1786 619 in
1812 564 1916 619 line

343 655 528 711 saeculi
557 658 621 711 ad
646 656 994 727 judicandum
1022 660 1171 714 vivos
1202 666 1542 727 mortuosque
1569 666 1846 712 venturus.

826 794 982 865 733
1013 794 1237 849 CAPUT
1274 794 1432 849 xvn.

340 900 424 957 De
446 902 699 977 baptismo
741 904 955 965 Christi.
983 916 1029 959 et
1055 906 1194 977 quod
1242 904 1418 959 omnia
1445 923 1562 977 qute
1608 908 1921 977 gerebantur

483 973 541 1027 in
571 973 799 1041 Christo,
834 987 1021 1030 nostra:
1060 973 1245 1030 salutis
1282 994 1439 1030 causa
1457 973 1777 1046 ’gesta'sunt.

414 1107 561 1164 Dicit
577 1110 907 1179 evangelista
936 1108 1210 1164 Christum
1250 1109 1409 1164 beato
1437 1110 1779 1179 respondisse
1819 1111 1922 1164 Ba-
1990 1154 1994 1159 .

335 1201 542 1271 ptistaa.
584 1202 710 1255 dum
742 1202 809 1255 ad
838 1202 953 1270 ejus
980 1202 1129 1257 venit
1170 1202 1493 1272 baptismum
1523 1221 1535 1255 :
1569 1200 1698 1256 Sine
1744 1204 1918 1268 modo,

333 1292 416 1345 sic
443 1292 584 1345 enim
623 1292 764 1346 decet
794 1309 885 1346 nos
916 1309 1119 1346 omnem
1145 1292 1358 1362 implere
1396 1292 1658 1360 justitiam
1705 1292 1917 1362 (Matth.

335 1397 426 1445 ιιι,
462 1380 572 1451 15).
599 1380 735 1447 Quid
765 1381 910 1436 aliud
942 1381 1091 1454 [est],
1116 1383 1256 1451 quod
1280 1382 1357 1435 ait
1399 1397 1613 1436 omnem
1652 1382 1921 1451 justitiam

332 1470 587 1541 implere,
634 1473 736 1527 nisi
759 1473 900 1542 quod
930 1474 983 1527 in
1025 1474 1204 1543 seipso
1246 1472 1412 1527 totius
1436 1473 1557 1526 vita:
1604 1481 1807 1526 nostrae
1833 1488 1924 1526 or-

328 1562 521 1616 dinem
549 1563 839 1617 ostendere
866 1562 1055 1627 voluit,
1086 1571 1146 1616 ut
1196 1563 1310 1632 ipse
1353 1562 1458 1615 alio
1490 1562 1827 1616 demonstrat
1866 1562 1921 1616 in

332 1652 461 1708 loco
493 1654 680 1709 dicens
713 1672 726 1708 :
762 1653 864 1718 Qui
886 1656 1119 1725 sequitur
1158 1672 1258 1719 me,
1289 1672 1393 1708 non
1417 1653 1647 1708 ambulat
1686 1656 1740 1709 in
1783 1664 1924 1709 tene-

329 1742 468 1807 bris,
495 1744 588 1796 sed
616 1744 820 1797 habebit
848 1746 1021 1800 lumen
1045 1748 1160 1800 vita:
1181 1745 1362 1816 (Joan.
1384 1740 1922 1891 vm,i‘2)’.]]~113aptiza-

332 1842 425 1889 tus
465 1840 551 1889 est
592 1850 723 1891 ergo
765 1835 1038 1891 Christus.
1085 1852 1191 1890 non
1222 1845 1280 1890 ut
1323 1836 1439 1891 eius
1481 1838 1588 1890 ulla
1666 1847 1922 1891 tueretur

332 1842 425 1889 tus
465 1840 551 1889 est
592 1850 723 1906 ergo
765 1835 1038 1901 Christus,
1085 1852 1191 1890 non
1222 1836 1439 1925 ut.ejus
1481 1838 1588 1890 ulla
1629 1835 1681 1891 di

332 1927 621 1996 iniquitas,
675 1930 767 1997 qui
809 1930 1028 1984 omnino
1076 1929 1277 1984 nullam
1324 1930 1530 1994 habuit,
1583 1930 1678 1984 sed
1708 1938 1767 1984 ut
1809 1928 1925 1998 ejus

330 2033 532 2088 magna
572 2020 1049 2074 commendaretur
1078 2007 1409 2105 humiliEiE)
1433 2023 1505 2076 ita
1539 2024 1735 2092 quippe
1776 2023 1828 2076 in
1858 2038 1923 2078 eo

331 2108 607 2179 baptisma
629 2110 773 2178 quod
794 2110 1058 2175 ablueret,
1086 2112 1230 2166 sicut
1256 2130 1403 2167 mors
1431 2113 1561 2167 nihil
1589 2115 1730 2182 quod
1768 2116 1925 2184 puni-

333 2206 440 2264 ret,
464 2200 708 2266 invenit;
738 2201 829 2270 qui
859 2201 1007 2255 solus
1036 2202 1219 2271 itaque
1243 2204 1321 2257 sic
1355 2205 1506 2257 nasci
1542 2205 1738 2273 potuit,
1788 2213 1849 2259 ut
1871 2206 1922 2260 ei

332 2303 444 2343 non
490 2303 629 2358 Opus
675 2297 822 2343 esset
848 2291 1099 2345 renasci:
1142 2307 1247 2344 non
1278 2293 1421 2345 enim
1474 2293 1918 2358 renascebantur,

330 2383 428 2452 qui
453 2383 872 2452 baptizabantur
900 2384 1224 2454 baptismate
1244 2384 1492 2451 Joannis,
1518 2402 1547 2439 a
1578 2403 1685 2455 quo
1724 2395 1780 2441 et
1808 2388 1922 2457 ipse

332 2477 645 2546 baptizatus
672 2486 773 2532 est.
804 2477 1144 2547 Quapropter
1164 2478 1430 2548 baptisma
1461 2479 1659 2533 Christi
1687 2496 1791 2533 non
1822 2479 1924 2534 fuit

332 2572 391 2627 in
421 2587 561 2640 aqua
602 2579 809 2624 tantum
834 2572 973 2626 sicut
997 2570 1239 2637 Joannis,
1268 2573 1361 2626 sed
1388 2573 1441 2625 in
1474 2572 1677 2642 Spiritu
1705 2581 1918 2638 sancto,

329 2662 394 2719 in
418 2662 794 2718 remissionem
822 2672 1189 2732 peccatorum,
1217 2665 1332 2733 ipso
1355 2665 1481 2718 alibi
1512 2664 1728 2718 dicente
1754 2682 1766 2718 :
1802 2663 1922 2719 Nisi

330 2755 452 2826 quis
487 2762 700 2807 renatus
727 2752 882 2821 fuerit
911 2770 975 2806 ea:
1006 2771 1141 2824 aqua
1168 2764 1215 2807 et
1240 2754 1437 2823 Spiritu
1465 2765 1666 2819 sancto,
1701 2773 1804 2809 non
1826 2773 1922 2826 po-

329 2854 434 2900 test
483 2846 703 2899 introire
747 2844 801 2897 in
847 2861 1057 2913 regnum
1110 2845 1205 2898 Dei
1263 2844 1445 2915 (Joan.
1502 2862 1586 2911 ιιι,
1632 2846 1685 2911 5)
1720 2866 1730 2899 :
1764 2855 1825 2900 ut
1856 2847 1923 2901 de

332 2936 543 3007 Spiritu
594 2945 784 2989 sancto
812 2937 1135 3005 regenerati,
1178 2938 1266 3006 qui
1290 2938 1341 2990 in
1371 2937 1644 2993 Christum
1672 2939 1921 3004 credunt,

331 3028 572 3082 habeant
607 3028 846 3082 omnium
890 3029 1264 3082 remissionem
1314 3039 1690 3100 peccatorum;
1721 3032 1786 3086 de
1815 3047 1924 3100 quo

332 3118 543 3188 Spiritu
564 3118 816 3173 Christus
837 3128 1146 3189 generatus,
1176 3122 1585 3191 regeneratioue
1608 3138 1712 3177 non
1739 3124 1916 3194 eguit:

2018 570 2091 613 est
2114 560 2167 612 in
2194 559 2406 613 dextera
2431 561 2523 614 Dei
2546 563 2761 627 sedens;
2788 580 2903 634 qua:
2928 580 3133 618 sursum
3148 574 3267 618 sunt
3288 567 3474 638 sapite,
3488 586 3591 627 non

2019 664 2134 717 qua:
2179 664 2334 716 super
2360 657 2554 702 terram
2580 664 2597 701 :
2626 652 2818 705 mortui
2845 652 2981 705 enim
3008 654 3151 717 estis,
3183 665 3229 707 et
3273 657 3376 710 vita
3422 670 3591 715 vestra

2021 739 2324 793 abscondita
2355 749 2428 793 est
2452 758 2567 794 cum
2592 740 2799 817 Christo
2831 746 2883 798 in
2912 734 3019 800 Deo
3048 744 3270 816 (Coloss.
3305 766 3385 815 in,
3413 751 3486 823 1).

2583 853 2807 909 CAPUT
2838 857 3019 912 XVIII.

2023 942 2175 1007 Quod
2198 942 2335 997 Deus
2366 944 2525 1021 Pater
2540 946 2956 1021 q_un‘dam_op_era
2986 949 3111 1018 facit
3136 968 3226 1021 per
3254 951 3450 1008 Filium
3496 958 3594 1011 sibi

2092 1024 2414 1093 {agitei'num‘
2454 1016 2507 1067 in
2550 1017 2721 1093 forma
2769 1017 2887 1093 Dei,
2935 1016 3175 1093 quadam
3220 1041 3312 1093 per
3360 1028 3596 1083 eumdem

2093 1082 2291 1136 Filium
2312 1086 2364 1137 in
2387 1082 2558 1154 [arma
2588 1087 2742 1151 servi,
2774 1082 2971 1141 Filium
2995 1082 3238 1146 hominis:

2090 1193 2207 1262 Ipse
2237 1194 2379 1248 enim
2427 1194 2684 1249 Dominus
2714 1196 2780 1249 de
2820 1206 3107 1265 potestate,
3136 1216 3295 1269 quam
3346 1205 3507 1261 habet
3530 1221 3598 1261 ex

2022 1292 2222 1337 aeterno
2244 1299 2366 1337 cum
2396 1283 2571 1341 Patre.
2599 1294 2655 1339 et
2682 1286 2748 1339 de
2777 1296 3060 1357 potestate,
3090 1305 3249 1359 quam
3274 1296 3479 1363 accepit
3530 1310 3599 1351 ex

2024 1382 2265 1443 tempore
2309 1374 2364 1427 in
2420 1374 2592 1428 l‘orma
2626 1378 2790 1443 servi,
2834 1378 2911 1433 sic
2937 1379 3049 1433 ait:
3081 1377 3226 1434 Sicut
3257 1385 3393 1438 enim
3438 1385 3602 1441 Pater

2022 1464 2173 1517 habet
2198 1466 2355 1518 vitam
2384 1467 2435 1519 in
2465 1469 2760 1537 semetipso,
2791 1469 2866 1522 sic
2887 1470 3028 1523 dedit
3054 1480 3102 1524 et
3130 1470 3271 1526 Filio
3302 1474 3458 1529 vitam
3504 1477 3602 1531 Ita-

2023 1555 2139 1609 bere
2165 1558 2219 1610 in
2258 1559 2550 1628 semetipso,
2587 1568 2634 1611 et
2658 1568 2960 1628 potestatem
2990 1561 3131 1615 dedit
3158 1563 3204 1615 ei
3223 1563 3490 1633 judicium
3520 1567 3603 1636 fa-

2022 1664 2159 1713 cere,
2197 1649 2320 1720 quia
2346 1646 2520 1702 Filius
2541 1650 2765 1703 hominis
2813 1659 2888 1704 est
2929 1650 3109 1719 (Joan.
3159 1668 3212 1717 ν,
3266 1654 3377 1725 26).
3408 1654 3607 1713 Genuit

2023 1738 2204 1808 itaque
2238 1739 2377 1794 Deus
2410 1738 2571 1794 Pater
2620 1740 2816 1795 Filium
2870 1742 3036 1796 vitam
3064 1751 3118 1798 et
3165 1753 3491 1815 potestatem
3547 1748 3605 1804 in

1707 1847 1924 1892 "eretur
1955 1831 2001 1892 Β
2029 1832 2320 1900 semetipso
2366 1833 2673 1887 habentem.
2726 1834 2882 1889 Dedit
2907 1836 3048 1889 enim
3069 1845 3397 1906 potestatem
3427 1840 3603 1898 eidem

2024 1920 2161 1975 Filio
2179 1921 2439 1990 judicium
2469 1922 2668 1988 facere,
2702 1925 2791 1994 qui
2822 1924 2877 1981 in
2922 1924 3094 1981 forma
3145 1931 3285 1984 servi
3308 1930 3482 1987 factus
3521 1940 3608 1993 est

2024 2011 2205 2065 homo.
2233 2011 2375 2066 Deus
2408 2011 2571 2067 Pater
2597 2030 2693 2083 per
2721 2016 2853 2069 duas
2894 2017 2948 2071 in
2978 2016 3195 2073 Christo
3220 2032 3475 2092 Operatur
3503 2041 3605 2080 na-

2024 2112 2341 2172 turaszper
2386 2119 2547 2157 uuam
2586 2120 2703 2173 qum
2750 2106 2800 2159 ei
2847 2111 3150 2165 communis
3198 2120 3281 2167 est
3327 2130 3447 2170 cum
3496 2116 3607 2172 Deo

2021 2191 2203 2258 Patre,
2230 2209 2295 2248 ex
2327 2209 2391 2248 eo
2420 2211 2525 2263 quo
2554 2196 2692 2249 Deus
2720 2204 2835 2262 est;
2866 2214 2963 2267 per
2996 2199 3243 2269 alteram,
3267 2218 3372 2273 qua
3403 2220 3469 2259 ex
3494 2206 3607 2261 vir—

2022 2285 2148 2355 gine
2196 2285 2363 2340 Maria
2392 2287 2551 2341 homo
2593 2286 2769 2342 factus
2807 2298 2910 2344 est.
2942 2290 3048 2346 Per
3076 2293 3175 2348 has
3204 2295 3338 2351 duas
3386 2306 3609 2354 naturas

2023 2377 2076 2430 in
2106 2394 2212 2431 uno
2242 2378 2377 2433 Filio
2404 2378 2497 2433 Dei
2531 2380 2671 2435 Deus
2693 2380 2875 2449 Pater,
2917 2382 3053 2438 duas
3079 2383 3210 2440 facit
3252 2391 3610 2445 resurrectio-

2023 2485 2119 2522 nes
2142 2470 2360 2523 humani
2395 2472 2630 2540 generis,
2669 2473 2720 2527 id
2746 2485 2850 2539 est,
2888 2477 3189 2534 animarum
3218 2490 3272 2535 et
3298 2498 3604 2555 corporum.

2024 2557 2234 2611 Habent
2263 2559 2409 2612 enim
2438 2569 2494 2613 et
2521 2561 2714 2615 anima:
2743 2563 2903 2635 734
2941 2577 3170 2623 mortem
3224 2586 3374 2626 suam
3415 2573 3469 2627 in
3499 2574 3607 2630 im-

2023 2656 2221 2723 pietate
2280 2664 2441 2725 atque
2498 2659 2755 2726 peccatis,
2807 2663 3103 2717 secundum
3161 2681 3322 2734 quam
3374 2677 3604 2726 mortem

2026 2749 2223 2801 mortui
2274 2757 2437 2802 sunt:
2492 2752 2557 2804 de
2592 2751 2787 2819 quibus
2841 2752 2984 2807 idem
3017 2752 3279 2810 Dominus
3325 2756 3446 2811 ait:
3479 2757 3609 2815 Sine

2023 2854 2257 2898 mortuos
2287 2844 2500 2915 sepelire
2523 2857 2756 2901 mortuos
2786 2864 2910 2901 suos
2934 2847 3084 2918 (Luc.
3110 2866 3187 2915 ix,
3221 2850 3332 2922 60),
3370 2859 3429 2905 ut
3458 2852 3605 2907 scili-

2024 2945 2110 2990 cet
2137 2936 2189 2990 in
2219 2936 2398 2990 anima
2426 2938 2643 3002 mortui,
2673 2938 2726 2993 in
2758 2954 2985 3008 corpore
3017 2950 3259 2996 mortuos
3293 2941 3602 3012 sepelirent.

2026 3026 2168 3081 Mors
2208 3034 2292 3082 est
2315 3026 2564 3081 videlicet
2598 3029 2811 3094 animae,
2838 3030 3053 3099 quando
3098 3030 3239 3086 Deus
3267 3033 3465 3088 deserit
3484 3047 3607 3090 eam

2025 3118 2093 3171 ob
2122 3100 2470 3186 peccatorum
2522 3117 2981 3188 magnitudinem;
3024 3122 3264 3192 corporis
3312 3138 3459 3180 mors
3497 3133 3605 3195 est,

330 3183 429 3279 qui
458 3210 692 3279 Spiritus
712 3183 956 3275 sanctus,
977 3226 1042 3263 eo
1062 3183 1353 3281 baptizato,
1381 3213 1432 3266 in
1457 3214 1637 3282 specie
1659 3183 1922 3270 coluvmba:
1950 3183 1996 3243 Ο
2027 3183 2242 3277 qua—mlo
2290 3209 2357 3263 ab
2389 3210 2568 3262 anima
2615 3183 2902 3265 aesel'iltlr-
2933 3183 3015 3265 Al)
3050 3183 3135 3267 bis.
3171 3214 3376 3270 duobus
3419 3183 3609 3276 morti;

312 3301 685 3391 ]desoendisse
707 3316 869 3372 super
897 3318 1019 3357 eum
1042 3303 1189 3357 visus
1215 3311 1318 3357 est.
1347 3303 1455 3357 Nec
1487 3305 1816 3359 credendum
1842 3315 1925 3361 est

320 3402 468 3447 itunc
489 3393 626 3447 dona
648 3408 769 3447 eum
800 3394 971 3448 sancti
1004 3394 1237 3463 Spiritus
1263 3395 1438 3464 primo
1477 3396 1800 3464 suscepisse,
1832 3397 1922 3466 qui

331 3499 371 3575 ξι
398 3483 569 3553 prima
597 3484 949 3552 conceptione
963 3483 1163 3552 Spiritu
1184 3492 1370 3539 sancto
1390 3484 1580 3555 plenus
1602 3501 1814 3557 semper
1829 3501 1923 3540 ex—

367 3574 475 3629 titit
513 3574 643 3646 [Al.,
675 3575 903 3648 existit],
938 3577 1030 3631 sed
1059 3585 1119 3630 ut
1146 3584 1345 3632 sancta:
1391 3587 1445 3632 et
1482 3579 1772 3633 individua:
1803 3580 1923 3633 Tri-

335 3665 527 3722 nitatis
586 3666 639 3720 in
693 3666 1018 3736 baptismate
1067 3668 1529 3723 demonstraretur
1580 3671 1917 3741 mysterium.

316 3728 379 3809 ί[ε’
383 3754 505 3810 ilius
530 3754 627 3809 Dei
656 3728 960 3826 bapiizatur
980 3757 1033 3810 in
1059 3758 1296 3823 homine,
1323 3757 1559 3828 Spiritus
1579 3728 1672 3814 Dei
1700 3761 1923 3816 descen—

332 3848 416 3906 dit
440 3849 495 3903 in
520 3848 787 3913 columba,
827 3851 988 3905 Pater
1009 3850 1153 3905 Deus
1178 3852 1329 3905 adest
1360 3852 1412 3905 in
1451 3868 1605 3916 voce,
1630 3854 1745 3907 sine
1770 3854 1922 3922 cujus

333 3941 699 4005 invocatione,
742 3941 796 3995 id
818 3950 922 4007 est,
953 3951 1155 4015 sanctae
1183 3942 1483 4008 Trinitatis,
1513 3944 1717 3996 nullum
1744 3945 1922 4014 bapti-

333 4047 453 4086 sma
502 4031 759 4101 prodesse
814 4032 1210 4103 poteritaxldeo
1249 4032 1343 4086 Dei
1367 4032 1536 4087 Filius
1574 4033 1781 4103 primus
1810 4036 1922 4104 ipse

334 4120 469 4193 [Al.,
494 4122 614 4191 ipso
643 4120 761 4193 suo]
788 4138 887 4175 suo
915 4123 968 4176 in
1000 4123 1321 4192 baptismate
1353 4131 1519 4177 totam
1566 4124 1924 4192 personaliter

332 4212 619 4268 ostendere
642 4212 810 4267 voluit
832 4213 1025 4267 adesse
1054 4213 1399 4277 Trinitatem,
1427 4214 1518 4282 qui
1555 4223 1922 4270 sacramento-

334 4320 456 4357 rum
503 4319 723 4357 suorum
770 4304 1235 4373 dispensatoribus
1262 4312 1379 4358 erat
1408 4314 1798 4374 prtecepturus,
1829 4306 1924 4359 do-

332 4410 449 4447 cere
480 4410 655 4447 omnes
683 4403 878 4464 gentes,
907 4404 954 4446 et
982 4393 1246 4464 baptizare
1266 4411 1352 4447 cas
1394 4396 1447 4447 in
1482 4396 1688 4449 nomine
1718 4394 1919 4460 Patris,

333 4493 387 4538 et
420 4482 572 4548 Filii,
600 4494 647 4537 et
677 4484 902 4555 Spiritus
951 4487 1119 4538 sancti
1146 4485 1360 4554 (Matth.
1392 4503 1584 4551 xxvm,
1615 4485 1723 4558 15).
1758 4485 1923 4552 Quid-

332 4577 468 4647 quid
494 4578 656 4647 igitur
679 4585 888 4645 gestum
911 4584 993 4631 est
1028 4577 1080 4629 in
1108 4593 1270 4631 cruce
1297 4577 1517 4643 Christi,
1547 4579 1600 4631 in
1622 4578 1918 4648 sepultura,

332 4668 393 4726 in
422 4670 820 4725 resurrectione
849 4671 1004 4725 tertia
1034 4671 1141 4733 die,
1172 4671 1224 4724 in
1263 4672 1581 4725 ascensione
1620 4671 1672 4725 in
1702 4671 1918 4737 cmlum,

333 4772 392 4818 et
420 4764 550 4818 sede
598 4762 664 4816 ad
693 4762 971 4817 dexteram
1022 4760 1117 4817 Dei
1145 4761 1343 4826 Patris,
1390 4763 1461 4816 ita
1496 4772 1704 4833 gestum
1733 4772 1833 4825 est,
1866 4772 1924 4817 ut

336 4854 424 4908 his
444 4853 608 4907 rebus
659 4868 766 4906 non
793 4853 1021 4922 mystice
1051 4860 1260 4907 tantum
1293 4851 1475 4916 dictis,
1523 4854 1616 4907 sed
1645 4854 1806 4908 etiam
1833 4869 1922 4925 ge-

334 4943 457 5006 stis,
490 4940 924 5012 conﬂguraretur
945 4942 1056 4995 vita
1088 4942 1416 5003 Christiana,
1442 4958 1559 5011 qua:
1580 4943 1669 4997 hic
1691 4942 1916 5009 geritur.

334 5029 475 5088 Nam
524 5040 746 5102 propter
783 5032 901 5102 ejus
955 5048 1171 5087 crucem
1205 5034 1402 5088 dictum
1449 5042 1531 5088 est
1565 5052 1577 5087 ;
1612 5032 1715 5098 Qui
1745 5045 1918 5088 autem

337 5117 533 5173 Shristi
577 5118 706 5172 Jesu
757 5129 899 5184 sunt,
943 5136 1151 5173 carnem
1189 5138 1339 5173 suam
1384 5120 1755 5189 cruci/iurant
1802 5139 1919 5175 cum

333 5210 697 5283 passionibus,
728 5220 773 5265 ei
822 5212 1249 5281 concupiscentiis
1278 5211 1420 5283 (Cal.
1468 5229 1522 5277 ν,
1553 5212 1664 5284 24).
1696 5211 1923 5282 Propter

334 5305 671 5376 sepulturam
706 5319 720 5357 :
753 5304 1051 5375 Consepulti
1080 5306 1216 5358 enim
1256 5306 1377 5359 estis
1421 5322 1537 5359 cum
1586 5305 1792 5360 Christo
1829 5322 1921 5376 per

335 5396 597 5468 baptisma
634 5396 691 5449 in
731 5406 948 5449 mortem
976 5395 1151 5467 (Rom.
1182 5412 1255 5459 Vl,
1288 5396 1365 5468 4).
1418 5396 1645 5466 Propter
1678 5412 1919 5451 resurre-

336 5489 577 5543 ctionem
605 5504 618 5539 :
664 5484 731 5541 Ut
755 5486 1188 5557 quemadmodum
1213 5486 1448 5541 Christus
1477 5490 1703 5542 surrexit
1727 5506 1759 5541 a
1780 5505 1919 5542 mor-

338 5579 444 5632 tuis
491 5579 543 5632 in
591 5576 815 5648 gloriam
860 5574 1059 5643 Patris,
1106 5592 1181 5631 ita
1224 5587 1272 5631 et
1303 5596 1395 5632 nos
1422 5579 1478 5631 in
1524 5578 1745 5632 novitate
1798 5579 1918 5632 vita:

339 5672 687 5728 ambulemus.
711 5671 938 5741 Propter
966 5672 1337 5727 ascensionem
1375 5672 1427 5725 in
1454 5671 1669 5737 coelum,
1704 5672 1916 5726 sedem-

339 5781 451 5835 que
501 5765 572 5821 ad
621 5765 902 5821 dexteram
947 5764 1168 5821 Patris:
1205 5764 1270 5821 Si
1297 5774 1470 5820 autem
1521 5765 1917 5820 consurrexistis

2024 3296 2311 3367 generibus
2343 3298 2691 3352 resuscitatos
2737 3299 2872 3353 duas
2900 3300 3129 3356 dicimus
3180 3306 3610 3363 resurrectiones

2025 3386 2244 3440 habere.
2274 3384 2426 3441 Nunc
2452 3395 2630 3441 autem
2682 3388 2983 3443 animarum
3025 3392 3077 3445 in
3121 3392 3361 3449 Ecclesia
3393 3410 3493 3465 per
3515 3395 3606 3451 Fi-

2024 3476 2153 3530 lium
2196 3476 2289 3531 Dei
2320 3476 2427 3550 [ΑΙ.
2461 3479 2627 3531 omitt.
2668 3478 2809 3551 Dei],
2841 3479 3074 3536 Verbum
3108 3483 3223 3549 Dei,
3273 3487 3334 3539 lit
3364 3501 3606 3542 resurre-

2023 3566 2152 3632 ctio,
2207 3568 2421 3636 quando
2448 3584 2544 3637 per
2580 3569 2808 3638 gratiam
2862 3569 2957 3625 Dei
3004 3572 3286 3629 vivificatte
3323 3585 3610 3648 resurgent

2026 3655 2158 3728 [Al.,
2188 3657 2503 3729 resurgunt]
2537 3673 2566 3712 a
2590 3668 2763 3713 morte
2787 3659 3108 3729 iniquitatis.
3140 3663 3206 3716 Et
3244 3664 3359 3719 base
3378 3673 3462 3719 est
3499 3667 3610 3736 pri-

2024 3766 2110 3803 ma
2140 3752 2488 3815 resurrectio,
2514 3767 2676 3819 quam
2700 3751 2836 3824 [qui]
2870 3753 3089 3819 habent,
3124 3756 3174 3809 in
3200 3760 3455 3823 secunda,
3490 3773 3610 3827 qua:

2023 3850 2107 3894 est
2127 3856 2432 3909 corporum,
2465 3840 2691 3895 feliciter
2720 3854 3002 3914 resurgent
3038 3846 3089 3898 in
3130 3846 3295 3900 vitam
3328 3856 3605 3902 aeternam.

2025 3934 2191 3988 Filius
2245 3949 2374 3987 vero
2425 3935 2660 3988 hominis
2711 3936 2919 4004 accepit
2970 3946 3289 4006 potestatem
3340 3940 3606 4007 judicium

2023 4022 2224 4087 facere,
2254 4024 2394 4092 quod
2414 4024 2674 4094 judicium
2703 4024 2757 4077 in
2786 4024 2891 4079 line
2927 4028 3029 4080 erit
3052 4027 3250 4089 saeculi,
3282 4037 3336 4083 et
3378 4028 3448 4082 ibi
3496 4045 3604 4084 non

2024 4117 2129 4170 erit
2156 4117 2480 4170 resurrectio
2518 4116 2841 4182 animarum,
2875 4119 2967 4172 sed
2998 4134 3304 4189 corporum.
3346 4119 3468 4175 Ideo
3495 4121 3607 4191 ipse

2026 4206 2283 4260 Dominus
2312 4206 2411 4260 has
2458 4206 2589 4260 duas
2616 4206 2856 4277 designat
2883 4208 2935 4261 in
2967 4209 3153 4262 eodem
3190 4208 3308 4265 loco
3361 4226 3607 4265 resurre-

2025 4295 2232 4349 ctiones
2260 4314 2271 4347 :
2302 4297 2627 4360 animarum,
2656 4296 2745 4348 ubi
2773 4297 2849 4349 ait
2874 4315 2885 4349 :
2911 4296 3094 4364 Amen,
3123 4316 3271 4353 amen
3297 4299 3414 4353 dico
3444 4300 3607 4368 vobis,

2023 4387 2146 4456 quia
2179 4387 2310 4438 venit
2342 4386 2490 4449 hora,
2520 4395 2567 4438 et
2614 4402 2750 4439 nunc
2777 4396 2873 4451 est,
2912 4389 3122 4458 quando
3153 4390 3344 4442 mortui
3391 4390 3607 4447 audient

2026 4493 2197 4531 vocem
2226 4474 2355 4529 Filii
2400 4476 2495 4530 Dei
2529 4474 2710 4547 (Joan.
2744 4493 2795 4542 v,
2827 4477 2949 4550 25);
2978 4496 3263 4549 corporum
3294 4497 3425 4537 vero
3451 4499 3463 4536 :
3508 4481 3608 4538 Ve-

2026 4571 2127 4623 niet
2159 4569 2311 4633 hora,
2349 4569 2401 4620 in
2454 4586 2555 4639 qua
2599 4586 2807 4633 omnes,
2857 4572 2946 4640 qui
2972 4572 3026 4624 in
3072 4574 3419 4627 monumentis
3462 4585 3604 4642 sunt,

2025 4662 2237 4715 audient
2266 4677 2437 4714 vocem
2458 4661 2569 4731 ejus
2599 4659 2786 4731 [lbid.,
2806 4661 2917 4730 28).
2946 4661 3089 4716 Hora
3120 4675 3299 4718 autem
3330 4681 3472 4721 nunc
3496 4675 3606 4735 est,

2024 4762 2084 4807 ut
2116 4761 2400 4823 resurgant
2421 4753 2651 4819 mortui;
2689 4754 2820 4806 hora
2849 4755 2953 4807 erit
2981 4754 3034 4809 in
3082 4754 3188 4811 line
3216 4758 3399 4811 szeculi
3424 4767 3481 4812 ut
3520 4773 3609 4815 re-

2023 4853 2247 4915 surgant
2277 4845 2503 4909 mortui;
2536 4845 2628 4898 sed
2649 4854 2936 4916 resurgunt
2962 4862 3105 4902 nunc
3151 4848 3204 4901 in
3248 4858 3449 4915 mente,
3478 4858 3608 4907 tunc

2023 4939 2077 4993 in
2108 4954 2302 5003 carne;
2336 4947 2622 5008 resurgunt
2652 4952 2796 4991 nunc
2825 4938 2878 4991 in
2905 4945 3084 4992 mente
3110 4952 3208 5007 per
3250 4938 3481 4993 Verbum
3510 4941 3605 4995 Dei

2026 5030 2219 5084 Filium
2267 5030 2394 5094 Dei;
2450 5037 2732 5101 resurgent
2781 5037 2909 5083 tunc
2958 5029 3011 5083 in
3040 5044 3202 5083 carne
3228 5044 3327 5100 per
3366 5031 3606 5087 Verbum

2026 5122 2140 5186 Dei,
2195 5137 2412 5175 carnem
2459 5121 2681 5186 factum,
2718 5121 2915 5176 Filium
2944 5121 3195 5175 hominis.
3224 5120 3447 5177 Animas
3474 5136 3603 5193 ergo

2026 5228 2166 5265 nunc
2194 5212 2419 5267 suscitat
2455 5212 2596 5267 Deus
2628 5228 2723 5282 per
2753 5211 3003 5274 Verbum,
3044 5211 3240 5266 Filium
3269 5212 3382 5277 Dei,
3408 5220 3467 5266 ut
3513 5212 3596 5268 vi-

2022 5313 2151 5357 vant
2172 5304 2224 5358 in
2250 5303 2497 5370 Christo;
2528 5320 2750 5373 corpora
2773 5305 3000 5359 suscitat
3018 5304 3159 5359 Deus
3185 5305 3237 5358 in
3264 5304 3371 5358 ﬁne
3389 5304 3595 5375 saeculi,

2022 5416 2120 5469 per
2154 5400 2398 5455 eumdem
2426 5401 2619 5454 Filium
2662 5400 2895 5454 hominis
2916 5440 2930 5465 ,
2960 5408 3019 5453 ut
3047 5399 3372 5453 :etemaliter
3418 5398 3606 5458 vivant

2025 5506 2146 5544 cum
2192 5490 2427 5545 Christo.
2459 5489 2641 5559 Neque
2690 5489 2832 5543 enim
2872 5488 2939 5543 ad
2962 5487 3229 5558 judicium
3256 5487 3502 5544 vivorum
3543 5496 3604 5547 et

2026 5590 2362 5637 mortuorum
2405 5582 2566 5635 Pater
2593 5581 2705 5649 ipse
2730 5589 2987 5635 venturus
3006 5586 3119 5644 est;
3147 5593 3248 5633 nec
3281 5584 3463 5635 tamen
3509 5595 3601 5639 re-

2026 5674 2168 5729 cedit
2187 5689 2217 5727 a
2239 5673 2372 5729 Filio
2392 5672 2583 5738 Pater;
2617 5673 2884 5742 quomodo
2907 5686 3036 5740 ergo
3061 5685 3166 5724 non
3198 5670 3312 5741 ipse
3338 5678 3602 5730 venturus

2026 5764 2152 5820 est?
2196 5764 2331 5831 Quia
2386 5779 2492 5818 non
2552 5763 2665 5832 ipse
2716 5762 2934 5817 indutus
2975 5768 3059 5814 est
3100 5757 3274 5815 forma
3304 5762 3468 5830 servi,
3499 5775 3597 5821 nec
