4072 6346
479 365 543 422 δι
1323 363 1384 418 Β.
1421 359 1489 418 F.
1528 356 1757 416 ALBINI
1795 356 1928 415 SEU
1965 352 2244 414 ALCUINI
2281 351 2568 413 OPERUM
2603 351 2786 409 PARS
2822 352 2912 408 lli.
3687 345 3762 405 6'2

481 482 754 540 videbitur
773 478 828 535 in
847 477 1070 550 judicio.
1104 474 1361 532 Videbunt
1383 489 1617 546 namque
1647 473 1820 543 impii,
1843 474 1899 527 in
1918 487 2071 544 quem
2097 475 2152 533 Α

479 583 900 648 conﬂuxerunt
925 572 1110 645 (lactt.
1142 587 1240 637 xu,
1271 570 1382 643 10).
1406 567 1604 627 Forma
1641 569 1729 623 illa
1752 569 1858 622 erit
1881 567 2070 636 judex,

481 683 604 742 qua
658 669 810 724 stetit
839 667 940 722 sub
963 664 1144 734 judice
1175 681 1187 717 :
1237 659 1325 718 illa
1359 661 1644 732 judicabit,
1677 673 1797 731 quae
1831 658 2072 728 judicata

481 771 588 822 est.
634 759 882 817 Judicata
911 767 996 815 est
1023 757 1165 814 enim
1213 759 1425 827 inique,
1448 755 1716 826 iudicabit
1741 752 1914 822 juste;
1949 753 2072 810 talis

483 855 767 930 apparebit
803 855 989 925 judex,
1035 852 1212 922 qualis
1246 852 1416 906 videri
1437 850 1680 921 possitet
1711 850 1778 903 ab
1806 849 1885 904 eis
1912 848 2073 921 [quos

483 955 842 1008 coronaturus
883 952 992 1012 est,
1037 944 1184 1000 etab
1227 942 1329 1008 eis,
1371 941 1529 1014 quos]
1583 943 1941 997 damnaturus
1965 948 2069 996 est.

481 1041 682 1097 Forma
712 1051 843 1110 ergo
863 1037 1005 1094 servi
1035 1035 1332 1102 videbitur;
1362 1035 1573 1091 oculita
1597 1035 1702 1090 erit
1750 1033 1923 1090 forma
1952 1034 2070 1100 Dei,

484 1152 604 1206 quae
618 1134 781 1204 justis
800 1133 983 1188 videre
1011 1131 1349 1186 solummodo
1369 1129 1704 1202 promittitur
1727 1129 1794 1184 ad
1810 1137 2075 1184 aeternum

481 1225 834 1283 beatitudinis
861 1221 1159 1296 praemium.

1078 1353 1304 1414 CAPUT
1340 1353 1484 1410 XIX.

793 1472 872 1528 De
899 1473 1194 1528 nodationis
1221 1470 1404 1527 seculi
1432 1470 1770 1543 temporibus.

555 1585 812 1655 Quasdam
861 1585 1112 1642 videlicet
1163 1587 1335 1657 signa,
1393 1601 1516 1656 quae
1562 1583 1677 1656 ipse
1719 1577 1980 1640 Dominus
2019 1581 2076 1640 in

483 1677 775 1750 Evangelio
804 1685 930 1733 ante
980 1677 1142 1734 tinem
1199 1677 1383 1732 mundi
1431 1676 1610 1731 ihtura
1642 1689 1762 1731 esse
1805 1673 2074 1746 praedixit,

480 1777 755 1825 transacta
789 1769 1069 1840 leguntur;
1109 1767 1354 1838 quaedam
1403 1781 1531 1820 vero
1556 1763 1896 1820 imminentia
1941 1777 2077 1834 quo-

2772 466 3002 525 CAPU'I‘
3037 465 3160 523 XX.

2310 605 2390 660 De
2423 607 2794 660 resurrectione
2817 621 3092 668 corporum
3117 603 3172 662 in
3204 599 3480 666 novissimo
3510 600 3615 664 die.

2243 741 2360 812 ipse
2405 741 2665 800 Dominus
2715 752 2902 800 noster
2948 738 3106 800 Jesus
3135 738 3387 798 Christus
3415 739 3467 793 in
3517 752 3764 794 resurre-

2173 835 2350 889 ctione
2398 835 2579 890 carnis
2621 849 2752 899 sum,
2806 849 2968 905 quam
3023 834 3109 888 die
3171 833 3333 887 tertio
3388 832 3667 887 suscitavit
3697 832 3765 887 de

2174 925 2421 998 sepulcro
2445 968 2459 990 ,
2520 927 2677 982 nobis
2726 935 2929 982 nostrae
2956 927 3141 982 carnis
3176 940 3364 982 veram
3402 923 3638 984 ostendit
3677 927 3766 980 re-

2175 1018 2586 1084 surrectionem,
2637 1035 2802 1090 quam
2829 1017 3080 1073 videlicet
3128 1017 3333 1090 absque
3373 1020 3518 1075 omni
3553 1019 3765 1074 dubita-

2175 1109 2322 1164 tione
2352 1109 2662 1165 iirmissimo
2708 1109 2934 1164 credere
2962 1109 3250 1176 debemus;
3279 1111 3422 1166 utin
3465 1125 3530 1166 ea
3573 1125 3762 1177 anne,

2173 1215 2281 1272 qua
2330 1203 2422 1258 hic
2477 1204 2710 1274 quisque
2758 1203 2974 1259 vivebat
3021 1205 3077 1258 in
3107 1205 3212 1260 hac
3247 1207 3498 1276 praisenti
3541 1207 3671 1269 vita,
3705 1207 3764 1263 in

2173 1295 2364 1354 eadem
2388 1309 2672 1365 resurgere
2691 1297 2904 1352 debuit.
2938 1297 3049 1353 Nec
3069 1298 3230 1354 alicui
3263 1295 3580 1354 incredibile
3607 1297 3769 1355 debet

2173 1401 2296 1445 esse
2317 1389 2616 1460 potentiam
2644 1390 2879 1445 divinam
2909 1403 3135 1460 corpora
3165 1399 3350 1447 nostra
3377 1393 3446 1448 de
3479 1391 3770 1460 eujnscun.

2175 1493 2281 1551 quc
2333 1480 2658 1535 conditionis
2710 1481 3058 1552 corruptione
3128 1481 3458 1538 resuscitare
3515 1495 3695 1553 posse.
3737 1483 3767 1524 δ
3797 1528 3830 1550 ,

2174 1571 2332 1627 Absit
2356 1573 2459 1627 hoc
2483 1585 2513 1626 a
2545 1572 2652 1627 fide
2671 1581 2854 1628 nosne
2877 1573 3147 1638 dubitare,
3171 1581 3231 1627 ut
3253 1573 3622 1630 resuscitanda
3647 1587 3770 1630 cor-

2174 1677 2308 1735 pora
2355 1665 2588 1735 vittaque
2638 1666 2930 1732 reddenda,
2979 1679 3085 1722 non
3121 1663 3334 1737 possint
3378 1668 3768 1738 omnipotentia

2177 1758 2440 1812 creatoris
2465 1759 2646 1813 omnia
2697 1760 2943 1814 revocari
2973 1759 3104 1831 ML,
3135 1773 3240 1814 non
3277 1761 3515 1829 possit...
3547 1775 3770 1817 revoca-

481 1861 615 1918 tidie
642 1863 948 1917 sentiuntur
972 1901 985 1916 .
1015 1860 1272 1929 Qumdam
1305 1861 1487 1930 itaque
1509 1858 1740 1912 necdum
1771 1861 1892 1912 acta
1916 1865 2062 1922 sunt,
2096 1843 2145 1904 Β
2172 1846 2276 1919 re],
2303 1861 2423 1916 quae
2448 1848 2532 1902 vel
2555 1850 2756 1914 bestia,
2788 1849 2871 1904 vel
2921 1851 3060 1921 ignis
3083 1849 3400 1920 absumpsit,
3433 1850 3518 1905 vel
3543 1851 3596 1907 in
3645 1851 3770 1922 pul-

483 1959 578 2011 sed
610 1957 785 2010 [litura
814 1971 933 2011 esse
962 1955 1265 2011 certissime
1309 1953 1625 2020 creduntur,
1675 1951 1727 2007 id
1776 1959 1877 2017 est,
1939 1947 2074 2007 ildes

481 2049 760 2103 lsraeiitici
785 2047 987 2118 pepuli,
1018 2049 1082 2103 de
1108 2063 1214 2118 qua
1262 2045 1550 2118 Apostolus
1577 2047 1656 2101 ait
1687 2065 1698 2100 :
1731 2033 1883 2099 Cum'
1908 2045 2074 2098 intra-

479 2140 608 2194 rerit
636 2139 904 2210 plenitudo
926 2141 1176 2211 gentium,
1210 2149 1334 2194 tunc
1357 2141 1526 2194 omnis
1579 2135 1745 2194 Israel
1771 2137 1946 2193 salvus
1983 2135 2072 2206 ﬁet

482 2227 661 2301 (Rom.
693 2246 771 2295 xx,
804 2228 894 2294 9.5,
930 2215 1053 2296 26).;
1087 2239 1140 2285 ct
1183 2245 1408 2303 regnum
1438 2229 1760 2286 Antichristi
1799 2238 1852 2285 et
1882 2230 2074 2285 crude-

481 2317 608 2373 litas
636 2318 752 2388 ejus
773 2322 828 2374 in
859 2329 1106 2386 sanctos;
1137 2323 1252 2377 haec
1274 2321 1418 2377 enim
1449 2323 1552 2377 erit
1575 2319 1864 2377 novissima
1889 2337 2077 2392 perse-

482 2413 650 2476 cutio,
695 2414 990 2469 novissimo
1043 2413 1363 2469 imminente
1412 2413 1636 2485 judicio,
1685 2431 1846 2485 quam
1885 2423 2074 2469 sancta

480 2502 724 2560 Ecclesia
751 2513 863 2561 toto
886 2514 1158 2562 terrarum
1181 2509 1312 2562 orbe
1339 2508 1610 2578 patietur;
1637 2507 1890 2562 universa
1924 2507 2072 2562 scili-

481 2605 570 2651 cet
628 2598 820 2653 civitas
872 2597 1094 2662 Christi,
1147 2599 1513 2654 ab‘universa
1564 2595 1763 2652 diaboli
1817 2597 2069 2664 civitate;

481 2696 899 2762 quantacunque
932 2687 1035 2747 erit
1066 2697 1296 2764 utraque
1325 2705 1488 2762 super
1521 2695 1747 2756 terram,
1779 2689 1933 2759 cujus
1953 2702 2076 2758 per-

484 2784 780 2840 secutionis
809 2793 1083 2840 auctorem
1117 2797 1237 2840 esse
1261 2781 1510 2839 eumdem
1543 2781 1937 2838 Antichristum
1967 2798 2074 2838 non

481 2879 704 2934 dubium
734 2886 838 2943 est,
865 2891 1026 2950 quem
1057 2873 1346 2950 Apostolus
1369 2875 1538 2948 [illum
1574 2874 1872 2931 nominavit
1894 2875 2072 2947 perdi-

481 2969 641 3024 tionis
695 2979 856 3040 atque
901 2969 1167 3043 refugam,
1197 2969 1385 3039 utique
1433 2985 1462 3022 a
1507 2967 1738 3023 Domino
1786 2967 1926 3032 Deo;
1981 2966 2072 3038 qui

482 3061 762 3117 extolletur
790 3079 951 3133 supra
1003 3078 1154 3115 omne
1196 3060 1336 3133 quod
1365 3060 1561 3114 dicitur
1590 3057 1749 3120 Deus,
1785 3069 1874 3113 aut
1908 3055 2071 3130 [quod

484 3149 698 3230 colitur]
757 3155 831 3208 ita
869 3162 925 3207 ut
983 3155 1037 3207 in
1055 3151 1256 3221 templo
1307 3150 1403 3206 Dei
1446 3149 1644 3214 sedeat,
1698 3147 1974 3206 ostendens
2019 3167 2074 3205 se

484 3253 731 3320 tanquam
759 3249 823 3301 sit
853 3247 995 3301 Deus
1027 3243 1112 3316 (11
1136 3244 1315 3314 Thess,
1349 3261 1406 3309 ιι,
1441 3245 1516 3314 4).
1547 3241 1786 3300 Ecclesia
1822 3241 2074 3318 equidem

481 3351 696 3404 sancta,
721 3341 918 3396 dicitur
946 3337 1090 3395 Deus
1115 3351 1163 3393 τι.
1206 3339 1412 3393 Colitur
1442 3339 1620 3410 itaque
1643 3346 1790 3396 recte
1837 3345 2075 3392 tantum—

479 3435 646 3491 modo
685 3444 872 3490 sancta
902 3433 1140 3489 Trinitas
1183 3431 1326 3490 Deus
1353 3452 1366 3488 :
1397 3432 1552 3506 cujus
1578 3433 1840 3494 honorem
1873 3427 2076 3508 impiis-

483 3525 653 3582 simus
679 3525 767 3580 ille
790 3523 971 3597 refuga
995 3523 1095 3580 sibi
1126 3523 1416 3579 vcndicare
1451 3517 1585 3596 [Αι.,
1617 3522 1912 3594 vindicare]
1938 3538 2077 3598 [me-

484 3626 679 3672 sumet.
712 3616 857 3672 Alios
900 3617 1331 3684 adulationibus,
1385 3617 1520 3674 alios
1567 3617 1888 3684 terroribus,
1942 3616 2077 3676 alios

482 3707 648 3786 signis
679 3709 951 3775 illicitans,
985 3719 1041 3763 ut
1068 3724 1124 3764 sc
1146 3709 1324 3764 colant
1355 3726 1454 3782 pro
1483 3709 1614 3776 Deo,
1646 3711 1799 3780 cujus
1821 3724 2074 3782 persecu-

481 3802 686 3856 tionem
732 3802 896 3856 trium
938 3802 1102 3858 semis
1133 3818 1397 3858 annorum
1450 3803 1644 3873 spatio,
1675 3805 2076 3870 excandescere

481 3907 645 3961 super
675 3899 873 3947 terram
904 3891 955 3946 in
988 3891 1311 3966 Apocalypsi
1336 3895 1654 3968 pne-dictum
1677 3903 1759 3950 est
1781 3891 1965 3967 (Apoc.
1996 3913 2071 3960 ιι,

481 3983 604 4055 12);
652 3984 744 4038 sed
795 4000 862 4038 ne
909 3991 1017 4038 tam
1067 3984 1338 4052 immanis,
1389 3992 1444 4040 et
1488 3985 1724 4042 crudelis
1766 3985 2075 4058 persecutio

480 4077 774 4148 improvisa
815 4077 1057 4144 veniens,
1105 4093 1294 4132 omnes
1321 4078 1498 4133 minus
1544 4087 1766 4148 paratos
1811 4077 2071 4145 involvat,

479 4167 655 4227 Eliam
703 4177 759 4224 et
799 4168 983 4228 Enoch
1021 4170 1286 4242 maximos
1313 4171 1606 4242 prophetas
1652 4179 1908 4228 venturos
1957 4186 2077 4234 esse

480 4260 738 4316 Ecclesia:
760 4259 923 4315 habet
952 4260 1086 4316 ﬁdes
1118 4280 1130 4316 :
1169 4277 1268 4333 per
1293 4277 1522 4332 quorum
1553 4259 1875 4330 doctrinam,
1908 4277 2076 4334 popu-

479 4350 568 4408 lus
593 4351 920 4406 lsraeliticus
963 4362 1310 4408 convertatur
1340 4353 1406 4412 ad
1447 4353 1628 4412 fidem.
1673 4354 1798 4426 Qui,
1825 4370 1948 4412 cum
1973 4356 2076 4426 ipsi

2173 1949 2359 1994 verem
2389 1941 2735 2013 cineremque
2761 1942 3019 2013 collapsa,
3048 1943 3131 1997 νει
3161 1944 3212 1998 in
3238 1945 3520 1998 humorem
3559 1946 3772 2002 resolu-

2175 2038 2255 2096 ta,
2283 2032 2368 2087 vel
2394 2033 2446 2087 iu
2489 2047 2653 2088 auras
2683 2041 2810 2089 sunt
2831 2035 3065 2090 excitata
3108 2034 3240 2106 [Al.-,
3274 2036 3584 2106 collapsum,
3614 2052 3771 2094 reso-

2175 2123 2370 2191 lutum,
2401 2119 2744 2199 exaltatum].
2778 2127 2929 2182 Absit
2955 2137 3013 2182 ut
3035 2129 3186 2183 sinus
3215 2128 3354 2183 ullus
3386 2139 3768 2201 secretumque

2175 2224 2384 2271 natura:
2448 2217 2523 2271 ita
2591 2219 2815 2288 recipiat
2871 2219 3074 2290 aliquid
3129 2219 3463 2276 subtractum
3517 2221 3772 2280 sensibus

2175 2309 2399 2374 nostris,
2431 2315 2492 2363 ut
2515 2310 2754 2364 omnium
2777 2311 3039 2365 creatoris
3067 2320 3160 2365 aut
3184 2313 3547 2381 cognitionem
3582 2313 3769 2379 lateat,

2177 2412 2270 2456 aut
2294 2402 2516 2472 effugiat
2537 2409 2886 2472 potestatem.
2935 2402 3245 2475 Resurgcnt
3275 2404 3524 2473 equidem
3554 2413 3773 2460 sancto-

2177 2507 2298 2549 rum
2348 2509 2575 2564 corpora
2617 2496 2685 2549 ad
2733 2493 2982 2564 gloriam,
3031 2494 3151 2549 sine
3186 2493 3298 2548 nilo
3327 2495 3478 2560 vitio,
3512 2495 3630 2551 sine
3661 2495 3771 2552 ulla

2177 2585 2552 2653 deformitate;
2602 2588 2654 2641 in
2686 2587 2883 2656 quibus
2913 2595 3064 2640 tanta
3097 2587 3324 2642 felicitas
3355 2586 3488 2660 [Al.,
3515 2587 3770 2662 facilitas]

2175 2672 2284 2728 erit
2333 2682 2534 2743 quanta
2561 2682 2616 2728 et
2663 2673 2916 2729 felicitas.
2960 2675 3217 2741 Quamvis
3245 2675 3390 2730 enim
3430 2674 3632 2746 aliquid
3679 2675 3768 2731 de~

2175 2764 2470 2821 fumilatls
2501 2767 2736 2822 habeant
2781 2779 3010 2838 corpora
3047 2781 3238 2823 eorum
3284 2768 3337 2823 in
3368 2769 3470 2824 hac
3516 2770 3772 2839 praesenti

2176 2860 2309 2924 vita,
2338 2858 2423 2914 vel
2459 2858 2632 2927 majus
2659 2860 2744 2912 vel
2789 2860 2970 2914 minus
3019 2860 3292 2925 habentia,
3337 2873 3499 2930 quam
3523 2860 3774 2916 humanae

2175 2959 2386 3007 natura:
2429 2953 2616 3007 deceat
2653 2952 3134 3021 pulchritudinem,
3183 2952 3316 3006 nihil
3355 2952 3462 3007 tale
3495 2953 3773 3008 habebunt

2175 3043 2232 3098 in
2254 3042 2340 3096 illa
2369 3049 2642 3112 perpetuae
2679 3041 2952 3095 fclicitatis
2982 3040 3350 3112 perfectione:
3385 3043 3438 3095 in
3469 3057 3532 3096 ea
3561 3043 3772 3098 scilicet

2176 3145 2428 3190 mensura
2469 3140 2525 3187 et
2566 3129 2846 3202 dignitate,
2897 3147 3000 3200 qua
3029 3131 3107 3186 vel
3139 3131 3320 3186 futura
3349 3139 3524 3198 erant,
3551 3133 3595 3187 si
3645 3141 3772 3188 ante

2099 3208 2149 3275 Ο
2176 3224 2434 3298 perfectae
2459 3223 2638 3278 aetatis
2683 3224 2933 3278 uocarem
2966 3224 3292 3290 moriuntur,
3322 3226 3434 3280 sive
3473 3225 3640 3280 etiam
3674 3225 3773 3280 ha-

2178 3319 2410 3374 buerunt
2433 3327 2556 3373 ante
2583 3318 2856 3388 vergentis
2879 3318 2948 3372 ad
2983 3319 3354 3373 inlirmltatem
3379 3319 3555 3374 multis
3576 3333 3771 3384 annos,

2178 3413 2548 3466 membrorum
2576 3410 2816 3464 omnium
2845 3409 3248 3478 pulchritudine
3284 3425 3521 3482 congruo
3575 3409 3774 3467 decore

2176 3511 2409 3567 servata,
2441 3502 2514 3556 ita
2547 3507 2604 3555 ut
2631 3501 2764 3555 nihil
2789 3501 3141 3573 incongruum
3184 3501 3459 3558 habebunt
3502 3501 3636 3576 [Al.,
3675 3503 3773 3558 ha-

2175 3593 2364 3666 beant]
2413 3593 2465 3647 in
2512 3591 2618 3646 ulla
2672 3592 2920 3662 corporis
2960 3597 3153 3662 parte,
3197 3592 3322 3672 quia
3374 3591 3617 3663 spiritale
3667 3595 3772 3650 erit

2175 3697 2376 3756 corpus
2401 3697 2508 3740 non
2545 3684 2784 3739 carnale.
2815 3685 3072 3752 Quamvis
3116 3695 3246 3738 caro
3269 3684 3341 3738 sit
3369 3701 3474 3740 non
3525 3681 3769 3757 spiritus,

2175 3794 2284 3837 non
2312 3787 2488 3835 tamen
2510 3779 2818 3835 carnalibus
2841 3777 3082 3847 subiacet
3107 3777 3241 3851 [Al.,
3261 3777 3582 3853 subjacebit]
3603 3781 3769 3848 vitiis,

2175 3873 2245 3929 de
2268 3873 2464 3943 quibus
2490 3870 2780 3942 Apostolus
2801 3872 2877 3926 ait
2897 3891 2908 3925 :
2938 3870 3076 3936 Quia
3100 3885 3224 3924 caro
3245 3881 3294 3924 et
3315 3871 3531 3941 sanguis
3556 3887 3769 3944 regnum

2175 3963 2276 4022 Dei
2324 3983 2427 4022 non
2478 3967 2810 4038 possidebunt
2859 3965 2912 4037 (I
2949 3961 3070 4019 Cor.
3115 3979 3204 4031 xv,
3254 3963 3366 4036 50).
3420 3961 3614 4022 Procul
3660 3969 3768 4024 erit

2177 4057 2246 4114 ab
2289 4059 2369 4114 eis
2408 4059 2584 4114 omnis
2617 4057 2936 4128 infirmitas,
2989 4055 3165 4112 omnis
3208 4056 3542 4122 deformitas,
3593 4061 3771 4122 omnis

2177 4151 2438 4218 tarditas,
2485 4149 2664 4205 omnis
2722 4149 3021 4219 corruptio,
3082 4149 3260 4204 omnis
3311 4159 3544 4220 egestas,
3593 4154 3770 4208 omnis

2178 4246 2495 4318 indigentia,
2525 4253 2580 4300 et
2607 4245 2651 4299 si
2680 4241 2807 4322 quid
2839 4241 2984 4297 aliud
3011 4241 3177 4315 [quod
3207 4243 3360 4318 illud]
3399 4246 3596 4300 summi
3625 4247 3769 4320 regis

2177 4357 2283 4400 non
2316 4342 2470 4400 decet
2516 4355 2740 4410 regnum
2765 4339 2818 4393 in
2845 4355 2952 4409 quo
2997 4338 3423 4396 resurrectionis
3455 4347 3508 4393 et
3532 4343 3768 4420 promis—

476 4445 656 4518 primo
676 4452 786 4498 tres
811 4445 978 4500 semis
1000 4459 1169 4500 annos
1193 4445 1628 4514 prtedicaverint,
1655 4446 1712 4500 in
1739 4445 1856 4520 ipsa
1884 4446 2075 4506 eadem
2179 4437 2347 4494 sionis
2373 4432 2712 4508 ﬁliimquales
2726 4439 2884 4490 erunt
2908 4430 3113 4503 angelis
3136 4429 3230 4485 Dei
3250 4427 3462 4501 (Matth.
3492 4449 3629 4500 χχιι,
3651 4431 3764 4506 50).

475 4535 857 4614 persecutione
902 4550 1025 4589 cum
1083 4533 1206 4594 aliis
1259 4533 1507 4596 fidelibus
1553 4535 1753 4594 Christi
1777 4577 1791 4604 ,
1842 4537 2078 4614 glorioso
2105 4579 2158 4640 Β
2178 4527 2321 4600 Ergo
2345 4525 2606 4640 quidquid
2635 4525 2700 4580 de
2729 4520 3050 4640 corppribus
3070 4521 3229 4588 vivis,
3255 4521 3340 4640 vel
3371 4533 3494 4629 post
3522 4536 3764 4640 2mortem

478 4629 885 4692 coronabuntur
912 4626 1175 4698 martyrio
1217 4645 1230 4679 :
1275 4641 1531 4696 percusso
1567 4635 1749 4684 autem
1774 4627 1866 4686 illo
1890 4631 2071 4704 perdi-
2105 4615 2158 4640 ν
2179 4622 2246 4678 de
2273 4618 2630 4680 cadaveribus
2653 4617 2832 4690 periit,
2859 4617 3232 4696 humanosque
3257 4615 3442 4694 eil‘ugit
3484 4618 3653 4686 visus,
3700 4620 3769 4676 si-

476 4721 646 4778 ιίοηῑε
697 4719 826 4786 ﬁlio,
880 4728 934 4776 et
983 4718 1306 4792 impiissimo
1355 4719 1514 4794 735
1571 4721 1736 4780 totius
1769 4721 2073 4794 iniquitatis
2175 4712 2286 4767 niui
2315 4727 2439 4766 cum
2472 4725 2557 4776 eo,
2603 4709 2746 4782 quod
2800 4709 2854 4764 in
2890 4708 3153 4780 sepulcris
3184 4709 3476 4775 remansit,
3511 4710 3565 4776 in
3609 4711 3766 4784 spiri-

477 4814 760 4882 magistro,
790 4812 858 4866 ab
877 4812 993 4886 ipso
1013 4811 1260 4876 Domino,
1283 4811 1421 4870 sicut
1445 4811 1730 4884 Apostolus
1750 4813 1828 4868 ait
1855 4833 1866 4869 :
1905 4814 2070 4880 Quem
2174 4804 2299 4886 talis
2329 4803 2572 4874 corporis
2601 4802 2894 4858 novitatem
2935 4799 3066 4873 [Al.,
3096 4797 3380 4874 novitate],
3409 4816 3474 4855 ex
3515 4802 3764 4857 animalis

478 4899 738 4960 Dominus
782 4901 936 4956 Jesus
963 4902 1239 4972 interﬁciat
1265 4903 1453 4978 spiritu
1483 4903 1587 4958 oris
1613 4904 1718 4970 sui,
1746 4914 1793 4958 et
1841 4906 2070 4978 destruet

2173 4895 2416 4972 corporis
2443 4902 2707 4950 vetustate
2729 4902 3019 4958 mutatum,
3067 4901 3313 4966 resurget
3361 4895 3764 4966 incorruptione

478 4991 835 5050 illustratione
871 4993 1120 5046 adventus
1147 4993 1230 5046 sui
1259 4991 1346 5066 (11
1382 4991 1560 5048 Thess.
1587 5011 1646 5061 tt,
1677 4994 1752 5068 8),
1803 5013 1910 5052 non
1941 5012 2070 5056 con-
2172 4998 2333 5064 atque
2380 4985 2781 5046 imanortalitate
2828 4987 3101 5042 vestitum.
3155 4983 3458 5059 Resurgeut
3506 4995 3560 5044 et
3610 4987 3759 5060 impii

478 5083 632 5139 tinuo
681 5085 798 5139 dies
837 5083 1024 5155 judicii
1071 5093 1357 5144 secuturus
1389 5100 1508 5140 esse
1531 5086 1835 5146 credendus
1876 5096 1977 5154 est,
2010 5097 2071 5145 ut
2173 5081 2544 5152 unusquisque
2589 5096 2715 5136 cum
2755 5095 2852 5135 sua
2883 5094 3067 5144 carne,
3100 5086 3158 5132 ut
3184 5093 3307 5136 cum
3329 5079 3544 5136 diabolo
3568 5089 3622 5138 et
3666 5097 3764 5146 au-

478 5173 837 5248 adimpleatur
871 5175 1016 5246 quod
1057 5176 1170 5250 ipse
1219 5175 1479 5238 Dominus
1523 5179 1580 5234 in
1628 5178 1919 5252 Evangelio
1950 5182 2065 5237 ait:

479 5255 561 5340 De
591 5267 676 5321 die
701 5277 877 5328 autem
906 5267 997 5322 illo
1039 5277 1089 5330 et
1130 5267 1262 5326 hora
1293 5285 1442 5323 nemo
1493 5269 1652 5335 novit,
1684 5286 1846 5342 neque
1873 5270 2065 5344 angeli,

478 5373 642 5428 neque
671 5354 864 5423 Filius,
925 5358 1024 5412 nisi
1079 5353 1240 5430 Pater
1265 5357 1409 5416 solus
1455 5357 1671 5431 (Matth.
1729 5376 1878 5426 xxnv,
1927 5359 2063 5433 56):

478 5451 749 5528 quomodo
777 5450 894 5508 haec
934 5449 1145 5530 Domini
1189 5453 1354 5506 verba
1403 5451 1747 5525 intelligenda
1783 5452 1910 5518 sint,
1949 5451 2068 5510 loco

479 5549 784 5614 opportuno
815 5543 1060 5616 superius
1079 5544 1444 5616 exposuimus.

552 5691 581 5726 ·
603 5679 778 5757 hac!!!
793 5693 1099 5757 metu».
1123 5685 1216 5757 qui
1238 5697 1340 5755 ore
1363 5697 1493 5742 ωηο
1521 5681 1846 5757 corrigi-9n
1865 5682 2063 5757 remit-

477 5748 611 5810 Mss.
633 5753 820 5818 iteiuh.
842 5748 1040 5816 hsbét:
1074 5748 1094 5812 ἀ
1126 5748 1498 5826 Sontium,
1524 5748 1884 5824 quoddicittu'
1899 5754 2062 5826 Πωι,

484 5833 574 5877 aut
620 5833 761 5894 (lucu
805 5827 998 5884 colitur
1047 5825 1286 5884 Ecclesia
1322 5826 1572 5898 equidem
1600 5832 1820 5892 sancta,
1869 5825 2067 5882 dicitur

2173 5173 2310 5246 gelis
2339 5172 2456 5242 ejus
2492 5171 2807 5242 puniantur.
2835 5169 3032 5226 Utrum
3068 5186 3198 5240 sane
3231 5171 3330 5244 ipsi
3355 5189 3478 5228 cum
3505 5172 3674 5240 vitiis,
3705 5182 3761 5236 et

2172 5265 2605 5330 deformimtibtis
2630 5279 2820 5319 eorum
2850 5279 3138 5333 corporum
3168 5274 3473 5336 resurgant,
3499 5282 3759 5338 quaecun-

2172 5376 2276 5436 que
2314 5359 2368 5414 in
2406 5359 2485 5420 eis
2519 5357 2713 5414 vitiosa
2740 5365 2795 5412 et
2824 5354 3090 5416 deformia
3117 5358 3360 5418 membra
3389 5366 3758 5430 gestaverunt,

2173 5453 2494 5530 inquirendo
2524 5447 2772 5516 laborare
2801 5451 2930 5532 quid
2957 5467 3096 5530 opus
3120 5451 3240 5510 est?
3264 5450 3448 5524 Neque
3467 5453 3610 5510 enim
3635 5450 3763 5508 fati-

2169 5564 2302 5628 gare
2329 5562 2430 5622 nos
2456 5546 2616 5610 debet
2639 5545 2848 5622 incerta
2866 5559 3056 5618 eorum
3085 5543 3365 5620 habitudo,
3395 5544 3481 5610 vel
3522 5546 3761 5620 pulchri-

2170 5682 2460 5903 ἒξ
2509 5752 2569 5814 s.
2621 5751 3002 5828 summa.
3052 5751 3146 5813 tu.
3177 5767 3294 5812 ωε
3337 5752 3418 5812 υ.
3465 5752 3581 5811 Giv.
3635 5751 3756 5822 Dei,
