4072 6346
283 332 358 392 55
857 333 1273 394 DOGMATICA.
1313 361 1386 376 —-
1423 331 1510 388 DE
1547 329 1703 384 FIDE
1844 327 2232 386 TRlNlTATlS
2269 327 2468 386 LIBRI.
2507 326 2687 388 HL—
2724 325 2850 382 LIB.
2891 323 2976 381 ill.
3471 315 3544 386 54

289 444 442 513 tudo.
490 461 721 518 quorum
767 448 873 506 erit
919 457 1068 506 certa
1099 455 1160 503 et
1214 445 1541 516 sempiterna
1573 441 1865 498 damnatio.
1899 447 1943 500 Α

273 538 408 602 Hoc
442 541 750 600 certissime
795 543 1074 600 sciendum
1120 548 1226 609 est,
1265 541 1394 611 quia
1434 554 1594 598 nemo
1637 539 1740 594 nisi
1772 553 1868 607 per

289 630 590 688 indebitam
632 635 1059 690 miscricordiam
1089 635 1183 688 Dei
1223 632 1539 688 liberabitur
1566 649 1580 684 :
1607 638 1663 686 et
1708 645 1866 684 nemo

287 727 399 784 nisi
430 741 530 796 per
563 727 806 784 debitum
826 727 1085 796 judicium
1111 726 1472 782 damnabitur.
1512 723 1664 780 Tunc
1697 721 1868 778 sancti

287 819 468 878 scient
491 817 722 888 plenius,
776 820 906 890 quid
939 819 1068 876 boni
1095 819 1176 876 eis
1201 817 1491 876 contulerit
1529 816 1735 886 gratia;
1783 813 1869 878 vel

289 909 425 977 quid
469 917 653 964 essent
695 910 972 966 consecuti
1027 907 1162 981 [Αι.,
1189 905 1576 979 consecuturi],
1603 906 1649 962 si
1691 905 1871 961 divina

209 993 222 1020 “’
289 1012 390 1062 eos
439 1001 679 1071 gratuito
723 1015 949 1056 munere
995 1016 1101 1058 non
1156 1000 1407 1070 elegisset
1455 997 1869 1065 misericordia;

289 1096 348 1143 et
409 1103 573 1158 quam
630 1106 819 1146 verum
874 1091 974 1157 sit,
1029 1091 1174 1161 quod
1234 1089 1290 1146 in
1335 1089 1550 1146 Psalmo
1600 1088 1813 1144 canitur
1856 1103 1870 1142 :

269 1177 719 1340 .‘lgszlricordiam
767 1190 816 1238 et
862 1181 1127 1254 judicium
1185 1167 1406 1238 cantabo
1453 1180 1544 1236 tibi
1571 1220 1588 1248 ,
1651 1177 1874 1238 Domine

365 1287 392 1324 ε
455 1286 546 1338 .c,
575 1270 650 1340 ι).

365 1270 469 1325 ται.
491 1286 546 1338 c,
575 1270 650 1344 ι).

889 1409 1116 1468 CAPUT
1143 1407 1285 1464 XXI.

433 1524 528 1580 'De
548 1525 820 1596 justorum
841 1525 1078 1595 praemio,
1109 1531 1158 1577 et
1183 1538 1334 1596 paena
1360 1519 1712 1592 peccatorum.

2545 441 2772 504 CAPUT
2803 439 2964 494 XXII.

2249 533 2327 587 De
2357 544 2552 589 a’terna
2596 533 2912 589 beatitudine
2939 539 3258 590 sanctorum.
3351 551 3364 562 -
3525 576 3528 578 _

2037 621 2180 690 Quid
2198 637 2326 680 vero
2350 623 2525 678 acturi
2551 624 2659 678 sint
2680 624 2852 680 sancti
2899 623 2953 676 in
2984 619 3068 676 illa
3100 619 3285 693 requie
3323 619 3550 680 summa

1960 705 2334 776 bealitudinis,
2389 703 2675 769 Psalmista
2694 715 2942 784 exposuit
2987 713 3215 768 dicens:
3257 709 3408 767 Beati
3455 711 3550 787 qui

1970 805 2205 862 habitant
2225 807 2280 858 in
2299 805 2456 864 domo
2477 816 2587 870 tua,
2607 805 2845 868 Domine,
2874 807 2929 859 in
2955 803 3205 862 smculum
3227 801 3407 857 swculi
3432 799 3553 856 lau-

1971 898 2168 953 dabunt
2192 908 2240 952 te
2263 896 2434 968 (Psal.
2460 914 2691 962 Lxxxm,
2713 897 2788 970 5).
2817 891 2883 952 Et
2901 899 3210 968 expressius
3231 897 3343 968 ipse
3370 889 3551 970 Domi-

1973 1005 2074 1048 nus
2090 989 2141 1056 in
2159 965 2446 1060 Evangelia
2466 965 2875 1052 demonstravit,
2891 965 3004 1059 [ubi
3033 986 3131 1060 ait]
3151 1007 3161 1041 :
3186 965 3335 1042 Beati
3355 965 3550 1040 mango

1985 1077 2147 1152 sorde,
2181 1082 2428 1150 quoniam
2474 1081 2574 1154 ipsi
2603 1079 2770 1133 Deum
2820 1077 3063 1132 videbunt
3116 1075 3333 1149 (Matth.
3363 1093 3418 1142 v,
3469 1072 3548 1146 8).

1975 1167 2100 1222 Ηωο
2127 1167 2253 1240 [est]
2283 1169 2482 1240 absque
2507 1169 2649 1225 omni
2671 1169 3077 1242 perturbatione
3109 1167 3265 1221 beata
3292 1168 3388 1224 Dei
3421 1181 3548 1242 pax,

1975 1276 2096 1330 qua:
2145 1271 2432 1334 exsuperat
2478 1279 2692 1319 omnem
2724 1275 2964 1330 sensum,
3014 1261 3069 1316 in
3123 1275 3229 1332 qua
3282 1260 3553 1317 videbitur

1976 1353 2117 1407 Deus
2154 1351 2378 1408 deorum
2415 1355 2467 1408 in
2512 1355 2663 1426 Sion,
2710 1354 2764 1408 id
2815 1362 2918 1418 est,
2963 1351 3019 1406 in
3047 1351 3264 1423 speculo
3285 1359 3557 1420 perpetuae

1976 1448 2192 1517 quietis.
2230 1447 2421 1502 Omnia
2463 1445 2660 1522 quippe
2690 1447 2932 1511 membra
2981 1452 3035 1499 et
3065 1443 3277 1500 viscera
3309 1441 3557 1496 incorru—

1975 1539 2179 1612 ptibilis
2236 1539 2499 1608 corporis,
2528 1554 2648 1608 qua:
2675 1554 2818 1593 nunc
2846 1531 3090 1591 videmus
3133 1550 3230 1608 per
3281 1547 3414 1587 usus
3459 1547 3556 1585 ne-

1975 1631 2248 1685 cessitatis
2298 1629 2582 1684 distributa
2639 1629 2839 1684 habere
2891 1627 3210 1691 ministeria,
3276 1623 3558 1700 proﬁcient

363 1654 442 1709 De
462 1653 586 1725 igne
614 1654 718 1709 diei
741 1653 931 1726 judicii
969 1653 1256 1724 Apostolus
1295 1652 1408 1710 ait:
1453 1649 1876 1721 Uuiuacujusque
1907 1637 1910 1644 ’

275 1763 426 1817 Δειμι,
454 1713 610 1817 (inde
631 1713 906 1817 ,ίε,’ί9ηε,
935 1713 1221 1800 deam-abi,
1251 1743 1301 1815 (ι
1361 1743 1483 1800 σον,
1517 1760 1602 1808 ,η’
1635 1713 1745 1816 ιτς),
1789 1713 1876 1796 ’βε
1911 1803 1950 1817 ﬁ
1977 1721 2224 1817 laudibus
2252 1721 2384 1817 Dei,
2400 1723 2528 1792 quia
2558 1721 2702 1776 nulla
2731 1723 2837 1775 erit
2858 1720 2962 1775 illis
2985 1729 3113 1774 tunc
3142 1717 3439 1817 necessitas
3484 1713 3559 1817 la:

289 1803 419 1906 ίὲηε
440 1803 760 1908 ιλιι-ἔωθε.ίο
784 1803 889 1890 ἧος
909 1849 1032 1888 eum
1055 1803 1378 1889 dixisse‘non
1401 1844 1483 1888 est
1503 1803 1875 1897 δυβίωιλάηω,
1903 1803 1951 1864 Β
1978 1812 2226 1908 borandi,
2279 1813 2422 1867 nulla
2455 1813 2738 1883 cujuslibet
2797 1812 3103 1883 indigenum
3151 1809 3421 1873 molestia,
3461 1806 3556 1862 sed

291 1944 458 1998 quem
478 1929 660 1997 ignem
697 1929 853 1984 aliter
875 1927 1023 1997 impii
1044 1927 1296 1990 sentient,
1319 1926 1474 1982 aliter
1493 1925 1662 1988 sancti
1683 1965 1697 1990 ,
1723 1924 1902 1982 aliter.

279 2020 444 2092 justi.
470 2019 627 2090 [mpii
657 2019 922 2088 siquidem
941 2018 1008 2073 de
1037 2017 1178 2074 illius
1201 2017 1340 2086 ignis
1383 2017 1624 2074 cruciatu
1647 2015 1716 2074 ad
1758 2031 1880 2085 per-

289 2123 489 2184 petuas
548 2112 750 2183 ignium
795 2110 1039 2164 ﬂammas
1088 2110 1458 2164 detrudentur.
1510 2107 1694 2174 Sancti
1725 2121 1876 2172 rem,

287 2206 388 2276 qui
417 2205 536 2262 sine
561 2203 707 2260 omni
731 2203 892 2274 736
915 2210 1259 2272 peccatorum
1290 2201 1501 2258 macula
1531 2201 1588 2256 in
1639 2199 1879 2270 corpori-

289 2299 399 2357 bus
447 2299 562 2354 suis
605 2303 908 2368 resurgant,
943 2296 1033 2366 qui
1063 2311 1224 2365 supra
1251 2294 1660 2354 fundamentum
1681 2333 1698 2359 ,
1735 2293 1908 2364 quod'

288 2399 379 2456 εει
427 2387 697 2454 Christus,
742 2402 955 2452 aurum,
1004 2395 1286 2460 argentum
1337 2394 1391 2440 et
1433 2385 1639 2456 lapides
1673 2385 1878 2456 pretio-

287 2499 387 2539 sos
413 2481 836 2546 mdiﬁcaverunt,
877 2486 1026 2533 tanta
1061 2477 1319 2533 facilitate
1347 2477 1494 2531 illum
1527 2473 1882 2547 pervolabth

287 2574 500 2645 ignem,
529 2580 728 2642 quanta
751 2571 1056 2640 integritate
1081 2570 1221 2635 ﬁdei,
1262 2577 1317 2622 et
1344 2569 1646 2624 dilectionis
1673 2568 1878 2624 Christi

291 2665 353 2720 in
382 2666 485 2718 hac
515 2663 626 2717 vita
668 2662 1042 2718 custodierunt
1077 2669 1376 2732 praecepta,
1410 2662 1620 2732 eritque
1661 2661 1764 2716 illis
1794 2661 1882 2716 ille

292 2756 440 2828 ignis
467 2754 574 2810 diei
592 2752 805 2822 judicii,
842 2754 982 2808 sicut
1007 2754 1180 2809 tribus
1207 2753 1388 2823 pueris
1433 2753 1675 2812 caminus
1703 2752 1878 2824 Baby-

294 2847 457 2902 lonize
481 2847 718 2900 fornacis
747 2845 946 2911 fuerat,
987 2846 1078 2914 qui
1120 2843 1322 2915 absque
1366 2845 1514 2900 omni
1543 2843 1880 2898 flammarum

293 2940 519 3002 laesione
568 2939 622 2993 in
659 2937 868 2992 Domini
907 2937 1114 3004 laudes,
1143 2936 1381 2990 omnium
1429 2936 1881 3008 pulchritudinem

291 3037 676 3085 creaturarum
718 3027 1106 3084 convocabant.
1167 3025 1306 3081 Sunt
1347 3042 1474 3096 ergo
1499 3028 1714 3097 quidam
1749 3026 1904 3096 justi

293 3123 525 3194 minutis
555 3121 874 3194 quibusdam
893 3121 1133 3191 peccatis
1166 3120 1404 3184 obnoxii,
1434 3120 1555 3190 quia
1589 3119 1721 3191 [AL,
1764 3118 1878 3191 qui]

293 3214 705 3268 :ediﬁcaverunt
763 3227 924 3281 supra
972 3209 1398 3274 fundamentum,
1445 3211 1586 3279 quod
1617 3218 1700 3264 est
1729 3209 1882 3267 Chri-

295 3313 438 3369 stus,
465 3302 668 3369 fenum,
698 3303 866 3374 ligna,
894 3302 1138 3372 stipulas,
1164 3317 1283 3372 qum
1331 3301 1471 3356 illius
1511 3301 1650 3371 ignis
1693 3301 1884 3355 ardore

297 3403 622 3466 purgantur,
650 3409 676 3447 a
708 3394 902 3463 quibus
925 3392 1182 3456 mundati,
1208 3399 1420 3448 aeterna:
1444 3389 1716 3446 felicitatis
1740 3391 1885 3462 digni

296 3485 604 3542 eilicientur
649 3485 836 3556 gloria.
883 3483 1082 3554 Illoque
1122 3482 1434 3538 transitoria
1475 3483 1618 3554 igne,
1663 3487 1720 3536 et
1773 3489 1885 3537 toto

297 3576 536 3634 extremi
586 3573 912 3646 dieijudicio
943 3575 1225 3645 completo,
1256 3574 1559 3629 dividentur
1599 3569 1719 3627 dure
1759 3588 1886 3632 con-

299 3671 666 3742 gregationes,
722 3675 1036 3724 sanctarum
1065 3675 1119 3722 et
1171 3667 1629 3737 impiorum;una
1660 3653 1880 3731 Christi,

299 3763 474 3819 altera
503 3761 735 3826 diaboli;
766 3777 872 3815 una
899 3761 1180 3822 bonorum,
1211 3758 1379 3814 altera
1401 3755 1664 3812 malorum
1695 3775 1706 3810 :
1739 3765 1887 3810 utra-

302 3872 410 3927 que
465 3855 782 3924 angelorum
835 3859 889 3907 et
946 3851 1247 3926 hominum.
1301 3849 1422 3904 Istis
1468 3847 1736 3913 voluntas,
1782 3849 1887 3903 illis

301 3945 539 4002 facultas
557 3959 664 4000 non
682 3943 881 4015 poterit
907 3941 1013 3997 ulla
1041 3955 1160 3995 esse
1183 3939 1464 4009 peccandi,
1493 3954 1594 3993 nec
1632 3938 1740 3996 ulla
1761 3955 1902 3998 con-.

301 4041 442 4096 ditio
469 4039 762 4102 moriendi;
790 4036 906 4091 istis
937 4035 991 4088 in
1013 4043 1217 4089 mterna
1257 4033 1364 4087 vita
1390 4046 1517 4086 vere
1555 4028 1889 4099 feliciterque

301 4134 636 4197 viventibus,
662 4130 769 4186 illis
794 4127 1076 4183 infeliciter
1105 4127 1157 4181 in
1185 4126 1399 4182 arternis
1452 4123 1736 4179 tormentis
1768 4124 1885 4178 sine

302 4224 574 4286 moriendi
603 4231 866 4296 potestate
888 4219 1220 4275 durantibusi
1249 4217 1512 4283 Quoniam
1564 4216 1750 4286 utique
1795 4232 1888 4270 ex-

245 4318 254 4327 ”
304 4319 468 4375 tremi
499 4316 689 4386 judicii
743 4313 1099 4370 ventilabrum
1129 4310 1384 4366 discernit
1430 4309 1563 4381 [AI.,
1593 4310 1885 4382 discernet]

306 4414 644 4468 frumentum
673 4423 702 4461 a
725 4405 922 4478 paleis;
952 4403 1315 4472 unusquisque
1346 4401 1638 4455 secundum
1670 4401 1890 4474 modum

307 4501 631 4558 meritorum
657 4505 750 4550 aut
769 4489 1129 4555 damnabitur,
1154 4498 1245 4546 aut
1263 4488 1628 4544 coronabitur.
1660 4488 1886 4556 Quidam

307 4592 564 4649 videlicet
602 4587 758 4658 juxta
805 4591 1147 4655 peccatorum
1202 4580 1513 4649 quantitatem
1549 4579 1734 4634 mitius
1781 4587 1890 4633 tor-

312 4691 572 4756 quentur,
622 4679 713 4748 qui
745 4677 954 4731 minore
979 4672 1110 4745 [Al.,
1139 4669 1432 4743 minorum]
1465 4667 1730 4724 scelerum
1756 4684 1890 4740 pon—

309 4775 442 4831 dere
490 4778 803 4844 gravantur.
843 4765 980 4821 Sunt
1029 4763 1188 4819 etiam
1231 4770 1287 4818 et
1333 4769 1649 4816 sanctorum
1696 4761 1890 4816 merita

312 4869 563 4931 diversa;
595 4876 824 4933 quorum
846 4859 1069 4929 quisque
1095 4855 1385 4910 secundum
1416 4852 1731 4910 meritorum
1776 4867 1891 4905 ma-

313 4958 649 5032 gnitudinem
705 4960 920 5007 ueterum
984 4947 1202 5017 recipiet
1249 4945 1467 5016 praemia
1519 4941 1888 4998 beatitudinis.

315 5053 470 5120 Quod
492 5051 606 5119 ipse
625 5046 884 5103 Dominus
915 5042 974 5096 in
999 5039 1284 5109 Evangelio
1313 5035 1646 5105 signiﬁcabat
1667 5037 1890 5094 dicens:

317 5141 383 5198 In
405 5142 564 5195 domo
591 5136 772 5192 Patris
791 5135 891 5189 mei
912 5133 1206 5187 mansiones
1227 5127 1406 5182 multa!
1430 5136 1551 5182 sunt
1573 5126 1753 5198 (Joan.
1777 5143 1892 5192 xiv,

311 5235 409 5308 2);
438 5233 533 5288 sed
573 5245 730 5286 nemo
768 5227 825 5282 in
851 5226 956 5282 illis
980 5223 1206 5296 alicujus
1224 5221 1444 5284 latitius,
1497 5219 1580 5274 vel
1602 5218 1894 5276 beatitudi-

311 5327 402 5384 nis
444 5322 650 5382 sentiet
701 5318 1103 5380 detrimentum,
1153 5313 1275 5384 quia
1301 5311 1592 5380 uniCuique
1643 5309 1893 5375 sulllciet,

314 5416 461 5490 quod
495 5411 748 5484 accipiet,
791 5410 920 5482 quia
962 5407 1209 5465 Christus
1241 5404 1346 5462 erit
1369 5403 1549 5460 omnia
1571 5403 1625 5458 in
1644 5403 1895 5460 omnibus

311 5509 543 5588 (Colca.
579 5524 666 5573 ιιι,
693 5506 802 5579 ll).

388 5659 418 5692 ι
445 5646 552 5703 Hie
569 5643 758 5702 titulus
779 5641 932 5700 deest
958 5639 1014 5696 in
1044 5637 1168 5694 aliis
1193 5635 1350 5692 codd.
1381 5649 1510 5694 mss.
1539 5633 1658 5704 ipsa
1681 5644 1894 5704 quoque

317 5701 679 5776 iamalios:
705 5713 806 5771 ss.
831 5711 1149 5768 Trinitatem
1169 5708 1224 5762 in
1243 5705 1362 5762 cod.
1388 5720 1490 5760 ms.
1506 5701 1892 5776 Tegerriseensi

317 5775 381 5852 it
395 5775 644 5848 ln’editis
653 5783 973 5857 quibusdam
985 5779 1080 5838 hic
1095 5777 1384 5843 omitittur,
1409 5775 1711 5847 symbolum
1725 5787 1855 5830 vero
1871 5789 1886 5825 :

1979 1904 2138 1973 plena
2185 1913 2439 1974 certaque
2470 1905 2728 1960 securitas
2761 1912 2815 1957 et
2864 1904 3188 1974 sempiterna
3234 1901 3463 1956 felicitas
3507 1905 3560 1951 et

1981 1995 2296 2056 indeﬁciens
2349 1995 2550 2050 laetitia.
2604 1994 2775 2062 Quam
2841 1992 3124 2048 ineﬂ‘abilis
3176 1991 3302 2049 erit.
3335 1988 3560 2043 felicitas

1981 2087 2069 2144 illa
2099 2089 2190 2143 ubi
2213 2087 2416 2142 nullum
2437 2085 2543 2142 erit
2563 2086 2781 2150 malum,
2797 2084 2886 2139 ubi
2914 2083 3119 2138 nullum
3142 2065 3556 2138 deeritbonum!

1981 2179 2274 2233 Vacabitur
2329 2179 2422 2232 Dei
2476 2177 2741 2238 laudibus,
2792 2176 2884 2244 qui
2932 2175 3038 2228 erit
3063 2189 3226 2228 omne
3271 2172 3472 2227 bonum
3505 2168 3558 2222 in

1979 2271 2249 2328 omnibus.
2287 2271 2435 2327 Unus
2465 2285 2617 2324 amor
2657 2269 2928 2334 omnibus,
2956 2284 3062 2321 una
3093 2265 3380 2322 concordia
3427 2278 3561 2318 cun-

1980 2361 2104 2427 etis,
2157 2375 2311 2416 verus
2339 2363 2532 2426 honor,
2578 2359 2668 2430 qui
2699 2357 2828 2413 nulli
2867 2357 3151 2428 negabitur
3196 2355 3377 2428 digno,
3428 2351 3559 2406 nulli

1981 2450 2254 2506 deferetur
2281 2451 2519 2520 indigno.
2563 2449 2673 2504 Nec
2698 2449 2766 2503 ad
2793 2463 2914 2503 eum
2944 2446 3227 2516 perveniet
3251 2445 3390 2499 ullus
3416 2431 3558 2496 indl-

1981 2557 2137 2612 gnus,
2164 2543 2255 2596 ubi
2302 2542 2478 2596 nullus
2506 2541 2837 2612 permittitur
2882 2539 3014 2612 ML,
3043 2535 3407 2608 permittetur]
3441 2551 3559 2589 esse

1980 2611 2085 2687 nisi
2127 2633 2339 2701 dignus,
2377 2631 2467 2686 ubi
2510 2611 2635 2702 pax,
2676 2631 2765 2684 ubi
2800 2611 2934 2683 nihil
2980 2629 3265 2682 adversum
3305 2641 3336 2680 a
3382 2611 3562 2694 seipse

1981 2725 2230 2794 quisque,
2259 2739 2360 2778 nec
2386 2723 2454 2777 ab
2503 2722 2680 2791 aliquo
2724 2721 2989 2792 patietur;
3020 2720 3302 2790 praemium
3345 2713 3562 2771 virtutis

1981 2819 2086 2874 erit
2121 2820 2254 2888 ipse,
2299 2817 2389 2886 qui
2435 2818 2691 2871 virtutem
2713 2816 2894 2880 dedit;
2933 2822 2988 2870 et
3029 2816 3120 2884 qui
3159 2814 3416 2883 seipsum,
3449 2828 3557 2882 quo

1982 2909 2176 2966 melius
2204 2919 2258 2964 et
2284 2908 2456 2978 majus
2487 2908 2621 2962 nihil
2650 2909 2816 2980 possit
2842 2922 2980 2971 esse,
3010 2906 3291 2976 promisit,
3322 2906 3409 2976 qui
3458 2905 3560 2960 erit

1978 3003 2140 3058 beata
2167 3001 2388 3056 satietas
2416 3000 2698 3066 omnibus;
2741 2999 2881 3066 quod
2923 2998 3189 3066 Propheta
3231 2995 3433 3066 Spiritu
3479 2996 3561 3049 in-

1983 3092 2218 3160 spiratus
2243 3100 2430 3146 sancto
2455 3090 2699 3162 pragvidit
2736 3089 2970 3160 optando
2997 3089 3241 3157 inquiens
3267 3106 3279 3140 :
3315 3087 3564 3142 SatiabOr

1985 3183 2110 3236 dum
2134 3181 2553 3248 manifestabimr
2579 3180 2747 3250 gloria
2783 3191 2872 3232 tua
2904 3175 3074 3249 (Psal.
3109 3193 3219 3238 xvr,
3257 3175 3364 3246 15).
3415 3175 3565 3230 Tunc

1985 3273 2088 3327 erit
2104 3273 2218 3343 ipse
2240 3273 2381 3327 Deus
2403 3280 2714 3326 sanctorum
2736 3272 2980 3332 satietas,
3010 3269 3289 3324 beatorum
3313 3267 3565 3340 jucundi—

1985 3375 2089 3429 tas,
2117 3372 2171 3418 et
2195 3365 2373 3419 omnia
2422 3378 2754 3432 quaecunque
2801 3363 2868 3416 ab
2898 3361 2977 3415 eis
3008 3362 3233 3415 honeste
3260 3343 3559 3413 desiderari

1983 3462 2228 3526 possunt,
2263 3461 2316 3508 et
2357 3454 2483 3515 vita,
2529 3461 2584 3507 et
2626 3453 2790 3517 salus,
2823 3460 2877 3505 et
2901 3451 3072 3505 virtus
3097 3450 3228 3523 [Al-.,
3257 3435 3476 3521 victus],
3510 3459 3565 3502 et

1985 3545 2162 3615 copia,
2183 3551 2236 3599 et
2253 3543 2440 3615 gloria,
2467 3551 2519 3599 et
2539 3545 2728 3608 honor,
2755 3552 2807 3598 et
2825 3559 2953 3612 pax,
2976 3552 3174 3597 aeterna
3197 3541 3490 3604 beatitudo,
3511 3550 3568 3594 et

1983 3637 2142 3693 beata
2171 3639 2464 3692 mternitas.
2498 3637 2615 3706 Ipse
2643 3637 2747 3691 erit
2772 3635 3035 3706 perfectio
3061 3635 3446 3690 desideriorum
3466 3650 3562 3688 no-

1986 3739 2240 3806 strorum,
2273 3731 2363 3798 qui
2391 3730 2506 3784 sine
2543 3730 2648 3783 fine
2676 3729 2984 3792 videbitur;
3020 3727 3134 3782 sine
3166 3726 3384 3781 fastidio
3418 3741 3566 3780 ama-

1985 3807 2294 3884 bitur-asine
2333 3822 2647 3890 fatigatione
2677 3821 2997 3874 laudabitur.
3035 3820 3188 3873 Tunc
3211 3827 3420 3872 tantum
3456 3818 3564 3870 erit

1986 3930 2115 3969 vera
2161 3913 2557 3975 immortalitas,
2601 3913 2693 3966 ubi
2742 3911 2919 3965 nullus
2946 3911 3082 3964 mori
3130 3917 3326 3978 potest.
3378 3907 3560 3962 Prima
3613 3935 3619 3940 -

1989 4006 2227 4063 conditio
2252 4004 2486 4061 hominis
2530 4004 2630 4058 fuit
2678 4013 2968 4074 possenon
3009 4000 3146 4054 mori
3189 3999 3299 4072 [cui
3346 4007 3567 4070 propter

1985 4101 2195 4172 peccati
2216 4113 2432 4168 poenam
2463 4095 2687 4166 contigit
2714 4109 2820 4149 non
2849 4108 3007 4164 posse
3030 4107 3134 4147 non
3169 4089 3326 4162 mori]
3355 4109 3369 4145 :
3399 4099 3570 4146 restat

1989 4192 2044 4246 in
2074 4191 2162 4246 illa
2189 4190 2447 4246 felicitate
2467 4188 2597 4244 illud
2619 4186 2858 4252 tertium,
2887 4201 2994 4241 non
3038 4200 3196 4254 posse
3223 4185 3380 4240 mori.
3413 4181 3567 4238 Tunc

1987 4284 2145 4354 plene
2173 4284 2279 4338 erit
2317 4283 2544 4337 liberum
2599 4280 2902 4345 arbitrium,
2951 4280 3093 4350 quod
3137 4279 3313 4350 primo
3361 4277 3566 4332 homini

1989 4375 2093 4428 fuit
2116 4374 2194 4428 sic
2215 4373 2422 4438 datum,
2451 4383 2610 4443 posse
2631 4387 2736 4426 non
2761 4385 3018 4442 peccare;
3065 4371 3160 4426 sed
3187 4370 3315 4424 illud
3353 4367 3568 4425 beatius

1991 4465 2112 4526 erit,
2137 4465 2351 4532 quando
2371 4463 2478 4518 tale
2515 4462 2638 4526 erit,
2662 4478 2768 4517 non
2800 4476 2958 4530 posse
2985 4476 3227 4530 peccare.
3258 4459 3408 4516 Tunc
3440 4459 3566 4514 sab-

1918 4527 1970 4588 θ
1991 4527 2254 4614 batismus
2301 4555 2433 4628 [Al.,
2482 4527 2915 4626 sabbatlssitnus]
2953 4527 3168 4608 aeternae
3210 4553 3408 4622 quietis
3453 4552 3567 4606 dies

1994 4648 2154 4720 737
2183 4647 2432 4702 omnibus
2457 4645 2660 4701 sanctis
2678 4645 2814 4710 erit;
2845 4645 2917 4698 ibi
2947 4641 3218 4699 videbitur
3247 4645 3338 4712 qui
3363 4643 3570 4697 amabi-

1951 4777 1954 4780 ‹
1991 4750 2101 4804 tur,
2116 4748 2172 4793 et
2187 4740 2282 4809 qui
2301 4739 2589 4802 amabitur,
2608 4737 2930 4793 laudabitur.
2959 4735 3115 4790 Nunc
3140 4750 3268 4805 ergo
3292 4735 3384 4804 qui
3409 4736 3566 4790 nobis

1993 4831 2152 4903 hujus
2177 4829 2441 4885 sermonis
2476 4827 2688 4880 initium
2731 4835 2785 4880 et
2808 4841 2971 4880 causa
2999 4824 3119 4890 fuit,
3146 4825 3214 4878 sit
3252 4826 3412 4878 etiam
3441 4837 3565 4892 per-

1992 4921 2156 4976 fectio
2174 4929 2228 4974 et
2257 4919 2408 4984 finis;
2429 4929 2530 4986 pro
2564 4917 2719 4988 cujus
2745 4931 2930 4970 amore
2974 4916 3216 4987 legentes
3241 4914 3565 4985 ﬂagitamus,

1991 5029 2092 5086 pro
2126 5013 2281 5068 nobis
2313 5012 2451 5082 apud
2493 5011 2609 5081 ejus
2639 5009 2977 5064 intercedere
3022 5008 3467 5071 misericordiam,
3508 5019 3570 5062 ut

1996 5119 2118 5159 cum
2141 5102 2240 5167 eis,
2272 5116 2337 5155 eo
2370 5101 2684 5165 miserante,
2715 5113 3020 5154 mereamur
3039 5098 3106 5152 ad
3136 5097 3266 5153 illud
3284 5097 3569 5168 pervenire

1995 5211 2222 5266 regnum
2247 5192 2397 5263 cujus
2418 5193 2594 5248 nullus
2613 5201 2698 5248 est
2721 5191 2863 5266 finis.
2890 5191 3081 5246 Amen.

1998 5323 2026 5353 ει
2075 5306 2442 5366 lNVOCATIO
2478 5306 2570 5362 AD
2608 5305 2708 5362 SS.
2751 5303 3174 5360 TRINITATEM
3196 5347 3212 5372 ,
3250 5301 3342 5360 ET
3386 5299 3568 5358 FIDEI

2414 5400 2789 5457 SYMBOLUM
2825 5391 3152 5466 EIUSDEM.

2072 5498 2289 5564 Adesto,
2312 5497 2496 5552 lumen
2519 5509 2730 5561 verum,
2754 5493 2936 5558 Pater,
2975 5494 3315 5564 omnipotens
3331 5487 3496 5546 Deus.

1998 5631 2297 5775 334$“,
2315 5637 2378 5688 ut
2392 5629 2556 5696 infra,
2578 5629 2762 5686 statim
2791 5628 2846 5685 in
2866 5628 2973 5685 ﬁne
2999 5625 3159 5696 hujus
3179 5623 3354 5682 ultimi
3373 5624 3569 5696 capitis

2109 5721 2130 5760 1-
2215 5743 2233 5757 .

2109 5721 2233 5760 lllll'.
