4072 6346
500 331 577 392 55
1355 320 1416 373 Β.
1453 310 1778 395 ιτηΑιΒιΝι
1818 307 1948 365 seu
1988 304 2130 361 Aw

2222 302 2258 357 il
2297 297 2580 358 Ol’EllUM
2612 297 2791 353 PARS
2827 294 2911 351 111.
3688 284 3758 343 56

572 447 773 503 Adesto
796 443 979 499 lumen
1014 444 1079 497 de
1126 438 1347 501 lumine,
1378 433 1613 488 Verbum
1643 436 1700 483 et
1743 425 1913 480 Filius
1957 420 2074 486 Dei,
2104 425 2157 486 Α
2251 415 2393 469 Deus
2428 427 2552 468 vera
2597 418 2650 465 et
2691 422 2899 463 summa
2924 405 3057 470 vita,
3082 404 3135 458 in
3157 418 3264 475 quo
3291 409 3346 458 et
3368 414 3399 457 a
3431 415 3557 503 quo,
3589 408 3644 456 et
3664 416 3765 470 per

1334 494 1345 501 '
2186 524 2344 578 quem
2372 507 2557 560 vivunt
2584 516 2916 574 quacunque
2934 513 3082 565 vere,
3101 511 3415 567 summeque
3437 494 3627 549 vivunt
3648 509 3768 549 om-

575 628 779 685 Adesto
816 595 1002 682 sancte
1031 621 1285 692 Spiritus,
1318 618 1496 675 Patris
1521 622 1576 672 et
1607 612 1731 669 Filii
1768 605 2080 672 concordia,
2184 599 2293 692 uia,
2324 614 2356 653 ο
2382 599 2536 692 bisata
2561 595 2818 692 Trinitas.

688 682 1050 790 omnipotens.
1072 682 1087 692 -
1272 682 1281 686 ⁷
2256 690 2398 744 Deus
2422 690 2621 743 bonum
2642 695 2697 740 et
2721 686 3007 755 pulchrum
3031 682 3083 735 in
3108 696 3235 750 quo,
3265 685 3320 733 et
3358 693 3391 733 a
3426 691 3557 747 quo,
3581 684 3637 730 et
3669 691 3769 790 per

576 770 965 872 ﬁdesto,Deus
999 819 1139 860 unus
1184 803 1545 874 omnipotens,
1576 798 1756 863 Pater,
1800 804 1857 852 et
1891 793 2082 860 Filius,
2184 800 2345 857 quem
2370 784 2509 838 bona
2538 790 2592 837 et
2616 781 2842 874 pulchra
2878 786 3021 874 sunt_,
3051 788 3386 874 quaecunque
3405 772 3546 827 bona
3566 778 3623 825 et
3643 770 3767 841 pul-

508 909 565 961 et
592 867 825 973 Spiritus
845 907 1084 955 sanctus.
1336 867 1353 874 U
2185 878 2318 933 chra
2342 882 2466 931 sunt
2492 873 2696 937 omnia,
2723 887 2756 925 ο
2790 872 2945 925 beata
2978 867 3234 972 Trinitas.

744 993 927 1057 ﬁdem,
954 991 1131 1046 excita
1154 1004 1327 1060 spem,
1352 985 1573 1043 infunde
1607 984 1947 1041 charitatem.
2260 972 2401 1024 Deus
2434 969 2521 1024 cui
2573 982 2673 1021 nos
2722 965 2854 1018 ﬁdes
2903 961 3124 1023 excitat,
3170 972 3294 1029 spes
3322 957 3504 1028 ετίείιν
3533 955 3775 1011 Charitas

577 1086 728 1143 Velle
756 1084 886 1138 mihi
915 1083 1143 1152 adjacet,
1182 1058 1277 1137 sed
1305 1082 1409 1138 hoc
1440 1095 1547 1134 non
1575 1094 1604 1132 a
1632 1094 1738 1143 me,
1769 1077 1863 1132 sed
1892 1092 1921 1130 a
1955 1083 2026 1139 te,

2222 1063 2376 1133 mgit,
2401 1078 2434 1117 ο
2461 1062 2615 1115 beata
2640 1058 2899 1113 Trinitas.

578 1178 855 1241 Mundum,
881 1185 935 1231 et
961 1185 1135 1231 terras
1170 1175 1437 1248 linquere,
1465 1181 1520 1227 et
1550 1172 1745 1228 coelum
1775 1178 1977 1241 petere.

2258 1154 2400 1209 Deus
2431 1153 2522 1223 qui
2572 1158 2752 1221 petere
2781 1148 2962 1217 jubes,
2992 1156 3047 1202 et
3086 1144 3327 1200 invenire
3373 1142 3530 1206 facis,
3574 1148 3632 1196 et
3653 1139 3775 1210 pul~

578 1268 685 1324 Sed
710 1239 980 1324 imbecilla
1002 1268 1185 1337 pluma
1207 1239 1308 1331 est,
1334 1239 1472 1321 velle
1499 1264 1615 1319 sine
1643 1239 1883 1317 subsidio
1907 1268 2018 1314 tuo.
2189 1245 2433 1301 εθηῑίῧιιδ
2471 1244 2664 1337 aperis;
2697 1258 2729 1297 0
2767 1239 3205 1337 δεῖξξξττίηίίθδο

575 1362 655 1419 Da
677 1361 800 1417 ﬁdei
822 1327 1050 1431 pennas,
1074 1368 1134 1414 ut
1168 1327 1341 1414 volam
1373 1370 1585 1413 sursum
1624 1355 1690 1409 ad
1714 1362 1787 1408 te.
2262 1337 2404 1391 Deus
2432 1350 2595 1404 supra
2623 1328 2782 1404 quem
2812 1330 2964 1396 nihil,
2991 1338 3144 1387 extra
3163 1345 3323 1400 quem
3346 1327 3500 1395 nihil,
3531 1327 3648 1384 sine
3669 1341 3780 1397 quo

577 1456 731 1512 Hanc
757 1426 917 1509 ﬁdem
950 1453 1004 1507 in
1025 1460 1099 1517 te,
1124 1466 1221 1521 per
1246 1458 1319 1516 te,
1353 1450 1420 1505 de
1442 1457 1495 1503 te
1521 1446 1801 1502 conﬁteor.

2222 1429 2346 1493 rihil,
2371 1445 2405 1485 o
2434 1428 2590 1482 beata
2628 1426 2886 1480 Trinitas.

582 1548 655 1605 Te
699 1564 867 1605 unum
893 1548 947 1601 in
993 1544 1315 1609 substantia,
1370 1542 1692 1598 Trinitatem
1739 1536 1793 1591 in
1843 1531 2095 1605 personis

511 1640 791 1698 conﬁteor.

583 1734 659 1789 Te
682 1748 896 1805 semper
948 1732 1091 1790 idem
1119 1744 1260 1795 esse,
1296 1728 1501 1793 vivere,
1534 1733 1589 1781 et
1629 1722 1928 1794 intelligere
1962 1734 2094 1776 con-

510 1826 690 1883 ﬁteor.

583 1918 652 1974 Et
682 1927 794 1973 tres
821 1931 1007 1981 unum,
1038 1923 1092 1971 et
1119 1928 1287 1969 unum
1315 1920 1426 1968 tres
1448 1909 1729 1967 conﬁteor.

579 2010 745 2067 Pater
768 2019 824 2066 et
849 2008 1018 2064 Filius
1038 2016 1092 2064 et
1124 2007 1363 2078 Spiritus
1391 2012 1632 2068 sanctus,
1661 2018 1694 2059 o
1728 2001 1887 2057 beata
1915 1993 2098 2054 Trini-

512 2108 619 2157 tas.

583 2195 747 2258 Deus,
780 2194 1059 2259 Dominus,
1084 2191 1421 2256 Paracletus,
1453 2205 1485 2246 ο
1506 2190 1663 2245 beata
1692 2187 1953 2243 Trinitas.

583 2286 855 2353 Charitas,
904 2288 1100 2359 gratia,
1154 2284 1593 2347 communicatio,
1636 2298 1670 2338 ο
1713 2282 1870 2338 beata
1916 2278 2101 2336 Triui-

514 2387 623 2436 tas.

585 2473 837 2529 Charitas
868 2478 1008 2530 Deus
1040 2481 1141 2539 est,
1173 2474 1346 2544 gratia
1380 2473 1650 2538 Christus,
1684 2468 2101 2527 communicatio

514 2562 751 2635 Spiritus
777 2576 1015 2628 sanctus,
1051 2582 1084 2621 o
1105 2567 1262 2622 beata
1318 2565 1574 2620 Trinitas.

584 2654 831 2722 (uenitur,
858 2657 1091 2726 genitus,
1126 2672 1472 2727 regenerans,
1504 2671 1537 2710 ο
1565 2655 1720 2710 beata
1751 2653 2012 2711 Trinitas.

586 2748 785 2804 Verum
820 2750 1018 2814 lumen,
1050 2766 1238 2806 verum
1267 2750 1446 2811 lumen
1475 2763 1542 2803 ex
1578 2748 1799 2810 lumine,
1832 2762 1959 2801 vera
1983 2745 2103 2800 illu-s

514 2838 764 2904 minatio,
790 2854 824 2894 ο
845 2840 1004 2894 beata
1026 2840 1285 2895 Trinitas.

588 2930 874 2986 Invisibilis
920 2932 1279 2997 invisibiliter,
1310 2932 1538 2988 visibilis
1563 2930 1924 2996 invisibiliter,
1970 2929 2105 2988 invi-

518 3020 696 3076 sibilis
721 3023 1020 3087 visibiliter,
1046 3039 1080 3079 ο
1110 3025 1267 3079 beata
1289 3024 1547 3079 Trinitas.

592 3112 758 3179 Fons,
790 3114 1003 3177 ﬁumen,
1036 3116 1300 3186 irrigatio,
1334 3132 1367 3171 ο
1389 3117 1545 3171 beata
1574 3115 1830 3170 Trinitas.

2263 1521 2406 1576 Deus
2434 1520 2533 1574 sub
2561 1534 2668 1589 quo
2693 1527 2887 1581 totum,
2941 1515 2995 1571 in
3044 1530 3152 1585 quo
3179 1520 3374 1578 totum,
3414 1528 3535 1567 cum
3567 1528 3675 1583 quo
3702 1519 3782 1569 to-

2192 1622 2332 1680 tum,
2357 1631 2391 1670 o
2410 1615 2567 1670 beata
2598 1612 2858 1667 Trinitas.

2265 1707 2341 1763 Te
2362 1707 2698 1771 invocamus,
2726 1713 2779 1759 te
2800 1704 3114 1767 adoramus,
3148 1710 3200 1757 te
3228 1701 3531 1768 laudamus,
3558 1718 3591 1758 ο
3618 1700 3782 1760 beata

2125 1788 2172 1850 Β
2198 1797 2459 1855 Trinitas.

2268 1888 2498 1955 Exaudi,
2521 1888 2736 1953 exaudi,
2765 1888 2983 1952 exaudi,
3009 1902 3043 1941 ο
3070 1887 3229 1942 beata
3262 1885 3519 1941 Trinitas.

2270 1984 2407 2054 Spes
2456 1990 2662 2047 nostra,
2696 1982 2841 2038 salus
2889 1988 3098 2044 nostra,
3126 1981 3301 2035 honor
3330 1989 3537 2046 noster,
3567 1996 3600 2036 o
3624 1980 3786 2036 beata

2200 2076 2461 2133 Trinitas.

2271 2169 2421 2239 Auge
2457 2168 2509 2223 in
2555 2167 2714 2223 nobis
2760 2166 2945 2230 ﬁdem,
2985 2179 3121 2235 auge
3159 2178 3329 2233 spem,
3384 2177 3521 2233 auge
3552 2161 3792 2218 eharita-

2201 2272 2331 2324 tem.
2360 2277 2393 2317 ο
2417 2261 2573 2316 beata
2599 2259 2859 2314 Trinitas.

2273 2376 2438 2449 738
2461 2375 2657 2431 Libera
2697 2388 2817 2438 nos,
2841 2371 2988 2426 salva
3012 2384 3130 2434 nos,
3160 2366 3395 2439 iustiﬁca
3419 2381 3538 2430 nos,
3570 2381 3603 2420 ο
3629 2365 3792 2421 beata

2202 2470 2465 2527 Trinitas.

2275 2562 2551 2624 Miserere,
2580 2558 2825 2621 Domine,
2854 2556 2982 2627 quia
3029 2551 3401 2609 misericordia
3431 2557 3521 2604 tua
3540 2546 3795 2605 liberavit

2202 2673 2325 2721 nos,
2353 2672 2386 2709 o
2413 2656 2572 2710 beata
2604 2647 2863 2709 Trinitas.

2276 2743 2550 2809 Miserere,
2592 2744 2839 2807 Domine,
2864 2742 2990 2814 quia
3009 2740 3381 2795 misericordia
3410 2745 3499 2791 tua
3523 2734 3797 2792 credimus

2206 2842 2260 2897 in
2300 2850 2373 2905 te,
2403 2857 2436 2895 o
2456 2842 2612 2895 beata
2646 2838 2903 2893 Trinitas.

2278 2933 2553 2997 Miserere,
2583 2932 2829 2996 Domine,
2861 2931 2985 3000 quia
3016 2926 3385 2984 misericordia
3426 2934 3518 2980 tua
3539 2922 3797 2995 cognovi-

2207 3045 2327 3086 mus
2353 3038 2425 3092 te,
2450 3043 2482 3082 ο
2513 3028 2671 3081 beata
2699 3026 2965 3081 Trinitas.

2132 3147 2179 3206 η
2281 3119 2558 3183 Miserere,
2578 3117 2827 3183 Domine,
2855 3118 2981 3188 quia
3005 3113 3373 3173 misericordia
3400 3122 3486 3167 tua
3518 3112 3799 3181 speramus

594 3202 678 3259 Ab
703 3221 810 3259 uno
841 3207 1043 3273 omnia,
1072 3223 1169 3278 per
1195 3224 1360 3262 unum
1383 3210 1584 3273 omnia,
1615 3210 1668 3263 in
1708 3225 1815 3263 uno
1844 3208 2046 3273 omnia,
2072 3224 2105 3263 ο
2133 3186 2179 3210 ’⁸
2210 3210 2263 3264 ἱιι
2294 3216 2366 3275 te,
2393 3225 2426 3263 ο
2452 3209 2610 3263 beata
2644 3186 2902 3263 Trinitas.

526 3299 685 3353 beata
715 3298 970 3354 Trinitas.

597 3387 641 3445 Α
676 3406 803 3463 quo,
848 3406 945 3461 per
987 3406 1168 3464 quem.
1213 3393 1266 3447 iu
1290 3407 1397 3463 quo
1438 3392 1642 3458 omnia,
1673 3409 1706 3448 ο
1736 3393 1890 3447 beata
1932 3390 2111 3446 Trini-

526 3491 633 3541 tas.

601 3579 800 3634 Vivens
823 3579 954 3643 vita,
981 3578 1092 3634 vita
1132 3595 1161 3633 a
1182 3580 1414 3645 vivente,
1446 3580 1746 3637 viviﬁcator
1790 3578 2106 3644 viventium,

529 3685 567 3726 0
591 3671 747 3725 beata
788 3671 1045 3725 Trinitas.

605 3764 754 3820 Unus
781 3781 809 3818 a
836 3780 911 3827 se,
934 3781 1071 3821 unus
1088 3766 1156 3821 ab
1184 3782 1310 3832 uno,
1336 3783 1474 3824 unus
1499 3767 1567 3821 ab
1593 3767 1872 3829 ambobus,
1897 3782 1930 3821 0
1953 3766 2110 3820 beata

533 3858 796 3914 Trinitas.

600 3948 694 4005 "av
714 3965 743 4003 a
782 3966 857 4014 se,
894 3951 958 4007 ὥν
982 3952 1049 4006 ab
1075 3952 1265 4020 altero,
1297 3954 1364 4011 ὤν
1388 3955 1454 4011 ab
1477 3963 1730 4024 utroque,
1755 3970 1789 4009 o
1813 3955 1969 4009 beata
1995 3952 2115 4007 Tri-

533 4043 697 4097 nitas.

606 4131 776 4187 Omne
803 4141 981 4187 autem
1030 4135 1097 4188 ὥν
1119 4132 1330 4203 semper
1356 4134 1408 4187 in
1439 4134 1631 4198 tribus,
1660 4142 1717 4188 et
1762 4148 1921 4188 omne
1946 4133 2012 4188 ὧν
2041 4148 2115 4187 ze-

540 4223 772 4292 qualiter
795 4225 846 4278 in
875 4226 1119 4295 singulis,
1150 4241 1182 4279 o
1206 4229 1359 4281 beata
1383 4226 1639 4281 Trinitas.

610 4315 783 4369 Verax
832 4315 1013 4380 Pater,
1046 4318 1246 4371 veritas
1290 4318 1478 4383 Filius,
1529 4319 1730 4373 veritas
1778 4317 2030 4387 Spiritus,
2084 4335 2117 4374 0

537 4402 696 4461 beata
728 4406 984 4461 Trinitas.

2279 3301 2555 3366 Miserere,
2588 3301 2835 3368 Domine,
2868 3301 2993 3372 quia
3021 3299 3393 3354 misericordia
3421 3305 3511 3353 tua
3554 3312 3802 3355 amamus

2213 3403 2285 3457 te,
2315 3409 2348 3447 ο
2378 3394 2533 3447 beata
2562 3392 2822 3448 Trinitas.

2284 3485 2359 3539 Te
2404 3485 2692 3539 adoramus
2738 3484 2914 3538 cuncti
2962 3498 3127 3536 unum
3158 3482 3327 3536 Deum
3357 3481 3599 3548 Patrem,
3622 3489 3678 3536 et
3714 3480 3803 3539 Fi-

2210 3575 2364 3640 lium,
2388 3584 2739 3643 sanctumque
2772 3572 3056 3642 Spiritum,
3087 3589 3119 3627 ο
3144 3574 3301 3628 beata
3335 3573 3594 3628 Trinitas.

2281 3665 2359 3718 Da
2382 3665 2617 3734 peccatis
2645 3662 2881 3724 veniam.
2927 3671 3123 3732 pratsta
3160 3671 3419 3718 attentam
3443 3663 3634 3728 vitam,
3663 3663 3802 3717 dona

2211 3773 2402 3829 pacem
2427 3766 2482 3811 et
2511 3756 2758 3828 gloriam,
2781 3770 2813 3807 ο
2833 3753 2989 3808 beata
3020 3755 3279 3808 Trinitas.

2285 3849 2329 3907 0
2350 3850 2530 3914 beata,
2564 3857 2616 3902 et
2646 3849 2949 3911 benedicta,
2982 3855 3035 3900 et
3077 3847 3306 3916 gloriosa
3336 3846 3595 3910 Trinitas,
3617 3846 3802 3914 Pater,

2214 3951 2268 3997 et.
2294 3941 2486 4005 Filius,
2520 3949 2576 3993 et
2604 3938 2837 4008 Spiritus
2888 3945 3106 3991 sanctus
3138 3937 3193 4008 [ο
3220 3938 3378 3991 beata
3409 3937 3690 4009 Trinitas].

2287 4032 2331 4086 0
2360 4033 2539 4092 beata,
2572 4029 2877 4092 benedicta,
2909 4027 3138 4098 gloriosa
3173 4030 3370 4091 unitas,
3403 4028 3585 4092 Pater,
3612 4027 3803 4094 Filius,

2218 4123 2454 4194 Spiritus
2475 4130 2717 4185 sanctus,
2751 4119 2805 4193 [ο
2835 4121 2990 4174 beata
3023 4120 3303 4192 Trinitas].

2289 4211 2333 4268 0
2360 4227 2506 4275 vera,
2536 4227 2767 4276 summa,
2794 4212 3121 4281 sempiterna
3156 4212 3412 4275 Trinitas,
3437 4212 3615 4277 Pater,
3642 4222 3695 4267 et
3718 4212 3806 4268 Fi-

2218 4304 2346 4367 lius,
2378 4311 2433 4357 et
2457 4300 2693 4372 Spiritus
2718 4310 2958 4366 sanctus,
2987 4300 3040 4373 [o
3061 4303 3221 4356 beata
3251 4301 3526 4374 Trinitas].

2289 4395 2333 4451 0
2371 4411 2521 4459 vera,
2550 4411 2779 4458 summa,
2807 4395 3131 4464 sempiterna
3171 4394 3372 4460 unitas,
3403 4395 3582 4461 Pater,
3611 4394 3807 4465 Filius,

614 4496 731 4554 Una
763 4497 928 4569 igitur
953 4499 1132 4561 Pater,
1174 4498 1340 4571 λαγός,
1365 4501 1783 4571 Paraeletusque
1816 4501 2117 4557 substantia
2150 4524 2195 4582 υ
2222 4484 2456 4556 Spiritus
2479 4494 2701 4540 δδηοίυε
2729 4483 2784 4556 [ο
2820 4486 2976 4539 130"”
3006 4484 3289 4556 Trinitas]-

541 4597 647 4654 est,
687 4606 721 4645 ο
749 4591 905 4645 beata
934 4590 1187 4645 Trinitas.

616 4678 735 4734 Una
782 4681 1036 4745 essentia,
1088 4697 1193 4735 una
1238 4682 1428 4748 virtus,
1459 4699 1565 4739 una
1611 4685 1843 4749 bonitas,
1875 4701 1909 4741 o
1963 4685 2118 4739 beata

547 4771 806 4829 Trinitas.

618 4866 761 4922 Deus
788 4866 1094 4932 beatitudo,
1137 4869 1192 4923 in
1244 4886 1375 4939 quo,
1403 4879 1458 4926 et
1505 4887 1532 4925 a
1561 4888 1668 4942 quo
1689 4913 1702 4937 ,
1735 4882 1790 4926 et
1835 4888 1932 4943 per
1961 4885 2122 4941 quem

547 4960 706 5015 beata
738 4969 863 5014 sunt
914 4977 1246 5030 quaecunque
1292 4964 1445 5017 beata
1478 4973 1601 5018 sunt
1654 4965 1852 5028 omnia,
1905 4979 1939 5019 ο
1967 4964 2123 5019 beata

554 5050 812 5108 Trinitas.

625 5168 882 5239 PCitatur
912 5166 980 5220 ab
1006 5165 1178 5239 {Enea
1208 5168 1522 5231 Parisiensi.
1554 5185 1673 5239 cap.
1710 5170 1797 5225 88.

624 5238 653 5278 δ
678 5242 733 5296 lu
760 5237 994 5296 editione
1013 5237 1306 5294 Basileensi
1329 5237 1634 5294 Homiliarii
1648 5256 1787 5294 anno
1806 5238 1941 5293 1496
1970 5240 2130 5295 omis-

554 5327 611 5368 sa
642 5309 1351 5381 invocationeS.Trinitatis
1390 5312 1617 5365 habetur
1640 5325 1871 5381 sequens
1902 5309 2129 5381 Symbo-

553 5383 664 5437 lum
697 5383 796 5438 sub
835 5380 990 5434 titulo
1024 5400 1036 5433 :
1062 5381 1460 5451 Recapitulatio.
1486 5381 1540 5434 In
1570 5382 1687 5451 eod.
1719 5377 1957 5451 Vindqu
1992 5377 2130 5451 Con:

551 5453 710 5578 ἔξΜο
737 5453 800 5507 de
839 5464 1020 5506 sancta
1052 5445 1323 5506 Trinitate.
1362 5452 1418 5505 ln
1463 5452 1581 5505 cod.
1612 5450 1749 5503 Bibl.
1780 5445 1836 5504 S.
1875 5449 2129 5505 Germani

600 5524 875 5578 arisiensis
926 5523 1040 5577 hate
1070 5522 1298 5577 trahetur
1342 5522 1621 5578 inscriptio
1647 5538 1659 5573 :
1685 5520 1951 5574 Lectiones
1976 5520 2041 5571 de
2069 5517 2126 5573 S.

600 5524 875 5607 arisiensis
926 5523 1040 5577 lucc
1070 5522 1299 5607 habetur
1342 5522 1621 5607 inscriptio
1647 5538 1662 5602 ξ
1685 5520 2041 5607 Ιίρίιξοῃεδμε
2069 5517 2126 5573 8.

557 5592 836 5659 Trinitate,
861 5594 962 5648 hoc
981 5602 1084 5649 est.
1108 5594 1161 5646 in
1180 5592 1471 5646 festivitate
1498 5589 1555 5645 S.
1574 5591 1855 5644 Trinitatis
1876 5589 1978 5659 legi
2004 5604 2131 5643 eon-

556 5672 744 5722 suetaa.
777 5664 944 5733 Hujus
993 5662 1233 5733 Symboli
1275 5660 1891 5733 initiunrsubAletrini
1918 5660 2133 5733 nomine

555 5734 807 5791 laudatur
846 5730 914 5790 ab
960 5730 1131 5788 Ainea
1168 5734 1420 5802 episcopo
1468 5730 1893 5802 Parisiensi,qui
1938 5731 2132 5788 Carolo

559 5807 725 5866 Calvo
752 5808 1048 5877 imperante
1069 5801 1268 5870 ﬂoruit,
1297 5803 1350 5862 in
1386 5802 1521 5859 libro
1548 5802 1804 5860 adversus
1830 5801 2046 5859 Graecos
2067 5803 2133 5859 de

2294 4577 2548 4631 Mii‘erere
2581 4577 2755 4639 nobis.
2784 4577 3041 4630 miserere
3080 4576 3258 4640 nobis,
3291 4575 3547 4632 miserere
3571 4578 3745 4646 nobis,
3771 4592 3810 4636 0

2219 4670 2379 4726 beata
2406 4667 2664 4722 Trinitas.

2294 4759 2411 4815 Tibi
2446 4759 2583 4825 laus,
2618 4758 2713 4813 tibi
2744 4757 2931 4835 gloria,
2979 4758 3074 4813 tibi
3125 4758 3422 4830 gratiarum
3460 4760 3603 4813 actio
3631 4759 3682 4813 in
3707 4776 3809 4817 ste-

2180 4858 2185 4861 '
2223 4851 2342 4907 cuia
2372 4850 2720 4919 sempiterna,
2746 4865 2779 4903 0
2799 4850 2957 4904 beata
2977 4850 3215 4904 Trinitas
3236 4864 3281 4903 ει.

2297 4964 2324 5005 b
2353 4963 2635 5019 Credimus
2661 4963 3056 5018 sanctissimam
3094 4962 3222 5035 [Al.,
3276 4962 3542 5036 sanctam]
3573 4963 3810 5019 Trinita-

2227 5065 2357 5123 tem,
2382 5056 2434 5111 id
2464 5066 2563 5119 est,
2594 5054 2831 5118 Patrem,
2853 5063 2907 5109 et
2929 5049 3142 5118 Filium,
3168 5063 3221 5109 et
3244 5053 3504 5124 Spiritqu
3536 5064 3806 5121 sanetum,

2228 5169 2572 5241 processione
2596 5161 2829 5241 Spiritus
2854 5168 3031 5241 sancti
3080 5168 3218 5241 apud
3246 5167 3804 5241 d'.Acherium_Spieil.

2231 5238 2360 5295 tom.
2408 5240 2427 5294 Ι
2474 5254 2597 5294 nov.
2645 5238 2896 5292 editionis
2944 5253 3065 5308 pag.
3108 5238 3225 5294 151.
3279 5239 3523 5293 Graecum
3568 5238 3807 5305 ejusdem

2229 5310 2503 5379 exemplar
2530 5308 2763 5363 Joannes
2809 5309 3124 5365 Lettclavius
3153 5311 3352 5377 reperit
3380 5312 3433 5364 in
3481 5310 3807 5369 bibliotheca

2233 5380 2484 5436 Sanibuci
2522 5380 2620 5434 sub
2664 5380 2876 5434 nomine
2929 5380 3371 5450 llilariiepiseopi
3414 5380 3805 5445 Pictaviensis;

2233 5452 2469 5519 illudque
2495 5466 2592 5505 suo
2614 5450 2751 5520 style
2782 5450 2970 5506 Latine
2993 5452 3297 5505 traductum
3327 5459 3582 5520 tanquam
3606 5467 3805 5507 novum

2235 5521 2293 5576 S.
2323 5520 2509 5604 Hilarii
2540 5537 2694 5604 _op'us
2708 5520 2956 5604 [Dasileaag
3000 5537 3140 5604 anno
3336 5522 3477 5591 typis
3524 5522 3761 5604 vulgavit
3789 5538 3802 5574 :

2233 5594 2376 5663 quod
2398 5590 2678 5647 deinde’D.
2705 5592 2964 5663 Constant
2983 5601 3037 5647 et
3067 5590 3209 5663 Socii
3245 5590 3581 5648 Veronenses
3618 5590 3672 5648 in
3697 5591 3809 5663 Ap-

2234 5661 2513 5735 pendicem
2543 5663 2773 5735 Operum
2806 5663 2863 5716 S.
2898 5661 3085 5735 Hilarii
3126 5661 3450 5735 reiecerunt,
3498 5672 3551 5717 et
3578 5661 3806 5735 Alcuiuo

2236 5733 2602 5789 asseruerunt.
2636 5733 2862 5787 Textnm
2899 5734 3187 5803 genuinum
3231 5733 3321 5790 hic
3353 5736 3564 5801 damus,
3592 5736 3661 5790 ad
3687 5734 3807 5805 plu-

2236 5820 2324 5861 res
2350 5806 2507 5862 codd.
2539 5820 2671 5861 mss.
2705 5805 3066 5859 emendatum.
3510 5832 3543 5859 ο
