4072 6346
303 310 374 367 57
1017 304 1429 361 ΒΟΟΜΛΤΙΟΑ.
1471 334 1540 346 -
1576 303 1923 372 QUAESTIOI

2025 306 2035 357 ἱ
2074 304 2286 360 XXVIII
2325 303 2414 360 DE
2447 301 2837 359 TRINITATE.
3488 302 3558 359 58

308 437 476 481 unum
505 421 673 477 Deum
710 420 1155 492 omnipotentem,
1186 419 1344 473 unius
1366 420 1697 485 substantia),
1730 422 1886 475 unius
1915 423 1962 484 Α
1989 420 2043 474 ἱη
2071 420 2347 489 operibus,
2372 420 2619 489 quamvis
2640 418 2885 489 quaedam
2925 431 3087 489 opera
3125 417 3220 473 Dei
3243 418 3562 489 quibusdam

306 516 579 580 essentia,
605 514 763 570 unius
803 514 1106 586 potestatis,
1133 520 1431 567 creatorem
1455 514 1694 568 omnium
1737 529 1888 569 crea-
1987 509 2233 580 personis
2263 509 2569 577 specialiter
2591 509 2943 574 conveniant;
2982 507 3121 563 sicut
3147 506 3296 565 Patri
3318 525 3421 564 vox
3447 508 3564 578 illa,

311 618 591 674 turamm;
617 624 646 662 a
669 623 777 678 quo
800 607 997 671 omnia,
1031 623 1127 677 per
1152 622 1310 676 quem
1337 606 1532 669 omnia,
1563 606 1617 660 in
1643 622 1748 676 quo
1774 622 1889 662 om-

310 699 425 755 nia.
471 694 795 771 [Credimus]
826 695 1040 777 Patrem
1083 712 1113 749 a
1146 696 1343 765 seipso,
1385 711 1490 751 non
1530 695 1597 749 ab
1634 696 1768 762 alio;
1796 696 1890 751 Fi-

311 789 448 845 lium
477 805 506 843 a
534 788 695 845 Patre
744 790 1007 859 genitum,
1034 789 1202 844 Deum
1258 806 1443 845 verum
1491 789 1556 844 de
1598 788 1707 844 Deo
1738 805 1891 856 vero,

312 880 499 935 lumen
524 896 710 934 verum
759 881 825 936 de
867 879 1069 935 lumine
1105 896 1233 935 vero
1263 898 1275 933 :
1307 896 1411 936 non
1464 889 1643 933 tamen
1678 880 1783 933 duo
1810 879 1893 931 lu-

317 974 492 1037 mina,
523 975 617 1028 sed
643 990 806 1029 unum
854 975 1053 1029 lumen.
1085 973 1344 1044 Spiritum
1371 982 1611 1029 sanctum
1658 990 1687 1028 a
1732 972 1894 1028 Patre

315 1077 373 1121 et
414 1064 552 1119 Filio
592 1065 868 1133 azqualiter
904 1065 1313 1135 procedentem;
1356 1064 1894 1130 consubstantialem,

317 1164 647 1212 coaeternum
673 1156 820 1210 Patri
856 1163 911 1210 et
954 1156 1108 1211 Filio.
1146 1156 1305 1211 Pater
1327 1155 1515 1226 plenus
1558 1155 1700 1210 Deus
1731 1155 1783 1208 in
1816 1170 1895 1219 se,

314 1245 490 1300 Filius
511 1245 703 1315 plenus
729 1245 871 1301 Deus
902 1262 932 1300 a
970 1244 1133 1301 Patre
1158 1247 1390 1317 genitus,
1424 1245 1657 1316 Spiritus
1682 1253 1900 1301 sanctus

316 1336 512 1408 plenus
553 1336 693 1392 Deus
736 1353 765 1391 a
790 1337 950 1391 Patre
996 1345 1051 1392 et
1072 1337 1207 1392 Filio
1234 1336 1549 1408 procedens.
1574 1335 1689 1389 Non
1720 1343 1900 1389 tamen

319 1438 437 1483 tres
474 1427 605 1483 deos
648 1429 893 1493 dicimus,
923 1428 1017 1484 sed
1043 1445 1207 1483 unum
1243 1428 1413 1483 Deum
1457 1427 1898 1496 omnipotentem,

316 1526 605 1581 aeternum,
655 1517 995 1583 invisibilem,
1048 1517 1581 1583 incommutabilem,
1626 1517 1717 1586 qui
1758 1525 1903 1572 totus

317 1610 525 1679 ubique
548 1620 648 1675 est,
675 1618 819 1665 totus
841 1611 1038 1681 ubique
1060 1626 1297 1681 praesens
1322 1629 1335 1665 :
1365 1626 1470 1666 non
1496 1626 1594 1681 per
1614 1622 1794 1681 partes
1824 1610 1905 1664 di-

320 1703 495 1765 visus,
526 1702 620 1757 sed
652 1709 796 1756 totus
815 1701 870 1756 in
898 1703 1146 1757 omnibus
1174 1717 1279 1757 non
1312 1701 1575 1767 localiter,
1598 1702 1692 1757 sed
1712 1710 1904 1771 poten-

1989 618 2110 674 qua:
2149 602 2213 656 de
2237 600 2374 656 cmlo
2407 602 2587 655 sonuit
2634 616 2794 671 super
2818 600 3089 655 Christum
3119 600 3483 669 baptizatum;
3512 612 3567 658 et

1991 694 2059 749 ad
2088 694 2211 749 Filii
2235 708 2520 763 personam
2546 693 2898 748 humanitatis
2935 693 3304 749 tanttunmodo
3328 694 3570 763 pertinet

1991 788 2293 857 susceptio;
2326 796 2380 842 et
2404 786 2635 855 Spiritus
2681 787 2852 840 sancti
2898 801 3141 855 persona:
3189 786 3403 855 proprie
3434 800 3567 839 con-

1993 868 2138 955 gruit
2160 881 2247 935 illa
2277 880 2549 944 columba,
2571 879 2626 932 in
2651 878 2805 947 cujus
2827 880 3005 949 specie
3026 880 3163 934 idem
3190 879 3424 948 Spiritus
3446 894 3561 934 san‘

1995 984 2113 1030 ctus
2138 973 2414 1029 descendit
2441 985 2600 1042 super
2629 971 2876 1024 eumdem
2905 969 3100 1023 Filium
3145 969 3237 1024 Dei
3274 970 3572 1024 secundum

1994 1066 2269 1124 hominem
2300 1064 2628 1134 baptizatum
2670 1080 2683 1115 :
2730 1071 2907 1116 tamen
2940 1063 3143 1131 absque
3172 1062 3317 1117 omni
3363 1062 3573 1116 dubita-

1998 1159 2145 1213 tione
2199 1157 2343 1211 illam
2389 1169 2593 1219 voccm,
2627 1162 2682 1209 et
2726 1154 2869 1208 illam
2901 1154 3228 1220 columbam,
3268 1163 3323 1208 et
3374 1153 3577 1210 Christi

1998 1248 2390 1305 humanitatem
2430 1253 2543 1300 tota
2579 1251 2763 1299 saneta
2790 1244 3025 1298 Trinitas
3045 1253 3268 1314 operata
3297 1253 3399 1309 est,
3426 1244 3584 1313 cujus

2000 1358 2159 1413 opera
2202 1338 2579 1409 inseparabilia
2610 1346 2754 1392 sunt.
2788 1336 3068 1391 Credimus
3106 1335 3350 1391 eumdem
3380 1337 3577 1391 Filium

2002 1434 2117 1497 Dei,
2149 1432 2384 1487 Verbum
2426 1431 2520 1484 Dei
2560 1428 2889 1484 :eternalitcr
2918 1436 3105 1482 natum
3131 1429 3197 1481 de
3234 1427 3416 1493 Patre,
3452 1444 3580 1483 con-

2002 1524 2409 1580 substantialem
2450 1521 2594 1575 Patri
2622 1536 2721 1590 per
2762 1519 2966 1583 omnia,
2991 1517 3364 1589 temporaliter
3393 1525 3577 1571 natum

2004 1619 2070 1674 de
2109 1618 2311 1688 Spiritu
2359 1623 2547 1670 sancto
2576 1623 2630 1667 et
2666 1613 2830 1667 Maria
2859 1627 3069 1681 semper
3100 1610 3245 1682 [Vox
3288 1625 3503 1679 semper
3525 1612 3585 1665 in

2007 1708 2265 1779 aliquibus
2292 1706 2442 1759 editis
2467 1703 2746 1775 omittitur]
2770 1703 2999 1773 virgine,
3032 1702 3164 1756 duas
3183 1701 3466 1755 habentem
3493 1702 3609 1755 na;

323 1792 548 1846 ιίίδιίῐθτ-
606 1790 709 1859 Qui
766 1792 883 1847 Sine
937 1792 1424 1848 communicatione
1478 1792 1583 1857 δυῖν
1634 1790 1907 1845 mutabilia
1937 1799 1984 1860 B
2010 1803 2267 1865 tivitates,
2297 1814 2459 1853 unam
2483 1813 2549 1851 ex
2576 1796 2735 1849 Patre
2757 1802 3032 1859 zelernam,
3067 1793 3291 1848 alteram
3317 1808 3383 1847 ex
3411 1801 3588 1849 matre

326 1881 534 1937 creavit
566 1890 620 1936 et
644 1889 824 1937 creata
849 1882 1131 1952 gubernat,
1160 1897 1371 1951 semper
1391 1896 1612 1937 manens
1637 1882 1776 1951 quod
1803 1889 1904 1936 est.

326 1973 425 2028 Cui
456 1972 591 2025 nihil
622 1972 874 2027 accidens
919 1988 1041 2028 esse
1073 1973 1291 2042 poterit,
1318 1973 1442 2042 quia
1471 1972 1700 2042 simplici
1721 1971 1912 2025 divini-

328 2065 458 2118 tatis
489 2072 699 2118 uaturae
724 2063 797 2116 nil
826 2064 971 2129 addi,
999 2063 1084 2117 vel
1127 2064 1297 2118 minui
1326 2070 1521 2134 potest,
1551 2063 1674 2132 quia
1702 2076 1912 2131 semper

326 2166 412 2210 est
437 2157 583 2225 quod
611 2164 714 2221 est,
740 2156 826 2211 cui
849 2157 1129 2227 proprium
1161 2165 1265 2223 est,
1285 2158 1371 2213 cui
1395 2158 1779 2227 sempiternum
1805 2163 1910 2219 est,

327 2249 416 2304 cui
457 2249 598 2302 idem
624 2257 726 2313 est,
752 2264 890 2314 esse,
920 2248 1122 2314 vivere,
1143 2257 1197 2303 et
1226 2249 1542 2320 intelligere.
1566 2249 1633 2303 Et
1669 2249 1783 2303 haec
1808 2248 1912 2302 tria

330 2353 477 2392 unus
502 2337 663 2401 Deus,
700 2346 754 2391 et
802 2353 942 2392 unus
990 2338 1132 2394 Deus
1177 2340 1293 2394 haec
1336 2340 1469 2404 tria;
1502 2339 1641 2393 idem
1681 2338 1824 2393 Deus
1860 2346 1915 2392 et

330 2429 598 2483 Dominus
625 2427 752 2499 [Με.
780 2426 1155 2484 Sanct-Germ.
1187 2443 1205 2482 :
1229 2430 1295 2485 Et
1322 2432 1439 2486 hazc
1468 2431 1574 2485 tria
1606 2446 1744 2484 unus
1773 2430 1915 2485 Deus

331 2530 390 2575 et
420 2536 565 2575 unus
591 2519 877 2584 Dominus;
909 2521 1023 2575 haec
1068 2520 1171 2575 tria
1202 2521 1342 2575 idem
1370 2520 1514 2576 Deus
1550 2529 1603 2576 et
1634 2520 1916 2585 Dominus,

333 2611 471 2686 etc.]
496 2627 624 2666 vera
655 2619 709 2667 et
734 2612 1061 2682 sempiterna
1089 2613 1325 2669 Trinitas
1345 2613 1398 2668 in
1423 2615 1687 2684 personis,
1717 2630 1839 2669 vera
1865 2622 1920 2669 et

335 2703 667 2772 sempiterna
719 2702 897 2756 unitas
949 2703 1001 2757 in
1032 2704 1354 2771 substantia,
1382 2704 1505 2775 quia
1555 2720 1662 2759 una
1686 2713 1770 2759 est
1796 2704 1921 2759 sub-

339 2793 543 2847 stantia
575 2791 755 2855 Pater,
796 2800 851 2847 et
896 2792 1101 2861 Filius,
1146 2803 1200 2849 et
1241 2794 1471 2865 Spiritus
1517 2804 1751 2850 sanctus.
1797 2795 1923 2849 Htec

340 2897 474 2936 vero
504 2891 691 2936 sancta
717 2881 975 2948 Trinitas,
1004 2882 1080 2937 nil
1105 2882 1277 2952 majus
1300 2891 1381 2937 est
1406 2884 1458 2938 in
1484 2883 1657 2938 tribus
1678 2882 1924 2953 personis

341 2972 507 3028 simul
534 2973 826 3027 nominatis
844 2988 1005 3042 quam
1030 2973 1083 3027 in
1112 2989 1219 3027 una
1248 2974 1485 3043 qualibet
1507 2989 1734 3045 persona
1757 2972 1924 3029 semel

343 3064 522 3129 dicta;
553 3064 678 3133 quia
707 3078 1037 3132 unaquaeque
1072 3078 1300 3133 persona
1336 3063 1491 3134 plena
1517 3073 1599 3119 est
1628 3065 1924 3119 substantia

2011 1892 2387 1964 temporalem;
2423 1889 2515 1957 qui
2545 1887 2707 1941 etiam
2758 1884 2924 1939 Filius
2955 1884 3048 1939 Dei
3075 1900 3184 1939 suae
3215 1883 3394 1937 carnis
3446 1898 3581 1937 con-

2009 1982 2257 2053 ceptione
2276 1989 2567 2048 conceptus
2591 1984 2696 2042 est,
2734 1986 2788 2031 et
2813 1991 2923 2030 sua“:
2962 1976 3140 2031 carnis
3176 1975 3459 2029 nativitate
3486 1990 3588 2029 na-

2010 2083 2099 2129 tus
2125 2081 2225 2128 est.
2259 2072 2425 2126 Deum
2456 2085 2584 2125 vero
2616 2067 2748 2140 [Al.,
2774 2066 2983 2139 verum]
3008 2068 3327 2123 confitemur
3356 2082 3590 2137 concep-

2012 2174 2148 2231 tum,
2179 2174 2233 2219 et
2260 2165 2427 2218 Deum
2454 2177 2641 2216 verum
2680 2169 2888 2225 natum,
2927 2160 3173 2215 eumdem
3203 2173 3388 2215 verum
3417 2159 3587 2213 Deum

2012 2265 2068 2312 et
2097 2270 2286 2309 verum
2313 2253 2608 2317 hominem,
2644 2266 2809 2305 unum
2838 2250 3134 2316 Christum,
3182 2265 3349 2304 unum
3394 2249 3591 2304 Filium

2014 2347 2109 2402 Dei
2136 2344 2493 2416 unigenitum,
2524 2342 2801 2413 proprium
2853 2350 2907 2395 et
2943 2341 3251 2411 perfectum;
3294 2341 3351 2395 in
3385 2341 3597 2397 duabus

2014 2438 2247 2501 naturis,
2287 2436 2341 2489 in
2382 2436 2545 2490 unius
2594 2449 2837 2504 personae
2865 2433 3255 2503 singularitate.
3285 2432 3597 2503 lmpassibi-

2016 2530 2121 2584 lem
2152 2536 2207 2584 et
2234 2527 2568 2597 passibilem,
2597 2524 2879 2580 mortalem
2910 2523 3036 2595 [Με.
3073 2522 3463 2588 Sana-Germ,
3513 2522 3599 2577 in-

2017 2620 2279 2675 visibilcm
2299 2628 2353 2673 et
2372 2616 2704 2688 passibiliter
2725 2615 3004 2670 mortalem
3026 2613 3292 2686 mendose]
3315 2623 3476 2685 atque
3499 2614 3599 2670 im-

2019 2709 2324 2775 mortalem,
2374 2708 2690 2763 cruciﬁxum
2744 2708 2797 2761 in
2830 2706 3141 2761 inﬁrmitate
3181 2714 3388 2772 nostra,
3442 2720 3600 2761 eum-

2022 2805 2249 2873 demque
2297 2816 2511 2871 semper
2542 2802 2808 2855 viventem
2838 2800 2892 2853 in
2936 2799 3136 2853 virtute
3162 2814 3278 2854 sua.
3325 2798 3427 2865 Qui
3456 2798 3627 2855 mor-‘7

2024 2901 2148 2947 tuus
2172 2900 2254 2946 est
2279 2891 2461 2946 carnis
2486 2905 2596 2945 suae
2625 2898 2820 2952 morte,
2852 2896 2907 2942 et
2932 2888 3205 2958 sepultus;
3236 2896 3398 2957 atque
3426 2888 3493 2942 ab
3522 2887 3605 2943 in-

2023 2983 2177 3044 feris.
2208 2983 2460 3037 damnato
2487 2990 2542 3036 ct
2564 2980 2790 3051 spoliato
2816 2979 3058 3050 principe
3087 2980 3249 3034 totius
3281 2978 3604 3048 iniquitatis,

2026 3076 2266 3142 rediens,
2295 3074 2453 3129 tertia
2483 3074 2568 3129 die
2618 3072 2935 3137 resurrexit,
2972 3079 3134 3141 atque
3160 3086 3284 3126 cum
3335 3070 3607 3140 triumpho

346 3159 405 3212 in
437 3174 518 3222 se,
549 3173 657 3213 non
694 3166 872 3212 tamen
911 3165 1021 3213 tres
1070 3157 1406 3222 substantiae,
1457 3158 1550 3212 sed
1595 3173 1731 3212 unus
1759 3157 1923 3222 Deus,

2030 3167 2214 3237 gloriae
2240 3166 2544 3221 videntibus
2565 3163 2839 3234 discipulis
2881 3162 3076 3218 caelum
3124 3160 3387 3225 ascendit,
3416 3160 3610 3215 sedens

349 3264 456 3303 una
500 3248 823 3312 substantia,
867 3263 972 3302 una
997 3248 1260 3318 potentia,
1286 3262 1390 3302 una
1433 3248 1688 3313 essentia,
1718 3263 1823 3301 una
1849 3261 1924 3301 ze-

351 3339 603 3404 ternitas,
632 3354 739 3392 una
768 3338 1098 3407 magnitudo,
1147 3354 1250 3392 una
1292 3338 1503 3393 bonitas
1531 3337 1710 3402 Pater,
1753 3346 1808 3392 et
1840 3336 1929 3391 Fi-

358 3431 484 3494 lius,
508 3437 564 3483 et
589 3427 822 3498 Spiritus
864 3438 1101 3484 sanctus.
1133 3428 1242 3484 Nec
1280 3429 1422 3484 aliud
1451 3436 1532 3484 est
1554 3429 1713 3483 Pater
1754 3430 1806 3483 in
1831 3446 1928 3484 na-

359 3532 476 3577 tura
506 3537 667 3593 quam
694 3521 861 3576 Filius
881 3522 964 3575 vel
997 3521 1229 3591 Spiritus
1256 3530 1500 3588 sanctus;
1544 3537 1644 3577 nec
1668 3522 1810 3576 aliud
1836 3521 1927 3576 Fi-

359 3614 487 3679 lius,
516 3623 573 3669 et
610 3613 842 3683 Spiritus
868 3621 1083 3667 sanctus
1113 3629 1273 3684 quam
1314 3612 1474 3668 Pater
1495 3613 1548 3667 in
1572 3620 1785 3677 natura,
1808 3612 1928 3681 qui-

362 3706 465 3759 bus
490 3713 576 3758 est
604 3718 708 3757 una
750 3710 963 3757 natura.
994 3703 1098 3760 Sed
1127 3702 1264 3757 alius
1289 3711 1373 3757 est
1398 3702 1556 3757 Pater
1582 3703 1637 3756 in
1683 3718 1934 3772 persona,

2030 3261 2086 3316 in
2113 3259 2331 3313 dextera
2358 3256 2558 3321 Patris,
2588 3254 2641 3310 id
2670 3264 2773 3320 est,
2805 3255 3088 3326 majestate
3131 3251 3444 3306 divinitatis.
3484 3250 3611 3305 lude

2024 3350 2141 3421 jam
2180 3358 2439 3405 venturus
2460 3347 2705 3416 judicare
2732 3347 2882 3401 vivos
2908 3354 2964 3400 et
2986 3352 3436 3413 mortuos,'quem
3462 3340 3611 3412 impii

2033 3441 2291 3497 videbunt
2307 3439 2641 3508 judicantem
2676 3438 2729 3492 in
2754 3452 2819 3492 ea
2842 3437 3018 3492 forma
3046 3451 3152 3505 qua
3178 3433 3468 3490 cruciﬁxus
3496 3439 3609 3496 est;

2037 3550 2142 3590 non
2168 3535 2222 3588 in
2247 3548 2311 3589 ea
2338 3532 2641 3587 humilitate
2664 3546 2770 3600 qua
2793 3529 2988 3599 injuste
3004 3527 3276 3598 judicatus
3302 3534 3403 3590 est,
3435 3525 3529 3580 sed
3558 3524 3613 3579 in

2037 3643 2101 3683 ea
2147 3626 2390 3680 claritate
2419 3639 2525 3693 qua
2548 3624 2691 3695 juste
2712 3622 3055 3691 judicaturus
3081 3630 3166 3677 est
3191 3619 3469 3675 mundum.
3511 3616 3618 3674 Cu-

2029 3719 2119 3790 jus
2146 3716 2491 3792 [majestatis]
2523 3716 2658 3772 visio
2687 3723 2888 3770 aeterna
2916 3714 3021 3768 erit
3044 3713 3282 3767 omnium
3305 3717 3617 3767 sanctorum

365 3793 503 3848 alius
525 3793 692 3848 Filius
718 3794 769 3847 in
792 3808 1044 3861 persona,
1074 3792 1210 3847 alius
1243 3791 1475 3861 Spiritus
1502 3802 1718 3847 sanctus
1741 3793 1794 3847 in
1816 3809 1939 3863 per-
2036 3791 2315 3870 beaiiwdo
2339 3820 2394 3865 ει
2417 3811 2606 3882 simia.
2635 3808 2916 3874 Gratiae;
2941 3822 3045 3877 pax
3077 3822 3108 3860 a
3134 3806 3244 3859 Deo
3270 3804 3432 3859 parte
3453 3811 3509 3858 ει
3528 3802 3619 3858 F1-

367 3901 522 3941 sona.
554 3885 612 3940 In
658 3884 819 3940 Patre
856 3886 1127 3940 teternitas
1157 3883 1283 3956 [Ms.
1322 3883 1731 3949 Sonat-Germ;
1760 3886 1814 3939 in
1839 3884 1923 3939 Pa-

2039 3907 2113 3962 lio
2135 3905 2251 3975 ejus
2271 3901 2396 3958 Iesu
2424 3901 2640 3956 Christo
2664 3898 2891 3952 Domino
2911 3905 3096 3952 nostro
3116 3896 3187 3951 sit
3211 3896 3314 3950 ista
3344 3894 3622 3950 conﬁtenti

370 3986 455 4032 tre
478 3984 658 4033 manet
685 3977 1004 4050 mternitasj,
1046 3978 1100 4032 in
1142 3976 1279 4031 Filio
1301 3976 1601 4045 azqualitas,
1632 3976 1685 4030 in
1732 3976 1937 4046 Spiritu

370 4076 558 4123 sancto
601 4069 916 4123 teternitatis
960 4068 1388 4138 mqualitatisque
1434 4067 1714 4122 connexio.
1761 4067 1936 4123 Unum

371 4172 562 4211 omnes
605 4158 658 4211 in
690 4158 1011 4223 substantia,
1056 4166 1111 4212 et
1155 4158 1412 4221 essentia,
1459 4158 1861 4227 omnipotentia,
1890 4165 1945 4212 et

377 4246 597 4302 deitate.
640 4248 800 4319 739
825 4262 851 4289 ι
876 4248 1025 4304 Sicut
1059 4249 1202 4303 enim
1244 4250 1430 4305 eadem
1477 4258 1664 4305 sancta
1709 4250 1945 4306 Trinitas

378 4339 751 4408 inseparabilis
782 4349 866 4396 est
908 4340 962 4396 in
993 4341 1315 4406 substantia,
1345 4341 1419 4397 ita
1449 4342 1823 4411 inseparabilis
1868 4349 1952 4397 est
1982 4346 2033 4407 D

2044 3995 2101 4050 in
2128 3994 2313 4050 omnia
2340 3991 2535 4048 srecula
2563 3988 2900 4045 saeculorum.

2122 4108 2207 4164 Ea:
2234 4123 2358 4161 mss.
2383 4113 2431 4159 et
2459 4103 2584 4158 edit.
2613 4099 2867 4174 [Ezplicit
2896 4099 3024 4152 liber
3049 4115 3111 4155 tu
3138 4098 3203 4153 de
3228 4105 3411 4153 sancta
3452 4095 3626 4151 Trini-

2049 4211 2187 4266 tate,
2226 4214 2382 4270 quam
2420 4196 2669 4266 excerpsit
2712 4193 2964 4249 Alcuimts
3009 4193 3072 4247 de
3113 4191 3260 4248 libris
3301 4191 3471 4247 sancti
3511 4189 3626 4246 Au-

2052 4289 2293 4364 guunt-.1

452 4482 480 4512 ι
507 4471 587 4526 Ex
633 4483 821 4530 sancto
846 4474 1161 4546 Augustino,
1204 4476 1272 4530 de
1321 4475 1573 4532 Doctrina
1618 4474 1945 4542 Christiana,
1984 4477 2079 4532 lib.
2110 4494 2150 4543 ι,
2186 4492 2305 4547 cap.
2340 4477 2393 4532 5.

2121 4604 3612 4632 -ι--Μ

1315 4702 1695 4764 MAGISTRI
1733 4701 2003 4763 ALBINI
2046 4701 2329 4764 FLACCI
2371 4701 2694 4764 ALCUINI

1084 4846 1173 4903 DE
1210 4845 1577 4903 TRINITATE
1612 4846 1702 4902 AD
1739 4845 2184 4905 FREDEGISUM
2223 4845 2679 4914 QUESTIONES
2716 4845 2952 4903 XXVIII.

467 5068 931 5127 Desideratissimo
956 5065 1066 5121 ﬁlio
1090 5063 1376 5136 Fredegiso
1401 5063 1623 5119 Albinus
1644 5064 1891 5121 salutem.

467 5162 675 5218 Placuit
710 5157 1005 5230 prudentia:
1046 5166 1255 5219 vestrae,
1287 5156 1359 5211 ﬁli
1397 5155 1730 5218 charissime,
1760 5156 1969 5226 aliquas

398 5267 701 5327 proponere
741 5251 872 5305 mihi
914 5249 981 5304 ad
1025 5248 1305 5304 solvendas
1344 5249 1408 5303 de
1448 5248 1782 5303 sanctissima
1833 5246 1964 5319 [Al.,

280 5408 287 5411 ,
401 5344 611 5417 sancta]
643 5342 903 5398 Trinitate
927 5340 1265 5411 quaestiones,
1294 5339 1489 5410 quibus
1512 5339 1757 5395 fortassis
1779 5347 1970 5394 vestra:

314 5452 317 5455 '
405 5453 566 5494 aures
589 5434 863 5506 sapientiae
889 5431 1187 5503 inquietare
1212 5430 1344 5504 [Al.,
1370 5431 1678 5504 inquietari]
1701 5440 1970 5501 putamus.

407 5519 518 5585 Nec
545 5528 812 5583 ullatenus
850 5524 1203 5580 eruditionem
1249 5532 1503 5588 vestram,
1538 5532 1589 5577 et
1619 5524 1672 5578 in
1713 5522 1975 5578 catholica

413 5620 517 5675 ﬁde
550 5619 857 5690 puritatem,
886 5616 1065 5672 minus
1100 5614 1300 5685 aliquid
1340 5615 1394 5670 in
1424 5616 1621 5671 talibus
1654 5615 1981 5673 intellexisse

414 5726 561 5778 reor,
582 5711 709 5766 dum
741 5709 972 5764 maxime
992 5708 1173 5764 divina
1196 5716 1451 5778 operante
1472 5708 1642 5780 gratia
1673 5710 1741 5765 ab
1766 5709 1983 5765 ineunte

2072 5064 2243 5118 virilis
2266 5064 2460 5117 robore
2484 5078 2670 5118 sensus
2693 5071 2868 5118 tecum
2897 5063 2999 5117 hoc
3021 5063 3125 5134 egi,
3150 5073 3210 5119 ut
3235 5066 3484 5123 robustus
3505 5082 3645 5138 prae-

2074 5155 2283 5210 dicator
2321 5163 2375 5210 et
2418 5155 2790 5225 insuperabilis
2817 5155 3005 5210 doctor
3043 5156 3098 5211 in
3142 5157 3246 5213 ﬁde
3292 5160 3645 5216 sanctissima:

2078 5248 2358 5303 Trinitatis
2388 5263 2505 5303 esse
2532 5248 2821 5313 videreris;
2861 5249 2945 5303 cui
2974 5264 3079 5304 non
3112 5250 3317 5317 deesse,
3341 5251 3491 5319 juxta
3519 5266 3650 5323 apo-

2077 5340 2319 5395 stolicam
2353 5341 2709 5411 prophetiam,
2739 5340 3158 5396 contradictores
3202 5342 3327 5397 olim
3375 5342 3650 5410 prioribus

2080 5440 2137 5487 et
2166 5449 2305 5487 nunc
2340 5433 2537 5487 nostris
2559 5434 2841 5502 probatum
2873 5432 3522 5501 habemus-temporibus:
3555 5437 3649 5491 sed

2084 5524 2214 5580 satis
2241 5524 2467 5595 benigne
2507 5525 2761 5595 suscipio,
2798 5525 3103 5595 quicunque
3133 5523 3266 5596 [Al.,
3290 5526 3645 5599 quaecunque]

2086 5625 2187 5681 est,
2215 5618 2280 5672 de
2307 5617 2610 5688 huiusmodi
2652 5617 2811 5672 rebus
2854 5616 3234 5686 interrogantis
3278 5618 3655 5689 devotionem,

2089 5717 2145 5764 at
2186 5710 2355 5780 magis
2372 5708 2539 5764 laudo
2565 5708 2706 5763 hanc
2733 5706 2868 5779 [Αι.,
2888 5707 3041 5780 'hazc]
3068 5708 3415 5778 praedicantis
3443 5710 3657 5767 instar.-
