4072 6346
439 274 508 340 59
771 231 774 234 ’
1275 267 1338 330 B.
1378 265 1442 326 Ε.
1481 262 1711 328 ALBINI
1751 261 1883 322 seu
1923 258 2202 322 ALCUiNl
2239 257 2524 318 OPERUM
2562 254 2743 312 PARS
2780 253 2865 311 ut.
3651 246 3724 310 eo

437 395 590 458 tiam,
620 388 748 472 quia
783 401 975 461 parum
1000 383 1224 458 prodest
1252 381 1494 439 discendi
1523 381 1759 446 devotio,
1789 380 1904 436 sine
1932 379 2028 433 do-
2053 379 2106 452 Α
2131 371 2616 441 Filius,‘relationis
2635 369 2818 443 regula
2840 375 3055 424 tenetur
3075 361 3421 439 [Al.,regulae
3440 361 3722 440 tenentur]

437 482 595 546 eendi
619 469 822 544 studio,
841 477 995 554 juxta
1017 475 1338 534 sententiam
1363 471 1668 529 Salomonis
1691 491 1703 526 :
1731 469 2028 526 Thesaurus

439 575 636 635 invisus
659 585 705 630 et
727 571 984 646 sapientia
1006 567 1334 634 abscondita,
1358 584 1476 639 qum
1503 564 1700 620 utilitas
1721 565 1774 619 in
1802 563 2032 636 utrisque

444 663 637 744 (Eccli.
664 684 776 732 xu,
806 663 932 738 i7)?
959 661 1222 736 Quocirca
1250 667 1362 714 tota
1392 659 1550 716 debet
1587 674 1704 713 esse
1738 673 1866 712 cura
1894 657 2032 712 bene

442 755 757 830 intelligenti
793 755 846 810 in
877 752 1138 818 docendo,
1168 766 1234 808 ne
1259 747 1458 804 frustra
1487 749 1697 806 laboret
1722 745 1853 820 [A!.,
1887 745 2035 801 labo-

444 849 616 922 raret]
656 849 710 904 in
739 843 1032 909 discendo:
1061 843 1186 914 quia
1230 841 1370 897 sicut
1401 839 1454 895 in
1495 835 1762 912 Propheta
1795 835 2029 910 legitur:

449 937 554 1008 Qui
593 938 783 994 multos
813 936 1081 999 erudiunt,
1111 935 1244 992 sicut
1288 931 1678 1004 ﬁrmamentum
1708 931 1759 985 in
1786 937 2034 1004 perpetua

445 1029 715 1105 fulgebunt
742 1027 983 1083 claritate
1011 1025 1174 1099 (Dan.
1199 1039 1300 1090 xu,
1325 1008 1406 1096 3):

518 1121 872 1192 Interrogatio
904 1119 952 1173 i.
981 1115 1264 1187 Quomodo
1302 1116 1444 1174 Deus
1481 1130 1608 1171 vere
1644 1113 1714 1170 sit
1746 1111 1952 1176 Unitas,
1983 1119 2038 1168 et

445 1229 574 1272 vere
601 1207 1121 1282 Trinitas?—Resp.
1149 1209 1340 1268 Unitas
1365 1208 1418 1264 in
1449 1207 1768 1276 substantia,
1799 1205 2036 1264 Trinitas

445 1303 505 1362 in
535 1301 804 1376 personis.

521 1407 546 1438 ι
573 1393 741 1451 Inter.
776 1394 830 1462 2.
866 1386 1003 1463 Quid
1034 1391 1106 1448 sit
1138 1393 1417 1470 proprium
1463 1389 1886 1464 uniuscujusque
1917 1407 2039 1463 pcr-

447 1504 594 1546 sonte
625 1489 676 1544 in
709 1496 895 1544 sancta
927 1481 1313 1543 Trinitate?-——
1333 1485 1484 1558 Resp.
1513 1485 1799 1558 Proprium
1829 1496 1911 1544 est
1937 1485 2041 1541 Pa—

449 1581 571 1649 tris,
601 1583 744 1654 quod
772 1580 918 1640 solus
959 1590 1042 1636 est
1073 1579 1264 1646 Pater;
1297 1590 1351 1636 et
1387 1581 1529 1652 quod
1569 1583 1636 1636 ab
1663 1582 1771 1636 alio
1810 1597 1918 1636 non
1958 1588 2041 1635 est

451 1675 616 1750 ’140
641 1675 744 1732 nisi
772 1693 802 1732 a
833 1692 910 1738 se.
939 1675 1224 1746 Proprium
1255 1684 1338 1730 est
1366 1673 1506 1739 Filii,
1533 1673 1678 1744 quod
1703 1690 1732 1727 a
1761 1671 1920 1727 Patre
1950 1685 2041 1746 ge-

2135 485 2191 522 lll
2218 482 2303 521 ΘΟ.

2209 555 2376 613 Inter.
2404 557 2456 613 9.
2483 554 2663 624 Quare
2701 553 2962 626 :equalem
3001 567 3108 606 non
3144 545 3308 606 habet
3334 547 3613 604 relationis
3639 564 3728 616 re-

2135 649 2314 723 gulam
2337 647 2570 722 Spiritus
2591 656 2829 712 sanctus,
2856 647 2997 701 sicut
3015 644 3176 702 Pater
3195 650 3252 698 et
3271 639 3440 696 Filius
3453 641 3476 694 ?
3489 634 3724 715 -.—Resp.

2137 743 2270 812 Quia
2308 742 2643 800 circumferri
2673 751 2853 814 potest
2881 739 3062 806 Patris
3087 747 3142 792 et
3175 737 3294 792 Filii
3324 752 3518 798 nomen
3547 737 3614 792 ad
3643 737 3728 794 in—

2134 835 2330 902 vicem,
2357 845 2416 890 ut
2442 836 2488 890 si
2517 831 2782 900 dicamus,
2811 834 2974 890 Pater
3002 831 3120 890 Filii
3152 829 3330 896 Pater,
3355 840 3410 890 et
3435 829 3602 886 Filius
3624 829 3732 890 Pa-

2137 929 2236 986 tris
2275 927 2472 992 Filius,
2512 941 2620 981 non
2664 926 2738 980 ita
2783 924 2976 996 duplex
3022 921 3298 978 relationis
3340 919 3730 980 circumversio

2140 1019 2273 1093 [.il.,
2301 1021 2636 1096 duplicem...
2668 1013 3204 1088 circumversionem]
3233 1015 3286 1076 in
3314 1015 3532 1070 nomine
3555 1013 3732 1070 sancti

2140 1109 2377 1186 Spiritus
2407 1112 2634 1167 inveniri
2666 1119 2864 1183 potest.

2212 1204 2378 1266 Inter.
2411 1203 2492 1260 10.
2526 1202 2639 1271 Qua
2673 1203 2995 1260 necessitate
3039 1199 3240 1256 accidit
3274 1207 3334 1256 ut
3375 1198 3450 1254 ita
3483 1214 3592 1256 non
3622 1198 3734 1254 cir-

2141 1296 2400 1358 cumferri
2426 1298 2595 1368 possit
2619 1296 2851 1365 Spiritus
2877 1294 3050 1349 sancti
3072 1289 3542 1362 relatio?—Resp.
3567 1290 3738 1348 Recte

2141 1385 2320 1442 dicere
2362 1401 2648 1458 possumus
2684 1383 2945 1456 Spiritum
2993 1392 3241 1444 sanctum
3286 1381 3464 1438 Patris
3510 1390 3565 1436 et
3612 1379 3737 1442 Filii

2143 1471 2426 1556 Spiritum,
2454 1477 2548 1532 sed
2580 1491 2842 1532 converso
2870 1475 3058 1537 ordine
3087 1490 3196 1530 non
3232 1489 3520 1548 possumus
3553 1473 3739 1530 dicere

2143 1559 2359 1622 Patrem
2407 1565 2642 1637 Spiritus
2673 1567 2869 1633 sancti,
2900 1567 3039 1620 sicut
3081 1565 3311 1624 dicimus
3339 1563 3554 1622 Patrem
3590 1564 3737 1630 Filii,

2144 1674 2213 1714 ne
2255 1658 2361 1712 duo
2393 1655 2514 1711 Filii
2557 1657 2609 1712 in
2644 1666 2831 1712 saneta
2860 1657 3126 1712 Trinitatc
3154 1657 3569 1714 aestimarentur.
3602 1655 3740 1718 Item

451 1747 600 1824 nitus
622 1775 722 1830 est,
755 1767 901 1822 solus
930 1783 958 1822 a
987 1761 1118 1830 solo,
1150 1777 1452 1824 comternus
1481 1775 1535 1820 et
1564 1763 2042 1822 consubstantialis
2073 1761 2121 1838 Β
2146 1765 2256 1838 ηοιι
2301 1763 2587 1820 Possumus
2626 1747 2806 1838 ([ίσθτθ
2853 1747 3049 1810 Filium
3091 1748 3214 1838 3P1?
3215 1748 3323 1808 ίιυε
3369 1748 3563 1812 Sanctia
3597 1747 3742 1802 530‘“

450 1858 704 1931 genitori.
722 1855 1008 1929 Proprium
1031 1868 1112 1913 cst
1137 1855 1371 1928 Spiritus
1394 1857 1590 1922 sancti,
1614 1855 1754 1925 quod
1777 1872 1882 1912 non
1906 1853 2039 1928 [Al.,

449 1953 577 2028 nec]
628 1954 916 2026 ingenitus,
941 1971 1042 2016 nec
1073 1956 1286 2028 genitus
1311 1961 1416 2024 est,
1446 1952 1539 2010 sed
1569 1968 1600 2008 a
1630 1952 1790 2010 Patre
1817 1962 1872 2008 et
1906 1949 2044 2014 Filio

455 2043 735 2118 aequaliter
763 2045 1082 2118 procedens.

527 2137 693 2198 Inter.
711 2141 762 2194 5.
784 2137 963 2207 Quare
981 2138 1218 2210 Spiritus
1245 2147 1465 2196 sanctus
1493 2139 1766 2210 ingenitus
1785 2137 1867 2194 vel
1893 2137 2045 2208 geni-

454 2235 542 2284 tus
563 2247 670 2286 non
694 2231 798 2285 dici
824 2229 1240 2301 debet?——Resp.
1259 2230 1395 2298 Quia
1419 2231 1460 2284 si
1487 2231 1756 2302 ingenitus
1777 2230 2050 2286 diceretur

456 2319 595 2376 sicut
618 2321 798 2388 Pater,
814 2319 920 2378 duo
941 2321 1164 2385 Patres;
1189 2323 1232 2376 si
1257 2322 1494 2392 genitus,
1519 2322 1623 2378 duo
1646 2322 1769 2378 Filii
1789 2321 2046 2400 aestimari

462 2421 685 2492 possent
711 2413 767 2468 in
795 2423 981 2474 sancta
1011 2414 1294 2478 Tt'initate.

530 2527 696 2594 Inter.
722 2527 775 2590 4.
808 2527 1001 2590 Utrum
1042 2528 1189 2589 solus
1221 2527 1401 2591 Pater,
1433 2535 1528 2582 aut
1556 2527 1704 2584 solus
1735 2527 1926 2593 Filius,
1956 2536 2050 2586 aut

461 2621 612 2678 solus
641 2621 877 2691 Spiritus
905 2629 1124 2680 sanctus
1151 2637 1250 2690 per
1277 2636 1336 2678 se
1380 2621 1573 2690 plenus
1603 2623 1745 2677 Deus
1783 2629 1838 2676 et
1876 2621 2053 2692 perle-

461 2721 583 2774 ctus
628 2713 734 2768 dici
780 2711 1095 2770 dtbeat‘l—-—
1121 2711 1274 2783 Resp.
1319 2711 1516 2782 Utique
1557 2711 1719 2768 Pater
1752 2727 1849 2783 per
1876 2726 1935 2767 se
1971 2720 2057 2766 est

457 2803 655 2877 plenus
685 2804 850 2869 Datis.
879 2803 1129 2864 similiter
1150 2812 1205 2858 et
1241 2803 1407 2860 Filius
1433 2802 1622 2873 plenus
1661 2803 1803 2860 Deus
1824 2803 1870 2858 si
1911 2803 2058 2859 solus

465 2897 800 2962 nominetur.
843 2903 900 2956 et
949 2893 1190 2965 Spiritus
1238 2903 1459 2952 sanctus
1495 2895 1690 2964 plenus
1743 2895 1888 2950 Deus
1931 2910 2056 2950 ere.-

467 2989 632 3046 ditur.

536 3078 706 3140 Inter.
731 3080 785 3135 5.
811 3079 870 3138 Si
897 3095 1232 3151 unaquaeque
1254 3096 1485 3150 persona
1508 3095 1605 3152 per
1625 3096 1683 3136 se
1702 3081 1893 3151 plenus
1911 3081 2055 3136 Deus

467 3171 576 3232 dici
604 3181 813 3242 potest,
840 3188 1010 3242 quare
1037 3185 1146 3228 non
1175 3182 1287 3226 tres
1312 3172 1450 3227 Deos
1478 3171 1710 3226 dicimus
1738 3171 1975 3238 Patrem,
2003 3180 2057 3226 et

468 3262 684 3331 Filium,
713 3274 766 3320 et
792 3263 1052 3333 Spiritum
1081 3263 1614 3334 sanetumi—Resp.
1642 3264 1779 3331 Quis
1805 3279 1911 3319 una
1937 3266 2060 3320 sub-

465 3358 670 3416 stantia
694 3368 781 3414 est
811 3358 991 3421 Pater.
1017 3366 1075 3412 et
1103 3357 1294 3422 Filius,
1329 3366 1383 3412 et
1422 3356 1655 3428 Spiritus
1684 3366 1922 3422 sanctus,
1951 3373 2060 3418 non

468 3458 583 3506 tres
608 3450 943 3505 substantiae.
975 3449 1209 3506 Proinde
1233 3450 1412 3505 unitas
1442 3451 1759 3508 substantia
1784 3457 1894 3505 tres
1922 3450 2060 3505 Deos

469 3540 726 3610 prohibet
745 3539 927 3596 dicere
957 3538 1041 3594 uel
1067 3539 1310 3598 credere.

545 3650 712 3706 Inter.
745 3651 798 3706 6.
831 3651 967 3706 Dum
1013 3657 1124 3707 tres
1162 3659 1423 3722 personas
1470 3651 1698 3707 dicimus
1741 3651 1978 3716 Patrem,
2009 3657 2063 3704 et

361 3795 366 3800 .
471 3743 695 3810 filium,
727 3751 780 3798 et
813 3741 1072 3814 Spiritum
1106 3749 1377 3810 sanctum,
1406 3757 1572 3812 quare
1611 3755 1718 3797 non
1751 3749 1860 3796 tres
1899 3742 2060 3807 Deos,

472 3847 578 3894 nec
612 3844 727 3893 tres
774 3835 1190 3907 omnipotentes,
1234 3851 1334 3892 nec
1372 3841 1484 3892 tres
1530 3850 1772 3905 magnos,
1804 3849 1904 3891 nec
1953 3843 2065 3891 tres

473 3926 647 3984 boans
673 3928 856 3982 dicere
885 3926 967 3982 tas
993 3926 1364 3997 esu—Resp.
1396 3927 1532 3994 Quia
1561 3925 1704 3981 Deus
1730 3933 1782 3981 et
1822 3927 2069 3996 omnipo-

475 4029 618 4087 tens,
646 4028 703 4077 et
731 4036 976 4091 magnus,
1009 4029 1064 4074 et
1095 4021 1291 4084 bonus,
1319 4019 1370 4075 el
1401 4027 1652 4082 :eternus,
1686 4017 2066 4075 substantialis

473 4113 698 4172 nomine
726 4122 872 4178 sunt.
917 4121 978 4170 et
1007 4113 1074 4170 sd
1115 4128 1175 4167 se
1201 4112 1493 4168 dicuntur:
1529 4112 1650 4165 ideo
1691 4129 1800 4167 non
1849 4111 1972 4166 licet
2004 4128 2070 4166 ea

475 4203 674 4275 plurali
707 4217 940 4266 numero
971 4205 1171 4267 dicere,
1209 4204 1304 4260 sed
1337 4202 1629 4274 singulari;
1671 4213 1724 4258 et
1771 4219 1933 4258 omne
1967 4219 2068 4258 nam

479 4312 628 4362 men,
651 4298 793 4367 quod
821 4298 1178 4352 substantiam
1210 4296 1303 4350 Dei
1336 4297 1417 4351 vel
1457 4297 1751 4350 essentiam
1777 4296 2070 4365 signiﬁcat,

481 4402 697 4456 semper
724 4387 985 4457 singulari
1016 4402 1240 4440 numero
1268 4385 1651 4454 proferendum
1681 4395 1782 4441 est.
1810 4386 1993 4452 Pater,
2019 4391 2074 4441 et

479 4478 672 4542 Filius,
699 4487 754 4533 et
780 4478 1014 4549 Spiritus
1054 4485 1296 4539 sanctus,
1325 4476 1550 4531 relativa
1592 4485 1718 4531 sunt
1753 4477 1994 4542 nemina,
2018 4483 2074 4532 el

477 4571 599 4645 ideo
622 4579 736 4642 tres
763 4585 1010 4642 persona;
1040 4577 1188 4624 recte
1214 4568 1487 4623 dicuntur.

551 4682 717 4737 Inter.
749 4683 800 4735 7.
836 4682 1117 4750 Quomodo
1167 4683 1527 4737 relatival—
1563 4682 1716 4754 Resp.
1762 4684 2070 4744 Seutndum

479 4774 823 4830 dialecticam
855 4775 1080 4828 relativa
1120 4775 1338 4828 nomina
1367 4783 1512 4839 sunt,
1555 4791 1674 4845 quae
1702 4777 1769 4831 ad
1798 4777 1944 4832 aliud
1975 4779 2072 4832 ali-

479 4867 612 4937 quid
657 4865 985 4929 rei'eruntur,
1015 4867 1154 4920 sicut
1203 4863 1454 4934 dominus
1487 4864 1555 4920 ad
1591 4881 1828 4934 servum,
1856 4877 1910 4924 et
1955 4885 2073 4924 ser.

480 4972 581 5011 vus
609 4956 676 5010 ad
706 4956 980 5010 dominum
1003 4996 1017 5020 ,
1057 4965 1215 5026 pater
1252 4957 1318 5010 ad
1351 4956 1553 5022 lilium,
1594 4967 1649 5012 et
1680 4959 1823 5014 illius
1865 4961 1932 5014 ad
1975 4977 2072 5032 pa-

481 5059 644 5105 trem.
667 5047 899 5112 Prorsus
920 5064 1046 5110 eum
1071 5047 1194 5104 dico
1219 5049 1405 5114 Pater,
1439 5049 1636 5106 Filium
1667 5051 1871 5125 [simul]
1901 5054 2071 5125 signi-

486 5139 614 5208 ﬁco,
655 5141 780 5211 quia
810 5157 916 5202 non
948 5149 1033 5202 est
1062 5141 1221 5195 Pater
1253 5141 1360 5194 nisi
1410 5139 1578 5198 Filius
1619 5143 1688 5198 sit
1735 5144 1822 5198 cui
1858 5146 1929 5202 sit
1965 5145 2073 5201 Pa-

485 5244 588 5289 ter.
629 5227 764 5292 item
808 5247 916 5288 non
957 5240 1042 5292 est
1076 5231 1246 5288 Filius
1293 5232 1396 5288 nisi
1441 5234 1512 5292 sit
1548 5232 1710 5290 Pater
1750 5236 1836 5296 cui
1869 5237 1939 5296 sit
1981 5238 2074 5292 Fi-

485 5327 614 5388 lius.

557 5419 724 5482 Inter.
757 5420 810 5476 8.
839 5419 1033 5490 Utrum
1061 5419 1294 5492 Spiritus
1323 5430 1547 5478 sanctus
1579 5421 1803 5480 relative
1824 5423 1910 5478 vel
1955 5425 2082 5480 sub-

489 5512 821 5574 stantialiter
847 5513 1097 5570 dicatur?
1121 5543 1189 5552 ——
1225 5511 1376 5584 Resp.
1415 5514 1611 5587 Utique
1659 5516 1916 5578 relative.
1955 5517 2081 5586 quia

453 5697 460 5702 '
492 5605 730 5680 Spiritus
758 5606 986 5680 alicujus
1019 5605 1254 5679 Spiritus
1278 5617 1382 5676 est,
1411 5607 1504 5674 sed
1543 5624 1655 5670 non
1678 5610 1820 5672 sicut
1842 5610 2007 5672 Pater
2028 5617 2085 5667 et

565 5753 594 5785 ι
624 5735 831 5811 Encas
853 5741 1187 5814 Paris.,cap.
1212 5743 1298 5800 89.

2147 1837 2375 1902 dicimus
2413 1839 2608 1902 Filium
2642 1833 2842 1904 Patris,
2874 1854 2940 1894 ne
2965 1841 3070 1902 duo
3100 1837 3288 1894 Patres
3318 1840 3372 1896 in
3410 1848 3594 1896 sancta
3620 1838 3744 1896 Tri-

2147 1929 2316 1986 nitate
2338 1930 2720 2001 intelligantur.
2747 1929 2984 2000 Dicimus
3006 1932 3188 2001 itaque
3209 1930 3473 2002 Spiritum
3493 1938 3743 1988 sanctum

2148 2023 2327 2080 Patris
2365 2033 2420 2076 et
2448 2023 2592 2088 Filii,
2623 2025 2737 2080 sine
2782 2024 3208 2094 reciprocatione
3247 2025 3618 2082 conversionis
3646 2039 3746 2080 no-

2149 2113 2356 2169 minum
2385 2114 2758 2168 relativorum.

2223 2207 2387 2262 Inter.
2423 2209 2504 2262 li.
2543 2208 2735 2270 Utrum
2778 2207 3161 2286 inseparabilin
3200 2209 3308 2268 sint
3346 2225 3510 2280 opera
3541 2216 3748 2264 sancite

2151 2295 2473 2354 Trinitatis?
2494 2327 2561 2344 -ρ
2592 2297 2748 2369 Resp.
2777 2298 2974 2369 Utique
3005 2301 3266 2372 quidquid
3291 2301 3434 2356 Dcus
3461 2310 3744 2372 operatur,

2151 2395 2324 2444 totum
2377 2399 2561 2444 saneta
2618 2390 2857 2452 Trinitas
2906 2391 3520 2466 inseparabiliterﬂimc
3553 2393 3747 2446 eadem

2153 2490 2414 2552 Operatur
2465 2497 2664 2552 opera;
2719 2484 2843 2554 quia
2897 2499 3002 2540 una
3056 2493 3139 2538 est
3195 2492 3397 2540 sanetae
3459 2485 3747 2542 Trinitatis

2153 2575 2418 2646 operatio,
2449 2573 2586 2628 sicut
2624 2559 2728 2630 una
2763 2582 2847 2629 est
2885 2575 3221 2642 substantia,
3254 2577 3522 2644 essentia,
3557 2586 3615 2633 et
3653 2592 3750 2634 vo-

2156 2667 2356 2724 luntas.

2225 2757 2393 2818 Inter.
2425 2758 2508 2814 l2.
2542 2757 2741 2818 Utrum
2788 2766 2973 2816 sancta
3022 2759 3262 2814 Trinitas
3290 2760 3344 2813 in
3373 2759 3624 2830 personis
3653 2772 3747 2815 se.-

2156 2854 2418 2926 parabilis
2441 2854 2526 2908 vel
2553 2852 2931 2924 inseparabilis
2962 2852 3190 2910 dicenda
3217 2853 3308 2920 sit,
3339 2852 3466 2908 dum
3497 2851 3634 2908 alius
3662 2860 3751 2909 est

2157 2947 2341 3012 Pater,
2371 2947 2508 3002 alius
2533 2947 2728 3012 Filius,
2764 2947 2903 3004 alius
2945 2945 3179 3017 Spiritus
3221 2947 3564 3002 sanctusi—
3591 2945 3750 3018 Resp.

2163 3041 2303 3096 Vere
2327 3041 2466 3096 alius
2503 3050 2586 3096 est
2624 3039 2786 3096 Pater
2824 3057 2989 3111 quam
3029 3039 3200 3095 Filius
3238 3041 3292 3098 in
3320 3055 3574 3111 persona,
3611 3042 3754 3096 sicut

2083 3137 2131 3202 (ι
2161 3135 2329 3192 Filius
2368 3136 2506 3190 alius
2541 3143 2624 3192 est
2655 3135 2708 3189 in
2747 3149 2980 3204 persona
3021 3150 3184 3204 quam
3213 3133 3393 3199 Pater,
3430 3145 3488 3190 et
3515 3134 3754 3206 Spiritus

2161 3236 2380 3284 sanctus
2422 3226 2561 3280 alius
2603 3235 2688 3280 est
2713 3225 2767 3280 in
2797 3240 3030 3294 persona
3069 3241 3232 3293 quam
3265 3224 3426 3280 Pater
3470 3235 3524 3281 et
3562 3225 3753 3280 Filius.

2160 3315 2278 3372 Non
2301 3325 2479 3372 tamen
2505 3315 2650 3370 aliud
2674 3315 2780 3380 ille,
2807 3315 2892 3370 vel
2917 3315 3004 3368 ille
3028 3315 3078 3370 in
3104 3323 3316 3376 natura,
3337 3316 3421 3370 vel
3443 3317 3496 3370 in
3523 3316 3752 3380 deitate,

2163 3402 2257 3464 aut
2283 3410 2336 3464 in
2365 3408 2622 3464 essentia.
2665 3405 2775 3462 Nec
2812 3407 2954 3460 enim
2985 3405 3202 3460 Patrem
3231 3414 3384 3474 potes
3413 3408 3618 3470 dicere,
3647 3408 3759 3463 nisi

2162 3500 2360 3562 Filium
2414 3497 2714 3567 intelligas;
2761 3511 2862 3550 nec
2907 3495 3102 3552 Filium
3142 3496 3342 3560 dicere,
3388 3497 3490 3552 nisi
3538 3497 3761 3553 Patrem

2164 3589 2460 3660 intelligas;
2486 3603 2585 3642 nec
2608 3585 2869 3657 Spiritum
2896 3594 3164 3650 sanctum,
3189 3586 3291 3640 nisi
3315 3586 3580 3658 intelligas
3603 3588 3761 3660 cujus

2167 3681 2401 3753 Spiritus
2448 3679 2536 3734 sit.
2582 3677 2846 3746 Quocirca
2890 3676 3204 3740 omnimodo
3246 3677 3631 3748 inseparabilis
3673 3687 3760 3734 est

2165 3779 2353 3828 saneta
2382 3769 2621 3824 Trinitas
2643 3769 2783 3824 sicut
2807 3768 2861 3822 in
2891 3768 3168 3840 operibus.
3196 3769 3276 3830 sic
3299 3769 3464 3826 etiam
3490 3770 3543 3827 in
3573 3785 3753 3840 penso.

2167 3861 2252 3916 nis
2276 3859 2522 3914 dicenda.

2239 3968 2396 4041 74],
2424 3968 2589 4026 Inter.
2619 3969 2703 4022 15.
2719 3967 2800 4022 An
2829 3966 2961 4039 [AI.,
2989 3967 3068 4040 Si]
3095 3969 3162 4024 sd
3185 3968 3355 4024 solam
3379 3969 3558 4024 Patris
3579 3983 3754 4040 perso-

2169 4077 2296 4120 nam
2311 4063 2597 4132 pertineat,
2620 4062 2710 4115 ubi
2728 4061 2858 4132 [Al.,
2881 4062 3052 4132 quod]
3067 4063 3265 4118 dicitur
3290 4083 3302 4118 :
3329 4063 3434 4130 Qui
3450 4065 3576 4134 facit
3604 4067 3750 4118 mira-

2171 4154 2296 4208 bilia
2327 4169 2520 4221 magna
2541 4151 2682 4206 solus
2709 4152 2882 4224 (Psal.
2902 4169 3054 4218 Lm,
3079 4155 3188 4225 i8).
3216 4155 3280 4210 Et
3301 4155 3591 4224 Apostolus
3615 4174 3629 4209 :
3657 4155 3760 4222 Qui

2170 4244 2314 4299 solus
2334 4243 2485 4298 habet
2529 4243 2978 4298 immortalitatem
3010 4245 3063 4314 (I
3093 4244 3226 4300 Tim.
3255 4259 3306 4301 vl
3325 4287 3341 4311 ,
3371 4247 3494 4318 l6)?
3514 4246 3762 4319 —-Resp.

2171 4335 2216 4394 Ν
2223 4353 2252 4390 ιι
2260 4337 2490 4392 ilatenus
2500 4338 2568 4398 ad
2580 4337 2750 4391 solam
2765 4337 2944 4394 Patris
2955 4349 3246 4409 personam
3259 4339 3515 4410 pertinet,
3539 4341 3664 4395 dum
3682 4341 3764 4396 di-

2173 4431 2319 4486 citur
2348 4430 2494 4485 solus
2530 4430 2689 4496 Deus,
2721 4432 2834 4492 sive
2865 4433 2919 4488 in
2951 4431 3122 4500 Novo,
3147 4433 3260 4498 sive
3285 4434 3342 4490 in
3365 4434 3544 4492 Veteri
3577 4434 3756 4490 Testa-

2096 4538 2148 4598 ι)
2175 4529 2379 4586 mento,
2406 4529 2460 4576 et
2485 4519 2628 4592 quod
2652 4518 2794 4577 Deus
2820 4521 2966 4579 solus
2991 4526 3105 4578 sive
3127 4524 3230 4580 hoc
3255 4526 3366 4598 sive
3393 4525 3521 4580 illud
3545 4527 3767 4594 habent,

2173 4612 2258 4666 vel
2308 4611 2500 4676 faciat;
2536 4610 2630 4665 sed
2662 4612 2730 4666 ad
2769 4619 2936 4669 totam
2971 4622 3216 4667 sanctam
3259 4595 3614 4680 Trinitatem,
3646 4601 3766 4686 qua!

2171 4711 2257 4760 est
2283 4715 2423 4758 unus
2449 4701 2592 4758 Deus
2617 4703 2980 4774 omnipotens,
3009 4705 3190 4759 omnia
3217 4703 3443 4771 faciens,
3485 4721 3604 4776 quae
3642 4714 3766 4762 sunt

2176 4798 2230 4856 in
2260 4797 2398 4852 oculo
2425 4805 2478 4852 et
2504 4799 2560 4852 in
2585 4805 2751 4854 terra.

2246 4887 2412 4944 Inter.
2461 4889 2541 4943 li.
2593 4885 2872 4956 Quomodo
2917 4887 3108 4947 beatus
3153 4885 3390 4946 Joannes
3434 4892 3766 4962 evangelista

2176 4983 2304 5037 dicit
2330 5001 2341 5036 :
2371 4982 2534 5035 Deum
2564 4998 2711 5035 nemo
2737 4981 2859 5036 vidit
2885 4999 3112 5052 unquam
3146 4982 3327 5050 (Joan.
3352 5000 3393 5046 1,
3427 4984 3544 5052 18);
3575 4993 3628 5037 et
3656 4985 3768 5053 ipse

2176 5075 2436 5130 Dominus
2463 5075 2516 5129 in
2558 5073 2664 5127 alio
2689 5073 2766 5126 ait
2807 5073 2964 5128 loco:
2997 5075 3146 5127 Beati
3192 5075 3389 5128 mundo
3419 5073 3596 5140 corde,
3632 5095 3766 5144 quo-

2177 5168 2320 5221 niam
2350 5168 2449 5237 ipsi
2495 5165 2662 5218 Deum
2692 5164 2932 5219 videbunt
2958 5163 3172 5236 (Matth.
3201 5179 3256 5231 v,
3283 5167 3370 5237 8);
3401 5175 3452 5222 et
3480 5167 3770 5236 Apostolus

2179 5255 2505 5314 lnvisibilem
2545 5257 2715 5311 Deum
2753 5257 2883 5310 dicit
2928 5255 2981 5327 (Ι
3015 5256 3150 5318 Tim.
3178 5275 3218 5324 ι,
3246 5259 3459 5326 i7)?——
3486 5257 3639 5331 Resp.
3675 5261 3772 5316 Vi-

2181 5347 2298 5402 deri
2328 5349 2470 5402 enim
2502 5353 2679 5418 potest
2727 5347 2889 5415 Deus,
2935 5348 2990 5403 id
3035 5357 3148 5415 est,
3191 5350 3441 5421 intelligi,
3475 5353 3772 5409 secundum

2183 5453 2296 5494 sure
2317 5439 2516 5494 donum
2546 5439 2756 5511 gratiae,
2780 5440 2894 5496 sive
2919 5440 2988 5495 ab
3008 5442 3235 5512 angelis,
3265 5441 3378 5497 sive
3398 5439 3466 5497 ab
3489 5442 3773 5502 animabus

2184 5539 2495 5587 sanctorum
2527 5545 2541 5585 :
2569 5531 2784 5602 plenam
2832 5545 2962 5587 vero
3006 5533 3304 5588 divinitatis
3355 5545 3637 5600 naturam,
3672 5548 3773 5593 nec

2188 5623 2410 5698 angelus
2452 5623 2706 5697 quislibet
2759 5624 2893 5697 (AL,
2935 5624 3279 5700 quisquam],
3321 5639 3421 5685 nec
3461 5631 3772 5684 sanctorum
