  <div class='ocr_page' id='page_1' title='image "/cluster/home/n/w/nwhite01/storage/ocr_20150623/101/hvd.32044004824769/036.png"; bbox 0 0 4072 6346; ppageno 0'>
   <div class='ocr_carea' id='block_1_1' title="bbox 282 287 3576 362">
    <p class='ocr_par' dir='ltr' id='par_1_1' title="bbox 282 287 3576 362">
     <span class='ocr_line' id='line_1_1' title="bbox 282 287 3576 362; baseline -0.001 -9"><span class='ocrx_word' id='word_1_1' title='bbox 282 295 345 360; x_wconf 67' lang='grc' dir='ltr'><strong>ει</strong></span> <span class='ocrx_word' id='word_1_2' title='bbox 996 287 1422 356; x_wconf 69' lang='lat' dir='ltr'><strong>DOGMATICA.</strong></span> <span class='ocrx_word' id='word_1_3' title='bbox 1465 322 1533 338; x_wconf 77' lang='lat'><strong>-.-—</strong></span> <span class='ocrx_word' id='word_1_4' title='bbox 1574 289 2042 362; x_wconf 66' lang='lat' dir='ltr'><strong>QUESTIONES</strong></span> <span class='ocrx_word' id='word_1_5' title='bbox 2075 291 2296 350; x_wconf 75' lang='lat' dir='ltr'><strong>XXVlll</strong></span> <span class='ocrx_word' id='word_1_6' title='bbox 2331 292 2420 350; x_wconf 86' lang='lat' dir='ltr'><strong>DE</strong></span> <span class='ocrx_word' id='word_1_7' title='bbox 2459 291 2852 354; x_wconf 65' lang='lat' dir='ltr'><strong>TRlNlTATE.</strong></span> <span class='ocrx_word' id='word_1_8' title='bbox 3501 292 3576 351; x_wconf 68' lang='grc' dir='ltr'><strong>ΗΞ</strong></span> 
     </span>
    </p>
   </div>
   <div class='ocr_carea' id='block_1_2' title="bbox 285 405 3579 492">
    <p class='ocr_par' dir='ltr' id='par_1_2' title="bbox 285 405 3579 492">
     <span class='ocr_line' id='line_1_2' title="bbox 285 405 3579 492; baseline 0 -26"><span class='ocrx_word' id='word_1_9' title='bbox 285 411 483 484; x_wconf 72' lang='lat' dir='ltr'><strong>aliquis</strong></span> <span class='ocrx_word' id='word_1_10' title='bbox 511 407 751 482; x_wconf 79' lang='lat' dir='ltr'><strong>perfecte</strong></span> <span class='ocrx_word' id='word_1_11' title='bbox 795 405 1095 478; x_wconf 75' lang='lat' dir='ltr'><strong>intelligere</strong></span> <span class='ocrx_word' id='word_1_12' title='bbox 1140 407 1358 482; x_wconf 86' lang='lat' dir='ltr'><strong>poterit.</strong></span> <span class='ocrx_word' id='word_1_13' title='bbox 1403 405 1528 464; x_wconf 86' lang='lat' dir='ltr'><strong>Ideo</strong></span> <span class='ocrx_word' id='word_1_14' title='bbox 1570 406 1879 478; x_wconf 87' lang='lat' dir='ltr'><strong>incompre-</strong></span> <span class='ocrx_word' id='word_1_15' title='bbox 1903 408 1961 480; x_wconf 68' lang='grc' dir='ltr'>Α</span> <span class='ocrx_word' id='word_1_16' title='bbox 1986 415 2132 464; x_wconf 87' lang='lat' dir='ltr'><strong>ctum</strong></span> <span class='ocrx_word' id='word_1_17' title='bbox 2158 409 2481 478; x_wconf 75' lang='lat' dir='ltr'><strong>sapientiam</strong></span> <span class='ocrx_word' id='word_1_18' title='bbox 2505 421 2558 468; x_wconf 92' lang='lat' dir='ltr'><strong>et</strong></span> <span class='ocrx_word' id='word_1_19' title='bbox 2588 408 2904 483; x_wconf 74' lang='lat' dir='ltr'><strong>virtutem];</strong></span> <span class='ocrx_word' id='word_1_20' title='bbox 2930 409 3090 492; x_wconf 63' lang='grc'><strong>742</strong></span> <span class='ocrx_word' id='word_1_21' title='bbox 3121 426 3228 470; x_wconf 83' lang='lat' dir='ltr'><strong>non</strong></span> <span class='ocrx_word' id='word_1_22' title='bbox 3261 419 3437 472; x_wconf 86' lang='lat' dir='ltr'><strong>tamen</strong></span> <span class='ocrx_word' id='word_1_23' title='bbox 3463 419 3579 472; x_wconf 84' lang='lat' dir='ltr'><strong>tres</strong></span> 
     </span>
    </p>
   </div>
   <div class='ocr_carea' id='block_1_3' title="bbox 284 497 988 564">
    <p class='ocr_par' dir='ltr' id='par_1_3' title="bbox 284 497 988 564">
     <span class='ocr_line' id='line_1_3' title="bbox 284 497 988 564; baseline -0.014 0"><span class='ocrx_word' id='word_1_24' title='bbox 284 504 574 564; x_wconf 86' lang='lat' dir='ltr'><strong>hensibilis</strong></span> <span class='ocrx_word' id='word_1_25' title='bbox 599 503 798 557; x_wconf 85' lang='lat' dir='ltr'><strong>dicitur</strong></span> <span class='ocrx_word' id='word_1_26' title='bbox 823 497 988 556; x_wconf 89' lang='lat' dir='ltr'><strong>Deus.</strong></span> 
     </span>
    </p>
   </div>
   <div class='ocr_carea' id='block_1_4' title="bbox 357 593 1883 668">
    <p class='ocr_par' dir='ltr' id='par_1_4' title="bbox 357 593 1883 668">
     <span class='ocr_line' id='line_1_4' title="bbox 357 593 1883 668; baseline -0.005 -12"><span class='ocrx_word' id='word_1_27' title='bbox 357 597 530 658; x_wconf 74' lang='lat' dir='ltr'><strong>Inter.</strong></span> <span class='ocrx_word' id='word_1_28' title='bbox 559 594 644 656; x_wconf 79' lang='grc'><strong>15.</strong></span> <span class='ocrx_word' id='word_1_29' title='bbox 673 595 807 658; x_wconf 78' lang='lat' dir='ltr'><strong>Cum</strong></span> <span class='ocrx_word' id='word_1_30' title='bbox 837 594 1042 652; x_wconf 75' lang='lat' dir='ltr'><strong>sanctis</strong></span> <span class='ocrx_word' id='word_1_31' title='bbox 1069 608 1346 658; x_wconf 85' lang='lat' dir='ltr'><strong>summum</strong></span> <span class='ocrx_word' id='word_1_32' title='bbox 1379 593 1716 664; x_wconf 87' lang='lat' dir='ltr'><strong>promittitur</strong></span> <span class='ocrx_word' id='word_1_33' title='bbox 1745 609 1883 668; x_wconf 70' lang='lat' dir='ltr'><strong>prte—</strong></span> 
     </span>
    </p>
   </div>
   <div class='ocr_carea' id='block_1_5' title="bbox 283 683 1884 760">
    <p class='ocr_par' dir='ltr' id='par_1_5' title="bbox 283 683 1884 760">
     <span class='ocr_line' id='line_1_5' title="bbox 283 683 1884 760; baseline -0.006 -12"><span class='ocrx_word' id='word_1_34' title='bbox 283 691 460 754; x_wconf 84' lang='lat' dir='ltr'><strong>mium</strong></span> <span class='ocrx_word' id='word_1_35' title='bbox 481 697 686 745; x_wconf 65' lang='lat' dir='ltr'><strong>aeterna</strong></span> <span class='ocrx_word' id='word_1_36' title='bbox 713 686 808 752; x_wconf 97' lang='lat' dir='ltr'><strong>Dei</strong></span> <span class='ocrx_word' id='word_1_37' title='bbox 835 685 991 750; x_wconf 82' lang='lat' dir='ltr'><strong>visio,</strong></span> <span class='ocrx_word' id='word_1_38' title='bbox 1019 685 1367 760; x_wconf 59' lang='lat' dir='ltr'><strong>aequaliterne</strong></span> <span class='ocrx_word' id='word_1_39' title='bbox 1397 683 1656 748; x_wconf 82' lang='lat' dir='ltr'><strong>videbunt</strong></span> <span class='ocrx_word' id='word_1_40' title='bbox 1683 684 1765 741; x_wconf 93' lang='lat' dir='ltr'><strong>vel</strong></span> <span class='ocrx_word' id='word_1_41' title='bbox 1801 686 1884 739; x_wconf 90' lang='lat' dir='ltr'><strong>in-</strong></span> 
     </span>
    </p>
   </div>
   <div class='ocr_carea' id='block_1_6' title="bbox 287 775 1883 858">
    <p class='ocr_par' dir='ltr' id='par_1_6' title="bbox 287 775 1883 858">
     <span class='ocr_line' id='line_1_6' title="bbox 287 775 1883 858; baseline -0.004 -20"><span class='ocrx_word' id='word_1_42' title='bbox 287 781 536 856; x_wconf 78' lang='lat' dir='ltr'><strong>telligent</strong></span> <span class='ocrx_word' id='word_1_43' title='bbox 556 782 615 837; x_wconf 67' lang='grc' dir='ltr'><strong>αἳ</strong></span> <span class='ocrx_word' id='word_1_44' title='bbox 635 811 704 822; x_wconf 94' lang='grc'><strong><em>-</em></strong></span> <span class='ocrx_word' id='word_1_45' title='bbox 723 777 875 852; x_wconf 70' lang='lat' dir='ltr'><strong>Resp.</strong></span> <span class='ocrx_word' id='word_1_46' title='bbox 901 775 1215 833; x_wconf 85' lang='lat' dir='ltr'><strong>Nullatcnus</strong></span> <span class='ocrx_word' id='word_1_47' title='bbox 1240 775 1526 858; x_wconf 67' lang='lat' dir='ltr'><strong>aequaliter</strong></span> <span class='ocrx_word' id='word_1_48' title='bbox 1549 792 1758 844; x_wconf 90' lang='lat' dir='ltr'><strong>omnes,</strong></span> <span class='ocrx_word' id='word_1_49' title='bbox 1797 777 1883 832; x_wconf 92' lang='lat' dir='ltr'><strong>vel</strong></span> 
     </span>
    </p>
   </div>
   <div class='ocr_carea' id='block_1_7' title="bbox 289 868 1886 954">
    <p class='ocr_par' dir='ltr' id='par_1_7' title="bbox 289 868 1886 954">
     <span class='ocr_line' id='line_1_7' title="bbox 289 868 1886 954; baseline -0.009 -16"><span class='ocrx_word' id='word_1_50' title='bbox 289 879 472 954; x_wconf 82' lang='lat' dir='ltr'><strong>angeli</strong></span> <span class='ocrx_word' id='word_1_51' title='bbox 490 877 577 938; x_wconf 89' lang='lat' dir='ltr'><strong>vel</strong></span> <span class='ocrx_word' id='word_1_52' title='bbox 596 877 790 936; x_wconf 74' lang='lat' dir='ltr'><strong>animae</strong></span> <span class='ocrx_word' id='word_1_53' title='bbox 809 884 1121 938; x_wconf 86' lang='lat' dir='ltr'><strong>sanctorum</strong></span> <span class='ocrx_word' id='word_1_54' title='bbox 1145 871 1315 936; x_wconf 89' lang='lat' dir='ltr'><strong>Deum</strong></span> <span class='ocrx_word' id='word_1_55' title='bbox 1334 887 1434 926; x_wconf 91' lang='lat' dir='ltr'><strong>nec</strong></span> <span class='ocrx_word' id='word_1_56' title='bbox 1455 869 1584 944; x_wconf 65' lang='lat' dir='ltr'><strong>ML,</strong></span> <span class='ocrx_word' id='word_1_57' title='bbox 1610 868 1715 942; x_wconf 87' lang='lat' dir='ltr'><strong>vel]</strong></span> <span class='ocrx_word' id='word_1_58' title='bbox 1743 885 1886 924; x_wconf 90' lang='lat' dir='ltr'><strong>nunc</strong></span> 
     </span>
    </p>
   </div>
   <div class='ocr_carea' id='block_1_8' title="bbox 289 957 1883 1046">
    <p class='ocr_par' dir='ltr' id='par_1_8' title="bbox 289 957 1883 1046">
     <span class='ocr_line' id='line_1_8' title="bbox 289 957 1883 1046; baseline -0.008 -16"><span class='ocrx_word' id='word_1_59' title='bbox 289 957 500 1038; x_wconf 86' lang='lat' dir='ltr'><strong>vident,</strong></span> <span class='ocrx_word' id='word_1_60' title='bbox 522 972 606 1030; x_wconf 91' lang='lat' dir='ltr'><strong>vel</strong></span> <span class='ocrx_word' id='word_1_61' title='bbox 631 978 754 1046; x_wconf 91' lang='lat' dir='ltr'><strong>post</strong></span> <span class='ocrx_word' id='word_1_62' title='bbox 780 968 1238 1036; x_wconf 79' lang='lat' dir='ltr'><strong>resurrectionem</strong></span> <span class='ocrx_word' id='word_1_63' title='bbox 1263 961 1540 1032; x_wconf 88' lang='lat' dir='ltr'><strong>videbunt,</strong></span> <span class='ocrx_word' id='word_1_64' title='bbox 1569 964 1662 1020; x_wconf 89' lang='lat' dir='ltr'><strong>sed</strong></span> <span class='ocrx_word' id='word_1_65' title='bbox 1693 980 1883 1019; x_wconf 91' lang='lat' dir='ltr'><strong>secun-</strong></span> 
     </span>
    </p>
   </div>
   <div class='ocr_carea' id='block_1_9' title="bbox 287 1053 1886 1138">
    <p class='ocr_par' dir='ltr' id='par_1_9' title="bbox 287 1053 1886 1138">
     <span class='ocr_line' id='line_1_9' title="bbox 287 1053 1886 1138; baseline -0.008 -16"><span class='ocrx_word' id='word_1_66' title='bbox 287 1065 420 1126; x_wconf 90' lang='lat' dir='ltr'><strong>dum</strong></span> <span class='ocrx_word' id='word_1_67' title='bbox 451 1063 726 1128; x_wconf 75' lang='lat' dir='ltr'><strong>donatoris</strong></span> <span class='ocrx_word' id='word_1_68' title='bbox 754 1060 1233 1138; x_wconf 85' lang='lat' dir='ltr'><strong>dispensationem,</strong></span> <span class='ocrx_word' id='word_1_69' title='bbox 1265 1066 1319 1112; x_wconf 92' lang='lat' dir='ltr'><strong>et</strong></span> <span class='ocrx_word' id='word_1_70' title='bbox 1364 1058 1684 1114; x_wconf 88' lang='lat' dir='ltr'><strong>meritorum</strong></span> <span class='ocrx_word' id='word_1_71' title='bbox 1713 1053 1886 1126; x_wconf 86' lang='lat' dir='ltr'><strong>quali-</strong></span> 
     </span>
    </p>
   </div>
   <div class='ocr_carea' id='block_1_10' title="bbox 287 1147 1884 1232">
    <p class='ocr_par' dir='ltr' id='par_1_10' title="bbox 287 1147 1884 1232">
     <span class='ocr_line' id='line_1_10' title="bbox 287 1147 1884 1232; baseline -0.006 -21"><span class='ocrx_word' id='word_1_72' title='bbox 287 1165 481 1218; x_wconf 79' lang='lat' dir='ltr'><strong>tatem.</strong></span> <span class='ocrx_word' id='word_1_73' title='bbox 515 1155 894 1232; x_wconf 76' lang='lat' dir='ltr'><strong>Unusquisque</strong></span> <span class='ocrx_word' id='word_1_74' title='bbox 940 1161 1122 1208; x_wconf 88' lang='lat' dir='ltr'><strong>tamen</strong></span> <span class='ocrx_word' id='word_1_75' title='bbox 1164 1147 1520 1206; x_wconf 86' lang='lat' dir='ltr'><strong>sullicientem</strong></span> <span class='ocrx_word' id='word_1_76' title='bbox 1561 1150 1614 1204; x_wconf 94' lang='lat' dir='ltr'><strong>in</strong></span> <span class='ocrx_word' id='word_1_77' title='bbox 1659 1147 1776 1217; x_wconf 88' lang='lat' dir='ltr'><strong>ejus</strong></span> <span class='ocrx_word' id='word_1_78' title='bbox 1801 1148 1884 1202; x_wconf 90' lang='lat' dir='ltr'><strong>vi-</strong></span> 
     </span>
    </p>
   </div>
   <div class='ocr_carea' id='block_1_11' title="bbox 286 1237 1886 1314">
    <p class='ocr_par' dir='ltr' id='par_1_11' title="bbox 286 1237 1886 1314">
     <span class='ocr_line' id='line_1_11' title="bbox 286 1237 1886 1314; baseline -0.009 -8"><span class='ocrx_word' id='word_1_79' title='bbox 286 1249 444 1306; x_wconf 86' lang='lat' dir='ltr'><strong>sione</strong></span> <span class='ocrx_word' id='word_1_80' title='bbox 481 1248 595 1304; x_wconf 90' lang='lat' dir='ltr'><strong>suis</strong></span> <span class='ocrx_word' id='word_1_81' title='bbox 643 1245 853 1302; x_wconf 89' lang='lat' dir='ltr'><strong>meritis</strong></span> <span class='ocrx_word' id='word_1_82' title='bbox 899 1241 1120 1299; x_wconf 86' lang='lat' dir='ltr'><strong>habebit</strong></span> <span class='ocrx_word' id='word_1_83' title='bbox 1154 1241 1566 1308; x_wconf 76' lang='lat' dir='ltr'><strong>beatitudinem.</strong></span> <span class='ocrx_word' id='word_1_84' title='bbox 1609 1237 1720 1295; x_wconf 84' lang='lat' dir='ltr'><strong>Nec</strong></span> <span class='ocrx_word' id='word_1_85' title='bbox 1766 1238 1886 1314; x_wconf 85' lang='lat' dir='ltr'><strong>plus</strong></span> 
     </span>
    </p>
   </div>
   <div class='ocr_carea' id='block_1_12' title="bbox 286 1333 1886 1414">
    <p class='ocr_par' dir='ltr' id='par_1_12' title="bbox 286 1333 1886 1414">
     <span class='ocr_line' id='line_1_12' title="bbox 286 1333 1886 1414; baseline -0.008 -16"><span class='ocrx_word' id='word_1_86' title='bbox 286 1350 501 1414; x_wconf 76' lang='lat' dir='ltr'><strong>quan-et</strong></span> <span class='ocrx_word' id='word_1_87' title='bbox 527 1340 690 1414; x_wconf 80' lang='lat' dir='ltr'><strong>quam</strong></span> <span class='ocrx_word' id='word_1_88' title='bbox 718 1341 902 1405; x_wconf 89' lang='lat' dir='ltr'><strong>habet,</strong></span> <span class='ocrx_word' id='word_1_89' title='bbox 927 1354 1028 1395; x_wconf 89' lang='lat' dir='ltr'><strong>nec</strong></span> <span class='ocrx_word' id='word_1_90' title='bbox 1063 1353 1123 1394; x_wconf 90' lang='lat' dir='ltr'><strong>se</strong></span> <span class='ocrx_word' id='word_1_91' title='bbox 1158 1335 1337 1392; x_wconf 91' lang='lat' dir='ltr'><strong>minus</strong></span> <span class='ocrx_word' id='word_1_92' title='bbox 1370 1333 1572 1390; x_wconf 90' lang='lat' dir='ltr'><strong>habere</strong></span> <span class='ocrx_word' id='word_1_93' title='bbox 1600 1349 1765 1404; x_wconf 92' lang='lat' dir='ltr'><strong>quam</strong></span> <span class='ocrx_word' id='word_1_94' title='bbox 1792 1347 1886 1386; x_wconf 86' lang='lat' dir='ltr'><strong>vo-</strong></span> 
     </span>
    </p>
   </div>
   <div class='ocr_carea' id='block_1_13' title="bbox 283 1435 640 1501">
    <p class='ocr_par' dir='ltr' id='par_1_13' title="bbox 283 1435 640 1501">
     <span class='ocr_line' id='line_1_13' title="bbox 283 1435 640 1501; baseline -0.011 -9"><span class='ocrx_word' id='word_1_95' title='bbox 283 1435 382 1501; x_wconf 85' lang='lat' dir='ltr'><strong>let,</strong></span> <span class='ocrx_word' id='word_1_96' title='bbox 414 1436 640 1492; x_wconf 89' lang='lat' dir='ltr'><strong>dolebit.</strong></span> 
     </span>
    </p>
   </div>
   <div class='ocr_carea' id='block_1_14' title="bbox 358 1521 1884 1598">
    <p class='ocr_par' dir='ltr' id='par_1_14' title="bbox 358 1521 1884 1598">
     <span class='ocr_line' id='line_1_14' title="bbox 358 1521 1884 1598; baseline -0.006 -16"><span class='ocrx_word' id='word_1_97' title='bbox 358 1529 527 1584; x_wconf 80' lang='lat' dir='ltr'><strong>Inter.</strong></span> <span class='ocrx_word' id='word_1_98' title='bbox 556 1528 642 1583; x_wconf 83' lang='lat' dir='ltr'><strong>l6.</strong></span> <span class='ocrx_word' id='word_1_99' title='bbox 677 1527 762 1582; x_wconf 80' lang='lat' dir='ltr'><strong>An</strong></span> <span class='ocrx_word' id='word_1_100' title='bbox 802 1526 1006 1598; x_wconf 88' lang='lat' dir='ltr'><strong>aliquid</strong></span> <span class='ocrx_word' id='word_1_101' title='bbox 1042 1526 1205 1580; x_wconf 83' lang='lat' dir='ltr'><strong>distet</strong></span> <span class='ocrx_word' id='word_1_102' title='bbox 1246 1525 1300 1578; x_wconf 92' lang='lat' dir='ltr'><strong>in</strong></span> <span class='ocrx_word' id='word_1_103' title='bbox 1332 1524 1464 1589; x_wconf 90' lang='lat' dir='ltr'><strong>Deo,</strong></span> <span class='ocrx_word' id='word_1_104' title='bbox 1506 1536 1649 1586; x_wconf 89' lang='lat' dir='ltr'><strong>esse,</strong></span> <span class='ocrx_word' id='word_1_105' title='bbox 1677 1521 1884 1583; x_wconf 85' lang='lat' dir='ltr'><strong>vivere,</strong></span> 
     </span>
    </p>
   </div>
   <div class='ocr_carea' id='block_1_15' title="bbox 282 1613 1888 1692">
    <p class='ocr_par' dir='ltr' id='par_1_15' title="bbox 282 1613 1888 1692">
     <span class='ocr_line' id='line_1_15' title="bbox 282 1613 1888 1692; baseline -0.007 -14"><span class='ocrx_word' id='word_1_106' title='bbox 282 1621 612 1692; x_wconf 68' lang='lat' dir='ltr'><strong>intelligere,</strong></span> <span class='ocrx_word' id='word_1_107' title='bbox 659 1621 944 1690; x_wconf 81' lang='lat' dir='ltr'><strong>posse‘l—</strong></span> <span class='ocrx_word' id='word_1_108' title='bbox 969 1617 1125 1689; x_wconf 72' lang='lat' dir='ltr'><strong>Bap.</strong></span> <span class='ocrx_word' id='word_1_109' title='bbox 1169 1616 1488 1671; x_wconf 80' lang='lat' dir='ltr'><strong>Nullatenus</strong></span> <span class='ocrx_word' id='word_1_110' title='bbox 1534 1615 1680 1669; x_wconf 85' lang='lat' dir='ltr'><strong>aliud</strong></span> <span class='ocrx_word' id='word_1_111' title='bbox 1718 1621 1802 1668; x_wconf 87' lang='lat' dir='ltr'><strong>est</strong></span> <span class='ocrx_word' id='word_1_112' title='bbox 1832 1613 1888 1667; x_wconf 89' lang='lat' dir='ltr'><strong>in</strong></span> 
     </span>
    </p>
   </div>
   <div class='ocr_carea' id='block_1_16' title="bbox 285 1705 1888 1780">
    <p class='ocr_par' dir='ltr' id='par_1_16' title="bbox 285 1705 1888 1780">
     <span class='ocr_line' id='line_1_16' title="bbox 285 1705 1888 1780; baseline -0.006 -9"><span class='ocrx_word' id='word_1_113' title='bbox 285 1714 400 1771; x_wconf 87' lang='lat' dir='ltr'><strong>Deo</strong></span> <span class='ocrx_word' id='word_1_114' title='bbox 431 1730 577 1779; x_wconf 89' lang='lat' dir='ltr'><strong>esse,</strong></span> <span class='ocrx_word' id='word_1_115' title='bbox 603 1714 748 1768; x_wconf 88' lang='lat' dir='ltr'><strong>aliud</strong></span> <span class='ocrx_word' id='word_1_116' title='bbox 773 1713 980 1777; x_wconf 81' lang='lat' dir='ltr'><strong>vivere,</strong></span> <span class='ocrx_word' id='word_1_117' title='bbox 1004 1711 1087 1770; x_wconf 91' lang='lat' dir='ltr'><strong>vel</strong></span> <span class='ocrx_word' id='word_1_118' title='bbox 1109 1711 1258 1768; x_wconf 84' lang='lat' dir='ltr'><strong>aliud</strong></span> <span class='ocrx_word' id='word_1_119' title='bbox 1286 1711 1605 1780; x_wconf 78' lang='lat' dir='ltr'><strong>intelligere,</strong></span> <span class='ocrx_word' id='word_1_120' title='bbox 1627 1708 1712 1763; x_wconf 90' lang='lat' dir='ltr'><strong>vel</strong></span> <span class='ocrx_word' id='word_1_121' title='bbox 1739 1705 1888 1762; x_wconf 88' lang='lat' dir='ltr'><strong>aliud</strong></span> 
     </span>
    </p>
   </div>
   <div class='ocr_carea' id='block_1_17' title="bbox 285 1801 1888 1877">
    <p class='ocr_par' dir='ltr' id='par_1_17' title="bbox 285 1801 1888 1877">
     <span class='ocr_line' id='line_1_17' title="bbox 285 1801 1888 1877; baseline -0.005 -18"><span class='ocrx_word' id='word_1_122' title='bbox 285 1821 477 1877; x_wconf 90' lang='lat' dir='ltr'><strong>posse;</strong></span> <span class='ocrx_word' id='word_1_123' title='bbox 514 1805 645 1875; x_wconf 89' lang='lat' dir='ltr'><strong>quia</strong></span> <span class='ocrx_word' id='word_1_124' title='bbox 678 1805 818 1859; x_wconf 90' lang='lat' dir='ltr'><strong>Deus</strong></span> <span class='ocrx_word' id='word_1_125' title='bbox 860 1818 925 1858; x_wconf 89' lang='lat' dir='ltr'><strong>eo</strong></span> <span class='ocrx_word' id='word_1_126' title='bbox 955 1804 1076 1874; x_wconf 85' lang='lat' dir='ltr'><strong>ipso</strong></span> <span class='ocrx_word' id='word_1_127' title='bbox 1115 1816 1224 1872; x_wconf 84' lang='lat' dir='ltr'><strong>quo</strong></span> <span class='ocrx_word' id='word_1_128' title='bbox 1251 1808 1356 1865; x_wconf 80' lang='lat' dir='ltr'><strong>est,</strong></span> <span class='ocrx_word' id='word_1_129' title='bbox 1388 1801 1549 1864; x_wconf 87' lang='lat' dir='ltr'><strong>vivit;</strong></span> <span class='ocrx_word' id='word_1_130' title='bbox 1594 1807 1742 1854; x_wconf 88' lang='lat' dir='ltr'><strong>eteo</strong></span> <span class='ocrx_word' id='word_1_131' title='bbox 1781 1812 1888 1868; x_wconf 92' lang='lat' dir='ltr'><strong>quo</strong></span> 
     </span>
    </p>
   </div>
   <div class='ocr_carea' id='block_1_18' title="bbox 285 1895 1890 1970">
    <p class='ocr_par' dir='ltr' id='par_1_18' title="bbox 285 1895 1890 1970">
     <span class='ocr_line' id='line_1_18' title="bbox 285 1895 1890 1970; baseline -0.004 -17"><span class='ocrx_word' id='word_1_132' title='bbox 285 1901 442 1964; x_wconf 86' lang='lat' dir='ltr'><strong>vivit,</strong></span> <span class='ocrx_word' id='word_1_133' title='bbox 492 1899 780 1970; x_wconf 79' lang='lat' dir='ltr'><strong>intelligit;</strong></span> <span class='ocrx_word' id='word_1_134' title='bbox 827 1906 882 1953; x_wconf 90' lang='lat' dir='ltr'><strong>et</strong></span> <span class='ocrx_word' id='word_1_135' title='bbox 911 1913 978 1952; x_wconf 91' lang='lat' dir='ltr'><strong>eo</strong></span> <span class='ocrx_word' id='word_1_136' title='bbox 1017 1912 1124 1966; x_wconf 88' lang='lat' dir='ltr'><strong>quo</strong></span> <span class='ocrx_word' id='word_1_137' title='bbox 1173 1895 1452 1966; x_wconf 85' lang='lat' dir='ltr'><strong>intelligit,</strong></span> <span class='ocrx_word' id='word_1_138' title='bbox 1499 1901 1704 1966; x_wconf 81' lang='lat' dir='ltr'><strong>potest;</strong></span> <span class='ocrx_word' id='word_1_139' title='bbox 1742 1901 1890 1948; x_wconf 90' lang='lat' dir='ltr'><strong>eteo</strong></span> 
     </span>
    </p>
   </div>
   <div class='ocr_carea' id='block_1_19' title="bbox 285 1987 1890 2062">
    <p class='ocr_par' dir='ltr' id='par_1_19' title="bbox 285 1987 1890 2062">
     <span class='ocr_line' id='line_1_19' title="bbox 285 1987 1890 2062; baseline -0.003 -19"><span class='ocrx_word' id='word_1_140' title='bbox 285 1991 429 2062; x_wconf 83' lang='lat' dir='ltr'><strong>quod</strong></span> <span class='ocrx_word' id='word_1_141' title='bbox 465 1998 669 2062; x_wconf 89' lang='lat' dir='ltr'><strong>potest,</strong></span> <span class='ocrx_word' id='word_1_142' title='bbox 697 1998 811 2054; x_wconf 88' lang='lat' dir='ltr'><strong>est;</strong></span> <span class='ocrx_word' id='word_1_143' title='bbox 842 1989 968 2059; x_wconf 85' lang='lat' dir='ltr'><strong>quia</strong></span> <span class='ocrx_word' id='word_1_144' title='bbox 1000 1988 1225 2058; x_wconf 73' lang='lat' dir='ltr'><strong>simplex</strong></span> <span class='ocrx_word' id='word_1_145' title='bbox 1255 1987 1470 2041; x_wconf 89' lang='lat' dir='ltr'><strong>deitatis</strong></span> <span class='ocrx_word' id='word_1_146' title='bbox 1497 1995 1693 2040; x_wconf 90' lang='lat' dir='ltr'><strong>natura</strong></span> <span class='ocrx_word' id='word_1_147' title='bbox 1722 2000 1890 2038; x_wconf 90' lang='lat' dir='ltr'><strong>unum</strong></span> 
     </span>
    </p>
   </div>
   <div class='ocr_carea' id='block_1_20' title="bbox 284 2074 1890 2148">
    <p class='ocr_par' dir='ltr' id='par_1_20' title="bbox 284 2074 1890 2148">
     <span class='ocr_line' id='line_1_20' title="bbox 284 2074 1890 2148; baseline -0.006 -11"><span class='ocrx_word' id='word_1_148' title='bbox 284 2081 469 2145; x_wconf 87' lang='lat' dir='ltr'><strong>habet,</strong></span> <span class='ocrx_word' id='word_1_149' title='bbox 494 2089 600 2144; x_wconf 90' lang='lat' dir='ltr'><strong>est,</strong></span> <span class='ocrx_word' id='word_1_150' title='bbox 639 2080 791 2144; x_wconf 74' lang='lat' dir='ltr'><strong>vivit,</strong></span> <span class='ocrx_word' id='word_1_151' title='bbox 826 2077 1094 2148; x_wconf 78' lang='lat' dir='ltr'><strong>intelligit,</strong></span> <span class='ocrx_word' id='word_1_152' title='bbox 1130 2085 1188 2132; x_wconf 81' lang='lat' dir='ltr'><strong>et</strong></span> <span class='ocrx_word' id='word_1_153' title='bbox 1221 2077 1405 2144; x_wconf 81' lang='lat' dir='ltr'><strong>omnia</strong></span> <span class='ocrx_word' id='word_1_154' title='bbox 1434 2083 1630 2144; x_wconf 86' lang='lat' dir='ltr'><strong>potest.</strong></span> <span class='ocrx_word' id='word_1_155' title='bbox 1665 2074 1784 2132; x_wconf 84' lang='lat' dir='ltr'><strong>Non</strong></span> <span class='ocrx_word' id='word_1_156' title='bbox 1815 2075 1890 2129; x_wconf 83' lang='lat' dir='ltr'><strong>ita</strong></span> 
     </span>
    </p>
   </div>
   <div class='ocr_carea' id='block_1_21' title="bbox 283 2161 1889 2236">
    <p class='ocr_par' dir='ltr' id='par_1_21' title="bbox 283 2161 1889 2236">
     <span class='ocr_line' id='line_1_21' title="bbox 283 2161 1889 2236; baseline -0.007 -7"><span class='ocrx_word' id='word_1_157' title='bbox 283 2171 340 2229; x_wconf 85' lang='lat' dir='ltr'><strong>in</strong></span> <span class='ocrx_word' id='word_1_158' title='bbox 369 2173 548 2236; x_wconf 90' lang='lat' dir='ltr'><strong>nobis,</strong></span> <span class='ocrx_word' id='word_1_159' title='bbox 572 2171 698 2226; x_wconf 90' lang='lat' dir='ltr'><strong>dum</strong></span> <span class='ocrx_word' id='word_1_160' title='bbox 722 2169 866 2224; x_wconf 86' lang='lat' dir='ltr'><strong>aliud</strong></span> <span class='ocrx_word' id='word_1_161' title='bbox 890 2177 973 2222; x_wconf 88' lang='lat' dir='ltr'><strong>est</strong></span> <span class='ocrx_word' id='word_1_162' title='bbox 996 2168 1051 2220; x_wconf 92' lang='lat' dir='ltr'><strong>in</strong></span> <span class='ocrx_word' id='word_1_163' title='bbox 1077 2173 1264 2220; x_wconf 89' lang='lat' dir='ltr'><strong>nostra</strong></span> <span class='ocrx_word' id='word_1_164' title='bbox 1287 2173 1482 2220; x_wconf 89' lang='lat' dir='ltr'><strong>natura</strong></span> <span class='ocrx_word' id='word_1_165' title='bbox 1509 2165 1710 2228; x_wconf 84' lang='lat' dir='ltr'><strong>vivere,</strong></span> <span class='ocrx_word' id='word_1_166' title='bbox 1739 2161 1889 2217; x_wconf 86' lang='lat' dir='ltr'><strong>aliud</strong></span> 
     </span>
    </p>
   </div>
   <div class='ocr_carea' id='block_1_22' title="bbox 284 2255 1889 2335">
    <p class='ocr_par' dir='ltr' id='par_1_22' title="bbox 284 2255 1889 2335">
     <span class='ocr_line' id='line_1_22' title="bbox 284 2255 1889 2335; baseline -0.007 -15"><span class='ocrx_word' id='word_1_167' title='bbox 284 2263 615 2335; x_wconf 80' lang='lat' dir='ltr'><strong>intelligere,</strong></span> <span class='ocrx_word' id='word_1_168' title='bbox 641 2262 784 2316; x_wconf 85' lang='lat' dir='ltr'><strong>aliud</strong></span> <span class='ocrx_word' id='word_1_169' title='bbox 805 2275 984 2330; x_wconf 89' lang='lat' dir='ltr'><strong>posse.</strong></span> <span class='ocrx_word' id='word_1_170' title='bbox 1003 2259 1060 2314; x_wconf 90' lang='lat' dir='ltr'><strong>lu</strong></span> <span class='ocrx_word' id='word_1_171' title='bbox 1087 2259 1198 2313; x_wconf 92' lang='lat' dir='ltr'><strong>Deo</strong></span> <span class='ocrx_word' id='word_1_172' title='bbox 1219 2273 1350 2313; x_wconf 88' lang='lat' dir='ltr'><strong>vero</strong></span> <span class='ocrx_word' id='word_1_173' title='bbox 1371 2258 1489 2312; x_wconf 68' lang='lat' dir='ltr'><strong>haec</strong></span> <span class='ocrx_word' id='word_1_174' title='bbox 1507 2255 1690 2311; x_wconf 83' lang='lat' dir='ltr'><strong>omnia</strong></span> <span class='ocrx_word' id='word_1_175' title='bbox 1721 2267 1889 2310; x_wconf 86' lang='lat' dir='ltr'><strong>unum</strong></span> 
     </span>
    </p>
   </div>
   <div class='ocr_carea' id='block_1_23' title="bbox 283 2355 793 2426">
    <p class='ocr_par' dir='ltr' id='par_1_23' title="bbox 283 2355 793 2426">
     <span class='ocr_line' id='line_1_23' title="bbox 283 2355 793 2426; baseline -0.014 -13"><span class='ocrx_word' id='word_1_176' title='bbox 283 2364 455 2426; x_wconf 77' lang='lat' dir='ltr'><strong>atque</strong></span> <span class='ocrx_word' id='word_1_177' title='bbox 479 2355 623 2409; x_wconf 89' lang='lat' dir='ltr'><strong>idem</strong></span> <span class='ocrx_word' id='word_1_178' title='bbox 649 2361 793 2409; x_wconf 86' lang='lat' dir='ltr'><strong>sunt.</strong></span> 
     </span>
    </p>
   </div>
   <div class='ocr_carea' id='block_1_24' title="bbox 359 2440 1888 2512">
    <p class='ocr_par' dir='ltr' id='par_1_24' title="bbox 359 2440 1888 2512">
     <span class='ocr_line' id='line_1_24' title="bbox 359 2440 1888 2512; baseline -0.003 -10"><span class='ocrx_word' id='word_1_179' title='bbox 359 2446 532 2512; x_wconf 67' lang='lat' dir='ltr'><strong>Inter.</strong></span> <span class='ocrx_word' id='word_1_180' title='bbox 565 2446 650 2504; x_wconf 83' lang='lat' dir='ltr'><strong>l&#39;l.</strong></span> <span class='ocrx_word' id='word_1_181' title='bbox 683 2445 878 2504; x_wconf 88' lang='lat' dir='ltr'><strong>Utrum</strong></span> <span class='ocrx_word' id='word_1_182' title='bbox 905 2444 972 2500; x_wconf 92' lang='lat' dir='ltr'><strong>de</strong></span> <span class='ocrx_word' id='word_1_183' title='bbox 1000 2442 1096 2500; x_wconf 90' lang='lat' dir='ltr'><strong>Dei</strong></span> <span class='ocrx_word' id='word_1_184' title='bbox 1127 2442 1288 2506; x_wconf 85' lang='lat' dir='ltr'><strong>Filio,</strong></span> <span class='ocrx_word' id='word_1_185' title='bbox 1313 2442 1454 2500; x_wconf 83' lang='lat' dir='ltr'><strong>sicut</strong></span> <span class='ocrx_word' id='word_1_186' title='bbox 1479 2440 1678 2500; x_wconf 87' lang='lat' dir='ltr'><strong>dicitur</strong></span> <span class='ocrx_word' id='word_1_187' title='bbox 1705 2440 1888 2504; x_wconf 86' lang='lat' dir='ltr'><strong>lumen</strong></span> 
     </span>
    </p>
   </div>
   <div class='ocr_carea' id='block_1_25' title="bbox 283 2531 1889 2606">
    <p class='ocr_par' dir='ltr' id='par_1_25' title="bbox 283 2531 1889 2606">
     <span class='ocr_line' id='line_1_25' title="bbox 283 2531 1889 2606; baseline -0.009 -6"><span class='ocrx_word' id='word_1_188' title='bbox 283 2539 359 2600; x_wconf 76' lang='lat' dir='ltr'><strong>de</strong></span> <span class='ocrx_word' id='word_1_189' title='bbox 395 2540 622 2605; x_wconf 81' lang='lat' dir='ltr'><strong>lumine,</strong></span> <span class='ocrx_word' id='word_1_190' title='bbox 652 2537 796 2592; x_wconf 86' lang='lat' dir='ltr'><strong>Deus</strong></span> <span class='ocrx_word' id='word_1_191' title='bbox 822 2537 890 2592; x_wconf 87' lang='lat' dir='ltr'><strong>de</strong></span> <span class='ocrx_word' id='word_1_192' title='bbox 923 2537 1052 2601; x_wconf 88' lang='lat' dir='ltr'><strong>Deo,</strong></span> <span class='ocrx_word' id='word_1_193' title='bbox 1083 2542 1264 2606; x_wconf 80' lang='lat' dir='ltr'><strong>potest</strong></span> <span class='ocrx_word' id='word_1_194' title='bbox 1306 2534 1409 2588; x_wconf 86' lang='lat' dir='ltr'><strong>diei</strong></span> <span class='ocrx_word' id='word_1_195' title='bbox 1449 2533 1791 2603; x_wconf 86' lang='lat' dir='ltr'><strong>omnipotens</strong></span> <span class='ocrx_word' id='word_1_196' title='bbox 1822 2531 1889 2588; x_wconf 91' lang='lat' dir='ltr'><strong>de</strong></span> 
     </span>
    </p>
   </div>
   <div class='ocr_carea' id='block_1_26' title="bbox 281 2625 1888 2706">
    <p class='ocr_par' dir='ltr' id='par_1_26' title="bbox 281 2625 1888 2706">
     <span class='ocr_line' id='line_1_26' title="bbox 281 2625 1888 2706; baseline -0.007 -18"><span class='ocrx_word' id='word_1_197' title='bbox 281 2632 682 2704; x_wconf 77' lang='lat' dir='ltr'><strong>omnipotente,</strong></span> <span class='ocrx_word' id='word_1_198' title='bbox 711 2629 885 2684; x_wconf 82' lang='lat' dir='ltr'><strong>bonus</strong></span> <span class='ocrx_word' id='word_1_199' title='bbox 911 2628 976 2682; x_wconf 88' lang='lat' dir='ltr'><strong>de</strong></span> <span class='ocrx_word' id='word_1_200' title='bbox 1005 2626 1166 2706; x_wconf 56' lang='lat' dir='ltr'><strong>bono.</strong></span> <span class='ocrx_word' id='word_1_201' title='bbox 1201 2639 1428 2697; x_wconf 74' lang='lat' dir='ltr'><strong>magnus</strong></span> <span class='ocrx_word' id='word_1_202' title='bbox 1469 2625 1537 2678; x_wconf 87' lang='lat' dir='ltr'><strong>de</strong></span> <span class='ocrx_word' id='word_1_203' title='bbox 1583 2637 1798 2690; x_wconf 78' lang='lat' dir='ltr'><strong>magno,</strong></span> <span class='ocrx_word' id='word_1_204' title='bbox 1833 2631 1888 2678; x_wconf 90' lang='lat' dir='ltr'><strong>et</strong></span> 
     </span>
    </p>
   </div>
   <div class='ocr_carea' id='block_1_27' title="bbox 286 2713 1886 2792">
    <p class='ocr_par' dir='ltr' id='par_1_27' title="bbox 286 2713 1886 2792">
     <span class='ocr_line' id='line_1_27' title="bbox 286 2713 1886 2792; baseline -0.004 -14"><span class='ocrx_word' id='word_1_205' title='bbox 286 2730 488 2782; x_wconf 66' lang='lat' dir='ltr'><strong>caetera</strong></span> <span class='ocrx_word' id='word_1_206' title='bbox 519 2719 768 2780; x_wconf 85' lang='lat' dir='ltr'><strong>talia?-—-</strong></span> <span class='ocrx_word' id='word_1_207' title='bbox 793 2717 944 2792; x_wconf 74' lang='lat' dir='ltr'><strong>Resp.</strong></span> <span class='ocrx_word' id='word_1_208' title='bbox 990 2716 1334 2790; x_wconf 80' lang='lat' dir='ltr'><strong>Regulariter</strong></span> <span class='ocrx_word' id='word_1_209' title='bbox 1361 2713 1547 2785; x_wconf 80' lang='lat' dir='ltr'><strong>utique</strong></span> <span class='ocrx_word' id='word_1_210' title='bbox 1578 2723 1761 2772; x_wconf 89' lang='lat' dir='ltr'><strong>tenere</strong></span> <span class='ocrx_word' id='word_1_211' title='bbox 1790 2713 1886 2771; x_wconf 90' lang='lat' dir='ltr'><strong>de-</strong></span> 
     </span>
    </p>
   </div>
   <div class='ocr_carea' id='block_1_28' title="bbox 285 2805 1890 2882">
    <p class='ocr_par' dir='ltr' id='par_1_28' title="bbox 285 2805 1890 2882">
     <span class='ocr_line' id='line_1_28' title="bbox 285 2805 1890 2882; baseline -0.004 -16"><span class='ocrx_word' id='word_1_212' title='bbox 285 2811 484 2878; x_wconf 59' lang='lat' dir='ltr'><strong>bemus</strong></span> <span class='ocrx_word' id='word_1_213' title='bbox 512 2813 656 2882; x_wconf 85' lang='lat' dir='ltr'><strong>quod</strong></span> <span class='ocrx_word' id='word_1_214' title='bbox 677 2810 862 2866; x_wconf 86' lang='lat' dir='ltr'><strong>omnia</strong></span> <span class='ocrx_word' id='word_1_215' title='bbox 893 2817 1103 2864; x_wconf 73' lang='lat' dir='ltr'><strong>namrae</strong></span> <span class='ocrx_word' id='word_1_216' title='bbox 1129 2808 1350 2863; x_wconf 83' lang='lat' dir='ltr'><strong>nomina</strong></span> <span class='ocrx_word' id='word_1_217' title='bbox 1372 2823 1492 2876; x_wconf 82' lang='lat' dir='ltr'><strong>quae</strong></span> <span class='ocrx_word' id='word_1_218' title='bbox 1514 2805 1797 2876; x_wconf 64' lang='lat' dir='ltr'><strong>aequaliter</strong></span> <span class='ocrx_word' id='word_1_219' title='bbox 1823 2805 1890 2860; x_wconf 88' lang='lat' dir='ltr'><strong>de</strong></span> 
     </span>
    </p>
   </div>
   <div class='ocr_carea' id='block_1_29' title="bbox 289 2898 1888 2976">
    <p class='ocr_par' dir='ltr' id='par_1_29' title="bbox 289 2898 1888 2976">
     <span class='ocr_line' id='line_1_29' title="bbox 289 2898 1888 2976; baseline -0.008 -12"><span class='ocrx_word' id='word_1_220' title='bbox 289 2906 432 2964; x_wconf 70' lang='lat' dir='ltr'><strong>Filio</strong></span> <span class='ocrx_word' id='word_1_221' title='bbox 466 2905 573 2960; x_wconf 79' lang='lat' dir='ltr'><strong>diei</strong></span> <span class='ocrx_word' id='word_1_222' title='bbox 606 2912 832 2976; x_wconf 82' lang='lat' dir='ltr'><strong>possunt</strong></span> <span class='ocrx_word' id='word_1_223' title='bbox 855 2904 996 2958; x_wconf 85' lang='lat' dir='ltr'><strong>sicut</strong></span> <span class='ocrx_word' id='word_1_224' title='bbox 1024 2902 1090 2956; x_wconf 89' lang='lat' dir='ltr'><strong>de</strong></span> <span class='ocrx_word' id='word_1_225' title='bbox 1112 2901 1293 2965; x_wconf 90' lang='lat' dir='ltr'><strong>Patre,</strong></span> <span class='ocrx_word' id='word_1_226' title='bbox 1321 2901 1501 2955; x_wconf 86' lang='lat' dir='ltr'><strong>omnia</strong></span> <span class='ocrx_word' id='word_1_227' title='bbox 1529 2907 1756 2969; x_wconf 84' lang='lat' dir='ltr'><strong>possunt</strong></span> <span class='ocrx_word' id='word_1_228' title='bbox 1783 2898 1888 2953; x_wconf 88' lang='lat' dir='ltr'><strong>dici</strong></span> 
     </span>
    </p>
   </div>
   <div class='ocr_carea' id='block_1_30' title="bbox 289 2987 1889 3070">
    <p class='ocr_par' dir='ltr' id='par_1_30' title="bbox 289 2987 1889 3070">
     <span class='ocr_line' id='line_1_30' title="bbox 289 2987 1889 3070; baseline -0.008 -17"><span class='ocrx_word' id='word_1_229' title='bbox 289 2995 375 3070; x_wconf 60' lang='lat' dir='ltr'><strong>sic</strong></span> <span class='ocrx_word' id='word_1_230' title='bbox 403 2997 470 3050; x_wconf 89' lang='lat' dir='ltr'><strong>de</strong></span> <span class='ocrx_word' id='word_1_231' title='bbox 498 2995 610 3051; x_wconf 91' lang='lat' dir='ltr'><strong>illo.</strong></span> <span class='ocrx_word' id='word_1_232' title='bbox 642 2995 765 3050; x_wconf 91' lang='lat' dir='ltr'><strong>ldeo</strong></span> <span class='ocrx_word' id='word_1_233' title='bbox 792 2995 932 3049; x_wconf 89' lang='lat' dir='ltr'><strong>sicut</strong></span> <span class='ocrx_word' id='word_1_234' title='bbox 957 2989 1154 3048; x_wconf 85' lang='lat' dir='ltr'><strong>dicitur</strong></span> <span class='ocrx_word' id='word_1_235' title='bbox 1192 2989 1335 3046; x_wconf 87' lang='lat' dir='ltr'><strong>Deus</strong></span> <span class='ocrx_word' id='word_1_236' title='bbox 1357 2988 1423 3045; x_wconf 88' lang='lat' dir='ltr'><strong>de</strong></span> <span class='ocrx_word' id='word_1_237' title='bbox 1458 2987 1586 3054; x_wconf 91' lang='lat' dir='ltr'><strong>Deo,</strong></span> <span class='ocrx_word' id='word_1_238' title='bbox 1616 2987 1794 3043; x_wconf 86' lang='lat' dir='ltr'><strong>lumen</strong></span> <span class='ocrx_word' id='word_1_239' title='bbox 1824 2988 1889 3042; x_wconf 88' lang='lat' dir='ltr'><strong>de</strong></span> 
     </span>
    </p>
   </div>
   <div class='ocr_carea' id='block_1_31' title="bbox 289 3079 1886 3154">
    <p class='ocr_par' dir='ltr' id='par_1_31' title="bbox 289 3079 1886 3154">
     <span class='ocr_line' id='line_1_31' title="bbox 289 3079 1886 3154; baseline -0.006 -9"><span class='ocrx_word' id='word_1_240' title='bbox 289 3079 514 3154; x_wconf 73' lang='lat' dir='ltr'><strong>lumine,</strong></span> <span class='ocrx_word' id='word_1_241' title='bbox 541 3087 615 3142; x_wconf 88' lang='lat' dir='ltr'><strong>ita</strong></span> <span class='ocrx_word' id='word_1_242' title='bbox 639 3085 927 3150; x_wconf 77' lang='lat' dir='ltr'><strong>dicendum</strong></span> <span class='ocrx_word' id='word_1_243' title='bbox 946 3093 1031 3140; x_wconf 87' lang='lat' dir='ltr'><strong>est</strong></span> <span class='ocrx_word' id='word_1_244' title='bbox 1048 3083 1394 3154; x_wconf 86' lang='lat' dir='ltr'><strong>omnipotens</strong></span> <span class='ocrx_word' id='word_1_245' title='bbox 1412 3079 1478 3136; x_wconf 90' lang='lat' dir='ltr'><strong>de</strong></span> <span class='ocrx_word' id='word_1_246' title='bbox 1497 3082 1886 3152; x_wconf 87' lang='lat' dir='ltr'><strong>omnipotente,</strong></span> 
     </span>
    </p>
   </div>
   <div class='ocr_carea' id='block_1_32' title="bbox 1985 495 3584 576">
    <p class='ocr_par' dir='ltr' id='par_1_32' title="bbox 1985 495 3584 576">
     <span class='ocr_line' id='line_1_32' title="bbox 1985 495 3584 576; baseline 0.005 -22"><span class='ocrx_word' id='word_1_247' title='bbox 1985 500 2236 565; x_wconf 87' lang='lat' dir='ltr'><strong>virtutes,</strong></span> <span class='ocrx_word' id='word_1_248' title='bbox 2270 519 2369 558; x_wconf 91' lang='lat' dir='ltr'><strong>nec</strong></span> <span class='ocrx_word' id='word_1_249' title='bbox 2398 512 2510 560; x_wconf 89' lang='lat' dir='ltr'><strong>tres</strong></span> <span class='ocrx_word' id='word_1_250' title='bbox 2536 503 2848 576; x_wconf 78' lang='lat' dir='ltr'><strong>sapientius,</strong></span> <span class='ocrx_word' id='word_1_251' title='bbox 2876 503 3002 574; x_wconf 88' lang='lat' dir='ltr'><strong>quia</strong></span> <span class='ocrx_word' id='word_1_252' title='bbox 3035 495 3296 574; x_wconf 77' lang='lat' dir='ltr'><strong>sapientia</strong></span> <span class='ocrx_word' id='word_1_253' title='bbox 3327 505 3584 562; x_wconf 68' lang='lat' dir='ltr'><strong>substan-</strong></span> 
     </span>
    </p>
   </div>
   <div class='ocr_carea' id='block_1_33' title="bbox 1985 592 3580 664">
    <p class='ocr_par' dir='ltr' id='par_1_33' title="bbox 1985 592 3580 664">
     <span class='ocr_line' id='line_1_33' title="bbox 1985 592 3580 664; baseline 0.003 -16"><span class='ocrx_word' id='word_1_254' title='bbox 1985 592 2112 648; x_wconf 82' lang='lat' dir='ltr'><strong>tiale</strong></span> <span class='ocrx_word' id='word_1_255' title='bbox 2143 609 2336 656; x_wconf 88' lang='lat' dir='ltr'><strong>nomen</strong></span> <span class='ocrx_word' id='word_1_256' title='bbox 2361 604 2470 664; x_wconf 81' lang='lat' dir='ltr'><strong>est,</strong></span> <span class='ocrx_word' id='word_1_257' title='bbox 2499 598 2637 654; x_wconf 89' lang='lat' dir='ltr'><strong>sicut</strong></span> <span class='ocrx_word' id='word_1_258' title='bbox 2666 599 2855 654; x_wconf 90' lang='lat' dir='ltr'><strong>virtus.</strong></span> <span class='ocrx_word' id='word_1_259' title='bbox 2909 595 3019 656; x_wconf 78' lang='lat' dir='ltr'><strong>Nec</strong></span> <span class='ocrx_word' id='word_1_260' title='bbox 3053 596 3198 656; x_wconf 81' lang='lat' dir='ltr'><strong>aliud</strong></span> <span class='ocrx_word' id='word_1_261' title='bbox 3237 605 3322 658; x_wconf 80' lang='lat' dir='ltr'><strong>est</strong></span> <span class='ocrx_word' id='word_1_262' title='bbox 3369 595 3423 654; x_wconf 86' lang='lat' dir='ltr'><strong>in</strong></span> <span class='ocrx_word' id='word_1_263' title='bbox 3470 595 3580 652; x_wconf 91' lang='lat' dir='ltr'><strong>Deo</strong></span> 
     </span>
    </p>
   </div>
   <div class='ocr_carea' id='block_1_34' title="bbox 1985 684 3583 764">
    <p class='ocr_par' dir='ltr' id='par_1_34' title="bbox 1985 684 3583 764">
     <span class='ocr_line' id='line_1_34' title="bbox 1985 684 3583 764; baseline 0.004 -26"><span class='ocrx_word' id='word_1_264' title='bbox 1985 699 2126 752; x_wconf 87' lang='lat' dir='ltr'><strong>esse,</strong></span> <span class='ocrx_word' id='word_1_265' title='bbox 2167 684 2313 740; x_wconf 82' lang='lat' dir='ltr'><strong>aliud</strong></span> <span class='ocrx_word' id='word_1_266' title='bbox 2345 701 2558 760; x_wconf 82' lang='lat' dir='ltr'><strong>sapere,</strong></span> <span class='ocrx_word' id='word_1_267' title='bbox 2603 688 2748 748; x_wconf 80' lang='lat' dir='ltr'><strong>aliud</strong></span> <span class='ocrx_word' id='word_1_268' title='bbox 2789 703 2982 764; x_wconf 81' lang='lat' dir='ltr'><strong>posse;</strong></span> <span class='ocrx_word' id='word_1_269' title='bbox 3011 686 3104 746; x_wconf 85' lang='lat' dir='ltr'><strong>sed</strong></span> <span class='ocrx_word' id='word_1_270' title='bbox 3147 702 3317 748; x_wconf 87' lang='lat' dir='ltr'><strong>unum</strong></span> <span class='ocrx_word' id='word_1_271' title='bbox 3358 695 3442 744; x_wconf 82' lang='lat' dir='ltr'><strong>est</strong></span> <span class='ocrx_word' id='word_1_272' title='bbox 3470 687 3583 756; x_wconf 72' lang='lat' dir='ltr'><strong>Deo</strong></span> 
     </span>
    </p>
   </div>
   <div class='ocr_carea' id='block_1_35' title="bbox 1985 792 2571 850">
    <p class='ocr_par' dir='ltr' id='par_1_35' title="bbox 1985 792 2571 850">
     <span class='ocr_line' id='line_1_35' title="bbox 1985 792 2571 850; baseline 0 -18"><span class='ocrx_word' id='word_1_273' title='bbox 1985 792 2127 841; x_wconf 85' lang='lat' dir='ltr'><strong>esse,</strong></span> <span class='ocrx_word' id='word_1_274' title='bbox 2157 792 2368 847; x_wconf 59' lang='lat' dir='ltr'><strong>sapere,</strong></span> <span class='ocrx_word' id='word_1_275' title='bbox 2394 793 2571 850; x_wconf 82' lang='lat' dir='ltr'><strong>posse.</strong></span> 
     </span>
    </p>
   </div>
   <div class='ocr_carea' id='block_1_36' title="bbox 2057 867 3583 944">
    <p class='ocr_par' dir='ltr' id='par_1_36' title="bbox 2057 867 3583 944">
     <span class='ocr_line' id='line_1_36' title="bbox 2057 867 3583 944; baseline 0.004 -22"><span class='ocrx_word' id='word_1_276' title='bbox 2057 867 2224 924; x_wconf 87' lang='lat' dir='ltr'><strong>Inter.</strong></span> <span class='ocrx_word' id='word_1_277' title='bbox 2253 870 2340 924; x_wconf 76' lang='lat' dir='ltr'><strong>2i.</strong></span> <span class='ocrx_word' id='word_1_278' title='bbox 2380 870 2574 936; x_wconf 75' lang='lat' dir='ltr'><strong>Utrum</strong></span> <span class='ocrx_word' id='word_1_279' title='bbox 2612 871 2682 926; x_wconf 89' lang='lat' dir='ltr'><strong>ad</strong></span> <span class='ocrx_word' id='word_1_280' title='bbox 2727 871 2894 934; x_wconf 84' lang='lat' dir='ltr'><strong>solam</strong></span> <span class='ocrx_word' id='word_1_281' title='bbox 2927 871 3100 930; x_wconf 86' lang='lat' dir='ltr'><strong>sancti</strong></span> <span class='ocrx_word' id='word_1_282' title='bbox 3138 870 3372 943; x_wconf 70' lang='lat' dir='ltr'><strong>Spiritus</strong></span> <span class='ocrx_word' id='word_1_283' title='bbox 3396 886 3583 944; x_wconf 84' lang='lat' dir='ltr'><strong>perso-</strong></span> 
     </span>
    </p>
   </div>
   <div class='ocr_carea' id='block_1_37' title="bbox 1986 961 3582 1034">
    <p class='ocr_par' dir='ltr' id='par_1_37' title="bbox 1986 961 3582 1034">
     <span class='ocr_line' id='line_1_37' title="bbox 1986 961 3582 1034; baseline -0.001 -16"><span class='ocrx_word' id='word_1_284' title='bbox 1986 977 2110 1020; x_wconf 85' lang='lat' dir='ltr'><strong>nam</strong></span> <span class='ocrx_word' id='word_1_285' title='bbox 2147 962 2439 1031; x_wconf 89' lang='lat' dir='ltr'><strong>pertineat,</strong></span> <span class='ocrx_word' id='word_1_286' title='bbox 2480 963 2606 1020; x_wconf 87' lang='lat' dir='ltr'><strong>dum</strong></span> <span class='ocrx_word' id='word_1_287' title='bbox 2650 962 2938 1034; x_wconf 86' lang='lat' dir='ltr'><strong>Apostolus</strong></span> <span class='ocrx_word' id='word_1_288' title='bbox 2970 961 3137 1022; x_wconf 87' lang='lat' dir='ltr'><strong>dicit:</strong></span> <span class='ocrx_word' id='word_1_289' title='bbox 3175 963 3318 1022; x_wconf 72' lang='lat' dir='ltr'><strong>Deus</strong></span> <span class='ocrx_word' id='word_1_290' title='bbox 3349 964 3582 1022; x_wconf 74' lang='lat' dir='ltr'><strong>charitas</strong></span> 
     </span>
    </p>
   </div>
   <div class='ocr_carea' id='block_1_38' title="bbox 1986 1053 3585 1132">
    <p class='ocr_par' dir='ltr' id='par_1_38' title="bbox 1986 1053 3585 1132">
     <span class='ocr_line' id='line_1_38' title="bbox 1986 1053 3585 1132; baseline -0.001 -22"><span class='ocrx_word' id='word_1_291' title='bbox 1986 1064 2060 1110; x_wconf 71' lang='lat' dir='ltr'><strong>est</strong></span> <span class='ocrx_word' id='word_1_292' title='bbox 2099 1053 2148 1127; x_wconf 92' lang='lat' dir='ltr'><strong>(I</strong></span> <span class='ocrx_word' id='word_1_293' title='bbox 2177 1055 2336 1111; x_wconf 82' lang='lat' dir='ltr'><strong>Joan.</strong></span> <span class='ocrx_word' id='word_1_294' title='bbox 2363 1071 2433 1119; x_wconf 87' lang='lat' dir='ltr'><strong>tv,</strong></span> <span class='ocrx_word' id='word_1_295' title='bbox 2463 1055 2542 1126; x_wconf 91' lang='lat'><strong>8),</strong></span> <span class='ocrx_word' id='word_1_296' title='bbox 2576 1056 2666 1124; x_wconf 85' lang='lat' dir='ltr'><strong>qui</strong></span> <span class='ocrx_word' id='word_1_297' title='bbox 2697 1054 2831 1132; x_wconf 81' lang='grc' dir='ltr'><strong>[Αι.,</strong></span> <span class='ocrx_word' id='word_1_298' title='bbox 2857 1055 3003 1132; x_wconf 64' lang='lat' dir='ltr'><strong>quae]</strong></span> <span class='ocrx_word' id='word_1_299' title='bbox 3050 1056 3268 1112; x_wconf 87' lang='lat' dir='ltr'><strong>dilectio</strong></span> <span class='ocrx_word' id='word_1_300' title='bbox 3303 1055 3483 1120; x_wconf 84' lang='lat' dir='ltr'><strong>Patris</strong></span> <span class='ocrx_word' id='word_1_301' title='bbox 3527 1059 3585 1112; x_wconf 87' lang='lat' dir='ltr'><strong>et</strong></span> 
     </span>
    </p>
   </div>
   <div class='ocr_carea' id='block_1_39' title="bbox 1987 1143 3585 1222">
    <p class='ocr_par' dir='ltr' id='par_1_39' title="bbox 1987 1143 3585 1222">
     <span class='ocr_line' id='line_1_39' title="bbox 1987 1143 3585 1222; baseline 0.001 -22"><span class='ocrx_word' id='word_1_302' title='bbox 1987 1143 2108 1200; x_wconf 84' lang='lat' dir='ltr'><strong>Filii</strong></span> <span class='ocrx_word' id='word_1_303' title='bbox 2143 1161 2263 1204; x_wconf 86' lang='lat' dir='ltr'><strong>esse</strong></span> <span class='ocrx_word' id='word_1_304' title='bbox 2311 1145 2633 1222; x_wconf 81' lang='lat' dir='ltr'><strong>legitur?—</strong></span> <span class='ocrx_word' id='word_1_305' title='bbox 2667 1146 2821 1218; x_wconf 75' lang='lat' dir='ltr'><strong>Resp.</strong></span> <span class='ocrx_word' id='word_1_306' title='bbox 2867 1145 3181 1204; x_wconf 74' lang='lat' dir='ltr'><strong>Nullatenus</strong></span> <span class='ocrx_word' id='word_1_307' title='bbox 3227 1148 3301 1206; x_wconf 87' lang='lat' dir='ltr'><strong>ita</strong></span> <span class='ocrx_word' id='word_1_308' title='bbox 3349 1145 3585 1218; x_wconf 85' lang='lat' dir='ltr'><strong>Spiritus</strong></span> 
     </span>
    </p>
   </div>
   <div class='ocr_carea' id='block_1_40' title="bbox 1988 1237 3587 1308">
    <p class='ocr_par' dir='ltr' id='par_1_40' title="bbox 1988 1237 3587 1308">
     <span class='ocr_line' id='line_1_40' title="bbox 1988 1237 3587 1308; baseline -0.004 -12"><span class='ocrx_word' id='word_1_309' title='bbox 1988 1246 2212 1296; x_wconf 81' lang='lat' dir='ltr'><strong>sanctus</strong></span> <span class='ocrx_word' id='word_1_310' title='bbox 2245 1238 2488 1300; x_wconf 80' lang='lat' dir='ltr'><strong>Charitas</strong></span> <span class='ocrx_word' id='word_1_311' title='bbox 2519 1238 2858 1308; x_wconf 80' lang='lat' dir='ltr'><strong>intelligitur,</strong></span> <span class='ocrx_word' id='word_1_312' title='bbox 2887 1237 3042 1308; x_wconf 89' lang='lat' dir='ltr'><strong>quasi</strong></span> <span class='ocrx_word' id='word_1_313' title='bbox 3073 1254 3182 1294; x_wconf 89' lang='lat' dir='ltr'><strong>non</strong></span> <span class='ocrx_word' id='word_1_314' title='bbox 3227 1239 3298 1292; x_wconf 86' lang='lat' dir='ltr'><strong>sit</strong></span> <span class='ocrx_word' id='word_1_315' title='bbox 3341 1237 3502 1302; x_wconf 80' lang='lat' dir='ltr'><strong>Pater</strong></span> <span class='ocrx_word' id='word_1_316' title='bbox 3529 1243 3587 1290; x_wconf 92' lang='lat' dir='ltr'><strong>et</strong></span> 
     </span>
    </p>
   </div>
   <div class='ocr_carea' id='block_1_41' title="bbox 1987 1330 3583 1402">
    <p class='ocr_par' dir='ltr' id='par_1_41' title="bbox 1987 1330 3583 1402">
     <span class='ocr_line' id='line_1_41' title="bbox 1987 1330 3583 1402; baseline -0.001 -17"><span class='ocrx_word' id='word_1_317' title='bbox 1987 1331 2159 1392; x_wconf 73' lang='lat' dir='ltr'><strong>Filius</strong></span> <span class='ocrx_word' id='word_1_318' title='bbox 2189 1331 2448 1394; x_wconf 84' lang='lat' dir='ltr'><strong>charitas.</strong></span> <span class='ocrx_word' id='word_1_319' title='bbox 2484 1330 2635 1388; x_wconf 85' lang='lat' dir='ltr'><strong>Sicut</strong></span> <span class='ocrx_word' id='word_1_320' title='bbox 2673 1330 2908 1402; x_wconf 87' lang='lat' dir='ltr'><strong>Spiritus</strong></span> <span class='ocrx_word' id='word_1_321' title='bbox 2949 1335 3170 1386; x_wconf 89' lang='lat' dir='ltr'><strong>sanctus</strong></span> <span class='ocrx_word' id='word_1_322' title='bbox 3200 1339 3285 1386; x_wconf 88' lang='lat' dir='ltr'><strong>est</strong></span> <span class='ocrx_word' id='word_1_323' title='bbox 3322 1330 3583 1398; x_wconf 68' lang='lat' dir='ltr'><strong>charitas,</strong></span> 
     </span>
    </p>
   </div>
   <div class='ocr_carea' id='block_1_42' title="bbox 1989 1421 3580 1496">
    <p class='ocr_par' dir='ltr' id='par_1_42' title="bbox 1989 1421 3580 1496">
     <span class='ocr_line' id='line_1_42' title="bbox 1989 1421 3580 1496; baseline -0.002 -18"><span class='ocrx_word' id='word_1_324' title='bbox 1989 1424 2062 1478; x_wconf 84' lang='lat' dir='ltr'><strong>ita</strong></span> <span class='ocrx_word' id='word_1_325' title='bbox 2088 1432 2143 1477; x_wconf 92' lang='lat' dir='ltr'><strong>et</strong></span> <span class='ocrx_word' id='word_1_326' title='bbox 2169 1421 2329 1476; x_wconf 88' lang='lat' dir='ltr'><strong>Pater</strong></span> <span class='ocrx_word' id='word_1_327' title='bbox 2351 1432 2434 1478; x_wconf 91' lang='lat' dir='ltr'><strong>est</strong></span> <span class='ocrx_word' id='word_1_328' title='bbox 2462 1424 2702 1478; x_wconf 88' lang='lat' dir='ltr'><strong>charitas</strong></span> <span class='ocrx_word' id='word_1_329' title='bbox 2743 1423 2820 1496; x_wconf 93' lang='lat' dir='ltr'><strong>[et</strong></span> <span class='ocrx_word' id='word_1_330' title='bbox 2844 1423 3014 1478; x_wconf 88' lang='lat' dir='ltr'><strong>Filius</strong></span> <span class='ocrx_word' id='word_1_331' title='bbox 3041 1432 3124 1478; x_wconf 91' lang='lat' dir='ltr'><strong>est</strong></span> <span class='ocrx_word' id='word_1_332' title='bbox 3152 1421 3439 1493; x_wconf 86' lang='lat' dir='ltr'><strong>charitas,]</strong></span> <span class='ocrx_word' id='word_1_333' title='bbox 3470 1437 3580 1476; x_wconf 89' lang='lat' dir='ltr'><strong>non</strong></span> 
     </span>
    </p>
   </div>
   <div class='ocr_carea' id='block_1_43' title="bbox 1988 1511 3589 1583">
    <p class='ocr_par' dir='ltr' id='par_1_43' title="bbox 1988 1511 3589 1583">
     <span class='ocr_line' id='line_1_43' title="bbox 1988 1511 3589 1583; baseline -0.001 -15"><span class='ocrx_word' id='word_1_334' title='bbox 1988 1521 2172 1568; x_wconf 87' lang='lat' dir='ltr'><strong>tamen</strong></span> <span class='ocrx_word' id='word_1_335' title='bbox 2213 1521 2325 1568; x_wconf 81' lang='lat' dir='ltr'><strong>tres</strong></span> <span class='ocrx_word' id='word_1_336' title='bbox 2369 1514 2685 1580; x_wconf 79' lang='lat' dir='ltr'><strong>cbaritates,</strong></span> <span class='ocrx_word' id='word_1_337' title='bbox 2729 1517 2822 1570; x_wconf 87' lang='lat' dir='ltr'><strong>sed</strong></span> <span class='ocrx_word' id='word_1_338' title='bbox 2859 1530 2969 1569; x_wconf 88' lang='lat' dir='ltr'><strong>una</strong></span> <span class='ocrx_word' id='word_1_339' title='bbox 3007 1513 3267 1569; x_wconf 87' lang='lat' dir='ltr'><strong>charitas.</strong></span> <span class='ocrx_word' id='word_1_340' title='bbox 3313 1511 3420 1568; x_wconf 81' lang='lat' dir='ltr'><strong>Sed</strong></span> <span class='ocrx_word' id='word_1_341' title='bbox 3460 1512 3589 1583; x_wconf 87' lang='lat' dir='ltr'><strong>quia</strong></span> 
     </span>
    </p>
   </div>
   <div class='ocr_carea' id='block_1_44' title="bbox 1990 1605 3588 1679">
    <p class='ocr_par' dir='ltr' id='par_1_44' title="bbox 1990 1605 3588 1679">
     <span class='ocr_line' id='line_1_44' title="bbox 1990 1605 3588 1679; baseline -0.002 -17"><span class='ocrx_word' id='word_1_342' title='bbox 1990 1605 2227 1676; x_wconf 87' lang='lat' dir='ltr'><strong>Spiritus</strong></span> <span class='ocrx_word' id='word_1_343' title='bbox 2253 1613 2476 1662; x_wconf 87' lang='lat' dir='ltr'><strong>sanctus</strong></span> <span class='ocrx_word' id='word_1_344' title='bbox 2518 1607 2721 1662; x_wconf 87' lang='lat' dir='ltr'><strong>donum</strong></span> <span class='ocrx_word' id='word_1_345' title='bbox 2750 1608 2844 1662; x_wconf 89' lang='lat' dir='ltr'><strong>Dei</strong></span> <span class='ocrx_word' id='word_1_346' title='bbox 2878 1608 3096 1679; x_wconf 87' lang='lat' dir='ltr'><strong>proprie</strong></span> <span class='ocrx_word' id='word_1_347' title='bbox 3132 1607 3357 1674; x_wconf 86' lang='lat' dir='ltr'><strong>dicitur,</strong></span> <span class='ocrx_word' id='word_1_348' title='bbox 3386 1615 3442 1661; x_wconf 92' lang='lat' dir='ltr'><strong>et</strong></span> <span class='ocrx_word' id='word_1_349' title='bbox 3469 1605 3588 1660; x_wconf 91' lang='lat' dir='ltr'><strong>nul-</strong></span> 
     </span>
    </p>
   </div>
   <div class='ocr_carea' id='block_1_45' title="bbox 1989 1699 3588 1770">
    <p class='ocr_par' dir='ltr' id='par_1_45' title="bbox 1989 1699 3588 1770">
     <span class='ocr_line' id='line_1_45' title="bbox 1989 1699 3588 1770; baseline -0.001 -16"><span class='ocrx_word' id='word_1_350' title='bbox 1989 1699 2101 1754; x_wconf 91' lang='lat' dir='ltr'><strong>lum</strong></span> <span class='ocrx_word' id='word_1_351' title='bbox 2130 1699 2224 1755; x_wconf 91' lang='lat' dir='ltr'><strong>Dei</strong></span> <span class='ocrx_word' id='word_1_352' title='bbox 2254 1700 2456 1756; x_wconf 89' lang='lat' dir='ltr'><strong>donum</strong></span> <span class='ocrx_word' id='word_1_353' title='bbox 2482 1701 2746 1756; x_wconf 87' lang='lat' dir='ltr'><strong>charitate</strong></span> <span class='ocrx_word' id='word_1_354' title='bbox 2774 1699 2946 1770; x_wconf 89' lang='lat' dir='ltr'><strong>majus</strong></span> <span class='ocrx_word' id='word_1_355' title='bbox 2971 1709 3078 1765; x_wconf 89' lang='lat' dir='ltr'><strong>est,</strong></span> <span class='ocrx_word' id='word_1_356' title='bbox 3108 1701 3216 1755; x_wconf 92' lang='lat' dir='ltr'><strong>imo</strong></span> <span class='ocrx_word' id='word_1_357' title='bbox 3240 1700 3356 1754; x_wconf 91' lang='lat' dir='ltr'><strong>sine</strong></span> <span class='ocrx_word' id='word_1_358' title='bbox 3377 1714 3443 1754; x_wconf 88' lang='lat' dir='ltr'><strong>eo</strong></span> <span class='ocrx_word' id='word_1_359' title='bbox 3468 1711 3588 1752; x_wconf 67' lang='lat' dir='ltr'><strong>n13.-</strong></span> 
     </span>
    </p>
   </div>
   <div class='ocr_carea' id='block_1_46' title="bbox 1919 1779 3590 1865">
    <p class='ocr_par' dir='ltr' id='par_1_46' title="bbox 1919 1779 3590 1865">
     <span class='ocr_line' id='line_1_46' title="bbox 1919 1779 3590 1865; baseline 0.002 -21"><span class='ocrx_word' id='word_1_360' title='bbox 1919 1779 1965 1844; x_wconf 76' lang='grc' dir='ltr'><strong>Β</strong></span> <span class='ocrx_word' id='word_1_361' title='bbox 1991 1789 2104 1848; x_wconf 89' lang='lat' dir='ltr'><strong>lum</strong></span> <span class='ocrx_word' id='word_1_362' title='bbox 2132 1793 2333 1848; x_wconf 89' lang='lat' dir='ltr'><strong>donum</strong></span> <span class='ocrx_word' id='word_1_363' title='bbox 2359 1793 2428 1850; x_wconf 87' lang='lat' dir='ltr'><strong>ad</strong></span> <span class='ocrx_word' id='word_1_364' title='bbox 2453 1803 2769 1865; x_wconf 86' lang='lat' dir='ltr'><strong>perpetuam</strong></span> <span class='ocrx_word' id='word_1_365' title='bbox 2799 1794 3072 1848; x_wconf 88' lang='lat' dir='ltr'><strong>hominem</strong></span> <span class='ocrx_word' id='word_1_366' title='bbox 3101 1795 3366 1850; x_wconf 86' lang='lat' dir='ltr'><strong>deducere</strong></span> <span class='ocrx_word' id='word_1_367' title='bbox 3389 1793 3590 1864; x_wconf 87' lang='lat' dir='ltr'><strong>poterit</strong></span> 
     </span>
    </p>
   </div>
   <div class='ocr_carea' id='block_1_47' title="bbox 1994 1884 3592 1957">
    <p class='ocr_par' dir='ltr' id='par_1_47' title="bbox 1994 1884 3592 1957">
     <span class='ocr_line' id='line_1_47' title="bbox 1994 1884 3592 1957; baseline 0 -18"><span class='ocrx_word' id='word_1_368' title='bbox 1994 1884 2425 1939; x_wconf 87' lang='lat' dir='ltr'><strong>beatitudinem:</strong></span> <span class='ocrx_word' id='word_1_369' title='bbox 2459 1886 2689 1956; x_wconf 88' lang='lat' dir='ltr'><strong>proinde</strong></span> <span class='ocrx_word' id='word_1_370' title='bbox 2717 1885 2953 1956; x_wconf 88' lang='lat' dir='ltr'><strong>Spiritus</strong></span> <span class='ocrx_word' id='word_1_371' title='bbox 2994 1896 3214 1942; x_wconf 90' lang='lat' dir='ltr'><strong>sanctus</strong></span> <span class='ocrx_word' id='word_1_372' title='bbox 3250 1886 3469 1957; x_wconf 89' lang='lat' dir='ltr'><strong>proprie</strong></span> <span class='ocrx_word' id='word_1_373' title='bbox 3509 1884 3592 1939; x_wconf 86' lang='lat' dir='ltr'><strong>di-</strong></span> 
     </span>
    </p>
   </div>
   <div class='ocr_carea' id='block_1_48' title="bbox 1995 1977 2424 2034">
    <p class='ocr_par' dir='ltr' id='par_1_48' title="bbox 1995 1977 2424 2034">
     <span class='ocr_line' id='line_1_48' title="bbox 1995 1977 2424 2034; baseline 0.002 -3"><span class='ocrx_word' id='word_1_374' title='bbox 1995 1977 2137 2031; x_wconf 89' lang='lat' dir='ltr'><strong>citur</strong></span> <span class='ocrx_word' id='word_1_375' title='bbox 2163 1978 2424 2034; x_wconf 90' lang='lat' dir='ltr'><strong>charitas.</strong></span> 
     </span>
    </p>
   </div>
   <div class='ocr_carea' id='block_1_49' title="bbox 2066 2068 3589 2144">
    <p class='ocr_par' dir='ltr' id='par_1_49' title="bbox 2066 2068 3589 2144">
     <span class='ocr_line' id='line_1_49' title="bbox 2066 2068 3589 2144; baseline 0.001 -18"><span class='ocrx_word' id='word_1_376' title='bbox 2066 2068 2234 2126; x_wconf 84' lang='lat' dir='ltr'><strong>Inter.</strong></span> <span class='ocrx_word' id='word_1_377' title='bbox 2257 2071 2344 2126; x_wconf 65' lang='lat'><strong>22.</strong></span> <span class='ocrx_word' id='word_1_378' title='bbox 2375 2070 2625 2142; x_wconf 83' lang='lat' dir='ltr'><strong>Nunquid</strong></span> <span class='ocrx_word' id='word_1_379' title='bbox 2649 2072 2797 2143; x_wconf 86' lang='lat' dir='ltr'><strong>impii</strong></span> <span class='ocrx_word' id='word_1_380' title='bbox 2817 2073 2960 2130; x_wconf 86' lang='lat' dir='ltr'><strong>dona</strong></span> <span class='ocrx_word' id='word_1_381' title='bbox 2983 2075 3076 2128; x_wconf 86' lang='lat' dir='ltr'><strong>Dei</strong></span> <span class='ocrx_word' id='word_1_382' title='bbox 3101 2074 3417 2130; x_wconf 86' lang='lat' dir='ltr'><strong>babent?—</strong></span> <span class='ocrx_word' id='word_1_383' title='bbox 3435 2072 3589 2144; x_wconf 80' lang='lat' dir='ltr'><strong>Resp.</strong></span> 
     </span>
    </p>
   </div>
   <div class='ocr_carea' id='block_1_50' title="bbox 1995 2159 3594 2236">
    <p class='ocr_par' dir='ltr' id='par_1_50' title="bbox 1995 2159 3594 2236">
     <span class='ocr_line' id='line_1_50' title="bbox 1995 2159 3594 2236; baseline 0.004 -21"><span class='ocrx_word' id='word_1_384' title='bbox 1995 2159 2204 2216; x_wconf 80' lang='lat' dir='ltr'><strong>Habent</strong></span> <span class='ocrx_word' id='word_1_385' title='bbox 2240 2161 2471 2236; x_wconf 91' lang='lat' dir='ltr'><strong>[utique]</strong></span> <span class='ocrx_word' id='word_1_386' title='bbox 2503 2180 2601 2235; x_wconf 89' lang='lat' dir='ltr'><strong>per</strong></span> <span class='ocrx_word' id='word_1_387' title='bbox 2643 2181 2788 2230; x_wconf 91' lang='lat' dir='ltr'><strong>eum,</strong></span> <span class='ocrx_word' id='word_1_388' title='bbox 2821 2165 2912 2235; x_wconf 89' lang='lat' dir='ltr'><strong>qui</strong></span> <span class='ocrx_word' id='word_1_389' title='bbox 2951 2167 3219 2222; x_wconf 89' lang='lat' dir='ltr'><strong>illuminat</strong></span> <span class='ocrx_word' id='word_1_390' title='bbox 3247 2182 3463 2222; x_wconf 89' lang='lat' dir='ltr'><strong>omnem</strong></span> <span class='ocrx_word' id='word_1_391' title='bbox 3495 2168 3594 2222; x_wconf 79' lang='lat' dir='ltr'><strong>lto-</strong></span> 
     </span>
    </p>
   </div>
   <div class='ocr_carea' id='block_1_51' title="bbox 1991 2253 3588 2330">
    <p class='ocr_par' dir='ltr' id='par_1_51' title="bbox 1991 2253 3588 2330">
     <span class='ocr_line' id='line_1_51' title="bbox 1991 2253 3588 2330; baseline 0.003 -21"><span class='ocrx_word' id='word_1_392' title='bbox 1991 2253 2194 2310; x_wconf 83' lang='lat' dir='ltr'><strong>minem</strong></span> <span class='ocrx_word' id='word_1_393' title='bbox 2227 2257 2532 2311; x_wconf 69' lang='lat' dir='ltr'><strong>t’enientem</strong></span> <span class='ocrx_word' id='word_1_394' title='bbox 2566 2259 2618 2311; x_wconf 93' lang='lat' dir='ltr'><strong>in</strong></span> <span class='ocrx_word' id='word_1_395' title='bbox 2667 2260 2810 2314; x_wconf 89' lang='lat' dir='ltr'><strong>hunc</strong></span> <span class='ocrx_word' id='word_1_396' title='bbox 2841 2261 3122 2323; x_wconf 91' lang='lat' dir='ltr'><strong>mundum,</strong></span> <span class='ocrx_word' id='word_1_397' title='bbox 3156 2262 3208 2314; x_wconf 90' lang='lat' dir='ltr'><strong>in</strong></span> <span class='ocrx_word' id='word_1_398' title='bbox 3239 2277 3348 2330; x_wconf 89' lang='lat' dir='ltr'><strong>quo</strong></span> <span class='ocrx_word' id='word_1_399' title='bbox 3377 2275 3588 2326; x_wconf 89' lang='lat' dir='ltr'><strong>sumus,</strong></span> 
     </span>
    </p>
   </div>
   <div class='ocr_carea' id='block_1_52' title="bbox 1993 2349 3593 2422">
    <p class='ocr_par' dir='ltr' id='par_1_52' title="bbox 1993 2349 3593 2422">
     <span class='ocr_line' id='line_1_52' title="bbox 1993 2349 3593 2422; baseline 0.003 -20"><span class='ocrx_word' id='word_1_400' title='bbox 1993 2361 2274 2402; x_wconf 85' lang='lat' dir='ltr'><strong>movemur</strong></span> <span class='ocrx_word' id='word_1_401' title='bbox 2297 2357 2353 2403; x_wconf 90' lang='lat' dir='ltr'><strong>et</strong></span> <span class='ocrx_word' id='word_1_402' title='bbox 2381 2349 2610 2404; x_wconf 87' lang='lat' dir='ltr'><strong>vivimus</strong></span> <span class='ocrx_word' id='word_1_403' title='bbox 2642 2351 2778 2403; x_wconf 73' lang='lat' dir='ltr'><strong>=Act.</strong></span> <span class='ocrx_word' id='word_1_404' title='bbox 2805 2367 2938 2415; x_wconf 81' lang='lat' dir='ltr'><strong>xvn,</strong></span> <span class='ocrx_word' id='word_1_405' title='bbox 2966 2351 3058 2422; x_wconf 70' lang='lat'><strong>:28)</strong></span> <span class='ocrx_word' id='word_1_406' title='bbox 3087 2370 3097 2404; x_wconf 92' lang='lat'><em>:</em></span> <span class='ocrx_word' id='word_1_407' title='bbox 3127 2352 3265 2407; x_wconf 87' lang='lat' dir='ltr'><strong>bona</strong></span> <span class='ocrx_word' id='word_1_408' title='bbox 3297 2359 3422 2406; x_wconf 89' lang='lat' dir='ltr'><strong>sunt</strong></span> <span class='ocrx_word' id='word_1_409' title='bbox 3447 2351 3593 2406; x_wconf 91' lang='lat' dir='ltr'><strong>enim</strong></span> 
     </span>
    </p>
   </div>
   <div class='ocr_carea' id='block_1_53' title="bbox 1995 2438 3597 2510">
    <p class='ocr_par' dir='ltr' id='par_1_53' title="bbox 1995 2438 3597 2510">
     <span class='ocr_line' id='line_1_53' title="bbox 1995 2438 3597 2510; baseline 0.004 -18"><span class='ocrx_word' id='word_1_410' title='bbox 1995 2438 2132 2493; x_wconf 84' lang='lat' dir='ltr'><strong>dona</strong></span> <span class='ocrx_word' id='word_1_411' title='bbox 2164 2440 2258 2493; x_wconf 91' lang='lat' dir='ltr'><strong>Dei</strong></span> <span class='ocrx_word' id='word_1_412' title='bbox 2281 2441 2360 2494; x_wconf 89' lang='lat' dir='ltr'><strong>eis</strong></span> <span class='ocrx_word' id='word_1_413' title='bbox 2381 2441 2474 2510; x_wconf 88' lang='lat' dir='ltr'><strong>qui</strong></span> <span class='ocrx_word' id='word_1_414' title='bbox 2501 2440 2642 2502; x_wconf 80' lang='lat' dir='ltr'><strong>bene</strong></span> <span class='ocrx_word' id='word_1_415' title='bbox 2671 2449 2898 2502; x_wconf 83' lang='lat' dir='ltr'><strong>utuntur</strong></span> <span class='ocrx_word' id='word_1_416' title='bbox 2923 2442 3052 2502; x_wconf 81' lang='lat' dir='ltr'><strong>illis.</strong></span> <span class='ocrx_word' id='word_1_417' title='bbox 3074 2443 3200 2498; x_wconf 82' lang='lat' dir='ltr'><strong>Ideo</strong></span> <span class='ocrx_word' id='word_1_418' title='bbox 3219 2444 3461 2498; x_wconf 90' lang='lat' dir='ltr'><strong>charitas</strong></span> <span class='ocrx_word' id='word_1_419' title='bbox 3486 2444 3597 2498; x_wconf 91' lang='lat' dir='ltr'><strong>sin-</strong></span> 
     </span>
    </p>
   </div>
   <div class='ocr_carea' id='block_1_54' title="bbox 1995 2531 3594 2604">
    <p class='ocr_par' dir='ltr' id='par_1_54' title="bbox 1995 2531 3594 2604">
     <span class='ocr_line' id='line_1_54' title="bbox 1995 2531 3594 2604; baseline 0.004 -20"><span class='ocrx_word' id='word_1_420' title='bbox 1995 2531 2182 2600; x_wconf 76' lang='lat' dir='ltr'><strong>gulare</strong></span> <span class='ocrx_word' id='word_1_421' title='bbox 2207 2541 2292 2588; x_wconf 82' lang='lat' dir='ltr'><strong>est</strong></span> <span class='ocrx_word' id='word_1_422' title='bbox 2323 2533 2378 2586; x_wconf 87' lang='lat' dir='ltr'><strong>in</strong></span> <span class='ocrx_word' id='word_1_423' title='bbox 2408 2534 2610 2590; x_wconf 83' lang='lat' dir='ltr'><strong>sanctis</strong></span> <span class='ocrx_word' id='word_1_424' title='bbox 2637 2534 2860 2600; x_wconf 85' lang='lat' dir='ltr'><strong>donum,</strong></span> <span class='ocrx_word' id='word_1_425' title='bbox 2891 2535 2945 2591; x_wconf 87' lang='lat' dir='ltr'><strong>in</strong></span> <span class='ocrx_word' id='word_1_426' title='bbox 2975 2551 3084 2604; x_wconf 80' lang='lat' dir='ltr'><strong>qua</strong></span> <span class='ocrx_word' id='word_1_427' title='bbox 3111 2535 3238 2592; x_wconf 79' lang='lat' dir='ltr'><strong>Filii</strong></span> <span class='ocrx_word' id='word_1_428' title='bbox 3267 2536 3366 2594; x_wconf 72' lang='lat' dir='ltr'><strong>Dei</strong></span> <span class='ocrx_word' id='word_1_429' title='bbox 3389 2535 3594 2598; x_wconf 63' lang='lat' dir='ltr'><strong>discer-</strong></span> 
     </span>
    </p>
   </div>
   <div class='ocr_carea' id='block_1_55' title="bbox 1995 2617 2761 2692">
    <p class='ocr_par' dir='ltr' id='par_1_55' title="bbox 1995 2617 2761 2692">
     <span class='ocr_line' id='line_1_55' title="bbox 1995 2617 2761 2692; baseline 0 -16"><span class='ocrx_word' id='word_1_430' title='bbox 1995 2629 2202 2676; x_wconf 82' lang='lat' dir='ltr'><strong>nuntur</strong></span> <span class='ocrx_word' id='word_1_431' title='bbox 2229 2635 2259 2674; x_wconf 75' lang='grc' dir='ltr'><strong>ει</strong></span> <span class='ocrx_word' id='word_1_432' title='bbox 2293 2617 2417 2676; x_wconf 83' lang='lat' dir='ltr'><strong>ﬁliis</strong></span> <span class='ocrx_word' id='word_1_433' title='bbox 2446 2623 2761 2692; x_wconf 83' lang='lat' dir='ltr'><strong>impietatis.</strong></span> 
     </span>
    </p>
   </div>
   <div class='ocr_carea' id='block_1_56' title="bbox 2071 2713 3598 2796">
    <p class='ocr_par' dir='ltr' id='par_1_56' title="bbox 2071 2713 3598 2796">
     <span class='ocr_line' id='line_1_56' title="bbox 2071 2713 3598 2796; baseline 0.005 -29"><span class='ocrx_word' id='word_1_434' title='bbox 2071 2713 2237 2768; x_wconf 86' lang='lat' dir='ltr'><strong>Inter.</strong></span> <span class='ocrx_word' id='word_1_435' title='bbox 2266 2715 2356 2769; x_wconf 71' lang='lat'><strong>25.</strong></span> <span class='ocrx_word' id='word_1_436' title='bbox 2387 2713 2568 2782; x_wconf 79' lang='lat' dir='ltr'><strong>Quare</strong></span> <span class='ocrx_word' id='word_1_437' title='bbox 2593 2716 2640 2770; x_wconf 93' lang='lat' dir='ltr'><strong>si</strong></span> <span class='ocrx_word' id='word_1_438' title='bbox 2677 2717 2818 2774; x_wconf 88' lang='lat' dir='ltr'><strong>Deus</strong></span> <span class='ocrx_word' id='word_1_439' title='bbox 2842 2724 2988 2774; x_wconf 85' lang='lat' dir='ltr'><strong>totus</strong></span> <span class='ocrx_word' id='word_1_440' title='bbox 3017 2715 3216 2796; x_wconf 83' lang='lat' dir='ltr'><strong>ubique</strong></span> <span class='ocrx_word' id='word_1_441' title='bbox 3241 2725 3344 2784; x_wconf 88' lang='lat' dir='ltr'><strong>est,</strong></span> <span class='ocrx_word' id='word_1_442' title='bbox 3372 2716 3427 2772; x_wconf 87' lang='lat' dir='ltr'><strong>in</strong></span> <span class='ocrx_word' id='word_1_443' title='bbox 3458 2717 3598 2786; x_wconf 72' lang='lat' dir='ltr'><strong>creto</strong></span> 
     </span>
    </p>
   </div>
   <div class='ocr_carea' id='block_1_57' title="bbox 1997 2803 3597 2880">
    <p class='ocr_par' dir='ltr' id='par_1_57' title="bbox 1997 2803 3597 2880">
     <span class='ocr_line' id='line_1_57' title="bbox 1997 2803 3597 2880; baseline 0.004 -23"><span class='ocrx_word' id='word_1_444' title='bbox 1997 2803 2200 2862; x_wconf 83' lang='lat' dir='ltr'><strong>dicitur</strong></span> <span class='ocrx_word' id='word_1_445' title='bbox 2223 2805 2394 2875; x_wconf 73' lang='lat' dir='ltr'><strong>magis</strong></span> <span class='ocrx_word' id='word_1_446' title='bbox 2421 2805 2692 2873; x_wconf 73' lang='lat' dir='ltr'><strong>habitare,</strong></span> <span class='ocrx_word' id='word_1_447' title='bbox 2717 2823 2882 2877; x_wconf 85' lang='lat' dir='ltr'><strong>quam</strong></span> <span class='ocrx_word' id='word_1_448' title='bbox 2911 2810 2966 2866; x_wconf 88' lang='lat' dir='ltr'><strong>in</strong></span> <span class='ocrx_word' id='word_1_449' title='bbox 2996 2810 3260 2866; x_wconf 74' lang='lat' dir='ltr'><strong>terra‘l—</strong></span> <span class='ocrx_word' id='word_1_450' title='bbox 3277 2809 3434 2880; x_wconf 80' lang='lat' dir='ltr'><strong>Resp.</strong></span> <span class='ocrx_word' id='word_1_451' title='bbox 3459 2809 3597 2878; x_wconf 83' lang='lat' dir='ltr'><strong>Quia</strong></span> 
     </span>
    </p>
   </div>
   <div class='ocr_carea' id='block_1_58' title="bbox 1997 2897 3598 2973">
    <p class='ocr_par' dir='ltr' id='par_1_58' title="bbox 1997 2897 3598 2973">
     <span class='ocr_line' id='line_1_58' title="bbox 1997 2897 3598 2973; baseline 0.004 -23"><span class='ocrx_word' id='word_1_452' title='bbox 1997 2897 2172 2968; x_wconf 84' lang='lat' dir='ltr'><strong>major</strong></span> <span class='ocrx_word' id='word_1_453' title='bbox 2216 2899 2455 2969; x_wconf 82' lang='lat' dir='ltr'><strong>cognitio</strong></span> <span class='ocrx_word' id='word_1_454' title='bbox 2490 2908 2574 2953; x_wconf 88' lang='lat' dir='ltr'><strong>est</strong></span> <span class='ocrx_word' id='word_1_455' title='bbox 2623 2900 2676 2953; x_wconf 90' lang='lat' dir='ltr'><strong>in</strong></span> <span class='ocrx_word' id='word_1_456' title='bbox 2713 2901 2918 2956; x_wconf 86' lang='lat' dir='ltr'><strong>sanctis</strong></span> <span class='ocrx_word' id='word_1_457' title='bbox 2946 2902 3174 2973; x_wconf 77' lang='lat' dir='ltr'><strong>angelis,</strong></span> <span class='ocrx_word' id='word_1_458' title='bbox 3204 2903 3598 2973; x_wconf 79' lang='lat' dir='ltr'><strong>animabusque</strong></span> 
     </span>
    </p>
   </div>
   <div class='ocr_carea' id='block_1_59' title="bbox 1998 2989 3594 3063">
    <p class='ocr_par' dir='ltr' id='par_1_59' title="bbox 1998 2989 3594 3063">
     <span class='ocr_line' id='line_1_59' title="bbox 1998 2989 3594 3063; baseline 0.004 -19"><span class='ocrx_word' id='word_1_459' title='bbox 1998 2998 2312 3044; x_wconf 85' lang='lat' dir='ltr'><strong>sanctorum</strong></span> <span class='ocrx_word' id='word_1_460' title='bbox 2339 2989 2658 3057; x_wconf 81' lang='lat' dir='ltr'><strong>divinitatis,</strong></span> <span class='ocrx_word' id='word_1_461' title='bbox 2683 3009 2805 3046; x_wconf 87' lang='lat' dir='ltr'><strong>cum</strong></span> <span class='ocrx_word' id='word_1_462' title='bbox 2829 2993 2936 3048; x_wconf 92' lang='lat' dir='ltr'><strong>sint</strong></span> <span class='ocrx_word' id='word_1_463' title='bbox 2960 2993 3099 3063; x_wconf 90' lang='lat' dir='ltr'><strong>apud</strong></span> <span class='ocrx_word' id='word_1_464' title='bbox 3128 2993 3314 3060; x_wconf 87' lang='lat' dir='ltr'><strong>Deum,</strong></span> <span class='ocrx_word' id='word_1_465' title='bbox 3351 2993 3406 3050; x_wconf 89' lang='lat' dir='ltr'><strong>in</strong></span> <span class='ocrx_word' id='word_1_466' title='bbox 3440 2993 3594 3052; x_wconf 75' lang='lat' dir='ltr'><strong>cmlis</strong></span> 
     </span>
    </p>
   </div>
   <div class='ocr_carea' id='block_1_60' title="bbox 1999 3079 3599 3158">
    <p class='ocr_par' dir='ltr' id='par_1_60' title="bbox 1999 3079 3599 3158">
     <span class='ocr_line' id='line_1_60' title="bbox 1999 3079 3599 3158; baseline 0.008 -27"><span class='ocrx_word' id='word_1_467' title='bbox 1999 3095 2162 3150; x_wconf 85' lang='lat' dir='ltr'><strong>quam</strong></span> <span class='ocrx_word' id='word_1_468' title='bbox 2196 3079 2248 3134; x_wconf 92' lang='lat' dir='ltr'><strong>in</strong></span> <span class='ocrx_word' id='word_1_469' title='bbox 2294 3081 2474 3136; x_wconf 84' lang='lat' dir='ltr'><strong>terris.</strong></span> <span class='ocrx_word' id='word_1_470' title='bbox 2508 3080 2663 3136; x_wconf 84' lang='lat' dir='ltr'><strong>Sicut</strong></span> <span class='ocrx_word' id='word_1_471' title='bbox 2690 3084 2833 3138; x_wconf 87' lang='lat' dir='ltr'><strong>enim</strong></span> <span class='ocrx_word' id='word_1_472' title='bbox 2875 3084 2927 3146; x_wconf 88' lang='lat' dir='ltr'><strong>in</strong></span> <span class='ocrx_word' id='word_1_473' title='bbox 2962 3085 3065 3140; x_wconf 88' lang='lat' dir='ltr'><strong>hoc</strong></span> <span class='ocrx_word' id='word_1_474' title='bbox 3109 3085 3321 3148; x_wconf 77' lang='lat' dir='ltr'><strong>mortali</strong></span> <span class='ocrx_word' id='word_1_475' title='bbox 3367 3103 3599 3158; x_wconf 80' lang='lat' dir='ltr'><strong>corpore</strong></span> 
     </span>
    </p>
   </div>
   <div class='ocr_carea' id='block_1_61' title="bbox 287 3171 3598 3249">
    <p class='ocr_par' dir='ltr' id='par_1_61' title="bbox 287 3171 3598 3249">
     <span class='ocr_line' id='line_1_61' title="bbox 287 3171 3598 3249; baseline 0 -14"><span class='ocrx_word' id='word_1_476' title='bbox 287 3177 470 3236; x_wconf 75' lang='lat' dir='ltr'><strong>bonus</strong></span> <span class='ocrx_word' id='word_1_477' title='bbox 493 3178 562 3234; x_wconf 87' lang='lat' dir='ltr'><strong>de</strong></span> <span class='ocrx_word' id='word_1_478' title='bbox 588 3178 750 3240; x_wconf 84' lang='lat' dir='ltr'><strong>bono,</strong></span> <span class='ocrx_word' id='word_1_479' title='bbox 776 3189 1003 3248; x_wconf 84' lang='lat' dir='ltr'><strong>magnus</strong></span> <span class='ocrx_word' id='word_1_480' title='bbox 1029 3175 1096 3230; x_wconf 81' lang='lat' dir='ltr'><strong>de</strong></span> <span class='ocrx_word' id='word_1_481' title='bbox 1124 3187 1344 3246; x_wconf 81' lang='lat' dir='ltr'><strong>magno,</strong></span> <span class='ocrx_word' id='word_1_482' title='bbox 1365 3173 1464 3229; x_wconf 79' lang='lat' dir='ltr'><strong>sed</strong></span> <span class='ocrx_word' id='word_1_483' title='bbox 1493 3187 1604 3228; x_wconf 88' lang='lat' dir='ltr'><strong>non</strong></span> <span class='ocrx_word' id='word_1_484' title='bbox 1627 3173 1701 3226; x_wconf 84' lang='lat' dir='ltr'><strong>ita</strong></span> <span class='ocrx_word' id='word_1_485' title='bbox 1728 3173 1784 3227; x_wconf 88' lang='lat' dir='ltr'><strong>in</strong></span> <span class='ocrx_word' id='word_1_486' title='bbox 1809 3187 1896 3228; x_wconf 92' lang='lat' dir='ltr'><strong>re-</strong></span> <span class='ocrx_word' id='word_1_487' title='bbox 1921 3175 1972 3237; x_wconf 76' lang='grc' dir='ltr'><strong>ε’,</strong></span> <span class='ocrx_word' id='word_1_488' title='bbox 2000 3171 2222 3240; x_wconf 83' lang='lat' dir='ltr'><strong>quidam</strong></span> <span class='ocrx_word' id='word_1_489' title='bbox 2289 3173 2460 3242; x_wconf 84' lang='lat' dir='ltr'><strong>magis</strong></span> <span class='ocrx_word' id='word_1_490' title='bbox 2522 3173 2830 3244; x_wconf 88' lang='lat' dir='ltr'><strong>intelligunt</strong></span> <span class='ocrx_word' id='word_1_491' title='bbox 2897 3177 3132 3231; x_wconf 83' lang='lat' dir='ltr'><strong>divinam</strong></span> <span class='ocrx_word' id='word_1_492' title='bbox 3207 3179 3564 3236; x_wconf 83' lang='lat' dir='ltr'><strong>substantiam</strong></span> <span class='ocrx_word' id='word_1_493' title='bbox 3581 3221 3598 3249; x_wconf 94' lang='lat'><strong>,</strong></span> 
     </span>
    </p>
   </div>
   <div class='ocr_carea' id='block_1_62' title="bbox 287 3270 501 3338">
    <p class='ocr_par' dir='ltr' id='par_1_62' title="bbox 287 3270 501 3338">
     <span class='ocr_line' id='line_1_62' title="bbox 287 3270 501 3338; baseline -0.009 -9"><span class='ocrx_word' id='word_1_494' title='bbox 287 3270 501 3338; x_wconf 69' lang='lat' dir='ltr'><strong>lativis.</strong></span> 
     </span>
    </p>
   </div>
   <div class='ocr_carea' id='block_1_63' title="bbox 365 3341 1895 3434">
    <p class='ocr_par' dir='ltr' id='par_1_63' title="bbox 365 3341 1895 3434">
     <span class='ocr_line' id='line_1_63' title="bbox 365 3341 1895 3434; baseline -0.005 -13"><span class='ocrx_word' id='word_1_495' title='bbox 365 3363 532 3426; x_wconf 76' lang='lat' dir='ltr'><strong>Inter.</strong></span> <span class='ocrx_word' id='word_1_496' title='bbox 561 3363 645 3420; x_wconf 84' lang='lat' dir='ltr'><strong>l8.</strong></span> <span class='ocrx_word' id='word_1_497' title='bbox 679 3361 785 3419; x_wconf 86' lang='lat' dir='ltr'><strong>Sed</strong></span> <span class='ocrx_word' id='word_1_498' title='bbox 801 3341 1082 3434; x_wconf 63' lang='lat' dir='ltr'><strong>quomodo</strong></span> <span class='ocrx_word' id='word_1_499' title='bbox 1117 3361 1173 3416; x_wconf 90' lang='lat' dir='ltr'><strong>in</strong></span> <span class='ocrx_word' id='word_1_500' title='bbox 1198 3359 1442 3422; x_wconf 84' lang='lat' dir='ltr'><strong>relativis</strong></span> <span class='ocrx_word' id='word_1_501' title='bbox 1470 3357 1782 3414; x_wconf 75' lang='lat' dir='ltr'><strong>nominibus</strong></span> <span class='ocrx_word' id='word_1_502' title='bbox 1811 3358 1895 3414; x_wconf 88' lang='lat' dir='ltr'><strong>di-</strong></span> 
     </span>
    </p>
   </div>
   <div class='ocr_carea' id='block_1_64' title="bbox 282 3449 1890 3525">
    <p class='ocr_par' dir='ltr' id='par_1_64' title="bbox 282 3449 1890 3525">
     <span class='ocr_line' id='line_1_64' title="bbox 282 3449 1890 3525; baseline -0.008 -9"><span class='ocrx_word' id='word_1_503' title='bbox 282 3457 523 3516; x_wconf 71' lang='lat' dir='ltr'><strong>cendam</strong></span> <span class='ocrx_word' id='word_1_504' title='bbox 549 3456 664 3512; x_wconf 82' lang='lat' dir='ltr'><strong>est?</strong></span> <span class='ocrx_word' id='word_1_505' title='bbox 683 3483 754 3494; x_wconf 93' lang='lat'><strong>—-</strong></span> <span class='ocrx_word' id='word_1_506' title='bbox 780 3454 936 3525; x_wconf 75' lang='lat' dir='ltr'><strong>Resp.</strong></span> <span class='ocrx_word' id='word_1_507' title='bbox 968 3452 1087 3508; x_wconf 90' lang='lat' dir='ltr'><strong>Non</strong></span> <span class='ocrx_word' id='word_1_508' title='bbox 1113 3465 1404 3523; x_wconf 78' lang='lat' dir='ltr'><strong>possumus</strong></span> <span class='ocrx_word' id='word_1_509' title='bbox 1436 3451 1620 3508; x_wconf 88' lang='lat' dir='ltr'><strong>dicere</strong></span> <span class='ocrx_word' id='word_1_510' title='bbox 1650 3449 1890 3504; x_wconf 77' lang='lat' dir='ltr'><strong>Verbum</strong></span> 
     </span>
    </p>
   </div>
   <div class='ocr_carea' id='block_1_65' title="bbox 289 3541 1892 3617">
    <p class='ocr_par' dir='ltr' id='par_1_65' title="bbox 289 3541 1892 3617">
     <span class='ocr_line' id='line_1_65' title="bbox 289 3541 1892 3617; baseline -0.006 -12"><span class='ocrx_word' id='word_1_511' title='bbox 289 3549 362 3605; x_wconf 86' lang='lat' dir='ltr'><strong>de</strong></span> <span class='ocrx_word' id='word_1_512' title='bbox 385 3547 586 3612; x_wconf 80' lang='lat' dir='ltr'><strong>Verbo,</strong></span> <span class='ocrx_word' id='word_1_513' title='bbox 615 3547 741 3617; x_wconf 91' lang='lat' dir='ltr'><strong>quia</strong></span> <span class='ocrx_word' id='word_1_514' title='bbox 771 3545 1058 3600; x_wconf 84' lang='lat' dir='ltr'><strong>relativum</strong></span> <span class='ocrx_word' id='word_1_515' title='bbox 1105 3557 1300 3598; x_wconf 86' lang='lat' dir='ltr'><strong>nomen</strong></span> <span class='ocrx_word' id='word_1_516' title='bbox 1329 3549 1412 3598; x_wconf 84' lang='lat' dir='ltr'><strong>est</strong></span> <span class='ocrx_word' id='word_1_517' title='bbox 1443 3542 1702 3607; x_wconf 81' lang='lat' dir='ltr'><strong>Verbum,</strong></span> <span class='ocrx_word' id='word_1_518' title='bbox 1747 3541 1892 3610; x_wconf 88' lang='lat' dir='ltr'><strong>quod</strong></span> 
     </span>
    </p>
   </div>
   <div class='ocr_carea' id='block_1_66' title="bbox 284 3633 1892 3708">
    <p class='ocr_par' dir='ltr' id='par_1_66' title="bbox 284 3633 1892 3708">
     <span class='ocr_line' id='line_1_66' title="bbox 284 3633 1892 3708; baseline -0.007 -9"><span class='ocrx_word' id='word_1_519' title='bbox 284 3642 441 3708; x_wconf 67' lang='lat' dir='ltr'><strong>anius</strong></span> <span class='ocrx_word' id='word_1_520' title='bbox 462 3650 548 3697; x_wconf 90' lang='lat' dir='ltr'><strong>est</strong></span> <span class='ocrx_word' id='word_1_521' title='bbox 574 3639 772 3705; x_wconf 83' lang='lat' dir='ltr'><strong>Filius;</strong></span> <span class='ocrx_word' id='word_1_522' title='bbox 805 3639 946 3694; x_wconf 88' lang='lat' dir='ltr'><strong>sicut</strong></span> <span class='ocrx_word' id='word_1_523' title='bbox 973 3637 1228 3701; x_wconf 86' lang='lat' dir='ltr'><strong>dicimus,</strong></span> <span class='ocrx_word' id='word_1_524' title='bbox 1257 3637 1423 3692; x_wconf 87' lang='lat' dir='ltr'><strong>Deum</strong></span> <span class='ocrx_word' id='word_1_525' title='bbox 1466 3635 1532 3690; x_wconf 89' lang='lat' dir='ltr'><strong>de</strong></span> <span class='ocrx_word' id='word_1_526' title='bbox 1572 3634 1702 3700; x_wconf 86' lang='lat' dir='ltr'><strong>Deo,</strong></span> <span class='ocrx_word' id='word_1_527' title='bbox 1748 3633 1892 3706; x_wconf 91' lang='lat' dir='ltr'><strong>quod</strong></span> 
     </span>
    </p>
   </div>
   <div class='ocr_carea' id='block_1_67' title="bbox 288 3729 1892 3801">
    <p class='ocr_par' dir='ltr' id='par_1_67' title="bbox 288 3729 1892 3801">
     <span class='ocr_line' id='line_1_67' title="bbox 288 3729 1892 3801; baseline -0.006 -7"><span class='ocrx_word' id='word_1_528' title='bbox 288 3749 401 3794; x_wconf 78' lang='lat' dir='ltr'><strong>non</strong></span> <span class='ocrx_word' id='word_1_529' title='bbox 431 3743 518 3791; x_wconf 80' lang='lat' dir='ltr'><strong>est</strong></span> <span class='ocrx_word' id='word_1_530' title='bbox 543 3734 692 3794; x_wconf 82' lang='lat' dir='ltr'><strong>solus</strong></span> <span class='ocrx_word' id='word_1_531' title='bbox 717 3732 904 3788; x_wconf 82' lang='lat' dir='ltr'><strong>Filius.</strong></span> <span class='ocrx_word' id='word_1_532' title='bbox 934 3731 1044 3786; x_wconf 79' lang='lat' dir='ltr'><strong>Nec</strong></span> <span class='ocrx_word' id='word_1_533' title='bbox 1068 3730 1360 3801; x_wconf 80' lang='lat' dir='ltr'><strong>imaginem</strong></span> <span class='ocrx_word' id='word_1_534' title='bbox 1392 3730 1460 3792; x_wconf 82' lang='lat' dir='ltr'><strong>de</strong></span> <span class='ocrx_word' id='word_1_535' title='bbox 1485 3729 1738 3800; x_wconf 80' lang='lat' dir='ltr'><strong>imagine,</strong></span> <span class='ocrx_word' id='word_1_536' title='bbox 1764 3730 1892 3798; x_wconf 82' lang='lat' dir='ltr'><strong>quia</strong></span> 
     </span>
    </p>
   </div>
   <div class='ocr_carea' id='block_1_68' title="bbox 287 3820 1892 3894">
    <p class='ocr_par' dir='ltr' id='par_1_68' title="bbox 287 3820 1892 3894">
     <span class='ocr_line' id='line_1_68' title="bbox 287 3820 1892 3894; baseline -0.009 -7"><span class='ocrx_word' id='word_1_537' title='bbox 287 3827 446 3887; x_wconf 70' lang='lat' dir='ltr'><strong>solus</strong></span> <span class='ocrx_word' id='word_1_538' title='bbox 469 3835 556 3882; x_wconf 83' lang='lat' dir='ltr'><strong>est</strong></span> <span class='ocrx_word' id='word_1_539' title='bbox 581 3824 752 3880; x_wconf 79' lang='lat' dir='ltr'><strong>Filius</strong></span> <span class='ocrx_word' id='word_1_540' title='bbox 794 3825 1012 3894; x_wconf 86' lang='lat' dir='ltr'><strong>imago:</strong></span> <span class='ocrx_word' id='word_1_541' title='bbox 1047 3823 1188 3877; x_wconf 83' lang='lat' dir='ltr'><strong>sicut</strong></span> <span class='ocrx_word' id='word_1_542' title='bbox 1214 3821 1468 3884; x_wconf 86' lang='lat' dir='ltr'><strong>dicimus,</strong></span> <span class='ocrx_word' id='word_1_543' title='bbox 1501 3824 1681 3874; x_wconf 88' lang='lat' dir='ltr'><strong>lumen</strong></span> <span class='ocrx_word' id='word_1_544' title='bbox 1711 3821 1777 3873; x_wconf 90' lang='lat' dir='ltr'><strong>de</strong></span> <span class='ocrx_word' id='word_1_545' title='bbox 1807 3820 1892 3873; x_wconf 89' lang='lat' dir='ltr'><strong>In-</strong></span> 
     </span>
    </p>
   </div>
   <div class='ocr_carea' id='block_1_69' title="bbox 288 3907 1891 3990">
    <p class='ocr_par' dir='ltr' id='par_1_69' title="bbox 288 3907 1891 3990">
     <span class='ocr_line' id='line_1_69' title="bbox 288 3907 1891 3990; baseline -0.006 -16"><span class='ocrx_word' id='word_1_546' title='bbox 288 3921 464 3986; x_wconf 82' lang='lat' dir='ltr'><strong>mine,</strong></span> <span class='ocrx_word' id='word_1_547' title='bbox 503 3919 648 3990; x_wconf 92' lang='lat' dir='ltr'><strong>quod</strong></span> <span class='ocrx_word' id='word_1_548' title='bbox 684 3932 789 3972; x_wconf 93' lang='lat' dir='ltr'><strong>non</strong></span> <span class='ocrx_word' id='word_1_549' title='bbox 832 3923 916 3972; x_wconf 89' lang='lat' dir='ltr'><strong>est</strong></span> <span class='ocrx_word' id='word_1_550' title='bbox 963 3914 1110 3976; x_wconf 85' lang='lat' dir='ltr'><strong>solus</strong></span> <span class='ocrx_word' id='word_1_551' title='bbox 1150 3911 1343 3984; x_wconf 81' lang='lat' dir='ltr'><strong>Filius,</strong></span> <span class='ocrx_word' id='word_1_552' title='bbox 1373 3913 1500 3984; x_wconf 90' lang='lat' dir='ltr'><strong>quia</strong></span> <span class='ocrx_word' id='word_1_553' title='bbox 1538 3907 1891 3966; x_wconf 89' lang='lat' dir='ltr'><strong>substantiale</strong></span> 
     </span>
    </p>
   </div>
   <div class='ocr_carea' id='block_1_70' title="bbox 289 4010 832 4076">
    <p class='ocr_par' dir='ltr' id='par_1_70' title="bbox 289 4010 832 4076">
     <span class='ocr_line' id='line_1_70' title="bbox 289 4010 832 4076; baseline -0.007 -9"><span class='ocrx_word' id='word_1_554' title='bbox 289 4027 493 4076; x_wconf 61' lang='lat' dir='ltr'><strong>nonis-tl</strong></span> <span class='ocrx_word' id='word_1_555' title='bbox 521 4020 605 4066; x_wconf 82' lang='lat' dir='ltr'><strong>est</strong></span> <span class='ocrx_word' id='word_1_556' title='bbox 630 4010 832 4068; x_wconf 84' lang='lat' dir='ltr'><strong>lumen.</strong></span> 
     </span>
    </p>
   </div>
   <div class='ocr_carea' id='block_1_71' title="bbox 366 4095 1894 4172">
    <p class='ocr_par' dir='ltr' id='par_1_71' title="bbox 366 4095 1894 4172">
     <span class='ocr_line' id='line_1_71' title="bbox 366 4095 1894 4172; baseline -0.005 -14"><span class='ocrx_word' id='word_1_557' title='bbox 366 4103 537 4158; x_wconf 78' lang='lat' dir='ltr'><strong>Inter.</strong></span> <span class='ocrx_word' id='word_1_558' title='bbox 573 4104 658 4158; x_wconf 81' lang='lat' dir='ltr'><strong>l9.</strong></span> <span class='ocrx_word' id='word_1_559' title='bbox 689 4100 944 4172; x_wconf 76' lang='lat' dir='ltr'><strong>Nunquid</strong></span> <span class='ocrx_word' id='word_1_560' title='bbox 981 4099 1128 4154; x_wconf 79' lang='lat' dir='ltr'><strong>aliud</strong></span> <span class='ocrx_word' id='word_1_561' title='bbox 1153 4097 1338 4154; x_wconf 82' lang='lat' dir='ltr'><strong>lumen</strong></span> <span class='ocrx_word' id='word_1_562' title='bbox 1366 4097 1530 4154; x_wconf 84' lang='lat' dir='ltr'><strong>Pater</strong></span> <span class='ocrx_word' id='word_1_563' title='bbox 1553 4103 1610 4152; x_wconf 87' lang='lat' dir='ltr'><strong>et</strong></span> <span class='ocrx_word' id='word_1_564' title='bbox 1632 4095 1776 4151; x_wconf 87' lang='lat' dir='ltr'><strong>aliud</strong></span> <span class='ocrx_word' id='word_1_565' title='bbox 1805 4095 1894 4150; x_wconf 77' lang='lat' dir='ltr'><strong>Fi-</strong></span> 
     </span>
    </p>
   </div>
   <div class='ocr_carea' id='block_1_72' title="bbox 285 4187 1890 4266">
    <p class='ocr_par' dir='ltr' id='par_1_72' title="bbox 285 4187 1890 4266">
     <span class='ocr_line' id='line_1_72' title="bbox 285 4187 1890 4266; baseline -0.006 -14"><span class='ocrx_word' id='word_1_566' title='bbox 285 4193 704 4266; x_wconf 69' lang='grc' dir='ltr'><strong>ἰιηςτ-Ιίεερ,</strong></span> <span class='ocrx_word' id='word_1_567' title='bbox 751 4191 1103 4264; x_wconf 82' lang='lat' dir='ltr'><strong>Nequaquam</strong></span> <span class='ocrx_word' id='word_1_568' title='bbox 1149 4187 1326 4258; x_wconf 87' lang='lat' dir='ltr'><strong>aliud,</strong></span> <span class='ocrx_word' id='word_1_569' title='bbox 1353 4189 1450 4248; x_wconf 89' lang='lat' dir='ltr'><strong>sed</strong></span> <span class='ocrx_word' id='word_1_570' title='bbox 1494 4205 1662 4252; x_wconf 86' lang='lat' dir='ltr'><strong>unum</strong></span> <span class='ocrx_word' id='word_1_571' title='bbox 1707 4189 1890 4244; x_wconf 89' lang='lat' dir='ltr'><strong>lumen</strong></span> 
     </span>
    </p>
   </div>
   <div class='ocr_carea' id='block_1_73' title="bbox 289 4281 1892 4349">
    <p class='ocr_par' dir='ltr' id='par_1_73' title="bbox 289 4281 1892 4349">
     <span class='ocr_line' id='line_1_73' title="bbox 289 4281 1892 4349; baseline -0.007 -2"><span class='ocrx_word' id='word_1_572' title='bbox 289 4299 380 4347; x_wconf 86' lang='lat' dir='ltr'><strong>cst</strong></span> <span class='ocrx_word' id='word_1_573' title='bbox 409 4289 571 4345; x_wconf 89' lang='lat' dir='ltr'><strong>Pater</strong></span> <span class='ocrx_word' id='word_1_574' title='bbox 599 4297 655 4343; x_wconf 89' lang='lat' dir='ltr'><strong>et</strong></span> <span class='ocrx_word' id='word_1_575' title='bbox 681 4287 868 4349; x_wconf 87' lang='lat' dir='ltr'><strong>Filius,</strong></span> <span class='ocrx_word' id='word_1_576' title='bbox 913 4287 1054 4341; x_wconf 86' lang='lat' dir='ltr'><strong>sicut</strong></span> <span class='ocrx_word' id='word_1_577' title='bbox 1093 4301 1199 4339; x_wconf 90' lang='lat' dir='ltr'><strong>una</strong></span> <span class='ocrx_word' id='word_1_578' title='bbox 1230 4283 1554 4340; x_wconf 90' lang='lat' dir='ltr'><strong>substantia.</strong></span> <span class='ocrx_word' id='word_1_579' title='bbox 1593 4281 1716 4338; x_wconf 85' lang='lat' dir='ltr'><strong>ideo</strong></span> <span class='ocrx_word' id='word_1_580' title='bbox 1748 4292 1892 4337; x_wconf 87' lang='lat' dir='ltr'><strong>recte</strong></span> 
     </span>
    </p>
   </div>
   <div class='ocr_carea' id='block_1_74' title="bbox 289 4375 1891 4453">
    <p class='ocr_par' dir='ltr' id='par_1_74' title="bbox 289 4375 1891 4453">
     <span class='ocr_line' id='line_1_74' title="bbox 289 4375 1891 4453; baseline -0.006 -13"><span class='ocrx_word' id='word_1_581' title='bbox 289 4380 499 4439; x_wconf 81' lang='lat' dir='ltr'><strong>dicitur</strong></span> <span class='ocrx_word' id='word_1_582' title='bbox 527 4380 657 4453; x_wconf 75' lang='grc' dir='ltr'><strong>[Αι.,</strong></span> <span class='ocrx_word' id='word_1_583' title='bbox 674 4378 927 4452; x_wconf 88' lang='lat' dir='ltr'><strong>dicimus]</strong></span> <span class='ocrx_word' id='word_1_584' title='bbox 955 4379 1131 4431; x_wconf 91' lang='lat' dir='ltr'><strong>lumen</strong></span> <span class='ocrx_word' id='word_1_585' title='bbox 1156 4377 1222 4431; x_wconf 91' lang='lat' dir='ltr'><strong>de</strong></span> <span class='ocrx_word' id='word_1_586' title='bbox 1247 4377 1468 4438; x_wconf 91' lang='lat' dir='ltr'><strong>lumine,</strong></span> <span class='ocrx_word' id='word_1_587' title='bbox 1496 4379 1637 4432; x_wconf 89' lang='lat' dir='ltr'><strong>sicut</strong></span> <span class='ocrx_word' id='word_1_588' title='bbox 1657 4375 1800 4430; x_wconf 86' lang='lat' dir='ltr'><strong>Deus</strong></span> <span class='ocrx_word' id='word_1_589' title='bbox 1823 4375 1891 4430; x_wconf 91' lang='lat' dir='ltr'><strong>de</strong></span> 
     </span>
    </p>
   </div>
   <div class='ocr_carea' id='block_1_75' title="bbox 289 4467 1891 4535">
    <p class='ocr_par' dir='ltr' id='par_1_75' title="bbox 289 4467 1891 4535">
     <span class='ocr_line' id='line_1_75' title="bbox 289 4467 1891 4535; baseline -0.005 -5"><span class='ocrx_word' id='word_1_590' title='bbox 289 4471 432 4530; x_wconf 82' lang='lat' dir='ltr'><strong>Deo.</strong></span> <span class='ocrx_word' id='word_1_591' title='bbox 465 4467 617 4527; x_wconf 85' lang='lat' dir='ltr'><strong>Sicut</strong></span> <span class='ocrx_word' id='word_1_592' title='bbox 645 4488 785 4526; x_wconf 90' lang='lat' dir='ltr'><strong>unus</strong></span> <span class='ocrx_word' id='word_1_593' title='bbox 817 4469 960 4526; x_wconf 89' lang='lat' dir='ltr'><strong>Deus</strong></span> <span class='ocrx_word' id='word_1_594' title='bbox 984 4479 1068 4524; x_wconf 88' lang='lat' dir='ltr'><strong>est</strong></span> <span class='ocrx_word' id='word_1_595' title='bbox 1097 4468 1279 4535; x_wconf 86' lang='lat' dir='ltr'><strong>Pater,</strong></span> <span class='ocrx_word' id='word_1_596' title='bbox 1309 4475 1364 4523; x_wconf 88' lang='lat' dir='ltr'><strong>et</strong></span> <span class='ocrx_word' id='word_1_597' title='bbox 1396 4467 1586 4532; x_wconf 87' lang='lat' dir='ltr'><strong>Filius,</strong></span> <span class='ocrx_word' id='word_1_598' title='bbox 1620 4467 1694 4522; x_wconf 90' lang='lat' dir='ltr'><strong>ita</strong></span> <span class='ocrx_word' id='word_1_599' title='bbox 1723 4484 1891 4522; x_wconf 90' lang='lat' dir='ltr'><strong>unum</strong></span> 
     </span>
    </p>
   </div>
   <div class='ocr_carea' id='block_1_76' title="bbox 289 4555 1614 4622">
    <p class='ocr_par' dir='ltr' id='par_1_76' title="bbox 289 4555 1614 4622">
     <span class='ocr_line' id='line_1_76' title="bbox 289 4555 1614 4622; baseline -0.008 0"><span class='ocrx_word' id='word_1_600' title='bbox 289 4564 482 4622; x_wconf 82' lang='lat' dir='ltr'><strong>lumen</strong></span> <span class='ocrx_word' id='word_1_601' title='bbox 509 4573 612 4619; x_wconf 90' lang='lat' dir='ltr'><strong>est.</strong></span> <span class='ocrx_word' id='word_1_602' title='bbox 1599 4555 1614 4566; x_wconf 82' lang='grc'><strong><em>⁸</em></strong></span> 
     </span>
    </p>
   </div>
   <div class='ocr_carea' id='block_1_77' title="bbox 370 4653 1891 4728">
    <p class='ocr_par' dir='ltr' id='par_1_77' title="bbox 370 4653 1891 4728">
     <span class='ocr_line' id='line_1_77' title="bbox 370 4653 1891 4728; baseline -0.007 -8"><span class='ocrx_word' id='word_1_603' title='bbox 370 4659 539 4724; x_wconf 70' lang='lat' dir='ltr'><strong>Inter.</strong></span> <span class='ocrx_word' id='word_1_604' title='bbox 564 4657 654 4718; x_wconf 63' lang='grc' dir='ltr'>ΩΟ.</span> <span class='ocrx_word' id='word_1_605' title='bbox 685 4656 940 4728; x_wconf 76' lang='lat' dir='ltr'><strong>Legimus</strong></span> <span class='ocrx_word' id='word_1_606' title='bbox 959 4655 1278 4727; x_wconf 79' lang='lat' dir='ltr'><strong>Apostohim</strong></span> <span class='ocrx_word' id='word_1_607' title='bbox 1315 4656 1584 4712; x_wconf 72' lang='lat' dir='ltr'><strong>dicentem</strong></span> <span class='ocrx_word' id='word_1_608' title='bbox 1611 4653 1891 4714; x_wconf 83' lang='lat' dir='ltr'><strong>Christum</strong></span> 
     </span>
    </p>
   </div>
   <div class='ocr_carea' id='block_1_78' title="bbox 289 4749 1894 4821">
    <p class='ocr_par' dir='ltr' id='par_1_78' title="bbox 289 4749 1894 4821">
     <span class='ocr_line' id='line_1_78' title="bbox 289 4749 1894 4821; baseline -0.007 -8"><span class='ocrx_word' id='word_1_609' title='bbox 289 4752 398 4813; x_wconf 55' lang='lat' dir='ltr'><strong>lli</strong></span> <span class='ocrx_word' id='word_1_610' title='bbox 419 4766 545 4808; x_wconf 78' lang='lat' dir='ltr'><strong>esse</strong></span> <span class='ocrx_word' id='word_1_611' title='bbox 568 4752 824 4806; x_wconf 80' lang='lat' dir='ltr'><strong>virtutem</strong></span> <span class='ocrx_word' id='word_1_612' title='bbox 849 4759 905 4805; x_wconf 91' lang='lat' dir='ltr'><strong>et</strong></span> <span class='ocrx_word' id='word_1_613' title='bbox 926 4751 1022 4804; x_wconf 89' lang='lat' dir='ltr'><strong>Dei</strong></span> <span class='ocrx_word' id='word_1_614' title='bbox 1051 4751 1406 4821; x_wconf 83' lang='lat' dir='ltr'><strong>sapientiam;</strong></span> <span class='ocrx_word' id='word_1_615' title='bbox 1429 4750 1518 4804; x_wconf 90' lang='lat' dir='ltr'><strong>hic</strong></span> <span class='ocrx_word' id='word_1_616' title='bbox 1544 4749 1894 4818; x_wconf 73' lang='lat' dir='ltr'><strong>intelligimus</strong></span> 
     </span>
    </p>
   </div>
   <div class='ocr_carea' id='block_1_79' title="bbox 293 4841 1892 4910">
    <p class='ocr_par' dir='ltr' id='par_1_79' title="bbox 293 4841 1892 4910">
     <span class='ocr_line' id='line_1_79' title="bbox 293 4841 1892 4910; baseline -0.006 -5"><span class='ocrx_word' id='word_1_617' title='bbox 293 4847 358 4906; x_wconf 82' lang='lat' dir='ltr'><strong>In</strong></span> <span class='ocrx_word' id='word_1_618' title='bbox 381 4846 479 4901; x_wconf 88' lang='lat' dir='ltr'><strong>Dei</strong></span> <span class='ocrx_word' id='word_1_619' title='bbox 511 4845 732 4900; x_wconf 79' lang='lat' dir='ltr'><strong>nomine</strong></span> <span class='ocrx_word' id='word_1_620' title='bbox 755 4844 997 4910; x_wconf 85' lang='lat' dir='ltr'><strong>Patrem,</strong></span> <span class='ocrx_word' id='word_1_621' title='bbox 1029 4853 1084 4900; x_wconf 88' lang='lat' dir='ltr'><strong>et</strong></span> <span class='ocrx_word' id='word_1_622' title='bbox 1115 4845 1169 4899; x_wconf 92' lang='lat' dir='ltr'><strong>in</strong></span> <span class='ocrx_word' id='word_1_623' title='bbox 1199 4843 1401 4898; x_wconf 87' lang='lat' dir='ltr'><strong>Christi</strong></span> <span class='ocrx_word' id='word_1_624' title='bbox 1431 4843 1649 4897; x_wconf 88' lang='lat' dir='ltr'><strong>nomine</strong></span> <span class='ocrx_word' id='word_1_625' title='bbox 1675 4841 1892 4905; x_wconf 82' lang='lat' dir='ltr'><strong>Filium,</strong></span> 
     </span>
    </p>
   </div>
   <div class='ocr_carea' id='block_1_80' title="bbox 291 4933 1898 5007">
    <p class='ocr_par' dir='ltr' id='par_1_80' title="bbox 291 4933 1898 5007">
     <span class='ocr_line' id='line_1_80' title="bbox 291 4933 1898 5007; baseline -0.004 -13"><span class='ocrx_word' id='word_1_626' title='bbox 291 4935 444 4994; x_wconf 77' lang='lat' dir='ltr'><strong>sicut</strong></span> <span class='ocrx_word' id='word_1_627' title='bbox 472 4949 710 5007; x_wconf 81' lang='lat' dir='ltr'><strong>semper.</strong></span> <span class='ocrx_word' id='word_1_628' title='bbox 739 4933 990 5006; x_wconf 81' lang='lat' dir='ltr'><strong>Nunquid</strong></span> <span class='ocrx_word' id='word_1_629' title='bbox 1014 4935 1175 4990; x_wconf 89' lang='lat' dir='ltr'><strong>Pater</strong></span> <span class='ocrx_word' id='word_1_630' title='bbox 1199 4951 1305 4989; x_wconf 91' lang='lat' dir='ltr'><strong>non</strong></span> <span class='ocrx_word' id='word_1_631' title='bbox 1335 4933 1499 4990; x_wconf 89' lang='lat' dir='ltr'><strong>habet</strong></span> <span class='ocrx_word' id='word_1_632' title='bbox 1525 4935 1578 4989; x_wconf 94' lang='lat' dir='ltr'><strong>in</strong></span> <span class='ocrx_word' id='word_1_633' title='bbox 1604 4949 1660 4988; x_wconf 90' lang='lat' dir='ltr'><strong>se</strong></span> <span class='ocrx_word' id='word_1_634' title='bbox 1689 4934 1898 5004; x_wconf 88' lang='lat' dir='ltr'><strong>sapien-</strong></span> 
     </span>
    </p>
   </div>
   <div class='ocr_carea' id='block_1_81' title="bbox 291 5026 1898 5098">
    <p class='ocr_par' dir='ltr' id='par_1_81' title="bbox 291 5026 1898 5098">
     <span class='ocr_line' id='line_1_81' title="bbox 291 5026 1898 5098; baseline -0.004 -13"><span class='ocrx_word' id='word_1_635' title='bbox 291 5028 432 5085; x_wconf 76' lang='lat' dir='ltr'><strong>tiam</strong></span> <span class='ocrx_word' id='word_1_636' title='bbox 458 5028 548 5084; x_wconf 90' lang='lat' dir='ltr'><strong>vel</strong></span> <span class='ocrx_word' id='word_1_637' title='bbox 574 5028 832 5083; x_wconf 88' lang='lat' dir='ltr'><strong>virtutem</strong></span> <span class='ocrx_word' id='word_1_638' title='bbox 875 5028 978 5082; x_wconf 84' lang='lat' dir='ltr'><strong>nisi</strong></span> <span class='ocrx_word' id='word_1_639' title='bbox 1020 5029 1072 5082; x_wconf 92' lang='lat' dir='ltr'><strong>in</strong></span> <span class='ocrx_word' id='word_1_640' title='bbox 1101 5027 1258 5094; x_wconf 87' lang='lat' dir='ltr'><strong>Filio,</strong></span> <span class='ocrx_word' id='word_1_641' title='bbox 1287 5043 1447 5098; x_wconf 89' lang='lat' dir='ltr'><strong>quem</strong></span> <span class='ocrx_word' id='word_1_642' title='bbox 1480 5026 1770 5096; x_wconf 79' lang='lat' dir='ltr'><strong>Apostolus</strong></span> <span class='ocrx_word' id='word_1_643' title='bbox 1811 5042 1898 5080; x_wconf 87' lang='lat' dir='ltr'><strong>sa-</strong></span> 
     </span>
    </p>
   </div>
   <div class='ocr_carea' id='block_1_82' title="bbox 291 5119 1890 5198">
    <p class='ocr_par' dir='ltr' id='par_1_82' title="bbox 291 5119 1890 5198">
     <span class='ocr_line' id='line_1_82' title="bbox 291 5119 1890 5198; baseline -0.003 -21"><span class='ocrx_word' id='word_1_644' title='bbox 291 5123 565 5198; x_wconf 74' lang='lat' dir='ltr'><strong>pientiam</strong></span> <span class='ocrx_word' id='word_1_645' title='bbox 606 5121 702 5176; x_wconf 90' lang='lat' dir='ltr'><strong>Dei</strong></span> <span class='ocrx_word' id='word_1_646' title='bbox 748 5127 805 5176; x_wconf 89' lang='lat' dir='ltr'><strong>et</strong></span> <span class='ocrx_word' id='word_1_647' title='bbox 841 5122 1099 5177; x_wconf 90' lang='lat' dir='ltr'><strong>virtutem</strong></span> <span class='ocrx_word' id='word_1_648' title='bbox 1141 5121 1236 5177; x_wconf 90' lang='lat' dir='ltr'><strong>Dei</strong></span> <span class='ocrx_word' id='word_1_649' title='bbox 1279 5121 1704 5176; x_wconf 86' lang='lat' dir='ltr'><strong>nominavit?—</strong></span> <span class='ocrx_word' id='word_1_650' title='bbox 1733 5119 1890 5190; x_wconf 82' lang='lat' dir='ltr'><strong>Resp.</strong></span> 
     </span>
    </p>
   </div>
   <div class='ocr_carea' id='block_1_83' title="bbox 290 5212 1895 5283">
    <p class='ocr_par' dir='ltr' id='par_1_83' title="bbox 290 5212 1895 5283">
     <span class='ocr_line' id='line_1_83' title="bbox 290 5212 1895 5283; baseline -0.004 -10"><span class='ocrx_word' id='word_1_651' title='bbox 290 5213 526 5273; x_wconf 85' lang='lat' dir='ltr'><strong>Plurimi</strong></span> <span class='ocrx_word' id='word_1_652' title='bbox 559 5215 634 5270; x_wconf 86' lang='lat' dir='ltr'><strong>ita</strong></span> <span class='ocrx_word' id='word_1_653' title='bbox 659 5212 916 5269; x_wconf 85' lang='lat' dir='ltr'><strong>Arianam</strong></span> <span class='ocrx_word' id='word_1_654' title='bbox 959 5215 1241 5270; x_wconf 88' lang='lat' dir='ltr'><strong>destruunt</strong></span> <span class='ocrx_word' id='word_1_655' title='bbox 1269 5214 1624 5283; x_wconf 88' lang='lat' dir='ltr'><strong>impietatem,</strong></span> <span class='ocrx_word' id='word_1_656' title='bbox 1656 5214 1895 5268; x_wconf 78' lang='lat' dir='ltr'><strong>dicentes</strong></span> 
     </span>
    </p>
   </div>
   <div class='ocr_carea' id='block_1_84' title="bbox 289 5304 1896 5378">
    <p class='ocr_par' dir='ltr' id='par_1_84' title="bbox 289 5304 1896 5378">
     <span class='ocr_line' id='line_1_84' title="bbox 289 5304 1896 5378; baseline -0.004 -13"><span class='ocrx_word' id='word_1_657' title='bbox 289 5305 526 5378; x_wconf 74' lang='lat' dir='ltr'><strong>illlpium</strong></span> <span class='ocrx_word' id='word_1_658' title='bbox 550 5317 671 5362; x_wconf 84' lang='lat' dir='ltr'><strong>esse</strong></span> <span class='ocrx_word' id='word_1_659' title='bbox 693 5306 916 5361; x_wconf 84' lang='lat' dir='ltr'><strong>credere</strong></span> <span class='ocrx_word' id='word_1_660' title='bbox 936 5321 1172 5376; x_wconf 83' lang='lat' dir='ltr'><strong>unquam</strong></span> <span class='ocrx_word' id='word_1_661' title='bbox 1196 5307 1364 5360; x_wconf 80' lang='lat' dir='ltr'><strong>Deum</strong></span> <span class='ocrx_word' id='word_1_662' title='bbox 1389 5304 1605 5360; x_wconf 88' lang='lat' dir='ltr'><strong>Patrem</strong></span> <span class='ocrx_word' id='word_1_663' title='bbox 1630 5319 1750 5362; x_wconf 84' lang='lat' dir='ltr'><strong>esse</strong></span> <span class='ocrx_word' id='word_1_664' title='bbox 1779 5305 1896 5360; x_wconf 90' lang='lat' dir='ltr'><strong>sine</strong></span> 
     </span>
    </p>
   </div>
   <div class='ocr_carea' id='block_1_85' title="bbox 289 5397 1899 5468">
    <p class='ocr_par' dir='ltr' id='par_1_85' title="bbox 289 5397 1899 5468">
     <span class='ocr_line' id='line_1_85' title="bbox 289 5397 1899 5468; baseline -0.002 -12"><span class='ocrx_word' id='word_1_665' title='bbox 289 5409 400 5456; x_wconf 66' lang='lat' dir='ltr'><strong>In</strong></span> <span class='ocrx_word' id='word_1_666' title='bbox 443 5397 727 5468; x_wconf 76' lang='lat' dir='ltr'><strong>sapientia,</strong></span> <span class='ocrx_word' id='word_1_667' title='bbox 761 5405 855 5453; x_wconf 91' lang='lat' dir='ltr'><strong>aut</strong></span> <span class='ocrx_word' id='word_1_668' title='bbox 890 5399 1007 5454; x_wconf 88' lang='lat' dir='ltr'><strong>sine</strong></span> <span class='ocrx_word' id='word_1_669' title='bbox 1052 5415 1148 5453; x_wconf 89' lang='lat' dir='ltr'><strong>sua</strong></span> <span class='ocrx_word' id='word_1_670' title='bbox 1176 5398 1396 5452; x_wconf 85' lang='lat' dir='ltr'><strong>virtute.</strong></span> <span class='ocrx_word' id='word_1_671' title='bbox 1442 5398 1545 5452; x_wconf 74' lang='lat' dir='ltr'><strong>Sed</strong></span> <span class='ocrx_word' id='word_1_672' title='bbox 1576 5397 1769 5454; x_wconf 88' lang='lat' dir='ltr'><strong>melius</strong></span> <span class='ocrx_word' id='word_1_673' title='bbox 1815 5407 1899 5452; x_wconf 83' lang='lat' dir='ltr'><strong>est</strong></span> 
     </span>
    </p>
   </div>
   <div class='ocr_carea' id='block_1_86' title="bbox 289 5488 1897 5563">
    <p class='ocr_par' dir='ltr' id='par_1_86' title="bbox 289 5488 1897 5563">
     <span class='ocr_line' id='line_1_86' title="bbox 289 5488 1897 5563; baseline -0.001 -15"><span class='ocrx_word' id='word_1_674' title='bbox 289 5488 606 5563; x_wconf 67' lang='lat' dir='ltr'><strong>intelligere</strong></span> <span class='ocrx_word' id='word_1_675' title='bbox 633 5489 853 5545; x_wconf 85' lang='lat' dir='ltr'><strong>Patrem</strong></span> <span class='ocrx_word' id='word_1_676' title='bbox 883 5505 1004 5546; x_wconf 86' lang='lat' dir='ltr'><strong>esse</strong></span> <span class='ocrx_word' id='word_1_677' title='bbox 1024 5489 1345 5560; x_wconf 88' lang='lat' dir='ltr'><strong>sapientiam</strong></span> <span class='ocrx_word' id='word_1_678' title='bbox 1372 5497 1427 5545; x_wconf 90' lang='lat' dir='ltr'><strong>et</strong></span> <span class='ocrx_word' id='word_1_679' title='bbox 1448 5491 1728 5555; x_wconf 87' lang='lat' dir='ltr'><strong>virtutem,</strong></span> <span class='ocrx_word' id='word_1_680' title='bbox 1756 5491 1897 5546; x_wconf 88' lang='lat' dir='ltr'><strong>sicut</strong></span> 
     </span>
    </p>
   </div>
   <div class='ocr_carea' id='block_1_87' title="bbox 291 5581 1898 5658">
    <p class='ocr_par' dir='ltr' id='par_1_87' title="bbox 291 5581 1898 5658">
     <span class='ocr_line' id='line_1_87' title="bbox 291 5581 1898 5658; baseline -0.002 -15"><span class='ocrx_word' id='word_1_681' title='bbox 291 5581 499 5644; x_wconf 68' lang='lat' dir='ltr'><strong>Filium</strong></span> <span class='ocrx_word' id='word_1_682' title='bbox 530 5585 854 5658; x_wconf 82' lang='lat' dir='ltr'><strong>sapientiam</strong></span> <span class='ocrx_word' id='word_1_683' title='bbox 876 5592 931 5641; x_wconf 90' lang='lat' dir='ltr'><strong>et</strong></span> <span class='ocrx_word' id='word_1_684' title='bbox 953 5585 1210 5640; x_wconf 90' lang='lat' dir='ltr'><strong>virtutem</strong></span> <span class='ocrx_word' id='word_1_685' title='bbox 1234 5583 1369 5658; x_wconf 90' lang='lat' dir='ltr'><strong>[imo</strong></span> <span class='ocrx_word' id='word_1_686' title='bbox 1395 5591 1454 5638; x_wconf 92' lang='lat' dir='ltr'><strong>et</strong></span> <span class='ocrx_word' id='word_1_687' title='bbox 1479 5584 1742 5656; x_wconf 84' lang='lat' dir='ltr'><strong>Spiritum</strong></span> <span class='ocrx_word' id='word_1_688' title='bbox 1773 5599 1898 5640; x_wconf 87' lang='lat' dir='ltr'><strong>san-</strong></span> 
     </span>
    </p>
   </div>
   <div class='ocr_carea' id='block_1_88' title="bbox 279 5709 1894 5786">
    <p class='ocr_par' dir='ltr' id='par_1_88' title="bbox 279 5709 1894 5786">
     <span class='ocr_line' id='line_1_88' title="bbox 279 5709 1894 5786; baseline 0.002 -9"><span class='ocrx_word' id='word_1_689' title='bbox 279 5709 286 5714; x_wconf 67' lang='grc'><em>’</em></span> <span class='ocrx_word' id='word_1_690' title='bbox 372 5731 403 5762; x_wconf 71' lang='grc' dir='ltr'>ι</span> <span class='ocrx_word' id='word_1_691' title='bbox 443 5720 542 5776; x_wconf 80' lang='lat' dir='ltr'><strong>Ms.</strong></span> <span class='ocrx_word' id='word_1_692' title='bbox 575 5717 688 5773; x_wconf 92' lang='lat' dir='ltr'><strong>Sal.</strong></span> <span class='ocrx_word' id='word_1_693' title='bbox 728 5728 783 5774; x_wconf 91' lang='lat' dir='ltr'><strong>et</strong></span> <span class='ocrx_word' id='word_1_694' title='bbox 827 5719 898 5773; x_wconf 92' lang='lat' dir='ltr'><strong>al.</strong></span> <span class='ocrx_word' id='word_1_695' title='bbox 931 5736 950 5769; x_wconf 73' lang='grc' dir='ltr'><strong>ε</strong></span> <span class='ocrx_word' id='word_1_696' title='bbox 978 5717 1143 5773; x_wconf 80' lang='lat' dir='ltr'><strong>Inter.</strong></span> <span class='ocrx_word' id='word_1_697' title='bbox 1171 5717 1257 5772; x_wconf 85' lang='lat' dir='ltr'><strong>l5.</strong></span> <span class='ocrx_word' id='word_1_698' title='bbox 1299 5717 1453 5786; x_wconf 83' lang='lat' dir='ltr'><strong>Quod</strong></span> <span class='ocrx_word' id='word_1_699' title='bbox 1499 5721 1704 5777; x_wconf 91' lang='lat' dir='ltr'><strong>sanctis</strong></span> <span class='ocrx_word' id='word_1_700' title='bbox 1750 5739 1894 5780; x_wconf 90' lang='lat' dir='ltr'><strong>sum-</strong></span> 
     </span>
    </p>
   </div>
   <div class='ocr_carea' id='block_1_89' title="bbox 297 5789 1901 5866">
    <p class='ocr_par' dir='ltr' id='par_1_89' title="bbox 297 5789 1901 5866">
     <span class='ocr_line' id='line_1_89' title="bbox 297 5789 1901 5866; baseline 0.003 -17"><span class='ocrx_word' id='word_1_701' title='bbox 297 5804 458 5854; x_wconf 77' lang='lat' dir='ltr'><strong>mum</strong></span> <span class='ocrx_word' id='word_1_702' title='bbox 503 5791 844 5866; x_wconf 83' lang='lat' dir='ltr'><strong>promittitur</strong></span> <span class='ocrx_word' id='word_1_703' title='bbox 889 5789 1301 5865; x_wconf 83' lang='lat' dir='ltr'><strong>praemium?—</strong></span> <span class='ocrx_word' id='word_1_704' title='bbox 1329 5789 1484 5863; x_wconf 73' lang='lat' dir='ltr'><strong>Resp.</strong></span> <span class='ocrx_word' id='word_1_705' title='bbox 1528 5790 1758 5850; x_wconf 65' lang='lat' dir='ltr'><strong>Eterna</strong></span> <span class='ocrx_word' id='word_1_706' title='bbox 1804 5795 1901 5854; x_wconf 90' lang='lat' dir='ltr'><strong>Dei</strong></span> 
     </span>
    </p>
   </div>
   <div class='ocr_carea' id='block_1_90' title="bbox 1996 3265 3598 3342">
    <p class='ocr_par' dir='ltr' id='par_1_90' title="bbox 1996 3265 3598 3342">
     <span class='ocr_line' id='line_1_90' title="bbox 1996 3265 3598 3342; baseline 0.007 -25"><span class='ocrx_word' id='word_1_707' title='bbox 1996 3265 2216 3336; x_wconf 88' lang='lat' dir='ltr'><strong>quidam</strong></span> <span class='ocrx_word' id='word_1_708' title='bbox 2268 3266 2467 3332; x_wconf 89' lang='lat' dir='ltr'><strong>minus,</strong></span> <span class='ocrx_word' id='word_1_709' title='bbox 2507 3266 2580 3321; x_wconf 86' lang='lat' dir='ltr'><strong>ita</strong></span> <span class='ocrx_word' id='word_1_710' title='bbox 2615 3277 2669 3322; x_wconf 90' lang='lat' dir='ltr'><strong>et</strong></span> <span class='ocrx_word' id='word_1_711' title='bbox 2717 3267 2768 3321; x_wconf 93' lang='lat' dir='ltr'><strong>in</strong></span> <span class='ocrx_word' id='word_1_712' title='bbox 2802 3267 2941 3323; x_wconf 79' lang='lat' dir='ltr'><strong>cmio</strong></span> <span class='ocrx_word' id='word_1_713' title='bbox 2984 3270 3156 3340; x_wconf 80' lang='lat' dir='ltr'><strong>magis</strong></span> <span class='ocrx_word' id='word_1_714' title='bbox 3206 3271 3407 3327; x_wconf 85' lang='lat' dir='ltr'><strong>dicitur</strong></span> <span class='ocrx_word' id='word_1_715' title='bbox 3455 3272 3598 3342; x_wconf 87' lang='lat' dir='ltr'><strong>Deus</strong></span> 
     </span>
    </p>
   </div>
   <div class='ocr_carea' id='block_1_91' title="bbox 1993 3360 3602 3435">
    <p class='ocr_par' dir='ltr' id='par_1_91' title="bbox 1993 3360 3602 3435">
     <span class='ocr_line' id='line_1_91' title="bbox 1993 3360 3602 3435; baseline 0.006 -22"><span class='ocrx_word' id='word_1_716' title='bbox 1993 3372 2115 3420; x_wconf 82' lang='lat' dir='ltr'><strong>esse</strong></span> <span class='ocrx_word' id='word_1_717' title='bbox 2158 3375 2322 3430; x_wconf 87' lang='lat' dir='ltr'><strong>quam</strong></span> <span class='ocrx_word' id='word_1_718' title='bbox 2370 3360 2424 3414; x_wconf 92' lang='lat' dir='ltr'><strong>in</strong></span> <span class='ocrx_word' id='word_1_719' title='bbox 2455 3370 2624 3428; x_wconf 89' lang='lat' dir='ltr'><strong>terra,</strong></span> <span class='ocrx_word' id='word_1_720' title='bbox 2656 3363 2784 3431; x_wconf 85' lang='lat' dir='ltr'><strong>quia</strong></span> <span class='ocrx_word' id='word_1_721' title='bbox 2819 3362 3028 3434; x_wconf 88' lang='lat' dir='ltr'><strong>plenius</strong></span> <span class='ocrx_word' id='word_1_722' title='bbox 3063 3363 3306 3435; x_wconf 86' lang='lat' dir='ltr'><strong>ejusdem</strong></span> <span class='ocrx_word' id='word_1_723' title='bbox 3349 3365 3602 3429; x_wconf 81' lang='lat' dir='ltr'><strong>substan-</strong></span> 
     </span>
    </p>
   </div>
   <div class='ocr_carea' id='block_1_92' title="bbox 1997 3449 3600 3529">
    <p class='ocr_par' dir='ltr' id='par_1_92' title="bbox 1997 3449 3600 3529">
     <span class='ocr_line' id='line_1_92' title="bbox 1997 3449 3600 3529; baseline 0.006 -22"><span class='ocrx_word' id='word_1_724' title='bbox 1997 3449 2072 3507; x_wconf 83' lang='lat' dir='ltr'><strong>tia</strong></span> <span class='ocrx_word' id='word_1_725' title='bbox 2117 3451 2438 3520; x_wconf 73' lang='lat' dir='ltr'><strong>intelligitur</strong></span> <span class='ocrx_word' id='word_1_726' title='bbox 2481 3453 2551 3508; x_wconf 82' lang='lat' dir='ltr'><strong>ab</strong></span> <span class='ocrx_word' id='word_1_727' title='bbox 2593 3452 2994 3512; x_wconf 85' lang='lat' dir='ltr'><strong>habitatoribus</strong></span> <span class='ocrx_word' id='word_1_728' title='bbox 3041 3457 3165 3512; x_wconf 76' lang='lat' dir='ltr'><strong>eteli</strong></span> <span class='ocrx_word' id='word_1_729' title='bbox 3227 3475 3392 3529; x_wconf 85' lang='lat' dir='ltr'><strong>quam</strong></span> <span class='ocrx_word' id='word_1_730' title='bbox 3439 3469 3600 3516; x_wconf 65' lang='lat' dir='ltr'><strong>terrai</strong></span> 
     </span>
    </p>
   </div>
   <div class='ocr_carea' id='block_1_93' title="bbox 1995 3540 2208 3599">
    <p class='ocr_par' dir='ltr' id='par_1_93' title="bbox 1995 3540 2208 3599">
     <span class='ocr_line' id='line_1_93' title="bbox 1995 3540 2208 3599; baseline 0 -3"><span class='ocrx_word' id='word_1_731' title='bbox 1995 3540 2208 3599; x_wconf 75' lang='lat' dir='ltr'><strong>incolis.</strong></span> 
     </span>
    </p>
   </div>
   <div class='ocr_carea' id='block_1_94' title="bbox 2069 3634 3597 3714">
    <p class='ocr_par' dir='ltr' id='par_1_94' title="bbox 2069 3634 3597 3714">
     <span class='ocr_line' id='line_1_94' title="bbox 2069 3634 3597 3714; baseline 0.012 -27"><span class='ocrx_word' id='word_1_732' title='bbox 2069 3635 2234 3692; x_wconf 80' lang='lat' dir='ltr'><strong>Inter.</strong></span> <span class='ocrx_word' id='word_1_733' title='bbox 2283 3634 2371 3690; x_wconf 63' lang='grc' dir='ltr'>Ἡ.</span> <span class='ocrx_word' id='word_1_734' title='bbox 2407 3635 2466 3694; x_wconf 90' lang='lat' dir='ltr'><strong>Si</strong></span> <span class='ocrx_word' id='word_1_735' title='bbox 2509 3653 2615 3696; x_wconf 84' lang='lat' dir='ltr'><strong>una</strong></span> <span class='ocrx_word' id='word_1_736' title='bbox 2647 3641 2956 3702; x_wconf 81' lang='lat' dir='ltr'><strong>substantia</strong></span> <span class='ocrx_word' id='word_1_737' title='bbox 2985 3650 3067 3700; x_wconf 91' lang='lat' dir='ltr'><strong>est</strong></span> <span class='ocrx_word' id='word_1_738' title='bbox 3095 3639 3279 3714; x_wconf 89' lang='lat' dir='ltr'><strong>Pater,</strong></span> <span class='ocrx_word' id='word_1_739' title='bbox 3323 3655 3381 3702; x_wconf 90' lang='lat' dir='ltr'><strong>et</strong></span> <span class='ocrx_word' id='word_1_740' title='bbox 3407 3643 3597 3714; x_wconf 82' lang='lat' dir='ltr'><strong>Filius,</strong></span> 
     </span>
    </p>
   </div>
   <div class='ocr_carea' id='block_1_95' title="bbox 1995 3729 3602 3803">
    <p class='ocr_par' dir='ltr' id='par_1_95' title="bbox 1995 3729 3602 3803">
     <span class='ocr_line' id='line_1_95' title="bbox 1995 3729 3602 3803; baseline 0.003 -13"><span class='ocrx_word' id='word_1_741' title='bbox 1995 3738 2054 3790; x_wconf 81' lang='lat' dir='ltr'><strong>et</strong></span> <span class='ocrx_word' id='word_1_742' title='bbox 2096 3729 2335 3800; x_wconf 84' lang='lat' dir='ltr'><strong>Spiritus</strong></span> <span class='ocrx_word' id='word_1_743' title='bbox 2379 3742 2624 3797; x_wconf 84' lang='lat' dir='ltr'><strong>sanctus.</strong></span> <span class='ocrx_word' id='word_1_744' title='bbox 2658 3750 2830 3803; x_wconf 84' lang='lat' dir='ltr'><strong>quare</strong></span> <span class='ocrx_word' id='word_1_745' title='bbox 2875 3737 3023 3792; x_wconf 86' lang='lat' dir='ltr'><strong>solus</strong></span> <span class='ocrx_word' id='word_1_746' title='bbox 3069 3738 3238 3795; x_wconf 82' lang='lat' dir='ltr'><strong>Filius</strong></span> <span class='ocrx_word' id='word_1_747' title='bbox 3285 3740 3602 3795; x_wconf 80' lang='lat' dir='ltr'><strong>incarnatus</strong></span> 
     </span>
    </p>
   </div>
   <div class='ocr_carea' id='block_1_96' title="bbox 1993 3820 3601 3897">
    <p class='ocr_par' dir='ltr' id='par_1_96' title="bbox 1993 3820 3601 3897">
     <span class='ocr_line' id='line_1_96' title="bbox 1993 3820 3601 3897; baseline 0.007 -22"><span class='ocrx_word' id='word_1_748' title='bbox 1993 3820 2324 3876; x_wconf 75' lang='lat' dir='ltr'><strong>dicimr‘t—</strong></span> <span class='ocrx_word' id='word_1_749' title='bbox 2367 3821 2522 3893; x_wconf 78' lang='lat' dir='ltr'><strong>Resp.</strong></span> <span class='ocrx_word' id='word_1_750' title='bbox 2565 3824 2699 3890; x_wconf 81' lang='lat' dir='ltr'><strong>Quia</strong></span> <span class='ocrx_word' id='word_1_751' title='bbox 2751 3825 2855 3878; x_wconf 87' lang='lat' dir='ltr'><strong>alia</strong></span> <span class='ocrx_word' id='word_1_752' title='bbox 2905 3833 2987 3881; x_wconf 88' lang='lat' dir='ltr'><strong>est</strong></span> <span class='ocrx_word' id='word_1_753' title='bbox 3023 3841 3255 3897; x_wconf 87' lang='lat' dir='ltr'><strong>persona</strong></span> <span class='ocrx_word' id='word_1_754' title='bbox 3304 3829 3456 3894; x_wconf 85' lang='lat' dir='ltr'><strong>Filii,</strong></span> <span class='ocrx_word' id='word_1_755' title='bbox 3495 3831 3601 3886; x_wconf 87' lang='lat' dir='ltr'><strong>alia</strong></span> 
     </span>
    </p>
   </div>
   <div class='ocr_carea' id='block_1_97' title="bbox 1995 3907 3602 3990">
    <p class='ocr_par' dir='ltr' id='par_1_97' title="bbox 1995 3907 3602 3990">
     <span class='ocr_line' id='line_1_97' title="bbox 1995 3907 3602 3990; baseline 0.007 -26"><span class='ocrx_word' id='word_1_756' title='bbox 1995 3907 2195 3974; x_wconf 84' lang='lat' dir='ltr'><strong>Patris,</strong></span> <span class='ocrx_word' id='word_1_757' title='bbox 2222 3909 2326 3964; x_wconf 86' lang='lat' dir='ltr'><strong>alia</strong></span> <span class='ocrx_word' id='word_1_758' title='bbox 2359 3910 2593 3980; x_wconf 86' lang='lat' dir='ltr'><strong>Spiritus</strong></span> <span class='ocrx_word' id='word_1_759' title='bbox 2619 3915 2816 3968; x_wconf 86' lang='lat' dir='ltr'><strong>sancti.</strong></span> <span class='ocrx_word' id='word_1_760' title='bbox 2843 3913 2908 3968; x_wconf 79' lang='lat' dir='ltr'><strong>Et</strong></span> <span class='ocrx_word' id='word_1_761' title='bbox 2933 3915 3045 3968; x_wconf 91' lang='lat' dir='ltr'><strong>sola</strong></span> <span class='ocrx_word' id='word_1_762' title='bbox 3074 3917 3338 3986; x_wconf 86' lang='lat' dir='ltr'><strong>siquidem</strong></span> <span class='ocrx_word' id='word_1_763' title='bbox 3368 3933 3602 3990; x_wconf 86' lang='lat' dir='ltr'><strong>persona</strong></span> 
     </span>
    </p>
   </div>
   <div class='ocr_carea' id='block_1_98' title="bbox 1995 4001 3605 4075">
    <p class='ocr_par' dir='ltr' id='par_1_98' title="bbox 1995 4001 3605 4075">
     <span class='ocr_line' id='line_1_98' title="bbox 1995 4001 3605 4075; baseline 0.005 -17"><span class='ocrx_word' id='word_1_764' title='bbox 1995 4001 2120 4066; x_wconf 77' lang='lat' dir='ltr'><strong>Filii</strong></span> <span class='ocrx_word' id='word_1_765' title='bbox 2162 4004 2444 4068; x_wconf 65' lang='lat' dir='ltr'><strong>incuruata</strong></span> <span class='ocrx_word' id='word_1_766' title='bbox 2469 4013 2588 4068; x_wconf 69' lang='lat' dir='ltr'><strong>est:</strong></span> <span class='ocrx_word' id='word_1_767' title='bbox 2619 4015 2882 4075; x_wconf 83' lang='lat' dir='ltr'><strong>operante</strong></span> <span class='ocrx_word' id='word_1_768' title='bbox 2913 4017 3096 4070; x_wconf 82' lang='lat' dir='ltr'><strong>tamen</strong></span> <span class='ocrx_word' id='word_1_769' title='bbox 3131 4010 3382 4068; x_wconf 80' lang='lat' dir='ltr'><strong>eamdem</strong></span> <span class='ocrx_word' id='word_1_770' title='bbox 3425 4012 3605 4068; x_wconf 86' lang='lat' dir='ltr'><strong>incar-</strong></span> 
     </span>
    </p>
   </div>
   <div class='ocr_carea' id='block_1_99' title="bbox 1996 4096 3606 4174">
    <p class='ocr_par' dir='ltr' id='par_1_99' title="bbox 1996 4096 3606 4174">
     <span class='ocr_line' id='line_1_99' title="bbox 1996 4096 3606 4174; baseline 0.006 -23"><span class='ocrx_word' id='word_1_771' title='bbox 1996 4096 2276 4151; x_wconf 71' lang='lat' dir='ltr'><strong>nationem</strong></span> <span class='ocrx_word' id='word_1_772' title='bbox 2309 4105 2421 4150; x_wconf 87' lang='lat' dir='ltr'><strong>tota</strong></span> <span class='ocrx_word' id='word_1_773' title='bbox 2449 4106 2635 4152; x_wconf 84' lang='lat' dir='ltr'><strong>sancta</strong></span> <span class='ocrx_word' id='word_1_774' title='bbox 2664 4096 2954 4165; x_wconf 84' lang='lat' dir='ltr'><strong>Trinitate,</strong></span> <span class='ocrx_word' id='word_1_775' title='bbox 2987 4099 3144 4172; x_wconf 63' lang='lat' dir='ltr'><strong>cuiius</strong></span> <span class='ocrx_word' id='word_1_776' title='bbox 3171 4113 3338 4174; x_wconf 83' lang='lat' dir='ltr'><strong>opera</strong></span> <span class='ocrx_word' id='word_1_777' title='bbox 3367 4111 3495 4169; x_wconf 88' lang='lat' dir='ltr'><strong>sunt</strong></span> <span class='ocrx_word' id='word_1_778' title='bbox 3523 4105 3606 4159; x_wconf 85' lang='lat' dir='ltr'><strong>ln-</strong></span> 
     </span>
    </p>
   </div>
   <div class='ocr_carea' id='block_1_100' title="bbox 1997 4187 2346 4260">
    <p class='ocr_par' dir='ltr' id='par_1_100' title="bbox 1997 4187 2346 4260">
     <span class='ocr_line' id='line_1_100' title="bbox 1997 4187 2346 4260; baseline 0 -18"><span class='ocrx_word' id='word_1_779' title='bbox 1997 4187 2346 4260; x_wconf 77' lang='lat' dir='ltr'><strong>separabilia.</strong></span> 
     </span>
    </p>
   </div>
   <div class='ocr_carea' id='block_1_101' title="bbox 2068 4277 3606 4355">
    <p class='ocr_par' dir='ltr' id='par_1_101' title="bbox 2068 4277 3606 4355">
     <span class='ocr_line' id='line_1_101' title="bbox 2068 4277 3606 4355; baseline 0.007 -22"><span class='ocrx_word' id='word_1_780' title='bbox 2068 4277 2238 4336; x_wconf 80' lang='lat' dir='ltr'><strong>Inter.</strong></span> <span class='ocrx_word' id='word_1_781' title='bbox 2271 4279 2360 4336; x_wconf 59' lang='lat'><strong>“25.</strong></span> <span class='ocrx_word' id='word_1_782' title='bbox 2397 4281 2532 4342; x_wconf 88' lang='lat' dir='ltr'><strong>Dum</strong></span> <span class='ocrx_word' id='word_1_783' title='bbox 2564 4281 2619 4338; x_wconf 90' lang='lat' dir='ltr'><strong>in</strong></span> <span class='ocrx_word' id='word_1_784' title='bbox 2667 4283 2925 4355; x_wconf 85' lang='lat' dir='ltr'><strong>Symbolo</strong></span> <span class='ocrx_word' id='word_1_785' title='bbox 2956 4285 3227 4350; x_wconf 78' lang='lat' dir='ltr'><strong>catholico</strong></span> <span class='ocrx_word' id='word_1_786' title='bbox 3255 4289 3471 4352; x_wconf 77' lang='lat' dir='ltr'><strong>cantari</strong></span> <span class='ocrx_word' id='word_1_787' title='bbox 3518 4305 3606 4344; x_wconf 84' lang='lat' dir='ltr'><strong>so-</strong></span> 
     </span>
    </p>
   </div>
   <div class='ocr_carea' id='block_1_102' title="bbox 1997 4373 3604 4453">
    <p class='ocr_par' dir='ltr' id='par_1_102' title="bbox 1997 4373 3604 4453">
     <span class='ocr_line' id='line_1_102' title="bbox 1997 4373 3604 4453; baseline 0.006 -24"><span class='ocrx_word' id='word_1_788' title='bbox 1997 4375 2094 4438; x_wconf 86' lang='lat' dir='ltr'><strong>let,</strong></span> <span class='ocrx_word' id='word_1_789' title='bbox 2124 4373 2220 4428; x_wconf 89' lang='lat' dir='ltr'><strong>Dei</strong></span> <span class='ocrx_word' id='word_1_790' title='bbox 2249 4373 2451 4428; x_wconf 82' lang='lat' dir='ltr'><strong>Filium</strong></span> <span class='ocrx_word' id='word_1_791' title='bbox 2481 4375 2547 4429; x_wconf 91' lang='lat' dir='ltr'><strong>de</strong></span> <span class='ocrx_word' id='word_1_792' title='bbox 2594 4375 2800 4446; x_wconf 89' lang='lat' dir='ltr'><strong>Spiritu</strong></span> <span class='ocrx_word' id='word_1_793' title='bbox 2849 4386 3062 4444; x_wconf 84' lang='lat' dir='ltr'><strong>saneto,</strong></span> <span class='ocrx_word' id='word_1_794' title='bbox 3095 4388 3149 4434; x_wconf 93' lang='lat' dir='ltr'><strong>ot</strong></span> <span class='ocrx_word' id='word_1_795' title='bbox 3180 4377 3349 4434; x_wconf 65' lang='lat' dir='ltr'><strong>Maria</strong></span> <span class='ocrx_word' id='word_1_796' title='bbox 3391 4380 3604 4453; x_wconf 84' lang='lat' dir='ltr'><strong>virgine</strong></span> 
     </span>
    </p>
   </div>
   <div class='ocr_carea' id='block_1_103' title="bbox 1998 4467 3686 4542">
    <p class='ocr_par' dir='ltr' id='par_1_103' title="bbox 1998 4467 3686 4542">
     <span class='ocr_line' id='line_1_103' title="bbox 1998 4467 3686 4542; baseline 0.004 -20"><span class='ocrx_word' id='word_1_797' title='bbox 1998 4467 2365 4534; x_wconf 87' lang='lat' dir='ltr'><strong>iuearnatum,</strong></span> <span class='ocrx_word' id='word_1_798' title='bbox 2395 4481 2564 4540; x_wconf 85' lang='lat' dir='ltr'><strong>quare</strong></span> <span class='ocrx_word' id='word_1_799' title='bbox 2589 4483 2694 4523; x_wconf 89' lang='lat' dir='ltr'><strong>non</strong></span> <span class='ocrx_word' id='word_1_800' title='bbox 2725 4469 2926 4525; x_wconf 85' lang='lat' dir='ltr'><strong>dicitur</strong></span> <span class='ocrx_word' id='word_1_801' title='bbox 2947 4469 3118 4527; x_wconf 81' lang='lat' dir='ltr'><strong>Filius</strong></span> <span class='ocrx_word' id='word_1_802' title='bbox 3142 4469 3377 4542; x_wconf 88' lang='lat' dir='ltr'><strong>Spiritus</strong></span> <span class='ocrx_word' id='word_1_803' title='bbox 3403 4475 3603 4542; x_wconf 87' lang='lat' dir='ltr'><strong>sancti,</strong></span> <span class='ocrx_word' id='word_1_804' title='bbox 3683 4495 3686 4498; x_wconf 94' lang='grc'>·</span> 
     </span>
    </p>
   </div>
   <div class='ocr_carea' id='block_1_104' title="bbox 1919 4549 3603 4640">
    <p class='ocr_par' dir='ltr' id='par_1_104' title="bbox 1919 4549 3603 4640">
     <span class='ocr_line' id='line_1_104' title="bbox 1919 4549 3603 4640; baseline 0.002 -22"><span class='ocrx_word' id='word_1_805' title='bbox 1919 4549 1968 4608; x_wconf 81' lang='grc' dir='ltr'>υ</span> <span class='ocrx_word' id='word_1_806' title='bbox 1993 4563 2138 4620; x_wconf 89' lang='lat' dir='ltr'><strong>sicut</strong></span> <span class='ocrx_word' id='word_1_807' title='bbox 2165 4562 2364 4617; x_wconf 89' lang='lat' dir='ltr'><strong>dicitur</strong></span> <span class='ocrx_word' id='word_1_808' title='bbox 2391 4563 2562 4618; x_wconf 76' lang='lat' dir='ltr'><strong>beata:</strong></span> <span class='ocrx_word' id='word_1_809' title='bbox 2589 4561 3105 4640; x_wconf 78' lang='lat' dir='ltr'><strong>virginis?—Resp.</strong></span> <span class='ocrx_word' id='word_1_810' title='bbox 3136 4564 3253 4622; x_wconf 85' lang='lat' dir='ltr'><strong>Non</strong></span> <span class='ocrx_word' id='word_1_811' title='bbox 3281 4566 3364 4622; x_wconf 85' lang='lat' dir='ltr'><strong>sic</strong></span> <span class='ocrx_word' id='word_1_812' title='bbox 3391 4565 3456 4630; x_wconf 76' lang='lat' dir='ltr'><strong>de</strong></span> <span class='ocrx_word' id='word_1_813' title='bbox 3486 4564 3603 4633; x_wconf 84' lang='lat' dir='ltr'><strong>illo,</strong></span> 
     </span>
    </p>
   </div>
   <div class='ocr_carea' id='block_1_105' title="bbox 1999 4657 3600 4729">
    <p class='ocr_par' dir='ltr' id='par_1_105' title="bbox 1999 4657 3600 4729">
     <span class='ocr_line' id='line_1_105' title="bbox 1999 4657 3600 4729; baseline 0 -15"><span class='ocrx_word' id='word_1_814' title='bbox 1999 4659 2146 4714; x_wconf 78' lang='lat' dir='ltr'><strong>sicut</strong></span> <span class='ocrx_word' id='word_1_815' title='bbox 2164 4667 2220 4712; x_wconf 89' lang='lat' dir='ltr'><strong>et</strong></span> <span class='ocrx_word' id='word_1_816' title='bbox 2246 4658 2314 4713; x_wconf 90' lang='lat' dir='ltr'><strong>de</strong></span> <span class='ocrx_word' id='word_1_817' title='bbox 2340 4657 2432 4712; x_wconf 89' lang='lat' dir='ltr'><strong>illa</strong></span> <span class='ocrx_word' id='word_1_818' title='bbox 2462 4665 2624 4714; x_wconf 81' lang='lat' dir='ltr'><strong>natus</strong></span> <span class='ocrx_word' id='word_1_819' title='bbox 2643 4668 2726 4713; x_wconf 89' lang='lat' dir='ltr'><strong>est</strong></span> <span class='ocrx_word' id='word_1_820' title='bbox 2755 4658 2924 4714; x_wconf 86' lang='lat' dir='ltr'><strong>Filius</strong></span> <span class='ocrx_word' id='word_1_821' title='bbox 2945 4659 3062 4714; x_wconf 86' lang='lat' dir='ltr'><strong>Dei.</strong></span> <span class='ocrx_word' id='word_1_822' title='bbox 3092 4659 3167 4713; x_wconf 88' lang='lat' dir='ltr'><strong>De</strong></span> <span class='ocrx_word' id='word_1_823' title='bbox 3191 4659 3282 4714; x_wconf 83' lang='lat' dir='ltr'><strong>illa</strong></span> <span class='ocrx_word' id='word_1_824' title='bbox 3307 4658 3600 4729; x_wconf 80' lang='lat' dir='ltr'><strong>siquidem,</strong></span> 
     </span>
    </p>
   </div>
   <div class='ocr_carea' id='block_1_106' title="bbox 2000 4747 3606 4824">
    <p class='ocr_par' dir='ltr' id='par_1_106' title="bbox 2000 4747 3606 4824">
     <span class='ocr_line' id='line_1_106' title="bbox 2000 4747 3606 4824; baseline 0 -16"><span class='ocrx_word' id='word_1_825' title='bbox 2000 4750 2058 4808; x_wconf 89' lang='lat' dir='ltr'><strong>id</strong></span> <span class='ocrx_word' id='word_1_826' title='bbox 2107 4758 2218 4814; x_wconf 88' lang='lat' dir='ltr'><strong>est,</strong></span> <span class='ocrx_word' id='word_1_827' title='bbox 2261 4759 2452 4809; x_wconf 87' lang='lat' dir='ltr'><strong>sancta</strong></span> <span class='ocrx_word' id='word_1_828' title='bbox 2498 4751 2708 4824; x_wconf 78' lang='lat' dir='ltr'><strong>virgine</strong></span> <span class='ocrx_word' id='word_1_829' title='bbox 2745 4757 2902 4806; x_wconf 88' lang='lat' dir='ltr'><strong>natus</strong></span> <span class='ocrx_word' id='word_1_830' title='bbox 2945 4757 3028 4810; x_wconf 89' lang='lat' dir='ltr'><strong>est</strong></span> <span class='ocrx_word' id='word_1_831' title='bbox 3070 4747 3238 4807; x_wconf 73' lang='lat' dir='ltr'><strong>Filius</strong></span> <span class='ocrx_word' id='word_1_832' title='bbox 3288 4749 3415 4818; x_wconf 87' lang='lat' dir='ltr'><strong>Del,</strong></span> <span class='ocrx_word' id='word_1_833' title='bbox 3463 4751 3606 4808; x_wconf 84' lang='lat' dir='ltr'><strong>sicut</strong></span> 
     </span>
    </p>
   </div>
   <div class='ocr_carea' id='block_1_107' title="bbox 2002 4847 3607 4922">
    <p class='ocr_par' dir='ltr' id='par_1_107' title="bbox 2002 4847 3607 4922">
     <span class='ocr_line' id='line_1_107' title="bbox 2002 4847 3607 4922; baseline 0 -14"><span class='ocrx_word' id='word_1_834' title='bbox 2002 4847 2070 4908; x_wconf 83' lang='lat' dir='ltr'><strong>de</strong></span> <span class='ocrx_word' id='word_1_835' title='bbox 2119 4859 2321 4916; x_wconf 88' lang='lat' dir='ltr'><strong>matre;</strong></span> <span class='ocrx_word' id='word_1_836' title='bbox 2358 4865 2464 4910; x_wconf 84' lang='lat' dir='ltr'><strong>non</strong></span> <span class='ocrx_word' id='word_1_837' title='bbox 2496 4850 2564 4908; x_wconf 84' lang='lat' dir='ltr'><strong>de</strong></span> <span class='ocrx_word' id='word_1_838' title='bbox 2601 4849 2714 4916; x_wconf 89' lang='lat' dir='ltr'><strong>illo,</strong></span> <span class='ocrx_word' id='word_1_839' title='bbox 2765 4850 2818 4916; x_wconf 82' lang='lat' dir='ltr'><strong>id</strong></span> <span class='ocrx_word' id='word_1_840' title='bbox 2837 4860 2952 4920; x_wconf 66' lang='lat' dir='ltr'><strong>est,</strong></span> <span class='ocrx_word' id='word_1_841' title='bbox 2983 4849 3187 4922; x_wconf 83' lang='lat' dir='ltr'><strong>Spiritu</strong></span> <span class='ocrx_word' id='word_1_842' title='bbox 3219 4861 3433 4921; x_wconf 81' lang='lat' dir='ltr'><strong>sancto,</strong></span> <span class='ocrx_word' id='word_1_843' title='bbox 3465 4853 3607 4910; x_wconf 79' lang='lat' dir='ltr'><strong>sicut</strong></span> 
     </span>
    </p>
   </div>
   <div class='ocr_carea' id='block_1_108' title="bbox 1963 4941 3608 5026">
    <p class='ocr_par' dir='ltr' id='par_1_108' title="bbox 1963 4941 3608 5026">
     <span class='ocr_line' id='line_1_108' title="bbox 1963 4941 3608 5026; baseline 0.004 -29"><span class='ocrx_word' id='word_1_844' title='bbox 1963 5017 1972 5026; x_wconf 27' lang='grc' dir='ltr'><em>ι</em></span> <span class='ocrx_word' id='word_1_845' title='bbox 2006 4941 2074 4997; x_wconf 89' lang='lat' dir='ltr'><strong>de</strong></span> <span class='ocrx_word' id='word_1_846' title='bbox 2101 4941 2283 5007; x_wconf 89' lang='lat' dir='ltr'><strong>Patre,</strong></span> <span class='ocrx_word' id='word_1_847' title='bbox 2317 4957 2385 4997; x_wconf 90' lang='lat' dir='ltr'><strong>ne</strong></span> <span class='ocrx_word' id='word_1_848' title='bbox 2412 4942 2519 4997; x_wconf 86' lang='lat' dir='ltr'><strong>duo</strong></span> <span class='ocrx_word' id='word_1_849' title='bbox 2548 4941 2741 4998; x_wconf 84' lang='lat' dir='ltr'><strong>Patres</strong></span> <span class='ocrx_word' id='word_1_850' title='bbox 2768 4943 3078 4999; x_wconf 79' lang='lat' dir='ltr'><strong>dicerentur</strong></span> <span class='ocrx_word' id='word_1_851' title='bbox 3105 4945 3161 5001; x_wconf 89' lang='lat' dir='ltr'><strong>in</strong></span> <span class='ocrx_word' id='word_1_852' title='bbox 3201 4955 3390 5018; x_wconf 78' lang='lat' dir='ltr'><strong>sanota</strong></span> <span class='ocrx_word' id='word_1_853' title='bbox 3428 4945 3608 5003; x_wconf 87' lang='lat' dir='ltr'><strong>Trini—</strong></span> 
     </span>
    </p>
   </div>
   <div class='ocr_carea' id='block_1_109' title="bbox 2003 5041 2138 5090">
    <p class='ocr_par' dir='ltr' id='par_1_109' title="bbox 2003 5041 2138 5090">
     <span class='ocr_line' id='line_1_109' title="bbox 2003 5041 2138 5090; baseline -0.022 0"><span class='ocrx_word' id='word_1_854' title='bbox 2003 5041 2138 5090; x_wconf 88' lang='lat' dir='ltr'><strong>tate.</strong></span> 
     </span>
    </p>
   </div>
   <div class='ocr_carea' id='block_1_110' title="bbox 2076 5127 3608 5204">
    <p class='ocr_par' dir='ltr' id='par_1_110' title="bbox 2076 5127 3608 5204">
     <span class='ocr_line' id='line_1_110' title="bbox 2076 5127 3608 5204; baseline 0.003 -22"><span class='ocrx_word' id='word_1_855' title='bbox 2076 5127 2242 5184; x_wconf 87' lang='lat' dir='ltr'><strong>Inter.</strong></span> <span class='ocrx_word' id='word_1_856' title='bbox 2273 5127 2362 5183; x_wconf 73' lang='lat'><strong>26.</strong></span> <span class='ocrx_word' id='word_1_857' title='bbox 2400 5127 2458 5184; x_wconf 89' lang='lat' dir='ltr'><strong>Si</strong></span> <span class='ocrx_word' id='word_1_858' title='bbox 2488 5145 2593 5198; x_wconf 79' lang='lat' dir='ltr'><strong>una</strong></span> <span class='ocrx_word' id='word_1_859' title='bbox 2625 5139 2820 5196; x_wconf 76' lang='lat' dir='ltr'><strong>natura</strong></span> <span class='ocrx_word' id='word_1_860' title='bbox 2849 5138 2933 5190; x_wconf 89' lang='lat' dir='ltr'><strong>est</strong></span> <span class='ocrx_word' id='word_1_861' title='bbox 2959 5127 3140 5194; x_wconf 82' lang='lat' dir='ltr'><strong>Patris</strong></span> <span class='ocrx_word' id='word_1_862' title='bbox 3174 5139 3231 5204; x_wconf 85' lang='lat' dir='ltr'><strong>et</strong></span> <span class='ocrx_word' id='word_1_863' title='bbox 3258 5127 3405 5200; x_wconf 81' lang='lat' dir='ltr'><strong>Filii,</strong></span> <span class='ocrx_word' id='word_1_864' title='bbox 3433 5139 3491 5188; x_wconf 89' lang='lat' dir='ltr'><strong>et</strong></span> <span class='ocrx_word' id='word_1_865' title='bbox 3515 5129 3608 5188; x_wconf 78' lang='lat' dir='ltr'><strong>Fi-</strong></span> 
     </span>
    </p>
   </div>
   <div class='ocr_carea' id='block_1_111' title="bbox 2003 5218 3607 5294">
    <p class='ocr_par' dir='ltr' id='par_1_111' title="bbox 2003 5218 3607 5294">
     <span class='ocr_line' id='line_1_111' title="bbox 2003 5218 3607 5294; baseline 0.001 -18"><span class='ocrx_word' id='word_1_866' title='bbox 2003 5218 2110 5276; x_wconf 88' lang='lat' dir='ltr'><strong>lius</strong></span> <span class='ocrx_word' id='word_1_867' title='bbox 2141 5221 2460 5278; x_wconf 83' lang='lat' dir='ltr'><strong>incarnatus</strong></span> <span class='ocrx_word' id='word_1_868' title='bbox 2492 5222 2684 5293; x_wconf 86' lang='lat' dir='ltr'><strong>plenus</strong></span> <span class='ocrx_word' id='word_1_869' title='bbox 2726 5233 2813 5279; x_wconf 88' lang='lat' dir='ltr'><strong>est</strong></span> <span class='ocrx_word' id='word_1_870' title='bbox 2850 5223 2996 5279; x_wconf 86' lang='lat' dir='ltr'><strong>Deus</strong></span> <span class='ocrx_word' id='word_1_871' title='bbox 3037 5233 3096 5279; x_wconf 89' lang='lat' dir='ltr'><strong>et</strong></span> <span class='ocrx_word' id='word_1_872' title='bbox 3128 5224 3426 5294; x_wconf 75' lang='lat' dir='ltr'><strong>perfectus,</strong></span> <span class='ocrx_word' id='word_1_873' title='bbox 3470 5237 3607 5293; x_wconf 87' lang='lat' dir='ltr'><strong>quo-</strong></span> 
     </span>
    </p>
   </div>
   <div class='ocr_carea' id='block_1_112' title="bbox 2003 5314 3602 5392">
    <p class='ocr_par' dir='ltr' id='par_1_112' title="bbox 2003 5314 3602 5392">
     <span class='ocr_line' id='line_1_112' title="bbox 2003 5314 3602 5392; baseline 0.003 -23"><span class='ocrx_word' id='word_1_874' title='bbox 2003 5314 2165 5369; x_wconf 88' lang='lat' dir='ltr'><strong>modo</strong></span> <span class='ocrx_word' id='word_1_875' title='bbox 2191 5330 2298 5372; x_wconf 90' lang='lat' dir='ltr'><strong>non</strong></span> <span class='ocrx_word' id='word_1_876' title='bbox 2327 5314 2490 5370; x_wconf 90' lang='lat' dir='ltr'><strong>Pater</strong></span> <span class='ocrx_word' id='word_1_877' title='bbox 2517 5315 2829 5373; x_wconf 86' lang='lat' dir='ltr'><strong>incarnatus</strong></span> <span class='ocrx_word' id='word_1_878' title='bbox 2858 5318 2980 5372; x_wconf 83' lang='lat' dir='ltr'><strong>est?</strong></span> <span class='ocrx_word' id='word_1_879' title='bbox 3000 5347 3069 5358; x_wconf 90' lang='lat'><strong>-—</strong></span> <span class='ocrx_word' id='word_1_880' title='bbox 3099 5317 3255 5392; x_wconf 77' lang='lat' dir='ltr'><strong>Resp.</strong></span> <span class='ocrx_word' id='word_1_881' title='bbox 3294 5315 3462 5372; x_wconf 80' lang='lat' dir='ltr'><strong>Filius</strong></span> <span class='ocrx_word' id='word_1_882' title='bbox 3491 5315 3602 5387; x_wconf 88' lang='lat' dir='ltr'><strong>ple-</strong></span> 
     </span>
    </p>
   </div>
   <div class='ocr_carea' id='block_1_113' title="bbox 2003 5407 3598 5480">
    <p class='ocr_par' dir='ltr' id='par_1_113' title="bbox 2003 5407 3598 5480">
     <span class='ocr_line' id='line_1_113' title="bbox 2003 5407 3598 5480; baseline 0.003 -18"><span class='ocrx_word' id='word_1_883' title='bbox 2003 5422 2108 5471; x_wconf 84' lang='lat' dir='ltr'><strong>nus</strong></span> <span class='ocrx_word' id='word_1_884' title='bbox 2136 5414 2216 5463; x_wconf 90' lang='lat' dir='ltr'><strong>est</strong></span> <span class='ocrx_word' id='word_1_885' title='bbox 2249 5407 2389 5463; x_wconf 90' lang='lat' dir='ltr'><strong>Deus</strong></span> <span class='ocrx_word' id='word_1_886' title='bbox 2414 5415 2467 5462; x_wconf 91' lang='lat' dir='ltr'><strong>et</strong></span> <span class='ocrx_word' id='word_1_887' title='bbox 2497 5408 2801 5480; x_wconf 78' lang='lat' dir='ltr'><strong>perfectus;</strong></span> <span class='ocrx_word' id='word_1_888' title='bbox 2841 5410 2935 5480; x_wconf 90' lang='lat' dir='ltr'><strong>qui</strong></span> <span class='ocrx_word' id='word_1_889' title='bbox 2966 5410 3116 5468; x_wconf 92' lang='lat' dir='ltr'><strong>solus</strong></span> <span class='ocrx_word' id='word_1_890' title='bbox 3144 5411 3463 5466; x_wconf 86' lang='lat' dir='ltr'><strong>incarnatus</strong></span> <span class='ocrx_word' id='word_1_891' title='bbox 3495 5418 3598 5478; x_wconf 88' lang='lat' dir='ltr'><strong>est,</strong></span> 
     </span>
    </p>
   </div>
   <div class='ocr_carea' id='block_1_114' title="bbox 2005 5498 3599 5574">
    <p class='ocr_par' dir='ltr' id='par_1_114' title="bbox 2005 5498 3599 5574">
     <span class='ocr_line' id='line_1_114' title="bbox 2005 5498 3599 5574; baseline 0.001 -14"><span class='ocrx_word' id='word_1_892' title='bbox 2005 5506 2060 5560; x_wconf 82' lang='lat' dir='ltr'><strong>et</strong></span> <span class='ocrx_word' id='word_1_893' title='bbox 2091 5500 2253 5556; x_wconf 87' lang='lat' dir='ltr'><strong>homo</strong></span> <span class='ocrx_word' id='word_1_894' title='bbox 2298 5498 2475 5558; x_wconf 80' lang='lat' dir='ltr'><strong>factus</strong></span> <span class='ocrx_word' id='word_1_895' title='bbox 2517 5511 2620 5557; x_wconf 87' lang='lat' dir='ltr'><strong>est.</strong></span> <span class='ocrx_word' id='word_1_896' title='bbox 2659 5501 2795 5558; x_wconf 86' lang='lat' dir='ltr'><strong>Nam</strong></span> <span class='ocrx_word' id='word_1_897' title='bbox 2826 5503 2964 5574; x_wconf 88' lang='lat' dir='ltr'><strong>ignis</strong></span> <span class='ocrx_word' id='word_1_898' title='bbox 2993 5519 3099 5558; x_wconf 86' lang='lat' dir='ltr'><strong>una</strong></span> <span class='ocrx_word' id='word_1_899' title='bbox 3145 5511 3230 5558; x_wconf 84' lang='lat' dir='ltr'><strong>est</strong></span> <span class='ocrx_word' id='word_1_900' title='bbox 3272 5503 3599 5572; x_wconf 77' lang='lat' dir='ltr'><strong>substantia,</strong></span> 
     </span>
    </p>
   </div>
   <div class='ocr_carea' id='block_1_115' title="bbox 2005 5591 3602 5674">
    <p class='ocr_par' dir='ltr' id='par_1_115' title="bbox 2005 5591 3602 5674">
     <span class='ocr_line' id='line_1_115' title="bbox 2005 5591 3602 5674; baseline 0.003 -24"><span class='ocrx_word' id='word_1_901' title='bbox 2005 5593 2106 5650; x_wconf 79' lang='lat' dir='ltr'><strong>sed</strong></span> <span class='ocrx_word' id='word_1_902' title='bbox 2125 5594 2272 5650; x_wconf 83' lang='lat' dir='ltr'><strong>aliud</strong></span> <span class='ocrx_word' id='word_1_903' title='bbox 2297 5593 2351 5649; x_wconf 87' lang='lat' dir='ltr'><strong>in</strong></span> <span class='ocrx_word' id='word_1_904' title='bbox 2375 5595 2497 5667; x_wconf 84' lang='lat' dir='ltr'><strong>igne</strong></span> <span class='ocrx_word' id='word_1_905' title='bbox 2519 5591 2648 5651; x_wconf 74' lang='lat' dir='ltr'><strong>facit</strong></span> <span class='ocrx_word' id='word_1_906' title='bbox 2673 5597 2843 5664; x_wconf 86' lang='lat' dir='ltr'><strong>calor,</strong></span> <span class='ocrx_word' id='word_1_907' title='bbox 2870 5597 3015 5652; x_wconf 88' lang='lat' dir='ltr'><strong>aliud</strong></span> <span class='ocrx_word' id='word_1_908' title='bbox 3039 5596 3164 5651; x_wconf 77' lang='lat' dir='ltr'><strong>lux:</strong></span> <span class='ocrx_word' id='word_1_909' title='bbox 3193 5595 3283 5674; x_wconf 56' lang='lat' dir='ltr'><strong>ius</strong></span> <span class='ocrx_word' id='word_1_910' title='bbox 3309 5593 3602 5672; x_wconf 77' lang='lat' dir='ltr'><strong>illuminat,</strong></span> 
     </span>
    </p>
   </div>
   <div class='ocr_carea' id='block_1_116' title="bbox 2007 5724 3601 5872">
    <p class='ocr_par' dir='ltr' id='par_1_116' title="bbox 2007 5724 3601 5872">
     <span class='ocr_line' id='line_1_116' title="bbox 2007 5724 3601 5872; baseline 0.004 -90"><span class='ocrx_word' id='word_1_911' title='bbox 2007 5727 2259 5872; x_wconf 38' lang='lat'><strong>2:12.};—</strong></span> <span class='ocrx_word' id='word_1_912' title='bbox 2282 5724 2450 5786; x_wconf 70' lang='lat' dir='ltr'><strong>Inter.</strong></span> <span class='ocrx_word' id='word_1_913' title='bbox 2481 5729 2568 5806; x_wconf 67' lang='lat' dir='ltr'><strong>An</strong></span> <span class='ocrx_word' id='word_1_914' title='bbox 2609 5731 2890 5814; x_wconf 68' lang='lat' dir='ltr'><strong>aequaliter</strong></span> <span class='ocrx_word' id='word_1_915' title='bbox 2932 5730 3230 5808; x_wconf 75' lang='lat' dir='ltr'><strong>videbunt,</strong></span> <span class='ocrx_word' id='word_1_916' title='bbox 3263 5732 3353 5812; x_wconf 69' lang='lat' dir='ltr'><strong>vel</strong></span> <span class='ocrx_word' id='word_1_917' title='bbox 3398 5731 3601 5812; x_wconf 70' lang='lat' dir='ltr'><strong>intelli-</strong></span> 
     </span>
    </p>
   </div>
  </div>
