4072 6346
499 327 571 385 65
1337 337 1397 390 Β.
1436 337 1496 392 F.
1533 331 1762 393 ALBIM
1797 333 1932 396 SEU
1971 337 2250 398 ALCUINI
2287 341 2574 399 OPERUM
2612 340 2793 398 PARS
2831 341 2917 398 III.
3133 347 3136 350 ’
3718 343 3790 401 σι

499 443 652 501 calor
687 442 937 501 calefacit
964 446 1094 519 LAL,
1125 447 1411 521 caliﬁcat];
1445 467 1550 504 una
1581 460 1760 508 tamen
1801 454 1940 525 ignis
1985 471 2082 508 na-
2109 468 2160 524 Α
2187 467 2432 528 cogente,
2455 457 2601 513 solus
2627 467 2807 514 tamen
2831 458 2946 530 ipse
2967 458 3290 531 perpetitur,
3317 456 3464 514 salva
3485 459 3756 520 divinitati

500 545 624 594 tura
651 546 942 609 utrumque
969 539 1121 606 facit,
1145 550 1198 596 et
1227 541 1460 597 calorem
1486 552 1540 598 et
1567 544 1763 600 lucem.

571 629 788 686 tlnter.
820 633 907 686 27.
943 633 1134 688 Utrum
1183 634 1436 690 divinitas
1482 653 1603 692 cum
1637 654 1800 693 carne
1829 650 2090 710 concepta

499 719 592 784 sit,
620 729 764 783 nata,
809 736 990 790 passa,
1016 730 1070 775 et
1097 730 1292 776 caetera
1333 740 1452 794 qua:
1480 727 1832 782 humanitatis
1873 731 2090 799 propria

502 826 623 866 esse
648 814 978 867 noscuntur?
996 844 1067 852 —
1090 813 1247 883 Resp.
1279 815 1472 886 Utique
1497 819 1750 875 divinitas
1775 836 1884 876 sua:
1908 823 2090 878 carnis

501 902 850 972 conceptione
871 913 1127 974 concepta
1153 914 1251 968 est,
1272 917 1325 960 et
1348 909 1629 965 nativitate
1652 921 1796 976 nata,
1812 913 2089 982 sensitque

500 996 909 1066 participatione
938 999 1160 1054 humani
1187 1001 1410 1057 affectus
1431 1013 1683 1069 mortem,
1708 1020 1868 1075 quam
1899 1015 2090 1076 sponte

501 1097 842 1159 susceperat;
875 1107 979 1146 non
1012 1103 1219 1150 naturae
1246 1111 1356 1150 sua:
1381 1099 1675 1166 potentiam
1707 1099 1961 1167 penlens,
1993 1115 2091 1169 per

502 1193 662 1248 quam
687 1191 878 1236 cuncta
908 1183 1162 1240 viviticat.
1195 1186 1312 1257 Ipse
1341 1197 1551 1254 auctor,
1581 1199 1635 1244 et
1661 1205 1798 1261 opus
1828 1193 2087 1246 auctoris.

500 1270 644 1328 Idem
675 1283 887 1341 auctor,
915 1279 1041 1347 quia
1069 1279 1112 1333 si
1138 1289 1327 1350 sponte
1355 1289 1514 1336 natus
1549 1290 1652 1348 est,
1682 1291 1874 1351 sponte
1900 1298 2090 1352 passus

499 1374 604 1421 est.
633 1367 778 1422 Idem
822 1384 980 1438 opus,
1009 1372 1132 1441 quia
1181 1381 1470 1444 utrumque
1506 1391 1646 1430 unus
1681 1375 1804 1430 licet
1836 1391 1941 1430 non
1985 1376 2092 1430 alio

2194 553 2648 622 impassibilitate.

2267 633 2434 699 Inter.
2463 645 2552 700 28.
2598 647 2673 701 Ex
2702 663 2807 718 qua
2837 656 3032 702 natura
3061 647 3199 702 dixit
3224 665 3236 701 :
3272 646 3591 703 Potestatem
3620 650 3788 706 habeo

2193 737 2421 809 ponendi
2467 739 2698 792 animam
2749 740 2956 794 meam?
2982 769 3052 779 —
3085 737 3240 810 Resp.
3278 737 3530 794 Omnium
3572 757 3692 811 quae
3732 742 3788 798 in

2195 831 2412 886 Christo
2442 838 2590 902 gesta
2617 839 2759 895 sunt,
2795 846 3020 902 operum
3058 831 3356 886 auctoritas
3397 846 3464 885 ex
3506 832 3788 888 divinitate

2194 931 2276 977 est
2302 941 2314 976 :
2349 932 2528 977 tamen
2556 923 2708 977 carni
2745 923 2998 978 convenit
3027 923 3208 978 dicere
3233 939 3246 975 :
3276 921 3598 976 Potestatem
3622 922 3789 976 habeo

2195 1014 2422 1086 ponendi
2454 1015 2683 1068 animam
2709 1032 2876 1071 meam
2907 1015 3090 1086 (Joan.
3115 1030 3171 1078 κ,
3198 1014 3311 1084 18),
3352 1028 3460 1069 non
3493 1013 3784 1069 divinitati.

2196 1113 2462 1168 Divinitas
2497 1128 2602 1166 non
2647 1112 2853 1168 dimisit
2878 1113 3140 1176 animam,
3165 1117 3451 1186 postquam
3496 1109 3784 1180 assumpsit

2195 1219 2314 1258 eam
2361 1204 2415 1258 in
2447 1214 2600 1258 utero
2625 1204 2871 1277 virginis.
2897 1202 3037 1261 Caro
3076 1203 3310 1270 dimisit,
3352 1204 3481 1258 dum
3504 1200 3689 1258 emisit
3729 1200 3786 1255 in

2197 1314 2358 1355 cruce
2385 1299 2638 1372 spiritum
2663 1297 2932 1354 Christus.

567 1513 600 1543 ι
634 1500 762 1558 Haec
788 1503 1138 1577 interrogatio
1172 1509 1370 1564 omissa
1412 1519 1498 1565 est
1537 1509 1592 1565 in
1633 1511 2189 1583 orthodoxographta.

689 1649 3786 1683 —__________________..________________

1165 1762 1326 1835 πθ
1368 1751 2220 1868 OPUSCULUM
2285 1750 3115 1894 SECUNDUM,

2068 1949 2204 2008 SEU

890 2101 1394 2182 LIBELLUS
1453 2103 1586 2180 DE
1661 2099 2360 2180 PBOCESSIONE
2437 2095 2919 2177 SI’IBITUS
2995 2094 3390 2178 SANCTI.

1716 2254 1812 2311 AD
1849 2252 2183 2310 CABOLUM
2223 2252 2538 2310 MAGNUM.

924 2459 1245 2518 MONITUM
1289 2459 1648 2517 PREVIUM.

564 2552 828 2610 Libellum
881 2566 1040 2622 quem
1091 2552 1178 2604 hic
1206 2550 1508 2622 vulgamus,
1540 2565 1570 2604 a
1607 2551 1726 2622 viro
1764 2548 2080 2622 clarissimo

494 2641 560 2682 ac
588 2623 898 2682 doctissimo
925 2623 986 2677 D.
1019 2621 1338 2690 Ilzlephonso
1360 2621 1650 2686 Catelinot,
1669 2621 2080 2676 bibliothecario

493 2695 810 2753 monasterii
843 2693 899 2748 S.
945 2692 1220 2747 Michaelis
1264 2693 1316 2746 in
1373 2691 1722 2762 Lotharingia
1769 2691 1896 2745 dum
1935 2691 2082 2744 vive-

493 2776 596 2832 ret,
631 2765 955 2835 accepimus.
987 2763 1186 2835 ‘Illumr
1219 2765 1394 2832 primo
1445 2761 1654 2835 detexit
1693 2761 2080 2835 celeberrimus

492 2831 802 2893 Bernardtis
830 2831 1283 2898 Montfauconius,
1347 2843 1511 2903 atque
1559 2834 1613 2887 in
1664 2833 1938 2903 praeclaro.
1983 2847 2082 2887 suo

492 2922 656 2978 Opere
694 2907 1042 2978 Bibliotheca:
1069 2893 1521 2978 [iibliotbecarfum
1549 2893 1887 2978 tonfll,pag.
1918 2893 2076 2978 1.297,

495 2972 638 3032 inter
669 2975 792 3031 cod.
817 2977 1065 3031 biblioth.
1096 2975 1469 3030 Laudnnensis
1501 2972 1788 3030 recensuit.
1819 2972 1896 3042 .D.
1921 2972 2082 3027 Cate-

493 3047 628 3102 Iinot
664 3049 934 3110 eumdem,
963 3061 1029 3100 ex
1056 3046 1243 3099 eodem
1270 3047 1455 3101 codice
1478 3046 1855 3115 antiquissimo
1885 3044 2084 3098 descri-

491 3127 663 3189 ptum,
697 3117 926 3189 obtinuit
941 3115 1234 3189 “beneficio
1283 3117 1743 3189 domini__ah_batis
1775 3117 1840 3170 de
1869 3115 2082 3189 Hadou-

491 3186 619 3244 ville
661 3187 909 3243 canonici
939 3186 1191 3241 Ecclesiae
1235 3186 1564 3242 cathedralis
1597 3187 1992 3249 Laudunensis,
2025 3194 2082 3240 et

493 3274 658 3330 opera
709 3259 771 3313 Ι).
801 3258 998 3312 Brcton
1035 3256 1359 3328 professoris
1410 3258 1640 3313 abbatize
1685 3257 2079 3312 Praemonstra-

497 3330 688 3386 tensis.

563 3399 838 3464 Codicem,
864 3399 1006 3453 unde
1034 3398 1349 3453 hiclibellus
1378 3399 1681 3468 descriptus
1706 3399 1825 3462 fuit,
1845 3397 2082 3468 przel'atae

492 3471 733 3528 ecclesiae
760 3470 898 3525 dono
927 3470 1076 3524 dedit
1106 3469 1240 3523 Dido
1286 3470 1590 3538 episcopus,
1623 3479 1784 3539 prout
1813 3476 2081 3522 monstrat

494 3541 775 3611 inscriptio
805 3541 870 3594 ad
902 3541 1112 3594 initium
1143 3540 1346 3595 codicis
1371 3549 1609 3604 exstaus,
1648 3557 1767 3611 quae
1786 3539 1932 3611 italis
1953 3547 2036 3592 est
2065 3556 2078 3592 :

493 3611 651 3666 Hunc
669 3610 905 3665 libellum
921 3611 1061 3664 dedit
1085 3611 1310 3681 domnus
1342 3611 1474 3665 Dido
1489 3610 1757 3681 episcopus
1779 3610 1882 3681 Deo
1905 3619 2084 3681 etsun-

493 3693 589 3738 ctte
607 3681 662 3734 Μ
667 3683 795 3735 aria:
819 3681 1184 3736 Laudunensis
1206 3680 1452 3736 ecclesim.
1476 3679 1668 3751 Siquis
1685 3679 1980 3751 abstulerit,
1995 3680 2072 3748 of-

492 3753 776 3823 fensionem
808 3751 905 3823 Dei
933 3761 980 3805 et
1029 3751 1449 3823 sanctaeﬁMarise
1496 3750 1750 3804 incurrat.
1769 3821 1782 3823 _
1809 3750 1942 3805 Dido
1970 3751 2082 3820 epi-

2120 2461 2166 2520 Β
2267 2479 2496 2533 Textum
2522 2494 2651 2550 ergo
2688 2479 2778 2536 hic
2815 2479 3010 2536 damus
3037 2496 3068 2536 e
3099 2481 3276 2550 copia,
3308 2491 3367 2536 ut
3389 2492 3605 2551 vocant,
3635 2485 3784 2545 vidi-

2186 2558 2355 2628 mata,
2388 2552 2455 2604 ad
2498 2565 2604 2628 _nos
2633 2552 2721 2628 ab_
2753 2553 2948 2628 eodem
2993 2551 3056 2605 D.
3087 2551 3378 2628 Catelinnt-
3398 2556 3602 2628 inissa,
3631 2558 3785 2628 cujus

2185 2620 2302 2674 hzec
2330 2629 2412 2674 est
2435 2620 2761 2690 subscriptio
2794 2640 2807 2676 :
2857 2641 2876 2674 ‹
2905 2623 3163 2698 Praesens
3209 2623 3420 2698 Alcuini
3455 2627 3522 2682 de
3573 2620 3783 2698 Spiritu

2185 2699 2372 2768 sancto
2397 2699 2847 2768 tractatus,_cum
2886 2693 2996 2768 divi
3038 2694 3323 2768 Augustini
3359 2695 3412 2748 in
3459 2693 3784 2768 mysterium

2185 2761 2543 2837 sanctissimae
2570 2761 2854 2837 Trinitatis
2877 2761 3275 2837 explanatione,
3295 2761 3586 2837 excerptits
3607 2779 3693 2823 est
3714 2786 3784 2826 ex

2187 2834 2373 2908 veteri
2406 2832 2778 2908 manuscripto
2817 2835 2870 2908 in_
2898 2832 3213 2908 membrana
3252 2832 3497 2900 exarato,
3539 2841 3684 2908 quod
3714 2839 3778 2895 Ι).

2184 2904 2246 2958 Ι).
2277 2903 2410 2977 Dido
2434 2902 2677 2977 ecclesiae
2721 2904 3097 2977 Laudunensis
3119 2906 3408 2977 cpiscopus
3437 2902 3782 2967 bibliothecae

2185 2973 2509 3049 cathedralis
2538 2974 2780 3049 ecclesiae
2800 2973 3322 3049 donavit;.etquod-
3335 2995 3400 3033 ex
3428 2979 3647 3049 speciali
3671 2981 3784 3036 cla-

2184 3045 2524 3116 rissimorum
2545 3043 2803 3116 _ejusdem
2852 3043 3192 3101 cathedralis
3218 3043 3472 3104 ecclesia!
3490 3052 3782 3108 canonico-

2184 3131 2303 3186 rum
2335 3114 2706 3169 bemrvolentia
2752 3116 2817 3168 ad
2871 3133 2954 3186 me
2993 3118 3374 3174 transmissum
3426 3129 3530 3175 est.
3580 3121 3780 3180 Actum

2184 3185 2591 3243 Praemonstrati
2615 3186 2702 3240 die
2735 3186 2800 3240 15
2822 3186 3022 3253 Martii,
3057 3205 3200 3244 anno
3229 3189 3526 3246 1747.—F.
3558 3193 3745 3250 Βητο

2184 3257 2410 3327 mppria.
2453 3256 2760 3311 Canonicus
2786 3257 3136 3313 Pnemonstr.
3173 3281 3189 3311 ι
3733 3287 3738 3296 -

2257 3327 2390 3397 Vide
2413 3343 2532 3396 quae
2559 3327 2626 3380 de
2651 3329 2750 3397 hoc
2779 3344 2942 3397 opere
2986 3330 3186 3384 habent
3216 3332 3279 3385 V.
3309 3333 3372 3386 V.
3400 3333 3460 3388 C.
3501 3333 3560 3388 C.
3595 3335 3656 3388 D.
3687 3334 3777 3390 Ri-

2183 3406 2298 3472 νειὲ
2326 3396 2573 3472 Ηέει-ᾏζίι.
2603 3396 2929 3472 d_e__Frai_tce,
2951 3409 3090 3472 tom.
3112 3400 3242 3464 VIII,
3272 3401 3492 3457 Avertis.
3523 3403 3548 3470 ᾗ
3575 3404 3610 3458 2
3639 3421 3692 3472 p.
3720 3423 3776 3472 x,

2187 3421 2292 3455 νει.
2326 3421 2466 3451 Πιδι.
2494 3421 2573 3450 tu.
2603 3421 2666 3450 ac
2705 3421 2737 3448 ιν
2757 3421 2929 3461 rauce,
2962 3421 3090 3453 tum.
3121 3421 3242 3464 VIII,
3272 3421 3492 3457 avertis.
3523 3421 3548 3470 ἢ
3575 3421 3610 3458 Ζ
3681 3445 3692 3457 .
3720 3423 3776 3472 Χ,

2183 3466 2598 3546 etp._Ceillier,
2627 3466 2768 3522 Hist.
2801 3468 2899 3546 des_
2925 3469 3478 3546 Auteitrsaacr.__tom_.
3509 3421 3698 3546 Πιῆ
3721 3493 3777 3546 p.

2183 3538 2306 3592 297.
2339 3537 2493 3594 IIunc
2517 3546 2802 3592 tractatum
2829 3539 2993 3593 etiam
3021 3539 3218 3594 alicubi
3245 3541 3378 3596 vidit
3407 3542 3486 3598 Cl.
3530 3537 3775 3601 δίε-ηιὸή-

2183 3609 2306 3672 dns,
2337 3608 2490 3677 cujus
2540 3609 2754 3662 titulum
2800 3619 2985 3663 nostro
3024 3625 3120 3678 per
3165 3609 3344 3666 omnia
3399 3614 3626 3670 similem
3679 3617 3777 3671 sub

2182 3679 2399 3732 nomine
2428 3688 2615 3756 tamen
2637 3680 2876 3756 auctoris
2908 3681 3374 3756 incerti_recenset
3407 3693 3540 3740 tom.
3573 3685 3616 3740 II
3638 3684 3776 3756 Ope-

2184 3765 2304 3832 rum
2357 3765 2480 3832 pag.
2515 3749 2638 3813 695,
2689 3749 3157 3832 inter-notasqﬁx
3207 3755 3395 3832 eodem
3422 3757 3591 3832 etiam
3640 3749 3776 3832 citat

491 3820 688 3896 scopus
715 3822 929 3892 pnefuit
956 3822 1198 3896 ecclesiae
1227 3822 1570 3896 haudunensi
1596 3821 1922 3896 circafinetn
1948 3836 2072 3896 srec.
2104 3824 2152 3888 ο
2183 3820 2550 3896 testimonium
2581 3821 2754 3875 sancti
2799 3821 3104 3888 Athanasii,
3156 3833 3316 3892 prout
3358 3825 3498 3882 infra
3523 3843 3676 3882 num.
3711 3830 3770 3896 9,

493 3910 567 3948 ix.
588 3891 834 3948 Mortuus
862 3909 1004 3949 anno
1023 3893 1120 3950 891
1154 3906 1202 3947 ο.
1233 3893 1327 3948 Est
1347 3909 1478 3965 ergo
1517 3894 1686 3948 codex
1712 3894 1832 3948 vita:
1861 3891 2074 3948 Alcuini

494 3979 634 4035 pene
663 3980 896 4020 coaevus.

563 4034 772 4090 Titulus
799 4035 1066 4105 opusculi,
1105 4051 1265 4106 quem
1287 4037 1451 4106 etiam
1481 4034 1562 4090 Cl.
1595 4034 1938 4106 Montfaucon
1969 4034 2072 4089 Ioc.

487 4105 580 4160 cit.
607 4103 938 4172 notavit,_cst
961 4121 975 4160 :
995 4103 1248 4160 Alcuinus
1261 4105 1326 4160 de
1345 4106 1685 4160 Processione
1702 4103 1931 4175 Spiritus
1953 4123 2078 4158 san-

489 4176 591 4248 eti.
610 4175 869 4242 Quamvis
897 4177 1061 4248 igitur
1101 4191 1260 4248 nemo
1307 4175 1543 4248 illorum,
1577 4174 1839 4248 quiAbeati
1863 4174 2076 4248 Alcuini

489 4246 690 4312 scripta
720 4243 1020 4310 recensent,
1050 4244 1208 4314 hujus
1252 4245 1494 4316 Opusculi
1529 4245 1855 4316 mentionem
1889 4243 2073 4308 faciat,

488 4317 931 4385 eticontroversia
961 4317 1151 4370 isthaec
1179 4317 1245 4369 de
1271 4314 1614 4385 processione
1646 4314 1880 4384 Spiritus
1901 4316 2075 4370 sancti

487 4400 520 4439 a
540 4384 962 4457 Patrelj‘ilioque
987 4387 1219 4457 primum
1249 4384 1370 4456 post
1391 4386 1601 4457 Alcuini
1629 4386 1854 4457 obitum,
1881 4401 2076 4454 nempe

489 4469 632 4510 anno
653 4455 759 4528 809
779 4457 832 4528 in
863 4455 1089 4528 concilio
1115 4455 1538 4528 Aquisgranensi
1563 4455 1860 4528 ferventius
1881 4457 2074 4528 agitari

488 4527 746 4596 cmperit;
777 4527 890 4597 ipse
911 4527 1076 4580 etiam
1105 4525 1275 4597 stylus
1312 4527 1552 4596 epistolae
1580 4527 1648 4580 ad
1675 4525 1938 4581 Carolum'
1967 4527 2076 4581 Au-

489 4605 704 4668 gustum
751 4612 781 4651 a
807 4596 984 4668 stylo,
1035 4596 1436 4665 qqulcuinus
1487 4599 1539 4652 in
1574 4597 1696 4656 aliis
1728 4599 1794 4651 ad
1825 4600 2074 4654 eumdem

487 4667 730 4736 epistolis
752 4667 887 4722 usus
910 4667 1031 4733 fuit,
1057 4668 1238 4736 aliquo
1276 4668 1435 4738 modo
1473 4669 1773 4733 discordet;
1805 4669 2073 4738 integrum

489 4746 670 4792 tamen
719 4738 872 4794 nobis
925 4739 1067 4793 haud
1119 4753 1239 4793 esse
1269 4737 1599 4806 judicamus,
1656 4755 1687 4792 a
1723 4739 1826 4794 ﬁde
1876 4737 2074 4796 vetusti

487 4809 689 4863 codicis
735 4817 788 4863 et
821 4825 864 4880 ra
906 4809 1213 4880 testimonio
1263 4808 1482 4880 Didonis
1535 4810 1794 4880 episcopi,
1845 4809 2074 4866 AIcnino

486 4892 625 4947 pene
669 4879 833 4934 coavi
863 4879 1134 4944 recedere,
1163 4887 1219 4933 et
1260 4879 1496 4934 libellum
1535 4881 1679 4934 hunc
1721 4879 1869 4935 inter
1910 4882 2073 4936 dubia

485 4947 574 5021 vel
619 4950 894 5021 supposita
920 4950 1064 5005 illius
1088 4951 1347 5020 opuscula
1378 4950 1649 5021 ablegare.
1680 4951 1969 5006 Enimvero
1997 4952 2074 5007 le-

486 5017 567 5074 vis
593 5017 1106 5092 styli—discrepantia
1125 5017 1265 5076 tanti
1301 5037 1408 5076 non
1437 5017 1541 5086 est,
1575 5031 1634 5076 ut
1681 5038 1816 5092 Opus
1845 5023 2061 5077 cuidam

493 5091 700 5164 auctori
744 5091 1101 5164 abjudicetur,
1132 5093 1175 5148 si
1203 5093 1307 5147 alia
1346 5102 1661 5164 argumenta
1696 5091 1944 5164 graviora
1971 5110 2070 5164 pro

486 5159 591 5244 illo
613 5171 856 5244 pugnent
875 5182 886 5216 :
913 5171 968 5218 et
996 5159 1498 5244 illa‘controver'sia
1542 5159 1826 5244 iam_ﬂi_in_te
1866 5159 2066 5244 annum

487 5231 592 5308 ξος)
616 5231 888 5308 ἰμλῦαΙΙίἱβ
917 5245 1062 5308 mota
1093 5232 1212 5308 fuit,
1243 5251 1438 5308 nempe
1464 5249 1606 5289 anno
1622 5235 1814 5308 _7_67in
1841 5236 2069 5308 concilio

485 5302 1073 5376 GentiliacensiaDum
1130 5305 1291 5376 igitur
1319 5302 1562 5360 'vivente
1605 5305 1830 5359 Alcuino
1893 5306 2070 5360 adhuc

485 5373 756 5444 glisceret,
802 5374 1034 5430 dubitari
1075 5373 1173 5430 vii
1193 5385 1389 5446 potest,
1437 5376 1689 5431 Carolutn
1723 5376 1972 5446 Magnum
2003 5377 2068 5431 de

485 5446 868 5514 componendis
914 5455 1007 5500 aut
1055 5445 1303 5502 tollendis
1329 5449 1396 5502 ab
1427 5447 1665 5501 Ecclesia
1707 5445 1968 5514 ejusmodi
2005 5446 2068 5500 li-

489 5515 629 5586 tigiis
651 5517 892 5586 apprime
943 5518 1249 5582 sollicitum,
1283 5518 1416 5571 aulae
1447 5534 1558 5572 suae
1587 5518 1906 5586 magistrum
1938 5534 2066 5572 con-

485 5585 738 5652 suluisse,
771 5595 827 5641 et
871 5587 968 5654 illi,
1003 5596 1065 5643 ut
1101 5604 1254 5644 suam
1307 5589 1632 5642 sententiam
1675 5585 1944 5653 ediceret,
1973 5589 2066 5645 de-

485 5657 789 5711 mandasse.

485 5671 789 5713 ῐηωιαειεεε.

557 5783 583 5814 ι
607 5769 1016 5827 San—Marthani
1057 5771 1229 5828 Gallia
1265 5771 1591 5827 Christiana.

2179 3893 2506 3946 notavimus.

2249 3962 2595 4035 Opusculum
2622 3961 2886 4035 hoccein
2936 3972 3048 4018 tres
3076 3973 3260 4033 partes
3284 3966 3516 4021 divisum
3559 3979 3670 4035 est;
3717 3971 3774 4027 in

2177 4032 2709 4106 prima_ostenditur,
2731 4032 3002 4106 Spiritum
3018 4032 3264 4090 sanctum
3293 4037 3588 4106 procedere
3616 4032 3775 4097 a'Pa-

2179 4103 2263 4157 tre
2281 4112 2337 4174 et
2366 4103 2533 4168 Filio;
2563 4104 2617 4157 in
2643 4103 2835 4168 altera,
2865 4103 3126 4174 Spiritum
3159 4103 3406 4162 sanctum
3433 4124 3553 4166 esse
3593 4110 3775 4168 Patris

2179 4173 2369 4228 etFilii
2396 4174 2690 4242 Spiritum;
2718 4174 2770 4227 in
2801 4173 2980 4240 tertia,
2999 4175 3260 4244 Spiritum
3279 4188 3525 4236 sanctum
3547 4182 3773 4240 missum

2180 4259 2300 4299 esse
2325 4260 2356 4298 a
2388 4244 2550 4298 Patre
2576 4253 2632 4299 et
2656 4244 2812 4300 Filio.

2340 4424 2502 4499 ’144
2545 4446 2611 4488 IN
2659 4445 2906 4489 nomne
2950 4446 3206 4489 suam
3249 4448 3608 4494 TRINITATIS

2498 4547 2898 4610 INCIPIUNT
2945 4548 3173 4609 TESTI
3183 4549 3443 4612 MONIA

2179 4691 2264 4733 EX
2310 4688 2523 4732 SACRIS
2560 4689 2992 4732 VOLUMINIBUS
3044 4690 3364 4750 COLLECJ'A
3416 4693 3478 4736 IN
3537 4693 3770 4748 QUIBUS

2257 4770 2501 4812 APERTE
2531 4768 2954 4822 OSTENDITUR,
2979 4769 3153 4822 QUOD
3179 4769 3461 4816 SPIBITUS
3489 4772 3767 4821 SANCTUS

2255 4852 2292 4892 A
2329 4849 2531 4891 PATRE
2570 4849 2649 4890 ET
2679 4848 2847 4891 FILIO
2887 4847 3220 4903 PROCEDIT,
3249 4851 3328 4893 ET
3361 4852 3533 4905 QUOD
3562 4856 3765 4899 RECTE

2255 4929 2535 4972 SPIRITUS
2575 4927 2850 4971 SANCTUS
2896 4928 3115 4972 PATRIS
3161 4931 3240 4972 ET
3284 4932 3436 4974 FILII
3473 4933 3767 4980 νοαΑΤυιι

2256 5008 2562 5052 SPIBITUS.

2246 5111 2604 5167 Serenissimo
2630 5110 2874 5183 Augusto
2925 5110 3125 5166 Carolo
3178 5111 3348 5178 salus,
3402 5129 3527 5185 pax,
3563 5115 3759 5184 virtus,

2100 5181 2151 5242 θ
2175 5203 2306 5268 vita,
2344 5203 2589 5257 victoria.

2250 5294 2448 5358 Sacra,
2493 5295 2841 5350 serenissime
2867 5293 3125 5366 Auguste,
3169 5295 3603 5354 Christianorum
3649 5309 3766 5357 tur-

2175 5387 2242 5442 ba
2262 5427 2275 5451 ,
2299 5402 2418 5457 quae
2459 5387 2558 5441 sub
2585 5385 2976 5458 gloriosissimo
3011 5399 3205 5445 vestra:
3235 5391 3622 5448 dominationis
3661 5393 3765 5448 im-

2174 5479 2328 5550 perio
2370 5488 2453 5534 est
2484 5480 2796 5544 constituta,
2852 5497 2950 5552 pro
2973 5482 3127 5537 vobis
3171 5491 3226 5536 et
3270 5499 3369 5552 pro
3399 5484 3565 5540 totius
3609 5483 3761 5555 regni

2174 5573 2340 5628 vestri
2368 5583 2532 5640 statu,
2574 5575 2768 5630 divina:
2797 5575 2962 5630 etiam
2995 5577 3316 5646 protectioni
3343 5586 3584 5633 vestrum
3610 5595 3762 5642 com-

2177 5667 2439 5722 mendans
2464 5667 2772 5742 imperium,
2803 5670 3156 5742 omnipotenti
3193 5671 3439 5739 Domino,
3477 5673 3568 5743 qui
3591 5673 3757 5732 vestri
