4072 6346
232 396 299 460 63
957 389 1368 450 DOGMA'I'ICA.
1408 419 1479 430 —
1512 386 1638 443 LIB.
1682 386 1769 441 DE
1807 378 2277 439 PROCESSIONE
2307 378 2363 433 S.
2407 368 2733 431 SPIRITUS.
3400 361 3467 421 66

228 522 312 569 est
331 508 486 585 regni
506 510 850 582 gubernator,
873 516 997 562 vota
1014 506 1295 578 persolvit;
1322 505 1613 558 immensas
1641 501 1803 554 etiam
1835 507 1879 562 Α
1905 496 2062 550 Patre
2088 492 2328 559 Filioque
2356 489 2688 551 substantiae,
2734 484 2876 555 quod
2918 483 2982 539 ab
3008 482 3251 553 utrisque
3282 496 3469 553 proce—

229 604 280 657 ei
305 603 515 674 agendo
539 601 739 673 gratias
767 614 864 670 pro
890 612 955 652 eo
980 597 1121 666 quod
1141 597 1193 649 in
1222 591 1509 648 universali
1542 589 1799 653 Ecclesia,

230 711 351 766 qua:
383 697 485 750 sub
511 693 961 750 excellentissimo
988 687 1367 744 dominationis
1406 692 1598 739 vestra:
1634 683 1803 751 impe—

230 788 312 842 rio
358 794 730 848 conversatur,
762 781 1029 837 universis
1079 779 1172 833 Dei
1202 777 1499 832 cultoribus
1548 770 1809 841 tranquil-

230 882 439 935 lissima
468 894 569 948 pax
596 886 679 932 est
697 884 752 931 et
779 877 949 944 quies.
982 872 1097 925 Non
1134 870 1304 923 solum
1333 868 1475 921 enim
1506 867 1572 919 ab
1610 865 1808 933 impetu

229 969 516 1041 gentilium
539 975 593 1022 et
616 966 853 1020 omnium
880 960 1173 1017 Christiani
1192 958 1425 1013 nominis
1446 956 1806 1018 inimicorum,

228 1077 370 1133 quos
402 1061 615 1115 favente
652 1056 874 1111 Domino
899 1064 1076 1109 vestra
1113 1049 1414 1106 sublimitas
1457 1056 1601 1101 tenet
1648 1054 1812 1115 atque

229 1154 549 1226 prosternit,
581 1160 704 1206 sunt
730 1148 979 1220 protecti,
1027 1147 1121 1200 sed
1167 1159 1262 1214 per
1310 1141 1473 1197 vestri
1518 1139 1727 1209 imperii
1758 1145 1812 1191 et

232 1246 514 1317 sapientiae
542 1241 935 1304 excellentiam,
964 1236 1207 1292 adductis
1257 1235 1324 1289 ab
1354 1232 1617 1287 idolorum
1666 1229 1812 1283 cultu

232 1334 721 1392 innumerabilibus
764 1329 992 1404 populis,
1023 1328 1091 1383 ad
1148 1326 1269 1380 fidei
1321 1322 1599 1378 catholicze
1650 1328 1702 1374 et
1746 1319 1813 1373 ad

232 1428 401 1484 divini
432 1426 607 1481 cultus
646 1422 977 1493 agnitionem
997 1417 1235 1487 quotidie
1266 1416 1318 1469 in
1346 1413 1563 1468 Christo
1591 1410 1822 1465 creden-

232 1522 368 1575 tium
395 1525 726 1590 propagatur
758 1526 1034 1575 numerus,
1067 1518 1123 1565 et
1149 1510 1340 1563 domus
1369 1506 1463 1561 Dei
1501 1505 1554 1559 in
1604 1501 1815 1557 cunctis

233 1612 385 1681 regni
414 1610 584 1665 vestri
615 1606 856 1662 terminis
902 1604 1084 1658 divino
1120 1601 1287 1657 cultui
1314 1607 1369 1654 et
1398 1597 1568 1653 sacris
1594 1611 1692 1666 pro
1720 1609 1814 1648 vo—

237 1702 319 1757 bis
367 1698 711 1755 orationibus
740 1696 969 1768 implens
997 1708 1195 1749 vacans
1223 1691 1457 1746 exsultat
1495 1706 1509 1742 :
1547 1686 1816 1743 cernendo

239 1794 400 1847 etiam
453 1806 550 1861 per
577 1797 771 1844 vestra:
798 1783 1202 1858 gubernationis
1245 1778 1632 1850 providentiam
1662 1774 1817 1829 Chri-

1905 586 1985 641 dit
2011 593 2065 638 et
2086 584 2330 637 mittitur.

1976 674 2135 747 ’145
2173 676 2369 727 Beatus
2420 686 2564 726 enim
2610 669 2935 741 evangelista
2992 667 3162 723 Lucas
3207 650 3467 736 Spiritum

1908 777 2152 823 sanctum
2201 766 2268 819 ab
2317 763 2589 834 unigenito
2642 761 2734 816 Dei
2787 761 2944 825 Filio,
2985 761 3074 829 qui
3112 770 3196 815 est
3250 760 3474 814 verbum

1908 859 2105 923 Patris,
2133 855 2423 924 procedere
2454 854 2504 907 in
2530 868 2619 906 xw
2640 852 2872 920 capitulo
2898 850 3101 922 [Nunc,
3135 866 3255 920 cap.
3282 865 3356 913 vr,
3383 849 3474 921 I9]

1908 950 2179 1021 Evangelii
2207 950 2288 1004 sui
2312 955 2539 1003 testatur
2559 946 2742 999 dicens
2776 961 2786 995 :
2823 941 3006 997 Omnis
3033 944 3184 996 turba
3211 942 3477 1013 quazrebat

1910 1061 2026 1099 eum
2052 1055 2280 1115 tangere,
2328 1044 2451 1114 quia
2477 1043 2635 1096 virtus
2661 1040 2723 1093 de
2760 1038 2849 1091 illo
2889 1037 3059 1097 exibat
3094 1038 3240 1101 [Ms.,
3278 1036 3479 1092 exiebut

1911 1134 2126 1206 sapius]
2148 1176 2162 1199 ,
2192 1146 2239 1188 et
2269 1134 2485 1188 sanabat
2516 1148 2709 1185 omnes.
2746 1128 3003 1198 Spiritum
3043 1128 3205 1198 igitur
3232 1136 3483 1183 sanctum

1914 1242 1945 1281 a
1971 1226 2108 1281 Filio
2136 1225 2426 1296 procedere
2461 1225 2513 1277 in
2544 1223 2645 1277 hoc
2672 1222 2912 1276 declarat
2938 1219 3172 1289 capitulo
3211 1220 3436 1275 dicendo
3467 1238 3480 1273 :

1913 1317 2035 1389 quia
2062 1317 2219 1369 virtus
2256 1315 2320 1367 de
2350 1313 2440 1368 illo
2483 1312 2688 1377 exibat;
2729 1310 2961 1381 Spiritus
2986 1309 3128 1364 enim
3160 1317 3377 1364 sanctus
3404 1315 3486 1363 est

1916 1407 2029 1476 ipsa
2053 1407 2244 1470 virtus,
2267 1420 2384 1473 qua:
2411 1405 2474 1457 de
2504 1404 2595 1456 Dei
2622 1402 2757 1456 Filio
2778 1402 2833 1456 in
2855 1402 2957 1455 hoc
2978 1399 3211 1470 capitulo
3237 1400 3385 1454 exire
3405 1400 3487 1454 di-

1916 1495 2073 1560 citur,
2098 1495 2237 1549 sicut
2263 1502 2373 1547 tam
2398 1494 2586 1546 beatus
2610 1491 2940 1560 Augustinus
2967 1491 3021 1544 in
3043 1504 3112 1543 xv
3135 1489 3201 1543 de
3221 1488 3488 1542 Trinitate

1916 1585 2054 1639 libro
2078 1584 2340 1643 ailirmat.
2368 1584 2520 1652 cujus
2554 1582 2717 1637 etiam
2749 1582 2800 1635 in
2829 1580 3277 1651 subsequentibus
3305 1580 3371 1635 de
3389 1595 3488 1635 ex-

1916 1678 2181 1746 positione
2209 1676 2363 1729 istius
2391 1674 2613 1744 capituli
2640 1674 2800 1727 verba
2824 1674 3016 1728 dicturi
3042 1687 3249 1728 sumus.

1991 1768 2221 1822 Sanctus
2247 1781 2458 1836 quoque
2484 1764 2718 1818 Joannes
2740 1763 3066 1834 evangelista
3096 1765 3149 1817 in
3181 1762 3287 1818 line
3313 1762 3491 1818 Evan-

240 1850 543 1938 stianorum
591 1850 827 1933 turbamv
854 1877 1116 1929 immensa
1165 1870 1401 1940 quotidie
1443 1868 1681 1935 recipere
1726 1879 1819 1917 au-
1852 1852 1895 1911 Β
1920 1858 2044 1931 gelii
2075 1858 2176 1920 sui,
2208 1856 2260 1909 id
2286 1864 2387 1918 est,
2424 1870 2580 1909 ccxrv
2605 1854 2839 1921 capitulo
2867 1850 3071 1923 [Nunc,
3110 1868 3198 1917 xx,
3222 1852 3284 1906 21
3316 1853 3490 1925 seqq.]

242 1983 481 2046 gmenta,
503 1981 562 2027 et
583 1983 835 2042 perversa
860 1965 1234 2021 haereticorum
1272 1961 1519 2029 dogmata
1546 1972 1666 2010 cum
1695 1969 1819 2024 per-

242 2068 363 2121 ﬁdis
391 2079 582 2119 eorum
619 2059 929 2116 auctoribus
959 2071 1078 2110 esse
1108 2048 1608 2115 damnata,Christo
1636 2047 1820 2110 etiam,

241 2160 332 2228 qui
385 2156 556 2211 vestri
584 2162 667 2210 est
716 2152 896 2208 cordis
949 2161 1258 2219 possessor,
1316 2158 1412 2213 per
1440 2157 1534 2196 vos
1586 2140 1649 2193 de
1692 2138 1823 2208 ipsis

241 2248 641 2317 triumphante;
675 2242 875 2313 quique
916 2240 1077 2293 etiam
1132 2238 1271 2290 inter
1299 2241 1498 2288 caetera
1548 2229 1822 2299 gloriosis-

242 2348 401 2408 sima,
429 2358 552 2413 qua:
578 2340 730 2394 vobis
751 2336 976 2406 largitus
1005 2340 1090 2388 est
1115 2331 1277 2393 dona,
1300 2323 1749 2382 excellentissimo
1772 2329 1826 2375 et

240 2432 659 2505 incomparabili
687 2429 881 2485 divina:
927 2434 982 2482 et
1026 2424 1273 2479 humana:
1313 2417 1551 2475 scientia:
1603 2428 1826 2468 munere

242 2547 340 2586 vos
359 2527 571 2589 ditavit,
595 2532 655 2578 ut
678 2537 784 2577 non
816 2518 986 2574 solum
1017 2515 1090 2579 hi,
1123 2512 1316 2583 quibus
1338 2510 1563 2563 liberum
1585 2514 1827 2558 vestrum

241 2618 485 2690 quotidie
513 2610 913 2669 serenissimum
943 2602 1255 2672 conspicere
1279 2597 1506 2658 vultum,
1537 2591 1828 2662 purissimo

242 2679 444 2765 vestra:
493 2702 770 2774 sapientia:
820 2698 967 2752 fonte
1002 2694 1110 2749 sint
1148 2688 1365 2752 refecti,
1400 2686 1492 2741 sed
1522 2684 1683 2736 etiam
1734 2679 1825 2749 qui

245 2803 405 2871 longe
428 2799 690 2866 latequea
716 2798 894 2847 vestra
922 2782 1209 2857 praesentia
1241 2787 1367 2835 sunt
1395 2774 1605 2837 remoti,
1632 2770 1829 2825 vestris

248 2862 540 2961 rumigeris
560 2862 805 2940 moribus
828 2888 881 2934 et
906 2871 1355 2934 excellentissimo
1376 2876 1568 2922 vestrae
1593 2862 1831 2919 scientiae

248 2980 456 3035 lumine
480 2975 771 3031 radiantur.

320 3070 530 3125 Idcirco
558 3081 625 3119 ex
655 3063 884 3117 diversus
914 3055 1094 3110 llllltttli
1135 3051 1379 3122 partibus
1430 3055 1484 3102 et
1530 3043 1831 3116 generatio-

252 3162 414 3216 nibus
468 3163 655 3211 vestra
685 3151 871 3212 etiam,
920 3142 1264 3200 serenissime
1306 3138 1579 3209 Auguste,
1630 3135 1832 3204 pietate

253 3192 414 3216 ιιιυυθ
477 3192 655 3211 νυουυι
686 3192 871 3212 uua-ﬂ,
920 3192 1260 3200 -μ-----.--ν---,
1308 3192 1313 3193 ,
1392 3192 1422 3209 υ
1566 3192 1577 3199 1
1634 3192 1648 3204 _

252 3258 485 3307 vocante
536 3238 953 3300 innumerabiles
997 3236 1062 3289 ad
1112 3247 1207 3287 vos
1237 3228 1473 3300 quotidie
1505 3192 1906 3280 concurruntc

252 3341 459 3416 populi,
483 3352 617 3408 quos
652 3340 836 3389 vestra
886 3326 1082 3398 regalis
1128 3321 1429 3392 benignitas
1465 3316 1731 3372 latissimo
1781 3322 1836 3368 et

255 3405 652 3504 gloriosissimo
685 3423 808 3479 sinu
836 3418 1124 3487 recipiens,
1164 3415 1218 3491 in
1249 3410 1477 3483 spiritali
1531 3416 1585 3463 et
1627 3405 1835 3461 liberali

259 3500 479 3581 erudire
518 3535 625 3574 non
653 3521 828 3572 cessat
856 3510 1120 3573 scientia;
1181 3507 1381 3561 idcirco
1417 3511 1610 3558 vestra)
1639 3500 1839 3572 glorio-

259 3617 490 3673 sissima:
512 3618 567 3667 et
590 3604 1045 3676 tranquillissima;
1071 3595 1451 3654 dominationis
1478 3592 1665 3648 titulus
1693 3590 1837 3645 nulla

261 3716 443 3770 :etate,
472 3704 615 3759 nulla
644 3700 806 3756 etiam
847 3700 1117 3750 vetustate
1159 3688 1423 3752 abolente,
1454 3686 1510 3740 in
1548 3682 1838 3738 universali

264 3799 511 3858 manebit
531 3792 773 3849 Ecclesia
804 3807 817 3842 :
846 3787 971 3857 quia
995 3785 1093 3841 sub
1119 3780 1418 3850 iustissimo
1445 3785 1637 3831 vestra:
1668 3774 1841 3829 domi-

265 3889 503 3947 nationis
530 3882 757 3954 impcrio
781 3878 926 3934 nulla
971 3877 1026 3931 in
1071 3889 1135 3930 ea
1166 3871 1335 3935 fraus,
1383 3868 1528 3922 nulla
1575 3878 1843 3936 perversae

267 3982 530 4038 doctrina:
552 3974 821 4047 suggestio
839 3972 1008 4026 latere
1023 3967 1192 4031 valet;
1222 3964 1315 4019 sed
1354 3977 1543 4017 omnes
1561 3957 1843 4013 orthodoxi

266 4081 449 4127 vestra
472 4063 893 4122 luculentissima
920 4055 1280 4113 admonitione
1305 4050 1571 4114 instructi,
1600 4055 1845 4104 sanctam

271 4162 595 4221 catholicam
623 4166 678 4213 et
702 4151 1051 4225 apostolicam
1080 4146 1353 4217 sequendo
1398 4158 1463 4197 ac
1511 4140 1845 4196 defendendo

273 4256 457 4317 Iidem,
498 4250 679 4305 divino
704 4255 966 4301 vocantur
1001 4236 1202 4313 [Forte,
1245 4234 1459 4307 vacant]
1487 4234 1673 4290 cultui.
1705 4233 1848 4288 Inter

272 4361 410 4417 quos
432 4359 533 4413 ego
561 4340 784 4410 exiguus
808 4342 1112 4391 vestrorum
1128 4330 1376 4385 videlicet
1406 4326 1726 4381 famulorum
1755 4341 1847 4379 ex-

275 4448 485 4493 tremus
508 4435 574 4488 de
605 4429 944 4503 processione
970 4433 1025 4481 et
1060 4422 1316 4479 missione
1356 4419 1589 4491 Spiritus
1616 4418 1788 4473 sancti
1817 4432 1849 4471 a

1920 1950 2109 2014 refert,
2155 1948 2436 2002 Dominum
2485 1954 2727 1999 nostrum
2764 1942 2946 1998 Jesum
2986 1943 3259 1997 Christum
3300 1960 3366 1999 eo
3403 1945 3491 1999 die

1923 2058 2030 2112 quo
2058 2046 2447 2107 resurrexerat,
2487 2038 2537 2091 id
2584 2045 2685 2099 est,
2728 2036 2812 2090 die
2855 2035 3129 2089 Dominiea
3154 2036 3355 2089 clausis
3404 2035 3493 2104 ja-

1923 2133 2046 2187 nuis
2074 2132 2139 2185 ad
2169 2146 2294 2185 suos
2341 2129 2588 2183 introisse
2634 2126 2925 2196 apostolos,
2967 2137 3021 2181 et
3060 2127 3262 2181 dixisse
3299 2128 3381 2182 eis
3409 2144 3490 2183 se-

1925 2221 2100 2276 cundo
2149 2238 2161 2272 :
2217 2217 2334 2271 Pas:
2376 2218 2532 2282 vobis,
2586 2227 2639 2270 et
2690 2216 2933 2270 intulisse
2974 2234 2986 2270 :
3046 2214 3191 2271 Sicut
3240 2217 3381 2271 misit
3422 2235 3501 2272 me

1926 2310 2106 2377 Pater,
2137 2322 2183 2365 et
2208 2327 2301 2381 ego
2332 2311 2479 2364 mitto
2516 2326 2621 2364 vos.
2655 2308 2770 2362 Hoc
2799 2325 2915 2362 cum
2941 2307 3174 2373 dixisset,
3224 2308 3502 2380 insufﬂauit

1925 2412 1973 2457 et
1993 2403 2125 2459 dixit
2155 2404 2228 2456 eis
2276 2417 2293 2454 .·
2338 2402 2568 2471 Accipite
2596 2399 2847 2470 Spiritum
2870 2409 3131 2466 sanctum,
3161 2416 3383 2469 quorum
3423 2415 3505 2453 ra-

1927 2495 2172 2547 miseritis
2220 2504 2451 2564 peccata,
2493 2494 2822 2546 remittuntur
2845 2493 2940 2556 eis,
2966 2504 3012 2545 et
3040 2508 3261 2563 quorum
3289 2492 3509 2546 retinue-

1928 2586 2064 2648 ritis,
2096 2594 2288 2637 retenta
2317 2594 2487 2637 erunt.
2541 2583 2691 2649 Quod
2730 2583 2891 2653 igitur
2922 2582 3194 2652 promisit,
3232 2581 3506 2652 expletum

1928 2690 2073 2741 esse,
2102 2685 2162 2729 ut
2213 2677 2264 2729 in
2311 2677 2535 2729 Actibus
2582 2675 2891 2730 declaratur
2939 2675 3327 2744 apostolorum,
3375 2675 3507 2746 legi-

1930 2783 2081 2823 mus:
2109 2767 2306 2838 Repleti
2331 2778 2448 2821 sunt
2475 2769 2611 2820 enim
2636 2783 2810 2820 omnes
2836 2768 3061 2836 apostoli
3086 2766 3283 2836 Spiritu
3306 2776 3506 2831 sancto,

1930 2869 1979 2915 et
2006 2872 2262 2931 cwperunt
2292 2860 2433 2931 loqui
2459 2861 2578 2914 aliis
2610 2860 2824 2930 linguis,
2854 2870 3007 2931 prout
3044 2859 3271 2931 Spiritus
3300 2870 3510 2915 sanctus

1931 2950 2090 3004 dabat
2120 2950 2288 3023 eloqui
2316 2952 2388 3005 eis
2420 2951 2556 3021 (Act.
2589 2967 2650 3016 Il,
2680 2950 2757 3020 4).

1999 3042 2143 3096 Idem
2193 3058 2407 3112 quoque
2455 3043 2644 3098 beatus
2688 3040 2923 3097 Joannes
2960 3043 3288 3114 evangelista
3327 3045 3381 3100 in
3411 3062 3509 3101 sua

1933 3131 2172 3202 Epistola
2212 3132 2417 3203 [quam]
2470 3134 2534 3187 de
2574 3133 2666 3188 Dei
2706 3142 2759 3187 et
2793 3135 3021 3204 proximi
3060 3135 3344 3193 dilectione
3385 3154 3514 3194 con-

1938 3224 2177 3292 scripsit,
2200 3239 2278 3277 xu
2309 3232 2537 3278 testatur
2564 3226 2797 3295 capitulo
2833 3224 3032 3297 [IV/unc,
3065 3227 3084 3281 l
3124 3226 3279 3283 Joan.
3303 3246 3387 3297 III,
3418 3231 3511 3297 25,

1937 3316 2047 3387 24],
2099 3318 2241 3385 quod
2270 3317 2576 3387 unigenitns
2607 3318 2699 3371 Dei
2740 3317 2910 3373 Filius
2953 3317 3214 3388 Spiritum
3266 3330 3512 3378 sanctum

1938 3408 2049 3463 suis
2076 3409 2219 3462 dedit
2258 3408 2534 3477 apostolis,
2564 3424 2668 3477 quo
2696 3408 2807 3478 ipse
2842 3410 2893 3463 in
2917 3409 2996 3463 eis
3028 3421 3291 3477 maneret,
3320 3421 3375 3467 et
3412 3414 3514 3484 ipsi

1939 3499 1993 3554 in
2020 3516 2105 3565 eo,
2143 3501 2280 3555 sicut
2310 3501 2447 3555 idem
2476 3499 2710 3555 Joannes
2736 3502 3009 3571 apostolus
3047 3502 3278 3559 allirmat
3322 3507 3395 3560 ita
3437 3508 3519 3561 di-

1940 3606 2069 3648 cens
2102 3611 2115 3646 :
2157 3592 2270 3646 Hoc
2310 3604 2382 3647 est
2423 3594 2732 3648 tnaudatum
2772 3596 2892 3661 Dei,
2925 3608 2979 3650 ut
3011 3598 3285 3654 credamus
3324 3601 3378 3654 in
3419 3618 3518 3655 no-

1940 3686 2078 3739 mine
2105 3684 2233 3738 Filii
2260 3686 2372 3755 ejus
2402 3685 2531 3739 Jesu
2558 3685 2774 3750 Christi,
2803 3697 2847 3740 et
2871 3687 3151 3758 diligamus
3182 3690 3541 3757 alterutrum,

1941 3776 2073 3828 sicut
2104 3776 2244 3828 dedit
2286 3778 2591 3830 mmidatum
2621 3777 2785 3830 nobis.
2838 3777 2904 3831 Et
2939 3782 3026 3848 qui
3061 3790 3231 3835 servat
3266 3782 3519 3836 mandata

1944 3872 2083 3940 ejus,
2112 3871 2164 3923 in
2194 3870 2283 3923 illo
2314 3886 2519 3935 manet,
2551 3881 2598 3924 et
2626 3872 2736 3941 ipse
2776 3872 2833 3925 in
2869 3888 2949 3935 eo,
2988 3882 3036 3926 et
3084 3875 3140 3927 in
3182 3875 3278 3927 hoc
3304 3876 3517 3941 scimus,

1943 3961 2191 4032 quoniam
2247 3970 2418 4013 manet
2478 3961 2532 4014 in
2589 3961 2755 4014 nobis
2784 3960 2848 4015 de
2893 3958 3136 4031 Spiritu,
3185 3980 3336 4032 quem
3377 3964 3520 4017 dedit

1947 4051 2114 4107 nobis.

2017 4143 2124 4197 Leo
2168 4155 2193 4184 τι
2252 4157 2467 4213 quoque
2522 4157 2659 4213 papa
2731 4142 3213 4198 reverendissimus
3267 4142 3523 4201 Romana:

1945 4236 2099 4291 urbis
2125 4234 2367 4304 pontifex
2407 4231 2696 4288 Dominum
2734 4243 2976 4290 nostrum
3017 4232 3198 4289 Jesum
3226 4234 3521 4301 Christum,

1950 4327 2209 4396 Spiritum
2253 4333 2498 4380 sanctum
2541 4325 2607 4379 ab
2649 4338 2714 4379 eo
2738 4326 3115 4394 procedentem
3147 4324 3273 4381 ﬂatu
3306 4342 3423 4391 suo,
3466 4335 3527 4381 ut

1949 4420 2139 4473 beatus
2187 4415 2420 4471 Joannes
2468 4416 2522 4470 in
2567 4418 2881 4487 prmscripto
2924 4418 3197 4490 Evangelii
3242 4422 3322 4475 sui
3364 4420 3530 4477 refert

272 4529 439 4584 Patre
461 4534 517 4581 et
546 4523 711 4587 Filio;
740 4529 793 4575 et
828 4518 895 4573 de
919 4532 1003 4581 eo,
1026 4514 1169 4607 quod
1197 4512 1334 4607 idem
1365 4510 1610 4607 Spiritus
1628 4516 1849 4607 sanctus
1882 4547 1929 4607 ο
1953 4510 2206 4581 capitulo,
2262 4509 2518 4578 apostolis
2556 4509 2790 4573 dedisse,
2839 4510 2979 4565 sicut
3014 4512 3069 4564 in
3115 4512 3368 4582 synodica
3417 4513 3532 4582 epi-

275 4621 457 4677 Patris
476 4626 532 4672 et
548 4614 665 4670 Filii
696 4614 751 4667 in
781 4611 948 4667 sacris
968 4604 1327 4662 voluminibus
1340 4608 1565 4656 vocatur
1578 4598 1843 4669 Spiritus:

279 4714 459 4773 sancti
493 4710 655 4767 etiam
674 4702 948 4775 Evangelii
975 4708 1031 4756 et
1051 4702 1329 4755 beatorum
1368 4694 1590 4749 Palmm
1622 4690 1856 4745 auctori-
1954 4698 2124 4751 Iitano
2163 4695 2409 4763 scripsit,
2452 4702 2683 4748 testatur
2711 4694 2896 4749 dicens
2937 4713 2949 4747 :

280 4816 453 4863 tatem
490 4810 707 4858 secutus
743 4810 990 4869 parvum,
1018 4790 1311 4847 secundum
1340 4794 1533 4843 vestrae
1561 4782 1858 4840 sublimita-

281 4902 356 4956 tis
374 4896 693 4967 jussionem,
732 4886 1026 4955 conscv'ipsi
1050 4882 1307 4938 libellum.

789 5018 1013 5078 CAPUT
1058 5013 1344 5072 PRIMUM.

288 5172 371 5229 De
394 5187 481 5235 eo,
503 5172 641 5240 quod
668 5163 897 5235 Spiritus
936 5165 1149 5240 sanctus
1184 5172 1217 5209 a
1258 5151 1418 5207 Patre
1467 5147 1711 5219 Filioque
1750 5162 1865 5218 pro-

1002 5226 1152 5281 cedit.

366 5372 629 5432 Inverbis
672 5367 817 5425 enim
863 5362 1034 5422 sancti
1060 5356 1364 5429 Evangelii,
1400 5362 1455 5410 et
1496 5354 1550 5409 in
1600 5351 1871 5424 synodicis

290 5468 582 5525 beatorum
608 5461 832 5517 Patrum
860 5452 1122 5526 epistolis,
1152 5458 1205 5505 et
1234 5450 1286 5503 in
1323 5446 1508 5502 multis
1535 5444 1872 5498 eruditorum

296 5561 354 5617 in
374 5555 604 5629 spiritali
650 5551 873 5610 scientia
901 5550 1140 5603 virorum
1169 5542 1319 5597 libris
1362 5537 1646 5594 manifeste
1693 5534 1872 5590 decla-

1953 4602 2090 4658 stola
2116 4642 2129 4665 ,
2159 4616 2317 4670 quam
2350 4600 2602 4654 Flaviano
2639 4601 3042 4671 archiepiscopo
3081 4601 3531 4674 Constantinopo-

3007 4714 3023 4747 ι
3065 4695 3318 4752 Dominus
3360 4708 3535 4753 noster

1958 4788 2112 4842 Iesus
2142 4786 2380 4840 Christus
2423 4795 2537 4856 post
2570 4786 2993 4839 resurrectionem
3033 4804 3184 4841 suam
3230 4787 3422 4843 clausis
3444 4790 3537 4860 ja-

1960 4877 2078 4931 nuis
2107 4894 2167 4930 ac
2198 4873 2482 4945 discipulos
2523 4891 2644 4928 suos
2679 4874 2959 4940 introibat,
2994 4885 3042 4930 et
3087 4878 3217 4946 ﬂatu
3247 4895 3340 4932 suo
3378 4879 3539 4935 dabat

1964 4965 2215 5039 Spiritum
2261 4975 2537 5031 sanctum,
2585 4976 2633 5020 et
2684 4966 2878 5022 donato
2937 4968 3292 5040 intelligentia
3341 4971 3540 5030 lumine

1964 5069 2267 5115 sanctarum
2299 5058 2690 5128 Scripturarum
2716 5056 2918 5112 occulta
2942 5060 3222 5129 pandebat.
3269 5082 3287 5115 ι

2037 5150 2234 5204 Beatus
2258 5164 2471 5219 quoque
2494 5147 2787 5219 Gregorius
2814 5151 2839 5189 ι)
2868 5149 3259 5219 Nazianzenus,
3292 5153 3376 5207 vel
3408 5154 3544 5226 Nys-

1968 5260 2131 5301 sentis
2157 5245 2439 5313 episcopus
2459 5242 2856 5297 eruditissimus
2886 5244 3186 5299 divinorum
3215 5245 3544 5301 voluminum

1970 5337 2319 5406 investigator
2366 5336 2419 5388 in
2449 5334 2664 5388 humilia
2687 5374 2701 5399 ,
2752 5349 2911 5403 quam
2943 5335 3007 5389 de
3036 5337 3266 5391 adventu
3314 5335 3547 5405 Spiritus

1974 5428 2148 5485 sancti
2177 5441 2337 5496 super
2366 5426 2636 5495 apostolos
2662 5426 3000 5495 conscripsit,
3042 5427 3229 5481 eodem
3255 5441 3413 5481 sensu
3440 5440 3547 5494 quo

1975 5533 2029 5579 et
2055 5521 2163 5577 Leo
2189 5536 2324 5592 papa
2354 5519 2599 5587 exposuit
2625 5537 2637 5572 :
2667 5518 2946 5588 praefatum
2977 5518 3248 5586 Evangelii
3278 5532 3551 5587 exponens

298 5607 478 5717 raturr,
505 5648 741 5719 Spiritus
770 5650 1009 5706 sanctus,
1040 5639 1131 5708 qui
1169 5635 1327 5690 unius
1376 5631 1726 5701 ejusdemque
1753 5642 1875 5681 cum
1976 5615 2268 5686 capitulum
2300 5611 2558 5674 allirmat,
2601 5609 2742 5679 quod
2773 5608 3023 5664 Salvator
3066 5616 3249 5662 uoster
3288 5607 3551 5678 Spiritum

371 5802 397 5831 ι
436 5787 551 5843 Leo
580 5799 717 5855 papa
750 5782 805 5855 in
832 5778 1023 5837 concil.
1069 5771 1345 5837 Chalced.,
1378 5776 1508 5823 tom.
1553 5762 1617 5819 IV
1648 5760 1872 5817 Collect.

300 5859 493 5928 Coleti,
524 5853 647 5932 pag.
673 5853 828 5909 ηπ.
852 5926 856 5931 ι

2050 5753 2079 5792 b
2138 5750 2369 5804 Sanctus
2423 5744 2713 5815 Gregorius
2769 5741 3137 5797 Nazianzenus
3186 5739 3433 5800 fortassis
3483 5759 3551 5802 ex

1982 5830 2119 5881 orat.
2152 5821 2241 5886 44,
2280 5833 2428 5873 num.
2463 5816 2549 5868 I7.
2786 5830 2789 5831 ν
