4072 6346
513 389 580 452 6⁸1
1362 383 1422 447 B.
1463 385 1526 446 Ρ.
1566 383 1792 447 ALBINI
1831 387 1961 448 seu
1999 383 2278 448 ALCUINl
2316 379 2602 448 OPERUM
2639 381 2823 446 rans
2859 385 2946 446 tu.
3568 461 3576 468 _
3717 380 3788 442 6s

515 520 762 570 sanctum
789 491 1045 580 apostolis
1073 507 1221 563 dedit
1248 505 1566 562 insulilando
1589 509 1642 561 in
1666 523 1854 564 eorum
1877 505 2091 562 faciem.
2120 505 2168 568 Α
2199 516 2336 574 cata,
2371 506 2706 560 remittuntur
2751 506 2846 570 eis,
2876 512 2924 558 et
2952 503 3175 575 quorum
3213 491 3555 565 minueritis,
3586 505 3788 554 retenta

514 603 652 662 Hinc
672 605 787 676 ipse
807 603 1098 676 Gregorius
1120 601 1250 658 dicit
1281 619 1293 656 :
1321 599 1555 674 Spiritus
1579 611 1799 657 sanctus
1821 599 2096 672 discipulis

513 695 716 756 Christi
745 712 850 752 non
892 694 1064 752 solum
1091 693 1431 764 cooperando
1472 691 1684 762 aderat,
1715 707 1904 747 verum
1931 692 2097 747 etiam

513 787 732 846 deitatis
775 793 1040 856 potestate
1086 793 1250 855 atque
1297 784 1619 840 auctoritate
1658 792 1852 840 cuncta
1883 783 2098 855 dispen-

512 894 659 936 sans.
681 876 867 936 Adfuit
891 877 1057 949 igitur
1074 875 1239 933 etiam
1267 875 1352 932 his
1373 876 1554 941 tertio,
1573 883 1733 947 prout
1755 890 1879 930 eum
1903 889 2096 944 capere

511 978 778 1043 poterant,
813 977 1115 1039 temporum
1137 980 1350 1042 quoque
1380 966 1726 1024 distinctione
1759 974 2009 1022 servata:
2043 963 2097 1020 id

511 1074 614 1130 est,
643 1072 769 1122 ante
801 1063 1110 1135 passionem
1137 1059 1370 1122 Christi,
1407 1067 1461 1116 ct
1488 1069 1609 1130 post
1641 1057 2096 1116 resurrectionem

509 1153 627 1223 ejus
653 1155 874 1219 iterum,
921 1153 1081 1210 tertio
1116 1151 1280 1208 etiam
1306 1159 1429 1221 post
1457 1150 1847 1206 Ascensioncm
1878 1149 1946 1202 ad
1987 1159 2098 1204 cce-

508 1245 609 1306 los.
639 1246 706 1304 Ει
725 1245 912 1316 prima:
934 1242 1152 1314 quidem
1179 1240 1297 1310 ejus
1333 1240 1634 1311 praesentire
1668 1240 1922 1294 virtutem
1953 1238 2095 1294 indi-

508 1345 636 1392 cant
672 1335 860 1408 gratia:
903 1333 1237 1402 sanitatum,
1269 1340 1325 1386 et
1372 1332 1622 1404 purgatio
1654 1339 1816 1402 atque
1845 1329 2098 1401 etlugatio

507 1426 810 1486 daemonum
836 1441 903 1484 ex
929 1425 1257 1492 hominibus,
1293 1439 1455 1496 tinam
1480 1424 1664 1494 utique.
1693 1441 1799 1480 non
1827 1423 1944 1478 sine
1975 1438 2100 1478 san-

507 1527 594 1574 cto
623 1517 826 1588 Spiritu
856 1517 1081 1590 apostoli
1127 1518 1514 1588 procurabant.
1567 1517 1703 1574 Tum
1733 1519 1930 1574 deinde
1979 1525 2101 1587 post

507 1609 959 1664 resurrectionem
983 1606 1269 1664 manifeste
1290 1607 1420 1662 dicit
1443 1607 1695 1664 Salvator
1715 1609 1782 1664 ad
1809 1609 2099 1680 discipulos

505 1715 636 1756 suos
665 1714 681 1756 :
711 1700 944 1772 Accipite
965 1697 1221 1771 Spiritum
1255 1709 1515 1765 sanctum,
1546 1709 1594 1753 et
1625 1700 1904 1771 insufflauit
1927 1701 1981 1752 in
2017 1700 2099 1769 fa—

505 1794 636 1848 ciem
661 1809 842 1848 eorum
891 1790 1075 1864 (Joan.
1131 1805 1224 1857 xx,
1270 1789 1382 1861 22).
1417 1790 1601 1848 Tertio
1632 1806 1762 1846 vero
1795 1789 1850 1843 in
1899 1789 2096 1860 linguis

503 1885 679 1956 igneis
705 1883 896 1942 adfuit.

573 1975 806 2034 Sanctus
845 1989 1060 2045 quoque
1107 1973 1470 2045 Hieronymus
1519 1986 1544 2014 α
1599 1975 1848 2046 egregius
1899 1975 2096 2033 divina:

498 2069 636 2142 legis
660 2069 958 2138 interpres,
987 2075 1045 2121 et
1068 2081 1231 2136 sagax
1259 2065 1468 2136 praefati
1499 2065 1678 2120 Patris
1711 2066 1958 2137 Gregorii
1987 2067 2097 2124 dis-

477 2163 730 2235 cipulus,
771 2163 1146 2233 praescriptum
1194 2160 1470 2230 Evangelii
1508 2160 1803 2216 secundum
1833 2157 2096 2214 Joannem

500 2255 692 2312 eodem
746 2268 911 2312 sensu
963 2266 1242 2321 exponens
1301 2251 1594 2320 capitulum
1651 2259 1900 2316 testatur,
1953 2251 2098 2322 quod

502 2343 754 2402 Salvator
783 2353 971 2398 noster
1007 2341 1271 2412 Spiritum
1313 2351 1562 2398 sanctum
1592 2342 1660 2396 ab
1683 2356 1748 2396 eo
1777 2342 1943 2396 etiam
1971 2358 2098 2412 pro-

503 2438 782 2494 cedentem
809 2444 932 2506 post
952 2433 1405 2492 resurrectionem
1430 2447 1584 2488 suam
1609 2431 1738 2486 ilatu
1763 2448 1861 2488 suo
1883 2440 2098 2504 aposto-

503 2527 566 2584 lis
593 2527 776 2591 dedit;
804 2527 947 2582 sicut
967 2534 1078 2584 tam
1107 2524 1162 2582 iu
1183 2524 1408 2594 epistola
1439 2539 1602 2593 quam
1634 2523 1703 2578 ad
1727 2523 2008 2578 lledibiam
2031 2523 2098 2580 de

503 2618 786 2676 duodecim
813 2618 1033 2688 scripsit
1054 2616 1465 2688 quaestionibus,
1511 2613 1764 2681 allirmat,
1799 2623 1989 2672 Octavo
2020 2616 2098 2672 ita

499 2711 683 2770 dicens
728 2711 1003 2781 capitulo:
1043 2729 1061 2768 ι
1091 2709 1372 2777 Quomodo
1405 2709 1654 2764 Salvator
1681 2717 1869 2766 noster
1899 2724 2097 2763 secun-

502 2801 625 2860 dum
650 2801 916 2860 Joannem
943 2799 1183 2858 insutllat
1222 2799 1487 2870 Spiritum
1516 2807 1763 2855 sanctum
1788 2799 1842 2853 in
1876 2808 2097 2870 apostov

501 2900 599 2958 tos,
627 2900 683 2946 et
709 2890 1006 2946 secundum
1031 2889 1236 2944 Lucam
1261 2897 1382 2956 post
1398 2888 1771 2944 ascensionem
1800 2887 2096 2944 missurum

501 2998 618 3044 esse
646 2984 809 3042 dicit?
857 2981 1030 3053 llujus
1057 2981 1374 3053 quaastionis
1395 2980 1666 3052 perfacilis
1690 2979 1884 3036 solutio
1915 2987 2016 3044 est,
2049 2979 2094 3033 si

501 3078 725 3137 docente
763 3077 1007 3148 apostolo
1036 3075 1204 3132 Paulo
1231 3075 1470 3144 Spiritus
1498 3074 1672 3132 sancti
1699 3075 1945 3130 diversas
1969 3089 2093 3145 gra-

501 3171 602 3229 tias
631 3171 963 3228 noverimus.
1015 3168 1247 3240 Scripsit
1275 3167 1437 3242 756
1465 3168 1612 3224 cuitu
1659 3168 1713 3222 in
1761 3167 1938 3239 prima
1973 3165 2094 3236 Epi-

2200 613 2348 654 erunt
2382 599 2563 668 (Joan.
2613 615 2705 665 xx,
2750 597 2960 670 21-25).
2992 595 3174 651 Primo
3218 595 3382 666 igitur
3426 593 3514 648 die
3545 603 3789 648 resurre-

2199 691 2393 745 ctionis
2418 689 2534 760 ejus
2576 697 2901 758 acceperunt
2926 685 3158 758 Spiritus
3187 685 3360 740 sancti
3401 683 3655 751 gratiam,
3678 697 3789 754 qua

2197 791 2419 852 peccata
2449 781 2802 846 dimitterent,
2833 790 2887 835 et
2927 779 3292 850 baptizarent,
3319 783 3373 831 et
3401 775 3538 832 [ilius
3581 775 3675 831 Dei
3707 775 3791 830 fa-

2199 881 2403 936 cerent,
2439 880 2493 926 et
2535 871 2784 943 spiritum
2813 870 3117 941 adoptionis
3143 865 3487 924 credentibus
3519 868 3787 939 largireno

2200 977 2288 1022 tur
2313 965 2426 1038 ipso
2454 965 2733 1022 Salvatore
2758 964 2972 1021 dicente
3009 982 3021 1016 :
3065 961 3299 1029 Quorum
3341 958 3644 1015 remiseritls
3669 977 3790 1032 pec-

2199 1069 2342 1125 cata,
2371 1061 2709 1113 remittuntur
2737 1059 2829 1112 eis.
2865 1057 2961 1112 Die
2984 1065 3163 1110 autem
3193 1054 3540 1110 Pentecostes
3566 1056 3646 1111 eis
3671 1070 3793 1110 am-

2197 1151 2338 1222 plius
2369 1150 2752 1220 repromissum
2777 1157 2880 1213 est,
2910 1155 2970 1202 ut
2991 1143 3403 1217 baptizarentur
3427 1145 3632 1216 Spiritu
3661 1159 3792 1201 sane

2199 1253 2310 1309 cto,
2356 1253 2411 1299 et
2439 1243 2792 1300 inducrentur
2816 1243 3016 1297 virtute
3059 1255 3163 1311 qua
3199 1239 3401 1296 Christi
3436 1239 3788 1312 Evangelium

2199 1338 2409 1394 cunctis
2457 1333 2708 1407 gentibus
2748 1335 3131 1407 praedicarent,
3173 1327 3324 1404 juxta
3365 1325 3492 1388 Illud
3541 1331 3681 1405 quod
3731 1334 3790 1390 in

2200 1431 2536 1504 sexagesimo
2565 1430 2795 1501 septimo
2822 1428 3031 1500 psalmo
3061 1426 3291 1496 legimus
3318 1445 3330 1478 :
3359 1423 3617 1481 Dominus
3639 1423 3790 1481 dabit

2199 1523 2406 1580 verbum
2437 1517 2912 1592 euangelizantibus
2944 1521 3185 1574 virtutem
3228 1518 3448 1573 inultam
3491 1509 3647 1590 [Leg.
3685 1517 3793 1573 virs

2199 1627 2306 1674 tute
2330 1613 2516 1690 multa]
2558 1613 2728 1687 (Psal.
2762 1630 2966 1678 Lxxvu,
3009 1607 3118 1682 ’19.),
3147 1613 3206 1666 ut
3231 1601 3497 1666 baberent
3521 1609 3793 1686 Operatio-

2199 1725 2324 1766 nem
2348 1709 2631 1774 virtutum,
2659 1718 2714 1762 et
2751 1705 2981 1778 gratiam
3011 1703 3326 1768 sanitatum,
3356 1701 3412 1758 et
3435 1699 3792 1774 ‘prwmcaturt

2196 1802 2382 1860 multis
2409 1801 2657 1872 gentibus
2685 1799 2995 1870 acciperent
3025 1813 3222 1870 genera
3251 1797 3580 1868 linguarum.
3615 1815 3632 1848 ι

2126 1879 2174 1939 Β
2270 1893 2468 1948 Beatus
2511 1905 2725 1961 quoque
2754 1898 2809 1944 et
2847 1887 3172 1944 venerabilis
3211 1887 3495 1958 episcopus
3537 1883 3795 1958 Augusti-

2198 2000 2300 2042 nus
2331 1985 2380 2052 ι),
2413 1985 2477 2039 de
2520 1998 2628 2054 quo
2677 1981 2837 2052 paulo
2874 1990 2998 2035 ante
3040 1977 3272 2051 praefati,
3329 1989 3516 2034 sumus
3558 1975 3795 2034 aﬂirmat

2197 2077 2340 2146 quod
2371 2082 2592 2130 sanctus
2636 2071 2871 2126 Joannes
2914 2071 2970 2125 in
3001 2087 3065 2126 eo
3107 2067 3342 2142 capitulo
3371 2069 3422 2122 in
3463 2083 3570 2139 quo
3611 2067 3792 2124 dixit:

2198 2165 2517 2238 Insuﬂlavit,
2561 2173 2615 2220 et
2640 2164 2867 2233 Accipite
2895 2161 3150 2234 Spiritum
3183 2169 3446 2229 sanctum,
3491 2161 3795 2232 processio:-

2199 2271 2324 2312 nem
2353 2256 2586 2332 Spiritus
2612 2254 2784 2310 sancti
2815 2270 2846 2308 a
2873 2251 3036 2308 Patre
3062 2262 3116 2308 et
3145 2251 3280 2307 Filio
3306 2261 3491 2322 aperte
3532 2253 3790 2320 declarat,

2199 2352 2338 2408 sicut
2389 2350 2443 2406 in
2480 2349 2818 2421 expositione
2867 2347 3144 2418 Evangelii
3196 2346 3492 2401 secundum
3531 2344 3796 2402 Joannem

2199 2450 2427 2498 testatur
2449 2441 2636 2498 dicens
2675 2457 2688 2494 :
2733 2458 2749 2490 ι
2789 2435 2934 2492 Sicut
2965 2438 3107 2492 misit
3138 2454 3217 2491 me
3241 2431 3427 2501 Pater,
3452 2443 3500 2490 et
3525 2451 3616 2507 ego
3645 2437 3800 2492 mitto

2198 2553 2319 2601 vos;
2355 2536 2446 2593 hic
2487 2551 2607 2594 esse
2650 2536 2887 2592 medium
2931 2529 3168 2592 ostendit
3197 2527 3427 2587 dicendo
3458 2550 3469 2584 :
3501 2529 3601 2585 Ille
3633 2543 3714 2584 me
3741 2533 3798 2584 et

2197 2641 2291 2695 ego
2317 2642 2422 2680 vos.
2456 2624 2768 2697 Insumavit,
2803 2632 2850 2678 et
2878 2625 2948 2678 ait
2977 2617 3051 2677 eis
3076 2636 3094 2674 :
3120 2619 3350 2692 Accipite
3378 2621 3634 2691 Spiritum
3667 2635 3798 2673 san~

2198 2727 2338 2776 ctum
2366 2717 2549 2788 (Joan.
2578 2733 2668 2783 xx,
2693 2717 2806 2792 21).
2831 2713 3154 2773 lnsulllando
3177 2711 3503 2786 significavit
3533 2711 3798 2786 Spiritum

2199 2821 2456 2868 sanctum
2478 2826 2586 2868 non
2628 2810 2804 2870 Patris
2833 2809 3004 2866 solius
3026 2817 3147 2864 ess‘e
3195 2807 3477 2876 Spiritum,
3511 2806 3604 2864 scd
3635 2819 3796 2860 suum

2201 2899 2358 2973 [Aug.
2395 2901 2488 2956 sed
2531 2909 2585 2954 et
2611 2899 2814 2972 suum].
2849 2899 3088 2966 Quorum
3121 2897 3427 2952 remiseritis
3451 2899 3684 2968 peccata,
3717 2911 3800 2949 re-

2198 2994 2477 3048 mittuntur
2500 2992 2610 3058 eis;
2640 3001 2688 3045 et
2709 3007 2933 3063 quorum
2966 2990 3306 3056 minueritis,
3342 2981 3649 3044 retinentur.
3689 2985 3800 3049 Ec—

2197 3085 2376 3146 clesia:
2405 3085 2669 3152 Charitas,
2702 3100 2822 3156 qua:
2847 3098 2946 3157 per
2975 3083 3237 3155 Spiritum
3261 3093 3512 3140 sanctum
3539 3081 3800 3138 diffundi-

2200 3186 2290 3236 tur
2317 3177 2372 3234 in
2398 3176 2650 3232 cordibus
2678 3176 2878 3231 vestris
2899 3215 2914 3241 ,
2945 3175 3271 3246 participum
3301 3189 3524 3230 suorum
3571 3181 3801 3245 peccata

500 3267 638 3324 stola
663 3266 733 3324 ad
762 3266 1073 3322 Corinthios
1103 3283 1114 3318 :
1151 3264 1442 3320 Divisioncs
1471 3264 1729 3318 donorum
1763 3273 1884 3317 sunt
1906 3304 1920 3328 ,
1957 3263 2095 3317 idem
2121 3259 2169 3326 C
2200 3268 2450 3324 dimittit:
2470 3282 2658 3322 eorum
2671 3275 2856 3320 autem
2876 3266 2967 3336 qui
2987 3282 3094 3320 non
3119 3263 3794 3338 suntparlicipes,tenet.s

499 3367 674 3412 autem
706 3356 996 3421 Dominus;
1021 3365 1069 3410 et
1095 3354 1374 3412 divisiones
1397 3354 1760 3424 operationum
1789 3362 1931 3417 sunt,
1957 3352 2093 3408 idem

499 3458 674 3504 autem
709 3447 870 3512 Deus,
903 3449 991 3516 qui
1020 3454 1268 3516 operatur
1292 3445 1470 3497 omnia
1498 3444 1553 3498 in
1585 3443 1845 3497 omnibus.
1877 3440 2096 3496 Unicui-

498 3557 599 3612 que
623 3549 798 3596 autem
824 3539 986 3598 datur
1005 3537 1362 3608 manifestatio
1401 3534 1629 3607 Spiritus
1653 3535 1722 3588 ad
1751 3536 1805 3589 id
1831 3534 1969 3606 quod
2004 3551 2098 3588 ea:-

495 3634 658 3705 pedit.
696 3631 802 3686 Alii
825 3631 1033 3702 quidem
1074 3629 1232 3682 datur
1257 3643 1428 3684 sermo
1454 3627 1744 3699 sapientiae,
1785 3625 1879 3679 alii
1923 3641 2094 3684 sermo

495 3726 730 3782 scientia
757 3723 1045 3784 secundum
1073 3722 1313 3778 eumdem
1358 3720 1613 3792 Spiritum
1633 3760 1647 3788 ,
1679 3719 1772 3774 alii
1799 3719 1971 3790 gratia
2002 3735 2094 3772 sa-

495 3821 720 3876 nitatum
763 3819 818 3873 in
848 3833 953 3878 uno
980 3815 1214 3888 Spiritu,
1251 3814 1346 3870 alii
1382 3815 1513 3884 ﬁdes
1553 3814 1610 3868 in
1647 3812 1827 3868 eodem
1869 3810 2093 3883 Spiritu,

494 3913 588 3970 alii
637 3911 870 3984 operatio
912 3911 1192 3974 virtutum,
1229 3907 1325 3968 alii
1360 3907 1669 3979 prophetia,
1713 3904 1806 3964 alii
1843 3905 2095 3962 discretio

493 4008 797 4082 spirituum,
823 4003 917 4059 alii
943 4020 1130 4075 genera
1162 4001 1485 4072 linguarum,
1515 3998 1606 4052 alii
1639 3999 2095 4069 interpretationes

497 4114 800 4158 sermonum
841 4116 859 4156 :
910 4097 1089 4156 omnia
1140 4095 1251 4150 lucc
1295 4102 1546 4164 operatur
1587 4108 1720 4148 unus
1769 4100 1925 4162 atque
1955 4090 2095 4144 idem

499 4192 756 4263 Spiritus,
787 4189 1024 4246 dividens
1054 4188 1334 4258 unicuique
1361 4194 1515 4257 prout
1546 4185 1650 4242 vult
1682 4183 1735 4256 (1
1761 4183 1886 4242 Cor.
1917 4200 2018 4250 xu,
2060 4183 2095 4242 4

495 4281 682 4353 seqq.).
739 4278 884 4351 Ergo
936 4279 1198 4335 Dominus
1260 4286 1384 4348 post
1427 4276 1884 4336 resurrectionem
1939 4291 2097 4332 suam

493 4373 648 4446 juxta
679 4370 1234 4443 Lucae'Evangelium
1283 4369 1498 4430 dixerat
1527 4388 1538 4424 :
1586 4369 1699 4439 Ego
1726 4371 1932 4429 mittam
1971 4386 2096 4439 pro-

494 4468 796 4524 missionem
824 4464 1005 4522 Patris
1036 4466 1136 4520 mei
1161 4465 1219 4518 in
1249 4481 1336 4520 vos
1363 4477 1380 4516 :
1411 4479 1498 4520 vos
1526 4474 1702 4522 autem
1727 4464 1898 4520 sedete
1926 4465 1984 4518 in
2011 4465 2092 4520 ci—

493 4561 672 4624 uitate,
725 4558 1065 4629 quoadusque
1089 4556 1390 4614 induamini
1435 4557 1678 4612 virtutem
1705 4574 1769 4612 ea:
1796 4557 1904 4614 alto
1936 4556 2089 4630 (Luc.

496 4666 649 4715 xxiv,
683 4649 799 4721 49).
833 4649 902 4705 Et
922 4649 1078 4720 juxta
1107 4648 1358 4706 eumdem
1388 4649 1443 4705 in
1473 4649 1842 4719 apostolorum
1865 4647 2092 4706 Actibus

494 4750 580 4798 est
607 4741 818 4798 loeutus
851 4760 864 4796 :
901 4739 1163 4812 Pra’cepit
1197 4742 1274 4797 eis
1311 4741 1378 4796 ab
1421 4740 1802 4820 Hierosolymis
1831 4755 1895 4796 ne
1922 4741 2092 4798 disce-

494 4833 699 4898 derent,
725 4831 815 4888 sed
856 4839 1214 4904 exspectarent
1247 4832 1647 4901 promissionem
1685 4828 1886 4897 Patris,
1929 4845 2089 4903 quam

494 4926 736 4991 audistis,
762 4926 951 4997 inquit,
998 4939 1091 4995 per
1118 4940 1175 4978 os
1202 4939 1396 4978 meum.
1430 4922 1572 4989 Quia
1613 4922 1849 4980 Joannes
1878 4925 2088 4996 quidem

495 5019 776 5091 baptizavit
806 5034 967 5089 aqua,
991 5033 1078 5071 eos
1106 5024 1282 5069 autem
1308 5015 1704 5085 baptisabirnini
1730 5017 1937 5089 Spiritu
1965 5036 2088 5075 san-

494 5120 578 5168 cta
610 5127 713 5166 non
740 5120 858 5182 post
885 5108 1076 5164 multos
1101 5110 1194 5162 hos
1238 5106 1350 5162 dies
1382 5108 1520 5181 (Act.
1560 5126 1600 5176 ι,
1651 5109 1728 5180 5).
1761 5111 1997 5167 Rursum
2031 5113 2088 5167 in

495 5202 603 5258 line
629 5202 908 5273 Evangelii
935 5200 1235 5256 secundum
1263 5198 1528 5256 Joannem
1555 5217 1622 5257 eo
1651 5201 1741 5258 die
1772 5219 1880 5273 quo
1907 5220 2091 5260 resur-

496 5302 738 5360 rexerat,
777 5294 834 5349 id
858 5302 963 5359 est,
987 5294 1096 5349 .die
1131 5293 1410 5350 Dotninica
1440 5295 1640 5351 clausis
1662 5294 1843 5366 januis
1870 5299 1937 5353 ad
1962 5313 2090 5369 apo-

497 5385 668 5442 stolas
709 5385 964 5440 introisse
1014 5393 1290 5452 narratur,
1339 5395 1396 5443 et
1441 5387 1645 5446 dixisse
1681 5390 1762 5444 eis
1801 5392 2085 5446 secundo:

495 5475 621 5532 Pas
647 5477 822 5543 vobis;
849 5485 906 5532 et
935 5478 1182 5534 intulisse
1211 5498 1224 5532 :
1254 5478 1405 5542 Sicut
1429 5481 1571 5536 misit
1601 5499 1683 5537 me
1709 5481 1892 5548 Pater,
1920 5492 1970 5537 et
1998 5499 2091 5552 ego

493 5571 650 5624 uitta
697 5585 808 5624 sos.
856 5568 972 5624 Hoc
1007 5587 1126 5625 cum
1153 5572 1395 5640 dixisset,
1437 5575 1719 5646 insufﬂauit
1755 5585 1803 5628 et
1845 5575 1978 5629 dixit
2018 5575 2093 5629 eis

498 5658 732 5734 Accipite
757 5660 1015 5738 Spiritum
1056 5674 1323 5732 sanctum,
1368 5682 1605 5740 quorum
1633 5667 1938 5722 remiseritis
1980 5682 2095 5724 oec-

571 5850 600 5884 ι
637 5838 868 5900 Sanetus
894 5842 1274 5917 Hieronymus,
1304 5845 1463 5916 epist.
1495 5844 1613 5916 120,
1638 5861 1758 5920 cap.
1782 5847 1835 5907 9.

2266 3359 2411 3420 Idem
2445 3372 2661 3430 quoque
2685 3358 3017 3429 Augustinus
3043 3357 3098 3412 in
3130 3356 3269 3412 libro
3295 3368 3493 3430 quarto
3524 3358 3589 3412 de
3617 3353 3801 3413 Trini-

2198 3461 2306 3508 tate
2334 3493 2348 3518 ,
2392 3470 2482 3512 xxi
2520 3453 2759 3524 capitulo
2787 3452 3165 3525 praescriptum
3194 3465 3474 3522 exponens
3500 3450 3800 3522 capitulum

2197 3555 2430 3606 testatur
2448 3547 2592 3617 quod
2612 3546 2923 3618 unigenitus
2947 3544 3046 3602 Dei
3072 3542 3244 3600 Filius
3264 3543 3524 3615 Spiritum
3547 3551 3800 3598 sanctum

2197 3652 2230 3694 a
2257 3653 2320 3696 se
2346 3640 2643 3709 procedere
2671 3638 2952 3706 declarat,
2997 3635 3318 3694 insulllando
3359 3634 3414 3690 in
3442 3631 3716 3705 apostolos
3745 3641 3802 3688 et

2196 3732 2426 3789 dicendo
2480 3751 2493 3790 :
2545 3731 2779 3802 Accipite
2811 3729 3069 3802 Spiritum
3106 3739 3368 3785 sanctum.
3408 3726 3545 3781 Hinc
3573 3733 3802 3780 sanatus

2195 3825 2535 3896 Augustinus
2571 3824 2739 3883 dicit:
2776 3842 2794 3875 ε
2823 3821 2935 3880 Nec
2961 3837 3252 3894 possumus
3285 3820 3466 3878 dicere
3501 3815 3642 3887 quod
3672 3814 3802 3886 Spi-

2197 3919 2336 3974 ritus
2364 3926 2588 3976 sanctus
2618 3924 2675 3970 et
2722 3930 2754 3968 a
2783 3914 2920 3970 Filio
2948 3930 3054 3971 non
3101 3912 3392 3988 procedat;
3443 3924 3620 3979 neque
3649 3908 3801 3963 enim

2197 4005 2402 4064 frustra
2437 4005 2577 4061 idem
2614 4003 2852 4074 Spiritus
2875 4013 2933 4060 et
2970 4002 3151 4060 Patris
3177 4011 3233 4058 et
3253 4001 3374 4058 Filii
3407 3999 3643 4072 Spiritus
3671 3998 3804 4055 dici-

2197 4107 2306 4155 tur.
2351 4097 2660 4156 Nec‘vidao
2699 4097 2828 4166 quid
2866 4096 3013 4151 aliud
3042 4096 3350 4166 signiﬁcare
3376 4092 3631 4160 voluerit,
3672 4107 3801 4148 cum

2195 4189 2416 4248 sulllane
2438 4190 2542 4245 ait:
2566 4190 2796 4260 Accipite
2821 4187 3077 4260 Spiritum
3099 4197 3336 4244 sanctum
3359 4186 3539 4258 (Joau.
3565 4200 3656 4252 xx,
3679 4183 3798 4259 Ἡ).

2195 4280 2383 4350 Neque
2409 4282 2556 4338 enim
2587 4281 2748 4344 ﬂatus
2777 4281 2867 4336 ille.
2892 4295 3210 4351 corporeus,
3256 4277 3377 4336 cum
3417 4287 3579 4336 senisu
3605 4294 3804 4352 corpo-

2197 4359 2386 4430 raliter
2428 4374 2683 4445 tangendl
2729 4374 3030 4443 procedens
3072 4387 3139 4428 ex
3188 4387 3435 4442 corpore,
3489 4371 3821 4428 substantia.

2195 4465 2434 4536 Spiritus
2456 4467 2633 4524 sancti
2663 4464 2786 4532 fuit,
2819 4466 2914 4524 sed
2940 4466 3332 4522 demonstratio
3356 4479 3453 4534 per
3491 4479 3798 4536 congruam

2197 4558 2671 4630 signiﬁcationem,
2717 4573 2824 4614 non
2856 4567 3066 4618 tantum
3097 4574 3128 4614 a
3156 4557 3340 4624 Patre,
3371 4557 3465 4614 sed
3505 4565 3561 4612 et
3588 4573 3620 4612 a
3659 4556 3802 4613 Filio

2197 4656 2494 4727 procedere
2527 4655 2792 4726 Spiritum
2820 4663 3089 4720 sanctum,
3129 4662 3280 4716 certa
3322 4660 3425 4710 est.
3468 4651 3600 4722 Quis
3649 4653 3802 4709 enim

2198 4749 2641 4807 clementissimus
2671 4748 2894 4813 dixerit,
2943 4747 3107 4808 aliam
3155 4746 3323 4802 fuisse
3371 4743 3632 4816 Spiritum
3673 4760 3800 4803 san-

2196 4849 2344 4898 ctum
2365 4855 2526 4911 quem
2553 4837 2776 4896 suttlans
2794 4839 2964 4904 dedit,
3007 4847 3066 4894 et
3085 4838 3252 4898 alium
3273 4852 3434 4908 quem
3462 4845 3587 4912 post
3605 4851 3803 4894 ascen-

2195 4936 2405 4991 sionem
2434 4950 2588 4990 suam
2613 4934 2803 4994 misit?
2834 4932 2984 5004 Unus
3011 4932 3155 4992 enim
3187 4930 3424 5008 Spiritus
3443 4938 3527 4984 est
3557 4927 3800 4999 Spiritus

2197 5029 2292 5084 Dei
2324 5028 2558 5098 Spiritus
2599 5023 2779 5080 Patris
2831 5031 2886 5080 et
2940 5023 3086 5089 Filii,
3121 5023 3359 5094 Spiritus
3403 5029 3647 5086 sanctus,
3698 5021 3798 5092 qui

2189 5133 2449 5195 operatur
2471 5122 2655 5178 omnia
2679 5121 2735 5176 in
2759 5120 3036 5176 omnibus.
3069 5119 3224 5186 Quod
3243 5133 3374 5196 ergo
3397 5118 3476 5176 sit
3503 5117 3796 5185 Dominus,

2190 5232 2342 5286 quem
2365 5232 2458 5286 ego
2482 5215 2685 5269 mittam
2711 5211 2850 5267 vobis
2880 5230 2913 5267 a
2954 5210 3138 5278 Patre,
3169 5211 3408 5267 ostendit
3447 5210 3710 5281 Spiritum
3743 5219 3801 5267 et

2192 5305 2374 5364 Patris
2397 5313 2453 5362 et
2480 5304 2621 5362 Filii.
2647 5304 2784 5372 Quia
2811 5305 2978 5364 etiam
3011 5320 3136 5362 cum
3168 5305 3414 5370 dixisset,
3449 5321 3606 5378 quem
3628 5306 3798 5362 mittet

2194 5395 2379 5463 Pater,
2425 5395 2654 5462 addidit,
2702 5398 2757 5452 in
2792 5399 3002 5458 nomine
3052 5415 3199 5462 meo;
3235 5413 3345 5460 non
3385 5405 3567 5456 tamen
3613 5389 3793 5454 dixit:

2201 5505 2353 5561 quem
2379 5489 2542 5548 mittet
2571 5487 2731 5546 Pater
2765 5507 2798 5544 a
2836 5507 2942 5558 me,
2972 5490 3426 5562 quemadmodum
3459 5489 3616 5558 dixit.
3639 5509 3795 5564 quem

2202 5597 2297 5650 ego
2323 5582 2527 5638 mittam
2566 5581 2706 5636 vobis
2747 5599 2782 5638 α
2808 5579 2970 5638 Patre
2993 5595 3013 5635 .'
3039 5581 3290 5641 videlicet
3311 5583 3625 5654 OStendeus,
3650 5584 3796 5658 quod

2204 5673 2366 5732 totius
2396 5673 2713 5740 divinitatis,
2741 5673 2827 5731 vel
2853 5675 2899 5730 si
2925 5674 3120 5730 melius
3147 5675 3367 5743 dicitur,
3397 5667 3623 5734 Deitatis
3644 5671 3794 5749 prin—

2270 5845 2300 5888 ι)
2344 5847 2424 5904 Ex
2450 5846 2510 5905 S.
2542 5849 2705 5923 Aug.,
2743 5858 2903 5910 tract.
2927 5867 3053 5909 cxxr
3081 5853 3137 5909 in
3155 5851 3340 5929 Joan.,
3376 5865 3530 5912 nunt.
3557 5847 3650 5915 I5.
