4072 6346
256 380 329 444 09
1013 385 1430 446 DOGMATICA.
1471 411 1542 436 -ι
1576 385 1709 448 ΜΒ.
1749 389 1840 448 DE
1881 383 2354 450 PROCESSlONE
2395 391 2452 450 S.
2494 389 2807 451 SPlRl'i‘US
3461 393 3531 462 το

252 503 462 577 cipimn
507 503 670 560 Pater
716 513 822 560 est.
875 504 978 574 Qui
1023 523 1154 579 ergo
1187 523 1257 564 ex
1300 509 1462 565 Patre
1499 511 1750 580 procedit
1786 519 1844 567 et
1866 515 1920 576 Α
1945 523 2082 578 quas
2107 507 2271 566 iidem
2300 508 2401 578 ipsi
2426 511 2944 582 prmfatipontiﬁees
2961 512 3534 588 σαίρω-θηκαίῳ.

251 596 419 663 Filio,
439 597 510 652 ad
530 611 653 653 eum
681 597 917 654 refertur
935 614 968 652 ει
996 615 1104 670 quo
1133 608 1293 657 natus
1317 609 1402 657 est
1430 601 1618 658 Filius.
1649 621 1670 656 ι

327 709 492 785 747
527 710 674 768 ldem
718 729 932 784 quoque
966 715 1212 787 egregius
1237 715 1427 772 doctor
1450 715 1783 789 Augustinus
1812 731 1839 762 α

248 805 634 862 auctoritatem
658 817 969 864 sanctorum
999 811 1475 883 evangelistarum,
1506 813 1668 870 Lucae
1694 815 1842 870 vide-

249 896 380 958 licet
425 908 481 956 et
517 899 744 958 Joannis
767 903 1063 972 sequendo,
1095 905 1152 978 in
1197 906 1334 962 libro
1359 919 1427 961 xv
1458 908 1526 962 de
1555 908 1838 974 Trinitate,

249 1003 382 1049 xm
411 993 649 1065 capitulo
669 991 932 1066 Spiritum
963 1007 1214 1053 sanetum
1244 1013 1274 1054 a
1299 998 1460 1055 Patre
1481 1007 1538 1054 et
1559 1001 1696 1056 Filio
1715 1017 1842 1072 pro-
1913 1059 1920 1062 _

251 1085 451 1138 cedere
481 1094 710 1140 testatur
738 1087 924 1142 dicens
966 1105 978 1142 :
1039 1105 1057 1139 ‹
1093 1087 1151 1142 in
1183 1089 1272 1143 illa
1316 1105 1526 1146 summa
1553 1089 1837 1158 Trinitate,

249 1191 374 1246 qure
421 1175 564 1232 Deus
591 1186 694 1244 est,
740 1180 1027 1235 intervalla
1057 1189 1359 1252 temporum
1386 1184 1532 1238 nulla
1559 1193 1706 1250 sunt,
1741 1201 1842 1254 per

248 1281 370 1338 quae
401 1272 576 1338 possit
597 1273 844 1339 ostendi”,
877 1282 971 1328 aut
990 1275 1178 1330 saltem
1206 1277 1440 1346 requiri,
1481 1286 1660 1333 utrum
1689 1280 1840 1348 prius

245 1357 313 1412 de
342 1357 506 1414 Patre
531 1369 691 1416 natus
715 1363 788 1417 sit
811 1364 1000 1430 Filius,
1030 1375 1084 1420 et
1115 1375 1301 1436 postea
1331 1369 1397 1422 de
1431 1369 1692 1424 ambobus
1715 1385 1840 1440 pro-

247 1450 483 1504 cesserit
509 1449 744 1522 Spiritus
759 1463 1023 1521 sanctus;
1053 1457 1308 1526 quoniam
1341 1455 1621 1528 Scriptum
1650 1463 1837 1514 sancta

245 1537 516 1610 Spiritum
537 1557 662 1597 eum
692 1545 824 1600 dicit
859 1547 1160 1602 amborum.
1196 1548 1312 1618 Ipse
1334 1556 1418 1604 est
1441 1551 1608 1616 enim,
1636 1551 1701 1606 de
1729 1565 1838 1620 quo

245 1629 382 1686 dicit
427 1632 722 1702 Apostolus
767 1653 782 1690 :
845 1636 1106 1702 Quoniam
1152 1650 1326 1693 autem
1363 1641 1484 1694 estis
1533 1641 1653 1710 ﬁlii,
1693 1643 1835 1696 misit

243 1721 387 1777 Deus
432 1723 692 1793 Spiritum
723 1725 852 1782 Filii
885 1730 967 1783 sui
994 1730 1049 1783 in
1078 1730 1238 1784 corda
1272 1741 1450 1786 ηοω-α
1473 1729 1616 1802 (Gal.
1652 1749 1725 1798 tv,
1755 1733 1832 1805 ti).

242 1815 311 1870 Et
339 1816 458 1886 ipse
481 1825 591 1883 est,
618 1819 686 1874 de
711 1835 820 1890 quo
847 1822 981 1877 dicit
1005 1823 1147 1878 idem
1169 1823 1338 1878 Filius
1370 1843 1382 1875 :
1430 1825 1553 1880 Non
1579 1827 1716 1880 enim
1746 1843 1836 1881 vos

242 1914 363 1966 uti:
389 1914 482 1982 qui
525 1912 820 1985 loquimini,
853 1917 942 1970 sed
969 1917 1196 1985 Spiritus
1237 1918 1417 1975 Patris
1464 1925 1616 1977 vestri
1641 1923 1729 1996 qui
1759 1922 1836 1978 Io-

241 2006 422 2073 quitur
453 2007 509 2060 in
552 2009 693 2063 vobis
720 2008 933 2080 (Matth.
964 2029 1020 2076 x,
1047 2011 1159 2082 20).
1188 2014 1255 2068 Et
1281 2015 1464 2071 multis
1493 2016 1612 2072 aliis
1631 2017 1840 2074 divino-

242 2112 361 2150 rum
399 2099 743 2168 eloquiorum
791 2104 1116 2160 testimoniis
1157 2109 1544 2178 comprobatur
1583 2111 1761 2166 Patris
1785 2121 1839 2168 et

239 2187 361 2243 Filii
383 2205 509 2246 esse
531 2191 819 2261 Spiritum,
860 2195 952 2264 qui
993 2199 1212 2268 proprie
1256 2200 1456 2255 dicitur
1488 2201 1538 2256 in
1573 2203 1837 2259 Trinitate

240 2282 480 2352 Spiritus
506 2294 745 2340 sanctus.
767 2287 969 2357 Deque
998 2289 1126 2344 item
1150 2285 1280 2344 dicit
1304 2291 1416 2360 ipse
1436 2291 1641 2347 Filius:
1671 2291 1835 2358 Quem

237 2389 334 2444 ego
361 2376 515 2429 mitto
546 2377 686 2430 vobis
712 2395 743 2431 a
773 2375 936 2432 Patre
964 2377 1147 2449 (Joan.
1181 2397 1274 2447 xv,
1300 2379 1413 2453 26).
1448 2381 1515 2436 Et
1543 2381 1648 2436 alio
1679 2383 1794 2439 loco
1818 2398 1833 2438 :

242 2461 414 2529 Quem
437 2466 604 2518 mittet
631 2464 794 2521 Pater
811 2469 866 2520 in
898 2469 1104 2522 nomine
1133 2486 1246 2524 meo
1279 2471 1462 2542 (Joan.
1488 2487 1598 2539 xxv,
1622 2473 1732 2546 26).
1761 2474 1835 2531 De

235 2561 474 2622 utroque
499 2564 678 2610 autem
709 2557 1002 2625 procedere
1039 2559 1119 2613 sic
1160 2559 1406 2626 docetur,
1444 2563 1568 2631 Quia
1602 2563 1718 2633 ipse
1749 2561 1836 2618 Fi-

235 2641 346 2699 lius
373 2645 497 2699 ait:
533 2645 613 2700 De
655 2645 816 2702 Patre
855 2649 1090 2718 procedit
1133 2663 1151 2701 :
1200 2665 1323 2705 cum
1361 2653 1765 2710 ‘resnrrexisset
1803 2667 1834 2710 a

236 2738 493 2802 mortuis,
523 2747 581 2792 et
624 2740 965 2809 apparuisset
992 2739 1267 2810 discipulis
1297 2743 1430 2810 suis,
1460 2743 1749 2818 Insnmacit
1786 2744 1837 2800 et

235 2829 312 2880 ait
341 2843 360 2878 :
408 2829 642 2898 Accipite
686 2829 941 2901 Spiritum
982 2841 1223 2886 sanctum
1256 2833 1439 2902 (Joan.
1490 2851 1583 2899 xx,
1633 2835 1746 2906 22),
1776 2841 1838 2892 ul:

235 2929 361 2972 cura
385 2918 556 2972 ctiam
601 2919 667 2973 de
697 2933 756 2974 se
797 2921 1089 2990 procedere
1125 2924 1454 2979 ostenderet.
1488 2922 1554 2979 Et
1595 2924 1710 2996 ipsa
1751 2931 1838 2983 est

234 3010 421 3072 virtus,
448 3023 572 3080 qum
614 3010 679 3064 de
715 3010 808 3064 illo
839 3012 1035 3078 exibat,
1059 3013 1200 3068 sicut
1237 3014 1434 3085 legitur
1460 3015 1514 3070 in
1542 3001 1834 3089 Evangelia

232 3102 535 3156 secundum
565 3100 786 3167 Lucam,
820 3113 866 3157 et
895 3105 1114 3160 sanabat
1146 3115 1341 3162 omnes.
1379 3127 1397 3160 ι

300 3191 467 3248 Luem
492 3195 639 3248 enim
665 3196 718 3249 in
744 3209 810 3250 eo
835 3196 975 3263 loco,
1001 3199 1052 3252 in
1077 3214 1183 3268 quo
1203 3199 1398 3269 legitur
1421 3200 1477 3254 in
1497 3198 1788 3272 Evangelio
1813 3219 1828 3256 :
1853 3231 1904 3295 ε

233 3285 349 3358 Ego
386 3288 616 3358 cognovi
659 3289 915 3345 virtutem
963 3291 1028 3346 de
1056 3307 1143 3347 me
1169 3293 1364 3348 exilsse
1409 3293 1557 3365 (Luc.
1591 3310 1668 3360 vr,
1721 3295 1826 3367 l9),

233 3374 460 3434 electus
485 3378 682 3433 divinae
708 3381 1002 3435 curationis
1026 3381 1196 3436 virtus
1216 3381 1437 3454 intelligi
1467 3393 1666 3454 potest,
1691 3386 1831 3441 sicut

233 3469 427 3524 beatus
457 3469 773 3542 Fulgentius
798 3474 1068 3542 exposuit.
1104 3473 1439 3545 Augustinus
1467 3485 1645 3532 tamen
1674 3478 1827 3546 dicit,

233 3561 378 3630 quod
403 3562 814 3632 processionem
853 3564 1086 3634 Spiritus
1133 3568 1304 3622 sancti
1345 3583 1374 3622 a
1406 3568 1543 3624 Filio
1569 3570 1744 3626 Lucas
1772 3572 1828 3626 in

233 3655 554 3724 praescripto
593 3655 794 3711 indicat
835 3658 1070 3728 capitulo
1097 3659 1359 3716 dicendo:
1395 3661 1533 3728 Quia
1571 3665 1733 3719 virtus
1765 3665 1830 3720 de

232 3742 323 3796 illo
347 3745 542 3799 exibat.
571 3745 630 3799 in
670 3745 909 3817 prmfatis
935 3733 1098 3821 igitur
1122 3754 1291 3806 sancti
1325 3753 1601 3825 Evangelii
1633 3772 1826 3811 secum

231 3839 359 3894 dum
401 3838 607 3892 Lucam
635 3847 689 3894 et
728 3837 990 3897 Joannem
1030 3843 1392 3910 sermonibus,
1421 3854 1476 3900 et
1503 3840 1559 3900 in
1587 3847 1829 3919 Epistula

231 3930 478 4002 ejusdem
519 3929 764 3998 Joannis,
807 3949 926 4004 qua:
950 3947 1054 3988 una
1079 3935 1144 3989 de
1175 3944 1382 4004 septem
1413 3945 1494 3992 est
1523 3939 1826 4005 catholicis,

233 4033 419 4096 aperte
444 4025 751 4080 ostenditur
777 4024 1011 4096 Spiritus
1037 4035 1254 4081 sanctus
1276 4068 1288 4092 ,
1315 4028 1405 4098 qui
1431 4028 1582 4084 Patri
1609 4039 1664 4084 et
1693 4027 1830 4086 Filio

233 4117 527 4189 coaequalis
571 4125 652 4174 est
678 4127 733 4174 et
775 4127 1092 4182 comternus,
1126 4121 1270 4191 quod
1316 4138 1345 4176 a
1387 4119 1548 4179 Patre
1586 4123 1830 4196 Filioque

232 4209 504 4283 procedit,
551 4210 694 4265 sicut
737 4219 848 4264 tam
895 4211 1140 4281 praedicti
1181 4211 1398 4279 Patres,
1431 4213 1541 4269 Leo
1580 4216 1832 4272 videlicet

233 4319 393 4374 papa,
426 4302 724 4374 Gregorius
751 4304 1146 4372 Nazianzenus,
1169 4303 1550 4379 Hieronymus,
1578 4309 1831 4382 Augusti-

234 4413 358 4462 nus,
386 4395 557 4451 verha
586 4398 758 4452 sancti
790 4397 1064 4470 Evangelii
1096 4398 1201 4454 ﬁda
1232 4401 1568 4469 expositione
1604 4403 1827 4460 investi-

233 4487 425 4560 gando,
455 4489 640 4543 testati
669 4497 817 4544 sunt.

1942 599 1999 656 in
2019 609 2314 670 conspectu
2345 602 2510 658 totius
2538 605 2807 673 Epheseni
2835 613 2890 661 et
2919 606 3399 678 Chalcedonensis,
3425 621 3532 669 nec

1942 709 2050 750 non
2073 703 2131 749 et
2175 693 2228 749 in
2272 695 2447 764 quinti
2473 698 2708 762 concilii,
2745 701 2888 769 quod
2923 701 3024 756 sub
3050 701 3248 772 Vigillo
3295 719 3434 777 papa
3463 715 3522 762 et

1941 783 2246 842 Justiniauo
2286 787 2528 858 principe
2575 787 3040 864 Constantinopoli
3095 806 3378 865 peractum
3420 805 3529 866 est,

1940 879 2228 948 praesentia
2264 878 2418 934 lecta:
2444 888 2608 950 atque
2634 884 2878 950 probatae
2905 894 3052 940 stunt.
3091 885 3328 953 Quarum
3365 889 3534 948 etiam

1943 969 2320 1024 auctoritatem
2345 977 2550 1026 rectam
2572 979 2732 1040 atque
2758 974 3114 1042 probabilem,
3147 975 3382 1048 Spiritus
3405 995 3534 1036 san-

1943 1060 2016 1114 cti
2048 1059 2409 1115 illustratione
2436 1077 2772 1133 expressam,
2801 1067 3124 1135 expositioni
3154 1085 3183 1123 a
3211 1079 3402 1125 sancto
3433 1069 3531 1125 Ni-

1943 1164 2091 1203 czeno
2111 1151 2336 1205 concilio
2362 1151 2537 1216 factae,
2566 1163 2622 1208 et
2648 1153 2771 1208 ﬁdei
2802 1165 2857 1208 et
2882 1156 3079 1227 regulis
3119 1157 3460 1234 [consonam]
3497 1175 3532 1218 a

1941 1247 2128 1294 sancta
2175 1249 2230 1294 et
2257 1256 2451 1310 magna
2492 1241 2760 1314 Ephesiae
2791 1247 2998 1315 synodo
3027 1250 3332 1318 expositam
3360 1249 3532 1306 Chal-

1941 1330 2258 1384 cedonensis
2286 1331 2524 1402 synodus
2554 1333 2726 1387 credit
2747 1347 2867 1390 esse
2894 1335 2970 1390 ita
3000 1335 3186 1393 dicens
3223 1355 3237 1393 :
3285 1359 3302 1392 ι
3333 1341 3535 1398 Didici-

1939 1432 2062 1472 ntus
2092 1427 2308 1474 sanctos
2336 1419 2528 1475 Patres
2557 1423 2728 1494 sequi.
2771 1423 2981 1479 Etenim
3006 1425 3195 1484 Patres
3217 1431 3411 1498 nostri,
3439 1432 3532 1503 qui

1941 1508 1994 1563 in
2027 1509 2238 1565 Nicrena
2260 1521 2656 1580 convenerunt,
2675 1531 2778 1570 non
2809 1533 2838 1570 a
2868 1519 3177 1590 semetipsis
3212 1521 3377 1579 locuti
3405 1533 3536 1583 sunt

1944 1599 2064 1672 quae
2108 1603 2271 1658 locuti
2303 1613 2448 1671 sunt,
2481 1608 2574 1661 sed
2601 1609 2746 1679 quod
2776 1609 3012 1681 Spiritus
3043 1625 3262 1672 sanctus
3289 1618 3531 1674 dictavit.

1941 1693 2204 1750 Similiter
2225 1699 2604 1754 sanctissimus
2631 1709 2687 1755 et
2707 1702 2818 1758 Deo
2849 1705 3059 1762 amicus
3089 1707 3279 1768 beatus
3303 1711 3536 1783 Cyrillus

1939 1800 2007 1840 ex
2039 1786 2244 1857 Spiritu
2288 1797 2498 1855 sancto,
2538 1805 2658 1862 qua:
2684 1801 2811 1850 sunt
2835 1799 3147 1856 sanctorum
3173 1800 3418 1872 Patrum,
3451 1803 3534 1862 lo-

1865 1869 1913 1931 Β
1942 1884 2100 1930 cutus
2127 1887 2210 1932 est
2233 1888 2288 1933 et
2310 1881 2510 1934 docuit.
2553 1903 2570 1934 ι
2607 1882 2673 1936 Et
2699 1891 2820 1955 post
2859 1901 3029 1960 pauca
3053 1891 3252 1946 eadem
3279 1869 3534 1964 praedicta

1943 1968 2179 2040 synodus
2207 1971 2334 2024 dicit
2360 1989 2371 2024 :
2411 1989 2429 2022 ι
2467 1972 2690 2029 Lectam
2718 1991 2748 2029 a
2777 1987 2963 2033 saneta
2988 1982 3193 2052 synodo
3222 1992 3534 2042 sanctorum

1942 2058 2166 2114 Patrum
2192 2064 2582 2132 expOsitionem
2600 2106 2614 2132 ,
2648 2076 2702 2121 et
2731 2067 2900 2125 lectas
2927 2073 3082 2128 nobis
3111 2075 3367 2143 epistolas
3403 2093 3534 2133 san-

1941 2151 2168 2207 etisslmi
2201 2163 2255 2208 et
2281 2153 2392 2210 Deo
2429 2153 2576 2226 digni
2628 2161 2899 2229 quondam
2950 2165 3188 2236 episcopi
3238 2166 3449 2240 Cyrilli,
3481 2177 3533 2228 et

1939 2244 2212 2312 expositas
2241 2246 2453 2316 regulas
2479 2255 2535 2301 et
2577 2247 2796 2308 {idenm
2821 2259 3006 2308 sancta
3036 2263 3092 2311 et
3127 2273 3320 2330 magna
3355 2250 3534 2330 Ephe-

1938 2333 2076 2400 sina,
2108 2350 2344 2390 consona
2370 2339 2550 2392 omnia
2590 2343 2974 2412 comperimus.
3009 2365 3027 2396 ι
3061 2345 3228 2418 igitur
3252 2357 3307 2403 et
3333 2365 3430 2421 ego
3455 2341 3534 2408 sic

1938 2425 2100 2482 credo
2124 2436 2179 2482 et
2205 2431 2488 2496 conﬁteor,
2522 2439 2575 2486 et
2603 2435 2693 2502 qui
2726 2443 2926 2506 praeter
2955 2439 3071 2494 hinc
3098 2443 3262 2512 sapit,
3293 2441 3532 2504 alienum

1932 2517 2116 2588 judico
2156 2535 2185 2574 a
2230 2527 2419 2577 sancta
2466 2523 2734 2580 catholica
2761 2526 3007 2585 Ecclesia
3045 2544 3101 2587 et
3141 2550 3172 2588 a
3226 2531 3332 2590 ﬁde
3381 2546 3532 2600 recta

1939 2609 2298 2668 credentium.

2008 2699 2206 2760 Beatus
2231 2707 2396 2776 igitur
2423 2707 2656 2779 Cyrillus
2683 2711 2710 2750 δ
2757 2713 2812 2766 in
2837 2713 3095 2785 prtedicta
3125 2720 3389 2776 Canonica
3417 2722 3530 2794 θρίσ-

1937 2795 2077 2848 5toia
2106 2836 2120 2861 ,
2166 2809 2330 2866 quam
2385 2799 2454 2852 ad
2502 2799 2812 2856 Nestorium
2853 2805 3176 2876 conscripsit
3203 2847 3218 2873 ,
3269 2807 3530 2880 Spiritum

1937 2893 2182 2939 sanctum
2214 2903 2244 2939 a
2275 2887 2433 2942 Patre
2462 2897 2511 2942 et
2539 2889 2676 2945 Filio
2702 2893 2995 2962 procedere
3026 2904 3258 2952 testatur
3287 2901 3471 2956 dicens
3507 2919 3522 2962 ς

1943 2988 1961 3023 t
1987 2971 2244 3040 Quamvis
2272 2987 2355 3032 est
2384 2977 2438 3033 in
2467 2981 2818 3039 subsistentia
2848 2983 3083 3054 Spiritus
3120 2991 3335 3060 speciali
3355 3033 3369 3059 ,
3404 3010 3528 3064 natu

1940 3071 1996 3119 et
2042 3065 2358 3139 intelligitur
2383 3085 2481 3140 per
2513 3087 2572 3127 se
2615 3073 2908 3130 secundum
2941 3073 3104 3156 748
3128 3083 3272 3151 quod
3299 3084 3528 3155 Spiritui

1940 3165 2038 3219 est,
2080 3168 2135 3213 et
2163 3175 2270 3214 non
2297 3159 2493 3226 Filius;
2529 3165 2621 3220 sed
2659 3174 2840 3222 tamen
2872 3185 2974 3224 non
3001 3181 3084 3226 est
3113 3173 3324 3234 alienus
3349 3177 3418 3236 ab
3443 3175 3528 3238 eo.

1935 3249 2168 3322 Spiritus
2214 3256 2356 3312 enim
2383 3259 2642 3314 ‘vcritatis
2692 3264 3018 3330 nominatur,
3060 3276 3115 3323 et
3159 3277 3244 3328 est
3285 3269 3526 3332 Christus

1932 3343 2162 3408 veritas,
2194 3357 2249 3405 et
2276 3346 2494 3417 profluit
2523 3350 2591 3404 ab
2618 3366 2716 3417 eo,
2757 3353 2897 3408 sicut
2940 3373 3008 3410 ex
3055 3357 3170 3414 Deo
3199 3368 3253 3416 et
3281 3359 3464 3418 Patre.
3505 3381 3525 3418 ι

1928 3433 2073 3488 Idem
2119 3451 2332 3507 quoque
2376 3450 2594 3497 sanctus
2624 3442 2854 3517 Cyrillus
2885 3459 2904 3485 ε
2951 3449 3006 3504 ἱιι
3052 3450 3223 3506 altera
3267 3455 3526 3513 canonica

1929 3527 2178 3597 epistola,
2209 3545 2372 3602 quam
2415 3535 2483 3592 ad
2529 3533 2792 3594 Joannem
2838 3540 3059 3612 scripsit
3101 3545 3526 3616 Antiochenam,

1929 3618 2159 3675 similem
2196 3621 2263 3676 de
2301 3622 2532 3694 Spiritus
2565 3629 2756 3694 sancti
2789 3646 2819 3684 a
2864 3630 3026 3688 Patre
3059 3643 3114 3690 et
3145 3635 3281 3691 Filio
3309 3653 3524 3710 proces-

1932 3711 2083 3768 sione
2122 3713 2343 3784 protulit
2394 3721 2722 3777 sententiam
2765 3724 2839 3780 ita
2883 3723 3109 3784 dicens:
3140 3749 3156 3780 ι
3188 3729 3524 3792 Meminimus

1931 3806 2076 3860 enim
2107 3817 2163 3861 et
2212 3809 2454 3866 dicentes
2485 3831 2497 3865 :
2534 3809 2660 3866 Noli
2685 3819 2982 3888 transgredi
3005 3823 3250 3880 terminos
3276 3835 3520 3898 aeternos,

1930 3909 2060 3966 quos
2103 3909 2387 3966 posuerunt
2442 3911 2616 3970 patres
2663 3905 2738 3958 tui
2790 3903 2973 3976 (Prov.
3003 3925 3142 3978 xxu,
3173 3912 3284 3986 28).
3341 3915 3525 3986 Neque

1930 3987 2073 4040 enim
2121 3986 2481 4058 loquebantur
2527 3991 2625 4058 illi,
2658 3995 2754 4050 sed
2794 3995 3026 4066 Spiritus
3063 4001 3157 4058 Dei
3193 4002 3390 4074 Patris,
3435 4010 3524 4078 qui

1929 4077 2173 4148 procedit
2200 4080 2417 4150 quidem
2449 4097 2513 4138 ex
2547 4084 2682 4156 ipso.
2735 4088 2827 4144 Est
2871 4099 3050 4152 autem
3077 4104 3132 4152 et
3171 4113 3203 4153 a
3242 4098 3379 4156 Filio
3419 4077 3523 4160 non

1930 4170 2139 4225 alienus
2167 4173 2461 4229 secundum
2486 4177 2644 4234 unius
2667 4183 2919 4239 essentia:
2942 4187 3230 4258 rationem,
3253 4199 3310 4248 et
3332 4195 3399 4250 ad
3426 4195 3522 4254 hor

1930 4261 2108 4330 ipsum
2159 4270 2472 4319 sanctorum
2525 4283 2724 4324 arcana
2767 4272 3076 4330 docentium
3123 4281 3288 4336 verba
3330 4285 3522 4340 conﬁr-

1930 4356 2135 4443 mant
2169 4349 2224 4443 in
2272 4349 2497 4407 Actibus
2545 4369 2781 4428 namque
2843 4363 3209 4431 apostolorum
3263 4370 3523 4443 scriptum

1930 4440 2052 4490 est:
2095 4431 2366 4488 Venientes
2397 4445 2569 4492 autem
2605 4441 2658 4494 in
2692 4443 2870 4497 Asiam
2911 4449 3180 4504 tentabant
3220 4443 3299 4508 ὓδέ
3339 4431 3394 4510 ai
3435 4455 3521 4513 Bi-

1931 4523 2166 4592 thyniam
2190 4522 2340 4594 liis,
2371 4525 2664 4603 ligurium),
2699 4542 2747 4586 et
2776 4549 2879 4589 non
2900 4540 3134 4608 permisit
3175 4553 3261 4598 eos
3295 4542 3522 4616 Spiritu:

233 4598 523 4673 Hucusque
551 4601 614 4656 de
637 4599 944 4698 Evangglip,
967 4621 1103 4688 nunc
1130 4604 1505 4698 iterationibus
1525 4616 1827 4670 sanctorum
1858 4601 1909 4667 Ῑ)
1930 4612 2060 4668 Iesu
2083 4613 2221 4685 (Act.
2251 4630 2362 4680 xvi,
2389 4617 2461 4690 7).
2497 4598 2760 4678 Similiter
2785 4598 2973 4682 scribit
3002 4639 3183 4687 autem
3205 4642 3260 4689 et
3286 4598 3521 4698 admira:

803 4671 1028 4728 Patrum
1058 4677 1264 4746 incipit.

300 4787 615 4844 Beatissimi
643 4805 857 4861 quoque
877 4799 933 4846 et
955 4791 1394 4848 reverendissimi
1413 4792 1716 4862 pontiﬁces,
1736 4794 1830 4866 qui

229 4885 436 4942 sanctis
458 4891 513 4938 et
536 4885 822 4956 praecipuis
851 4886 1136 4942 beatorum
1161 4886 1385 4941 Patrum
1409 4886 1675 4958 praefuere
1698 4904 1829 4944 con-

229 4973 390 5038 ciliis,
420 4983 480 5027 et
505 4989 739 5044 quorum
780 4990 1016 5030 canones
1055 4983 1218 5046 atque
1255 4977 1474 5032 decreta
1507 4978 1829 5052 universalis

230 5065 480 5135 sequitur
493 5063 767 5132 Ecclesia;
792 5066 1024 5137 Cyrillus
1045 5067 1294 5123 videlicet
1316 5067 1658 5124 Alexandria
1682 5069 1830 5130 urbis

231 5160 539 5232 episeOpus,
572 5162 665 5231 qui
696 5162 752 5218 in
782 5161 1055 5233 prisena
1081 5164 1181 5238 [ita
1205 5164 1338 5238 31s.]
1370 5166 1576 5237 synodo
1600 5181 1661 5220 cc
1688 5182 1828 5237 prae...

229 5247 400 5307 fuisse
426 5253 645 5308 videtur
669 5255 935 5328 episcopis
977 5274 989 5309 :
1037 5271 1136 5312 nec
1161 5272 1265 5314 non
1293 5265 1348 5312 et
1367 5257 1478 5313 Leo
1508 5258 1830 5316 venerabilis

231 5345 546 5416 apostolica:
573 5345 718 5402 sedis
745 5345 987 5416 pontifex
1011 5389 1025 5413 ,
1067 5347 1221 5418 cujus
1248 5350 1629 5405 auctoritatem
1653 5366 1829 5406 ncxxx

230 5432 421 5491 Patres
451 5435 796 5492 Chalcedone
825 5440 1136 5510 congregati
1181 5442 1350 5496 secuti
1391 5451 1536 5506 sunt,
1568 5441 1829 5512 Spiritum

232 5535 480 5580 sanctum
509 5524 579 5580 ab
597 5527 876 5596 unigenito
907 5529 1000 5582 Dei
1027 5528 1187 5595 Filio,
1227 5531 1318 5600 qui
1343 5540 1429 5586 est
1457 5532 1694 5588 Verbum
1727 5533 1829 5589 Pa-

234 5616 350 5682 tris,
393 5618 692 5689 procedere
739 5619 792 5674 in
843 5621 1116 5695 synodicis
1166 5624 1347 5678 testati
1391 5633 1518 5680 sunt
1559 5626 1826 5697 epistolis,

301 5743 329 5808 ξ
367 5731 451 5808 Ex
569 5732 733 5808 aug,
752 5733 846 5808 lib.
869 5751 939 5808 xv
976 5735 1043 5790 de
1065 5735 1350 5803 Trinitate,
1375 5752 1492 5808 cap.
1519 5737 1606 5792 26.

299 5800 330 5880 ξ
371 5803 430 5880 S.
460 5800 776 5880 Cyrillu'sin
799 5805 1065 5880 Ephesina
1098 5800 1494 5880 synodo,'tom.
1528 5809 1592 5866 lll
1616 5809 1821 5869 Concil.

237 5865 426 5943 Coleti,
467 5865 594 5947 pag.
636 5875 764 5943 955,
792 5865 937 5933 num.
973 5877 1058 5932 t0.

1930 4707 2054 4762 bilis
2082 4708 2282 4764 Paulus
2319 4725 2331 4762 :
2381 4710 2488 4777 Qui
2517 4724 2690 4768 autem
2728 4717 2783 4771 in
2819 4717 2976 4775 carne
3004 4733 3147 4789 sunt,
3178 4725 3383 4796 placere
3409 4729 3518 4785 Deo

1930 4815 2034 4852 non
2059 4811 2295 4870 possunt.
2352 4797 2456 4858 Vos
2499 4816 2677 4860 autent
2729 4825 2834 4863 non
2871 4813 2997 4868 estis
3025 4815 3079 4870 in
3109 4825 3296 4883 carne,
3347 4823 3438 4875 sed
3466 4821 3523 4876 in

1927 4892 2151 4959 spiritu;
2180 4893 2434 4964 siquidem
2475 4894 2702 4966 Spiritus
2743 4899 2836 4954 Dei
2862 4902 3130 4960 habitabat
3159 4907 3216 4962 in
3257 4909 3416 4966 vobis.
3466 4911 3526 4968 Si

1927 4982 2042 5050 quis
2069 4993 2244 5036 autem
2269 4981 2520 5054 Spiritum
2543 4987 2738 5043 Christi
2760 5007 2862 5046 non
2881 4995 3057 5062 habet,
3078 4998 3161 5052 hic
3187 5013 3290 5055 non
3311 5013 3387 5056 est
3408 5003 3524 5074 ejus

1931 5073 2110 5145 (Rem.
2143 5090 2262 5141 vni,
2289 5077 2344 5141 8,
2377 5078 2454 5149 9).
2495 5099 2512 5131 ι
2556 5079 2765 5136 Cuncta
2793 5084 2976 5155 igitur,
3010 5101 3130 5160 qua:
3156 5099 3380 5148 sanctus
3417 5073 3522 5166 Cy-

1929 5167 2082 5222 rillus
2111 5177 2165 5222 et
2193 5183 2258 5222 cc
2281 5172 2454 5226 sancti
2485 5171 2676 5230 Patres
2706 5177 2760 5230 in
2781 5177 3056 5249 Ephesius
3083 5185 3291 5256 synodo
3311 5185 3520 5243 collecti

1929 5259 1995 5314 de
2023 5259 2130 5316 ﬁde
2150 5257 2418 5318 catholica
2445 5269 2503 5322 et
2531 5266 2596 5320 tle
2638 5267 3023 5329 ecclesiasticis
3048 5275 3311 5334 institutis
3334 5277 3518 5335 decre—

1931 5362 2146 5416 verunt,
2173 5355 2524 5412 beatissimus
2545 5373 2686 5428 papa
2723 5359 3051 5420 Caelestinus
3098 5367 3394 5438 apostolica
3425 5368 3523 5425 ﬂr-

1929 5447 2099 5502 mavit
2145 5451 2490 5516 auctoritate,
2532 5460 2588 5506 et
2637 5455 2706 5509 ab
2759 5457 3054 5515 universali
3103 5461 3359 5517 Ecclesiae
3403 5478 3522 5522 crc-

1929 5540 2100 5596 denda
2137 5541 2545 5614 essejudicavit
2584 5556 2750 5618 atque
2792 5553 3086 5622 sequenda,
3117 5555 3218 5610 hoc
3248 5554 3410 5613 modo
3437 5556 3521 5616 di-

1929 5648 2056 5690 cens
2093 5652 2105 5688 :
2165 5653 2185 5686 ι
2221 5633 2546 5696 ϐωιεδιίιιιιε
2593 5641 2880 5713 episcopus
2927 5646 2976 5699 ά.
3030 5643 3521 5716 Commonitorium

1999 5760 2022 5788 ε
2067 5747 2265 5806 lterum
2295 5750 2526 5876 ciuilius
2559 5751 2613 5810 in
2654 5759 2859 5830 synodo
2887 5760 3176 5832 Ephesina,
3203 5774 3331 5828 tam.
3357 5763 3444 5832 III.

1999 5819 2023 5858 ἀ
2063 5820 2310 5876 Mandata
2355 5827 2528 5876 cautis
2552 5825 3046 5876 εει-ἰηιοῑηιῂριηιῐιει
3097 5841 3444 5876 ρηηηηηηςιη.

2355 5841 2418 5910 (ξε

1999 5819 2023 5858 d
2063 5820 2310 5900 Mandata
2335 5819 2528 5900 legatis
2548 5819 2753 5900 scripto
2776 5819 3070 5900 impertita,
3097 5819 3519 5897 cbhiﬁiBinYéiia

1927 5901 2213 5959 vocantur,
2256 5895 2334 5950 ait
2371 5895 2678 5955 Severinus
2703 5895 2891 5960 Bittius
2920 5904 2974 5961 in
3003 5895 3148 5965 notis
3187 5909 3256 5966 ad
3296 5912 3459 5984 capit.
3481 5895 3518 5967 5
