4072 6346
510 380 575 436 Ἡ
1360 369 1421 429 Β.
1460 369 1523 427 F.
1563 368 1789 426 ALBINI
1825 359 1957 423 SEU
1995 359 2272 419 ALCUINI
2311 357 2592 416 OPERUM
2631 353 2813 415 PARS
2850 351 2936 413 lli.
3698 347 3770 403 ’12

514 489 777 565 episcopis
803 496 857 543 et
880 487 1211 559 presbyteris
1239 488 1489 542 euntibus
1518 486 1584 540 ad
1612 484 1906 540 Orientem.
1950 480 2084 535 Cum
2113 483 2165 540 Α
2189 475 2320 529 lium
2341 483 2395 529 et
2423 470 2683 543 Spiritum
2711 479 2958 525 sanctum
2987 470 3113 565 sine
3140 466 3452 565 confusione
3482 463 3769 565 indivisos,

513 583 626 642 Deo
648 591 854 645 nostro,
883 582 1022 635 sicut
1045 580 1313 634 credimus
1340 587 1395 633 et
1423 593 1726 649 speramus,
1752 584 1993 640 auctore,
2022 573 2090 628 ad

515 675 782 733 destinata
810 682 988 728 vestra
1010 673 1246 727 cbaritas
1270 672 1480 726 venerit
1502 672 1643 736 loca,
1686 670 1751 724 ad
1788 668 2011 723 fratrem
2037 675 2092 722 et

514 772 891 840 coepiscopum
918 777 1161 823 nostrum
1184 768 1439 838 Cyrillum
1466 768 1749 822 consilium
1778 781 1936 820 omne
1965 781 2094 819 con-

513 865 727 926 vertite,
750 872 801 915 et
830 859 1085 930 quidquid
1114 861 1167 914 in
1190 859 1304 928 ejus
1320 860 1566 915 videritis
1586 859 1832 921 arbitrio,
1864 856 2090 920 facietis,

514 964 570 1011 et
620 957 991 1009 auctoritatem
1052 956 1193 1009 sedis
1232 954 1535 1023 apostolicae
1580 953 1838 1009 custodiri
1897 952 2094 1007 debere

519 1048 857 1101 mandamus.
910 1066 926 1097 ι

444 1238 452 1247 .
519 1198 800 1272 ﬂuensque
819 1202 882 1254 de
898 1202 1214 1273 nucgtoritate
1242 1201 1515 1271 Ephesium
1538 1202 1757 1273 Synodi.
1786 1203 1942 1257 Nunc
1969 1204 2095 1257 inci-

694 1271 766 1342 pit
793 1273 856 1325 de
881 1271 1317 1326 Chalcedonensis
1344 1273 1549 1327 concilii
1580 1271 1913 1327 auctoritate.

588 1442 937 1499 lieatissimus
985 1452 1039 1499 et
1086 1445 1587 1512 reverendissimus,
1638 1446 1748 1503 Leo
1787 1449 2096 1518 apostolicae

520 1539 664 1594 sedis
687 1538 946 1608 pontifex,
978 1539 1131 1610 cujus
1152 1540 1476 1595 auctoritate
1508 1549 1562 1594 et
1579 1540 1782 1610 judicio
1799 1524 2099 1597 Chalcedo-

519 1629 701 1684 nensis
752 1630 1097 1698 comprobata
1136 1637 1220 1683 est
1256 1637 1309 1684 et
1349 1628 1687 1693 conﬁrmata,
1733 1639 1786 1685 et
1814 1631 1929 1700 qui,
1960 1632 2100 1686 sicut

518 1719 685 1774 verba
731 1720 899 1790 ipsius
950 1721 1135 1791 synodi
1175 1729 1459 1785 testantur,
1494 1722 1684 1790 spiritu
1715 1734 2095 1791 praesenserat,

520 1821 575 1867 et
626 1812 960 1882 complacere
1016 1822 1274 1883 tanquam
1334 1814 1592 1869 fratribus
1644 1816 1993 1880 deliberabat,
2047 1824 2102 1871 et
2134 1836 2178 1897 Β

521 1923 619 1979 per
640 1925 857 1963 suorum
873 1909 1196 1963 vicariorum
1216 1924 1418 1977 praesen
1429 1909 1555 1963 tiam
1577 1909 1861 1965 videbatur
1881 1911 1948 1964 ab
1974 1909 2097 1964 illis.

521 1995 620 2052 ilic
642 2013 769 2069 ergo
799 2000 1088 2067 prmdictus
1120 2009 1338 2053 sanctus
1367 1999 1475 2054 Leu
1500 2001 1901 2071 proccssionem
1934 2001 2104 2072 Spiri-

520 2099 608 2145 tus
640 2092 809 2146 sancti
842 2107 871 2145 a
902 2091 1037 2147 Filio
1064 2091 1348 2147 confirmat
1388 2093 1442 2146 in
1471 2095 1722 2165 synodica
1752 2097 1997 2165 epistola,
2036 2098 2103 2152 de

520 2196 629 2250 qua
656 2182 815 2252 paulo
836 2191 960 2236 ante
982 2183 1236 2247 diximus,
1263 2199 1423 2252 quam
1451 2186 1668 2253 scripsit
1694 2187 1757 2239 ad
1788 2187 2104 2243 Flavianum

522 2273 1131 2345 Constantinopolitanae
1154 2275 1302 2329 urbis
1320 2277 1803 2346 archiepisc0pum,
1821 2279 1922 2335 hoc
1946 2282 2104 2336 modo

524 2365 709 2421 dicens
753 2382 768 2420 :
814 2379 837 2405 ι
875 2382 905 2416 r
932 2365 1059 2419 Post
1091 2366 1544 2420 resurrectionem
1566 2383 1693 2421 vero
1716 2368 1953 2435 Domini,
1984 2388 2103 2440 quae

521 2456 707 2524 utique
731 2456 843 2509 veri
874 2456 1117 2525 corporis
1146 2455 1265 2519 fuit,
1302 2457 1425 2525 quia
1458 2473 1562 2511 non
1594 2458 1730 2513 alter
1752 2468 1837 2514 est
1872 2462 2105 2518 resusci-

522 2552 684 2607 tatus,
716 2562 878 2616 quam
921 2547 1012 2616 qui
1054 2545 1225 2601 fuerat
1262 2546 1552 2602 cruciﬁxus
1592 2558 1645 2603 et
1674 2552 1951 2615 mortuus,’
1975 2553 2105 2622 quid

525 2636 670 2692 aliud
694 2638 1050 2707 quadraginta
1074 2637 1281 2691 dierum
1309 2653 1456 2691 mora
1483 2649 1692 2709 gestum
1720 2649 1802 2695 est
1821 2682 1835 2705 ,
1860 2657 2021 2711 quam
2048 2651 2107 2698 ut

526 2727 650 2782 ﬁdei
686 2737 886 2783 nostra:
932 2730 1211 2799 integritas
1252 2731 1318 2784 ab
1367 2731 1510 2783 omni
1550 2732 1777 2802 caligine
1819 2735 2107 2790 mundare-

523 2818 646 2873 tur?
683 2816 1004 2888 Colloquens
1031 2819 1175 2873 enim
1206 2836 1326 2873 cum
1352 2821 1627 2890 discipulis
1656 2823 1767 2876 suis
1794 2830 1846 2877 et
1888 2824 2107 2878 cohabi-

524 2917 647 2963 tans
689 2917 849 2978 atque
889 2925 1233 2974 convescens,
1280 2921 1334 2966 et
1381 2914 1703 2981 pertractari
1752 2929 1810 2968 se
1840 2914 2105 2984 diligenti,

526 3001 848 3072 curiosoque
879 3011 1129 3056 contactu
1170 3005 1236 3057 ab
1268 3004 1333 3058 iis
1358 3046 1372 3069 ,
1405 3022 1539 3076 quos
1568 3007 1814 3062 dubietas
1847 3009 2108 3077 perstrin-

528 3092 707 3161 gebat,
740 3091 1028 3147 admittens
1053 3111 1065 3147 :
1099 3094 1220 3147 ideo
1243 3103 1297 3148 et
1316 3094 1516 3149 clausis
1540 3097 1693 3151 ostiis
1722 3099 1786 3152 ad
1818 3098 2109 3168 discipulos

530 3183 821 3247 introibat,
859 3193 914 3237 et
942 3183 1065 3239 ﬁatu
1107 3201 1206 3239 suo
1237 3187 1398 3241 dabat
1434 3187 1693 3257 Spiritum
1731 3199 2015 3255 sanctum;
2056 3199 2111 3247 et

531 3273 731 3329 donato
753 3274 1110 3345 intelligentim
1144 3275 1343 3330 lumine
1368 3288 1675 3333 sanctarum
1705 3279 2109 3350 Scripturarum

535 3366 746 3421 occulta
772 3368 1060 3437 pandebat.
1103 3387 1119 3419 ι
1172 3366 1299 3422 ~Post
1328 3369 1611 3425 lectionem
1638 3380 1816 3426 autem
1844 3373 2113 3442 praedictae

533 3455 772 3526 epistola:
802 3458 1232 3512 reverendissmi
1255 3459 1489 3529 episcopi
1512 3460 1876 3517 clamaverunt
1903 3479 1915 3516 :
1950 3483 1966 3515 ι
1989 3464 2114 3519 Ηωο

533 3545 756 3602 Patrum
804 3548 967 3612 ﬁdes;
1011 3549 1121 3603 hinc
1165 3550 1525 3618 apostolorum
1572 3553 1703 3608 ﬁdes
1744 3574 1756 3608 :
1806 3570 1993 3609 omnes
2043 3557 2115 3611 ita

536 3640 807 3694 credimus
852 3640 1161 3705 orthodoxi,
1213 3642 1287 3697 ita
1334 3642 1621 3699 credimus.
1671 3644 1973 3700 Anathema
2021 3646 2110 3709 sit,

536 3731 627 3799 qui
661 3731 730 3784 ita
773 3746 875 3785 non
917 3732 1087 3785 credit
1117 3750 1128 3785 :
1183 3731 1375 3789 Petrus
1409 3751 1506 3805 per
1533 3735 1766 3791 Leonem
1808 3738 1879 3790 ita
1909 3736 2118 3792 locutus

537 3830 652 3887 est;
688 3822 912 3893 apostoli
946 3823 1018 3877 ita
1049 3824 1372 3890 docuerunt;
1420 3826 1505 3895 pie
1532 3835 1587 3880 et
1610 3842 1736 3881 vere
1759 3826 1867 3883 Leo
1891 3829 2114 3892 docuit;

538 3913 769 3984 Cyrillus
801 3915 873 3968 ita
905 3916 1103 3971 docuit.
1128 3915 1310 3988 Cyrilli
1349 3924 1549 3972 aeterna
1578 3921 1837 3975 memoria
1873 3940 1885 3975 :
1930 3920 2036 3975 Leo
2065 3928 2121 3976 et

538 4004 769 4076 Cyrillus
798 4006 1045 4062 similiter
1069 4007 1368 4062 docuerunt
1397 4026 1409 4062 :
1443 4008 1765 4075 Anatbema,
1796 4012 1887 4080 qui
1914 4013 1992 4066 sic
2014 4028 2120 4066 non

540 4098 731 4152 credit.
773 4096 896 4152 Haec
928 4113 1057 4152 vera
1086 4098 1217 4154 ﬁdes
1255 4118 1267 4152 :
1303 4099 1555 4154 catholici
1587 4101 1660 4155 ita
1700 4102 1956 4171 sapimus.
1997 4103 2121 4157 Haec

541 4187 763 4243 Patrum
802 4189 949 4245 ﬁdes.
981 4210 1000 4242 ι

532 4312 537 4313 ’
615 4299 759 4355 idem
784 4315 996 4370 quoque
1023 4300 1398 4355 sanctissimus
1419 4317 1556 4371 papa
1598 4300 1705 4356 Leo
1730 4318 1965 4359 consona
2005 4319 2125 4358 ver-

544 4393 631 4451 bis
650 4395 923 4449 canonica:
953 4394 1223 4464 praedictae.
1265 4393 1505 4463 epistola:
1536 4395 1602 4449 de
1627 4396 1972 4465 processione
2004 4393 2125 4465 Spi-

544 4486 682 4542 ritus
706 4486 878 4540 sancti
906 4501 935 4539 a
961 4483 1095 4539 Filio
1118 4492 1348 4539 testatur
1374 4486 1427 4539 in
1459 4486 1709 4555 epistola,
1735 4501 1897 4557 quam
1926 4486 2126 4542 Turbio

550 4574 719 4649 [Leg.
779 4574 1071 4648 Turribio]
1142 4575 1445 4630 Asturieusi
1522 4576 1738 4644 scripsit
1794 4576 2047 4645 episcopo
2108 4594 2122 4630 :

553 4690 572 4723 ι
604 4672 630 4712 b
649 4671 831 4726 Primo
844 4669 1077 4739 capitulo
1106 4670 1511 4724 demonstratur
1531 4684 1693 4739 quam
1715 4669 1877 4739 impie
1890 4670 2127 4725 sentiant

548 4766 614 4821 de
639 4766 905 4821 'l‘rinitate
933 4766 1130 4828 divina,
1165 4764 1257 4834 qui
1286 4772 1341 4817 et
1370 4763 1569 4827 Patris,
1607 4771 1661 4817 et
1697 4762 1839 4828 Filii,
1867 4771 1921 4817 et
1964 4763 2129 4835 Spiri-

551 4867 639 4914 tus
664 4860 834 4914 sancti
861 4874 1022 4912 unam
1044 4866 1207 4927 atque
1242 4856 1488 4911 eamdem
1526 4865 1773 4911 asserunt
1797 4872 1916 4911 esse
1942 4873 2130 4927 perso-

550 4968 697 5017 nam,
738 4960 993 5020 tanquam
1026 4948 1166 5003 idem
1198 4948 1338 5002 Deus
1379 4963 1522 5002 nunc
1548 4946 1728 5013 Pater,
1760 4963 1902 5004 nunc
1941 4948 2128 5015 Filius,

552 5058 697 5097 nunc
723 5040 957 5113 Spiritus
985 5048 1206 5095 sanctus
1239 5038 1547 5093 nominetur
1581 5056 1594 5093 :
1629 5054 1729 5095 nec
1753 5040 1890 5097 alius
1930 5042 2003 5096 sit
2038 5043 2130 5111 qui

552 5134 755 5206 genuit,
783 5134 919 5187 alius
946 5132 1109 5204 749
1135 5132 1224 5201 qui
1256 5132 1466 5202 genitus
1493 5140 1598 5199 est,
1628 5132 1764 5188 alius
1782 5134 1872 5203 qui
1903 5135 1968 5190 de
1990 5143 2134 5189 utro-

559 5240 664 5295 que
702 5226 1053 5294 processit....
1110 5222 1270 5277 Fides
1311 5221 1456 5277 enim
1502 5222 1768 5279 catholica
1811 5222 2135 5279 Trinitatem

560 5322 789 5378 Deitatis
814 5321 893 5377 sic
919 5321 1237 5377 homousion
1275 5321 1580 5389 conﬁtetur,
1625 5331 1686 5378 ut
1723 5323 1939 5378 Patrem
1967 5333 2023 5381 et
2048 5324 2136 5379 Fi-

560 5545 775 5617 concilii
825 5545 1265 5617 Carthaginensis
1314 5563 1388 5602 vt.
1444 5546 1924 5603 Commonitorium
1965 5546 2138 5602 Coele-

560 5616 734 5688 stinij
756 5633 905 5688 papae
923 5616 1125 5673 editum
1151 5619 1379 5673 habetur
1408 5619 1577 5673 tom.l
1606 5619 1777 5687 Epist.
1797 5617 1960 5688 Rom.
1984 5628 2134 5686 pont.

561 5687 624 5742 D.
680 5686 959 5755 Constant,
1000 5704 1120 5759 pag.
1175 5688 1439 5759 H52,Uet_
1476 5697 1605 5745 tom.
1654 5686 1728 5744 Π
1775 5687 2138 5757 Conciliorum

568 5771 721 5814 nova:
740 5759 869 5815 edit.
894 5759 956 5814 D.
983 5757 1174 5827 Mansi,
1195 5773 1317 5831 pag.
1346 5757 1467 5814 556.

2195 566 2310 620 sine
2358 574 2597 633 tempore
2644 563 3022 631 sempiternos,
3073 560 3187 614 sine
3239 556 3541 613 dilferentia
3582 555 3776 610 credat

2194 655 2427 725 aequales
2481 672 2493 706 :
2548 653 2674 722 quia
2723 652 2985 706 unitatem
3035 651 3089 703 in
3136 648 3401 703 Trinitate
3439 661 3544 701 non
3579 645 3776 701 eadem

2195 763 2417 820 persona
2443 787 2457 810 ,
2488 746 2581 801 sed
2610 747 2797 800 eadem
2827 744 3013 815 implet
3039 743 3294 800 essentia.
3334 761 3353 794 ι

2197 877 2480 948 [lucusque
2506 877 2569 931 de
2597 872 2826 947 epistolis
2876 875 3062 948 Leonis
3095 874 3447 948 papte,_et_de_
3462 873 3777 948 auctoritate

2268 942 2701 1002 Chalcedonensis
2728 946 2931 1016 synodi,
2960 942 3298 1015 nunc'incipit
3321 944 3386 999 de
3407 942 3778 998 Constantino-

2266 1019 2512 1090 politamv
2539 1017 2724 1088 synodi
2753 1016 3166 1086 conﬁrmatione.

2270 1135 2466 1190 Sancta
2492 1148 2704 1203 quoque
2733 1132 2971 1203 synodus
2994 1130 3578 1200 Constantinopolitana
3606 1126 3782 1199 Spiri-

2200 1233 2312 1279 tum
2360 1235 2607 1280 sanctum
2636 1240 2667 1279 a
2693 1224 2856 1279 Patre
2896 1232 2951 1278 et
2992 1223 3130 1277 Filio
3166 1223 3456 1291 procedere
3496 1221 3669 1277 credit
3711 1232 3781 1275 ac

2196 1319 2500 1389 proﬁtetur,
2534 1321 2672 1374 sicut
2700 1337 2729 1374 a
2757 1318 2957 1390 Cyrillo
2985 1318 3037 1372 in
3060 1324 3348 1387 conspectu
3375 1315 3630 1385 Ephesini
3655 1312 3779 1369 uni-

2199 1408 2426 1463 versalis
2451 1409 2666 1464 concilii
2694 1408 3044 1463 constitutum
3076 1415 3238 1476 atque
3264 1404 3639 1461 conﬁrmatum
3673 1410 3781 1472 est,

2201 1500 2649 1571 quemadmodum
2684 1500 2735 1554 in
2774 1499 2862 1553 illo
2891 1499 3027 1553 libro
3051 1499 3292 1568 ejusdem
3334 1497 3604 1567 praedicta:
3641 1495 3784 1551 Con-

2201 1593 2697 1661 stantinopolitanae
2725 1592 2912 1663 synodi
2953 1606 3188 1646 consona
3226 1607 3348 1646 cum
3390 1590 3569 1645 verbis
3607 1587 3783 1646 sancti

2202 1682 2385 1753 Cyrilli
2421 1683 2705 1737 collatione
2727 1684 2829 1736 hoc
2855 1680 3013 1735 modo
3043 1681 3375 1736 continetur:
3406 1699 3425 1731 ‹
3452 1679 3584 1734 Cum
3611 1677 3785 1734 Filius

2204 1773 2333 1828 dicit
2363 1773 2429 1827 de
2460 1772 2662 1842 Spiritu
2688 1790 2701 1828 :
2741 1771 2841 1825 Ille
2863 1788 2941 1825 me
2969 1771 3278 1842 glori/icabit
3310 1770 3489 1841 (Joan.
3516 1785 3625 1834 im,
3658 1767 3779 1840 id);

2206 1865 2564 1936 intelligentes
2587 1873 2752 1930 recte,
2776 1880 2881 1919 non
2909 1872 2966 1918 ut
2995 1863 3161 1935 gloria
3188 1863 3513 1931 indigentem
3537 1862 3786 1929 alterius,

2205 1956 2434 2011 dicimus
2460 1972 2624 2010 unum
2652 1954 2925 2011 Christum
2951 1963 3005 2008 et
3040 1954 3231 2009 Filium
3275 1968 3304 2007 a
3345 1960 3532 2009 sancto
3577 1952 3785 2022 Spiritu

2205 2047 2429 2120 gloriam
2453 2048 2719 2117 accipere,
2744 2048 2868 2116 quia
2904 2061 3003 2100 nec
3037 2045 3212 2115 potior
3237 2059 3302 2100 co
3339 2052 3440 2109 est,
3485 2059 3584 2098 nec
3623 2059 3787 2114 supra

2204 2154 2328 2194 eum
2360 2139 2595 2209 Spiritus
2620 2139 2807 2209 ipsius.
2838 2137 3103 2204 Quoniam
3129 2147 3309 2190 autem
3337 2137 3404 2192 ad
3444 2136 3789 2191 demonstra-

2208 2232 2408 2287 tionem
2452 2248 2561 2287 suae
2591 2231 2889 2286 divinitatis
2923 2230 3171 2284 utebatur
3200 2245 3296 2284 suo
3334 2228 3558 2297 Spiritu,
3589 2242 3788 2299 magna

2206 2324 2521 2392 operatione
2547 2322 2905 2393 gloriﬁcatum
2932 2337 2990 2376 se
3017 2336 3135 2375 esse
3177 2322 3244 2376 ab
3283 2336 3347 2375 eo
3374 2320 3521 2385 dicit,
3547 2319 3707 2374 veluti
3738 2317 3790 2375 si

2122 2446 2131 2453 ι
2206 2413 2421 2482 quidem
2454 2411 2657 2484 [Forte.
2698 2412 2940 2483 quidam]
2988 2412 3147 2466 homo
3194 2412 3338 2467 dicat
3370 2412 3435 2466 de
3482 2413 3642 2467 insita
3684 2408 3791 2466 sibi

2208 2502 2522 2559 fortitudine
2549 2504 2729 2558 forsan
2757 2505 2839 2559 vel
2866 2505 3147 2575 disciplina
3173 2504 3431 2573 qualibet,
3469 2504 3595 2573 quia
3625 2502 3794 2574 glori-

2207 2595 2444 2650 ﬁcabunt
2473 2611 2578 2651 me.
2609 2594 2864 2661 Quamvis
2902 2596 3044 2650 enim
3070 2602 3153 2650 est
3184 2594 3238 2649 in
3268 2593 3618 2649 subsistentia
3665 2605 3777 2662 spe-

2208 2687 2360 2742 cialis
2391 2688 2645 2757 Spiritus,
2685 2697 2740 2742 et
2783 2688 3097 2758 intelligitur
3142 2686 3453 2756 separatim,
3494 2685 3792 2739 secundum

2208 2779 2350 2850 quod
2377 2780 2610 2849 Spiritus
2633 2789 2713 2835 est
2738 2787 2791 2835 et
2825 2795 2931 2834 non
2960 2778 3128 2833 Filius
3147 2819 3161 2843 ,
3211 2778 3303 2833 sed
3351 2787 3532 2832 tamen
3574 2792 3682 2832 non
3709 2783 3797 2832 est

2210 2869 2415 2924 alienus
2447 2870 2515 2923 ab
2538 2885 2621 2923 eo.
2662 2868 2894 2939 Spiritus
2919 2869 3063 2923 enim
3093 2868 3338 2923 veritatis
3365 2867 3698 2933 nominatur,
3736 2872 3796 2921 et

2210 2968 2294 3017 est
2320 2960 2566 3016 Christus
2590 2960 2811 3022 veritas,
2843 2967 2899 3013 et
2923 2958 3213 3013 effunditur
3236 2960 3303 3013 ab
3323 2973 3409 3023 eo,
3439 2957 3574 3012 sicut
3593 2972 3659 3011 ex
3682 2956 3797 3011 Deo

2211 3061 2265 3105 et
2292 3050 2472 3105 Patre.
2515 3071 2532 3101 ι
2570 3050 2767 3104 Sancta
2788 3064 2915 3118 ergo
2934 3050 3170 3120 synodus
3195 3046 3796 3117 Constantinopolitano

2214 3143 2499 3199 conﬁrmat
2521 3150 2575 3197 et
2602 3151 2851 3206 testatur,
2887 3142 3028 3210 quod
3058 3157 3119 3195 ea
3161 3155 3493 3210 qumcunque
3519 3138 3798 3195 sanctissi-

2214 3251 2333 3289 mus
2364 3249 2499 3304 papa
2527 3234 2636 3287 Leo
2664 3242 2717 3288 et
2749 3233 3091 3288 beatissimus
3122 3231 3353 3302 Cyrillus
3382 3232 3449 3284 de
3477 3230 3581 3285 ﬁde
3602 3233 3799 3287 catho-

2211 3327 2314 3382 lica
2342 3337 2396 3381 et
2420 3328 2486 3381 de
2514 3328 2722 3382 exteris
2751 3324 3133 3381 ecclesiasticis
3168 3324 3431 3378 institutis
3462 3324 3803 3378 tradidemnt

2214 3428 2268 3475 et
2291 3422 2665 3484 decreverunt,
2684 3418 2971 3473 convenire
2992 3425 3045 3471 et
3068 3416 3397 3470 concordare
3420 3431 3545 3469 cum
3566 3416 3802 3470 decretis

2214 3523 2271 3569 et
2311 3514 2691 3569 traditionibus
2730 3520 2962 3581 quatuor
3001 3507 3377 3578 principalium
3421 3507 3801 3571 conciliorum,

2214 3605 2319 3659 hoc
2344 3613 2446 3666 est,
2480 3601 2701 3665 Nicreni,
2726 3600 2999 3671 Ephesini,
3029 3598 3500 3661 Chalcedonensis,
3533 3598 3804 3652 Constan-

2217 3694 2551 3765 tin0politani
2595 3692 2829 3755 concilii,
2876 3691 3015 3746 sicut
3055 3691 3109 3744 iu
3153 3688 3339 3744 eodem
3370 3688 3506 3742 libro
3531 3688 3805 3758 prmdictas

2219 3786 2406 3857 synodi
2430 3786 2515 3840 bis
2539 3785 2719 3840 verbis
2741 3783 3045 3839 continetur
3069 3798 3082 3836 :
3116 3793 3137 3821 ε
3173 3800 3190 3832 t
3226 3781 3583 3836 Paschasinus
3610 3790 3664 3835 et
3690 3778 3801 3834 Lu—

2218 3880 2432 3935 censius
2475 3877 2908 3933 reverendissimi
2959 3876 3221 3946 episcopi,
3267 3884 3320 3929 ct
3369 3872 3674 3929 Bonifacius
3714 3873 3806 3929 vir

2219 3970 2703 4027 reverendissimus
2729 3969 3011 4038 presbyter
3031 4008 3045 4032 ,
3071 3966 3256 4021 vicarii
3306 3966 3447 4020 sedis
3493 3964 3805 4035 apostolicae

2218 4075 2315 4131 per
2339 4058 2725 4113 Paschasinum
2762 4058 3011 4112 dixerunt
3037 4074 3049 4109 :
3089 4055 3425 4110 Manifestum
3454 4063 3551 4118 est,
3583 4069 3680 4109 nec
3704 4069 3806 4125 po—

2222 4160 2327 4205 test
2352 4149 2607 4213 dubitari,
2635 4163 2793 4201 unant
2819 4145 2976 4201 ﬁdem
3000 4146 3294 4200 beatissimi
3319 4160 3485 4213 papae,
3512 4144 3653 4199 sedis
3672 4158 3806 4213 apo.

2223 4242 2424 4296 stolicm
2470 4240 2695 4295 rectoris
2734 4239 2931 4293 Leonis
2977 4254 3098 4293 cum
3148 4253 3374 4293 cccxvut
3402 4236 3620 4291 Patrum
3660 4237 3805 4305 apud

2223 4331 2454 4386 Nicazam
2485 4338 2925 4401 congregatorum
2950 4330 3278 4384 concordare
3306 4337 3466 4398 atque
3492 4327 3802 4383 convenire.

2227 4421 2334 4476 Sed
2405 4429 2459 4476 et
2520 4437 2581 4475 CL
2653 4420 2791 4489 apud
2856 4419 3376 4489 Constantinopolim
3451 4427 3805 4490 congregato-

2155 4537 2205 4597 υ
2231 4528 2350 4567 rum
2396 4512 2756 4575 sacerdotum,
2804 4511 2895 4581 qui
2925 4512 3168 4566 eamdem
3208 4510 3366 4565 fidem
3404 4511 3805 4567 ﬁrmaverunt:

2231 4602 2327 4658 sed
2374 4611 2429 4657 et
2463 4602 2644 4672 Cyrilli
2677 4610 2870 4655 sancta:
2910 4602 3299 4657 recordationis
3325 4602 3425 4655 viri
3461 4602 3601 4671 apud
3628 4602 3807 4673 pre

2230 4711 2372 4761 sum,
2402 4695 2615 4764 quando
2640 4692 2916 4748 Nestorius
2936 4709 3034 4764 pro
3061 4710 3157 4749 suo
3178 4709 3361 4749 errore
3390 4694 3675 4750 damnatus
3699 4704 3804 4761 est,

2230 4794 2428 4841 statuta
2472 4786 2525 4840 in
2570 4785 2713 4841 nullo
2750 4786 2962 4855 penitus
3002 4785 3330 4841 discordare.
3374 4786 3601 4857 ideoque
3640 4788 3804 4844 etiam

2229 4878 2525 4934 beatissimi
2570 4894 2718 4948 papa:
2746 4878 2969 4948 epistola
2988 4919 3002 4944 ,
3033 4894 3151 4948 qua:
3177 4881 3419 4934 eamdem
3461 4880 3616 4935 ﬁdem
3644 4896 3809 4952 expo-

2232 4973 2403 5027 suisse
2432 4986 2529 5041 pro
2557 4972 2758 5025 erroris
2802 4970 3057 5041 Eutychis
3095 4987 3255 5026 causa
3286 4973 3617 5043 dignoscitur
3637 5014 3651 5039 ,
3699 4990 3809 5030 uno

2232 5075 2391 5116 sensu
2409 5074 2619 5129 unoque
2641 5061 2828 5129 spiritu
2844 5060 3053 5114 videtur
3071 5061 3143 5115 illi
3171 5061 3290 5116 ﬁdei
3313 5077 3434 5117 esse
3454 5064 3758 5133 conjuncta.
3782 5081 3803 5117 ι

2232 5150 2432 5205 Eadem
2472 5164 2683 5218 quoque
2712 5150 3299 5221 Constantinopolitana
3338 5153 3572 5223 synodus
3617 5153 3812 5223 praedi-

2234 5257 2442 5303 ctorum
2470 5246 2688 5301 Patrum
2717 5254 2772 5300 et
2799 5246 3024 5301 aliorum
3072 5248 3357 5303 illustrium
3407 5250 3687 5303 doctorum
3715 5264 3811 5304 au-

2235 5340 2542 5395 ctoritatem
2590 5351 2644 5395 et
2690 5339 3031 5394 traditionem
3058 5380 3071 5403 ,
3121 5341 3189 5395 ab
3232 5341 3523 5396 universali
3569 5340 3812 5398 Ecclesia

2311 5552 2334 5581 ο
2378 5540 2486 5595 Leo
2515 5558 2649 5611 papa
2674 5543 2725 5596 in
2748 5543 2939 5598 conci].
2970 5543 3248 5611 Chalced.,
3272 5553 3417 5601 tomo
3440 5546 3504 5601 ill
3523 5546 3690 5603 Coac.
3714 5545 3811 5604 Co-

2242 5607 2352 5676 leti,
2374 5629 2492 5682 pag.
2516 5607 2677 5668 12—23.

2309 5683 2337 5721 δ
2378 5682 2483 5754 Leo
2509 5700 2643 5754 papa
2675 5684 2727 5737 in
2749 5684 2885 5750 epist
2912 5684 2995 5746 15,
3019 5700 3139 5754 cap.
3174 5686 3220 5739 l.

2313 5764 2334 5792 ο
2381 5753 2514 5828 item
2563 5753 3430 5828 in_s_y_'_nodo__Constantinopolim
3492 5759 3675 5815 collat.
3737 5756 3809 5827 6,

2240 5834 2362 5897 pag.
2390 5824 2488 5879 168
2518 5825 2645 5878 tomi
2676 5824 2739 5879 Vl
2780 5824 3000 5881 Collect.
3037 5825 3226 5882 Coleti.
