4072 6346
312 296 376 352 75
1034 296 1449 356 DOGMATICA.
1486 327 1558 343 —
1592 296 1722 356 LIB.
1761 298 1851 354 DE
1883 293 2356 353 PROCESSIONE
2391 295 2448 352 S.
2490 294 2826 353 SPlRlTUS.
3486 286 3556 338 74

307 425 424 467 esse
454 410 869 483 suscipiendam,
896 412 1179 469 conﬁrmat
1205 414 1278 469 ita
1306 415 1524 475 dicens:
1562 431 1583 466 ι
1612 412 1766 470 Scire
1783 426 1880 468 vos
1908 418 1957 474 Α
1982 409 2106 465 sita
2132 408 2270 465 Filio
2297 410 2562 480 accipere,
2597 408 2741 479 quod
2768 423 2799 461 a
2825 405 2983 459 Patre
3018 400 3351 473 procedere?
3382 399 3562 471 [quod

306 504 568 569 volumus,
603 506 744 576 quod
773 522 873 562 nos
900 522 983 573 ea,
1014 523 1133 578 quae
1158 525 1189 562 a
1214 509 1417 564 sanctis
1440 515 1672 579 quatuor
1705 507 1886 563 conci-

305 593 408 660 liis,
434 593 671 660 Nicaano,
698 596 1315 669 Constantinopolitano,
1336 599 1608 671 Ephesino
1635 599 1811 669 primo
1834 605 1888 653 et

304 684 726 743 Chalcedonensi
751 689 818 745 de
845 705 953 744 una
983 690 1280 760 eademque
1307 688 1414 744 ﬁde
1441 689 1685 759 exposita
1711 696 1766 743 et
1794 688 1888 743 de-

303 775 453 831 ﬁnita
479 785 628 844 sunt,
658 787 714 834 et
759 780 825 835 de
854 780 1224 837 ecclesiastico
1251 789 1397 838 statu
1434 780 1752 852 regulariter
1777 780 1889 834 dis-

300 868 500 938 posita,
528 870 865 927 servabimus
887 879 944 927 et
969 871 1327 938 defendimus,
1346 879 1403 927 et
1425 886 1491 927 ea
1514 871 1811 942 sequimur,
1834 878 1890 925 et

298 960 482 1015 omnia
509 977 630 1032 quae
657 970 957 1018 consonant
982 964 1102 1020 istis
1122 1004 1138 1031 ,
1185 964 1507 1034 suscipimus
1529 971 1588 1017 et
1612 960 1889 1031 amplecti-

297 1069 443 1110 mur.
477 1054 746 1125 Qnidquid
776 1065 955 1111 autem
994 1072 1100 1112 non
1133 1064 1398 1114 consonat
1422 1056 1562 1123 istis,
1587 1054 1729 1109 vela
1755 1068 1889 1124 qua-

295 1162 516 1219 cunque
544 1162 776 1218 persona
820 1150 1084 1221 scriptum
1113 1150 1419 1205 inveniatur
1462 1157 1652 1205 contra
1679 1163 1743 1203 ea
1770 1162 1891 1219 quae

295 1236 365 1292 de
398 1253 514 1292 una
537 1240 836 1309 eademque
859 1239 965 1295 ﬁde
992 1256 1023 1294 a
1045 1239 1246 1297 sanctis
1267 1248 1502 1310 quatuor
1520 1238 1779 1303 conciliis,
1805 1236 1891 1293 vel

298 1345 415 1386 uno
442 1345 512 1385 ex
549 1331 635 1385 his
663 1331 881 1386 deﬁnita
914 1338 1063 1399 sunt,
1092 1333 1195 1388 hoc
1216 1342 1472 1403 tanquam
1507 1332 1742 1386 alienum
1773 1345 1891 1385 om-

291 1420 434 1475 nino
460 1422 681 1492 pietatis
712 1437 1078 1480 exsecramur.
1106 1423 1395 1496 Sequimur
1416 1435 1598 1480 autem
1635 1424 1689 1478 in
1716 1423 1890 1479 omni-

290 1512 403 1567 bus
434 1522 654 1570 sanctos
679 1514 869 1572 Patres
893 1523 951 1571 et
971 1515 1224 1572 doctores
1246 1525 1446 1573 sancta:
1484 1516 1578 1571 Dei
1605 1512 1887 1581 Ecclesiae,

292 1600 350 1656 id
377 1609 490 1668 est,
523 1602 899 1673 Athanasium,
936 1605 1223 1674 Hilarium,
1259 1607 1540 1673 Basilium,
1567 1604 1887 1678 Gregorium

288 1692 634 1765 Theologum
659 1706 715 1753 et
738 1697 1058 1770 Gregorium
1078 1698 1498 1765 Nazianzenum,
1517 1698 1885 1763 Ambrosium,

1989 499 2036 555 si
2060 496 2192 554 nihil
2223 497 2437 554 diﬂ'erre
2463 500 2702 556 creditur
2746 496 2887 552 inter
2927 492 3170 562 accipere
3212 507 3242 545 a
3280 489 3417 545 Filio
3448 498 3504 545 et
3529 504 3563 545 a

1987 592 2148 647 Patre
2185 592 2526 665 procedere],
2573 602 2722 648 certe
2764 591 2995 661 idipsum
3034 595 3194 657 atque
3234 602 3403 641 unum
3446 600 3567 641 esse

1987 682 2412 748 existimabitu‘r,
2433 689 2490 736 et
2514 698 2545 735 a
2574 682 2710 737 Filio
2737 681 3002 751 accipere,
3033 678 3175 748 quod
3212 676 3284 731 sit
3322 675 3568 744 accipere

1989 789 2020 828 a
2042 773 2241 829 Patre:
2280 773 2397 843 ipse
2434 773 2578 827 enim
2606 772 2865 826 Dominus
2895 771 3009 825 ait:
3052 766 3315 834 Quoniam
3360 766 3425 820 de
3454 782 3567 821 meo

1988 865 2226 935 accipiet,
2246 872 2295 918 et
2320 861 2650 917 annuntiabit
2672 861 2832 915 vobis.
2865 860 3058 915 Omnia
3077 874 3395 930 quwcunque
3416 856 3570 910 habet

1990 952 2174 1020 Pater,
2197 971 2313 1008 mea
2346 962 2486 1009 sunt.
2515 951 2800 1022 Propterea
2825 950 2937 1004 dixi
2959 965 2977 1001 :
3016 949 3093 1003 De
3116 966 3228 1003 meo
3257 948 3494 1019 accipiet,
3521 956 3571 1001 et

1988 1045 2320 1099 annuntiabit
2360 1043 2500 1099 vobis
2528 1042 2710 1116 (Joan.
2742 1056 2864 1108 xvi,
2892 1040 3003 1112 14).
3043 1039 3158 1096 Hoc
3180 1040 3325 1112 quod
3351 1038 3571 1108 accipit,

1989 1140 2107 1197 sive
2127 1148 2367 1212 potestas
2386 1147 2490 1206 est,
2516 1138 2629 1194 sive
2655 1137 2849 1201 virtus,
2872 1134 2987 1189 sive
3012 1133 3258 1190 doctrina
3276 1140 3380 1199 est,
3404 1132 3574 1187 Filius

1991 1246 2025 1285 a
2054 1246 2114 1287 se
2140 1230 2516 1301 accipiendum
2536 1242 2656 1285 esse
2680 1226 2847 1283 dixit:
2881 1242 2901 1278 ι
2938 1224 3083 1279 ldem
3107 1222 3356 1294 egregius
3387 1223 3576 1278 doctor

1991 1321 2048 1377 in
2074 1338 2151 1378 xu
2176 1323 2245 1381 de
2267 1321 2531 1379 Trinitate
2565 1320 2641 1375 ait
2658 1319 2798 1375 libro
2828 1316 2997 1390 (Nam
3022 1316 3166 1387 ιιι),
3190 1315 3358 1371 Deum
3386 1316 3576 1386 depre—

1991 1415 2206 1471 cando:
2254 1434 2273 1467 ‹
2305 1412 2597 1478 Conserva,
2630 1427 2750 1478 oro,
2791 1411 2931 1465 hanc
2956 1408 3081 1465 ﬁdei
3102 1422 3237 1463 meae
3259 1407 3577 1463 incontami-

1990 1513 2197 1561 natam‘
2228 1504 2545 1577 religionem
2567 1543 2582 1570 ,
2612 1511 2666 1557 et
2709 1516 2879 1571 usque
2924 1500 2991 1555 ad
3034 1512 3316 1555 excessum
3354 1497 3580 1567 spiritus

1989 1598 2097 1654 mei
2118 1598 2255 1653 dona
2276 1597 2410 1653 mihi
2433 1597 2572 1651 hanc
2591 1593 2932 1651 conscientiae
2952 1606 3087 1647 mea:
3104 1605 3315 1656 vocem,
3330 1596 3410 1655 ut,
3433 1588 3580 1658 quod

1991 1687 2049 1744 in
2092 1687 2520 1759 regenerationis
2546 1701 2683 1741 mea:
2719 1683 2963 1756 symbolo
3003 1682 3307 1753 baptizatus
3334 1682 3387 1737 in
3416 1680 3581 1736 Patre

236 1816 243 1822 -
292 1784 686 1856 Theophilum,
714 1789 976 1846 Joannem
1020 1789 1694 1861 Constantinopolitanum,
1723 1787 1895 1859 Cyril-
1922 1786 1972 1848 Β
1998 1788 2055 1834 et
2071 1778 2212 1835 Filio
2239 1787 2294 1834 et
2320 1778 2524 1850 Spiritu
2554 1785 2744 1832 sancto
2764 1774 3040 1846 professus
3069 1790 3210 1839 sum,
3246 1788 3459 1843 semper
3485 1770 3584 1827 ob—

284 1874 427 1942 lum,
470 1878 871 1951 Augustinum,
904 1880 1225 1947 Proculum,
1278 1881 1544 1947 Leonem;
1582 1889 1638 1935 et
1674 1879 1888 1943 omnia,

283 1984 417 2038 quae
441 1969 517 2024 ab
545 1969 635 2025 his
657 1971 723 2026 de
752 1971 858 2027 ﬁde
893 1981 1060 2038 recta,
1090 1981 1146 2029 et
1166 1972 1232 2027 ad
1258 1972 1758 2028 wndemnationem
1784 1971 1895 2025 ha:-

282 2043 591 2115 réticorum
617 2063 921 2132 conscripta
944 2072 1000 2118 et
1027 2064 1271 2134 exposita
1297 2072 1441 2129 sunt,
1467 2063 1809 2131 suscipimus.
1833 2060 1893 2115 in

282 2146 571 2219 predictis
597 2149 762 2220 igitur
787 2152 1038 2207 omnibus
1065 2161 1449 2223 permanentes
1475 2152 1597 2207 illos
1621 2151 1813 2207 Patres
1837 2159 1894 2207 et

280 2240 609 2296 sacerdotes
634 2242 979 2311 suscipimus,
1008 2244 1097 2313 qui
1121 2258 1207 2310 ea,
1232 2259 1352 2314 quae
1379 2260 1410 2298 a
1439 2242 1640 2298 sanctis
1660 2250 1895 2313 quatuor

281 2330 543 2386 conciliis
566 2331 634 2387 de
666 2330 772 2387 ﬁde
802 2334 1049 2403 exposita
1090 2342 1240 2400 sunt,
1275 2342 1331 2388 et
1374 2334 1646 2404 przedictis
1690 2333 1894 2390 sanctis

282 2419 555 2476 Patribus
578 2422 874 2493 praedicata
892 2431 1042 2492 sunt,
1068 2434 1285 2481 servant
1309 2433 1364 2481 et
1382 2425 1677 2496 praedicant
1696 2425 1753 2482 in
1771 2439 1895 2481 san-

283 2520 384 2567 cta
415 2512 514 2567 Dei
540 2512 800 2568 Ecclesia.
838 2532 860 2567 ι

368 2602 537 2673 75o
565 2603 919 2660 Beatissimus
945 2618 1159 2677 quoque
1183 2614 1239 2661 et
1267 2608 1748 2664 reverendissimus
1785 2608 1895 2665 Ro-

288 2710 478 2750 manae
499 2695 650 2750 urbis
677 2696 915 2766 pontifex
952 2696 1221 2765 Gelasius,
1246 2699 1491 2770 praedicti
1512 2699 1896 2757 Constantino-

286 2785 524 2857 politani
552 2786 767 2841 concilii
794 2788 1049 2856 decretis,
1076 2790 1142 2845 de
1171 2790 1495 2860 recipiendis
1519 2801 1679 2862 atque
1705 2794 1892 2863 legen-

287 2873 382 2928 dis
407 2877 652 2929 omnium
690 2876 1117 2933 orthodoxorum
1159 2880 1315 2936 libris
1334 2920 1349 2948 ,
1378 2882 1433 2936 in
1472 2881 1737 2937 Decretali
1774 2886 1893 2955 epi-

286 2963 462 3030 stola,
495 2978 661 3034 quam
698 2963 766 3020 de
796 2968 1118 3024 auctoritate
1142 2969 1446 3025 divinorum
1470 2972 1803 3027 voluminum
1838 2979 1895 3028 et

286 3054 363 3111 de
393 3055 483 3112 his
510 3056 666 3113 libris
690 3059 782 3129 qui
809 3075 917 3115 non
948 3070 1072 3116 sunt
1099 3063 1155 3118 in
1173 3063 1414 3119 Ecclesia
1441 3066 1735 3136 recipiendi
1756 3066 1895 3121 scri-

1996 1870 2245 1937 tineam;
2286 1870 2506 1924 Patrem
2532 1868 2740 1923 scilicet
2784 1875 2837 1922 te
2871 1875 3150 1931 nostrum,
3191 1864 3388 1919 Filium
3428 1871 3582 1917 tuum

1995 1981 2104 2021 una
2133 1974 2312 2021 tecum
2339 1965 2584 2028 adorem,
2621 1970 2675 2016 et
2706 1960 2968 2031 Spiritum
3009 1966 3255 2015 sanctum
3284 1967 3456 2022 tuum,
3488 1954 3585 2026 qui

1994 2071 2063 2113 ex
2086 2066 2141 2112 te
2160 2072 2259 2127 per
2283 2054 2620 2126 unigenitum
2642 2062 2793 2109 tuum
2817 2061 2923 2119 est,
2944 2066 3279 2122 promerear,
3303 2052 3427 2121 quia
3447 2046 3585 2105 mihi

1994 2148 2223 2204 idoneus
2259 2149 2328 2205 ad
2367 2148 2529 2203 ﬁdem
2573 2147 2731 2202 testis
2771 2154 2874 2213 est,
2907 2145 3131 2200 dicens:
3171 2143 3363 2208 Pater,
3407 2141 3586 2197 omnia

1993 2257 2111 2295 mea
2139 2250 2232 2293 tua
2258 2248 2403 2305 sunt,
2435 2249 2482 2292 et
2512 2246 2603 2292 tua
2630 2254 2745 2292 mea
2766 2258 2784 2289 ι
2820 2236 3000 2306 (Joan.
3030 2251 3167 2301 xvn,
3195 2232 3306 2307 10).

2066 2330 2573 2387 Reverendissimus
2587 2343 2800 2399 quoque
2816 2324 3058 2399 pontifex
3079 2324 3420 2391 Ambrosius,
3431 2323 3584 2396 cujus

1994 2424 2247 2481 similiter
2274 2423 2438 2479 ﬁdem
2482 2430 2537 2477 et
2560 2420 2897 2492 probabilem
2944 2420 3289 2476 traditionem
3326 2417 3585 2489 praefatus

1990 2532 2133 2588 papa
2161 2515 2430 2581 Gelasius,
2452 2523 2508 2571 et
2531 2516 2785 2587 praedicta
2808 2514 3400 2585 Constantinopolitana
3424 2530 3585 2586 syno-

1996 2608 2097 2664 dus
2129 2608 2198 2663 ab
2225 2606 2518 2663 universali
2557 2606 2799 2663 Ecclesia
2830 2606 3229 2675 suscipiendam
3256 2621 3377 2663 esse
3399 2606 3585 2662 decre-

1994 2705 2209 2763 verunt,
2238 2698 2293 2752 in
2323 2698 2461 2753 libro
2490 2705 2643 2754 sexto
2665 2698 2719 2751 in
2750 2698 2855 2763 his,
2883 2712 3019 2768 quos
3055 2697 3122 2752 de
3152 2696 3258 2752 ﬁde
3276 2698 3344 2752 ad
3371 2697 3585 2753 Gratia-

1995 2802 2126 2841 num
2155 2787 2537 2856 imperatorem
2581 2788 2925 2857 conscripsit,
2973 2785 3234 2856 Spiritum
3275 2798 3521 2842 sanctum
3553 2802 3584 2841 a

1996 2874 2135 2931 Filio
2162 2876 2459 2945 procedere
2485 2874 2771 2931 conﬁrmat
2802 2875 2877 2930 ita
2917 2876 3138 2931 dicens:
3174 2887 3196 2916 ε
3234 2895 3252 2927 ι
3286 2876 3405 2932 Non
3430 2893 3583 2948 ergo,

1997 2966 2194 3035 inquit,
2216 2966 2371 3036 quasi
2406 2982 2475 3021 ex
2500 2967 2619 3023 loco
2644 2967 2879 3022 mittitur
2909 2966 3161 3036 Spiritus,
3201 2974 3294 3021 aut
3331 2968 3488 3040 quasi
3513 2984 3582 3024 ex

1996 3054 2115 3111 loco
2134 3056 2397 3127 procedit,
2437 3058 2655 3129 quando
2701 3058 2945 3130 procedit
2986 3074 3051 3114 ex
3093 3058 3269 3115 Filio:
3302 3060 3441 3116 sicut
3468 3062 3585 3132 ipse

285 3147 424 3217 psit,
452 3163 690 3204 mnsona
724 3151 951 3220 ριιοιιιιίι
976 3153 1141 3208 verba
1166 3154 1242 3209 ίιει
1270 3155 1490 3211 dicens;
1524 3169 1549 3197 ι
1577 3175 1596 3208 ι
1625 3156 1892 3229 opuscula
1917 3154 1969 3220 ο
1994 3146 2164 3203 Filius
2198 3164 2320 3204 cum
2363 3148 2532 3204 dicit:
2574 3147 2651 3204 De
2695 3147 2857 3204 Patre
2895 3150 3119 3222 processi
3156 3159 3204 3205 et
3244 3152 3357 3206 veni
3399 3151 3581 3223 (Joan.

285 3248 461 3311 atque
482 3250 750 3321 tractatus
777 3245 1019 3300 omnium
1040 3245 1265 3302 Patrum
1303 3248 1758 3318 orthodoxorum,
1795 3252 1889 3321 qui

291 3331 354 3386 in
381 3330 532 3386 nullo
559 3318 819 3389 {sanctae
844 3334 1102 3392 Ecclesiae
1120 3337 1381 3395 Romanae
1408 3342 1680 3398 consortio
1708 3318 1893 3397 devia-

290 3430 518 3489 verunt,
551 3438 652 3479 nec
694 3426 763 3481 ab
791 3423 908 3495 ejus
955 3428 1060 3483 ﬁde
1098 3427 1185 3483 vel
1227 3430 1607 3500 praedicatione
1659 3432 1892 3503 sejuncti

287 3522 461 3581 sunt;
495 3515 591 3571 sed
616 3516 784 3585 ipsius
824 3516 1265 3593 [communionis]
1301 3537 1399 3592 per
1426 3522 1520 3577 Dei
1546 3524 1774 3595 gratiam
1801 3540 1893 3580 us-

288 3616 403 3672 que
429 3603 488 3659 in
517 3604 768 3662 ultimum
796 3606 941 3664 diem
969 3610 1096 3665 vita:
1118 3609 1270 3667 fuere
1295 3612 1608 3683 participes,
1636 3614 1892 3687 legendos

292 3694 666 3752 decernimus.
709 3717 728 3750 ι

366 3786 571 3843 Beatus
602 3788 764 3859 igitur
789 3788 1121 3847 Athanasius
1150 3793 1633 3866 reyerendissimus
1656 3793 1891 3849 Alexan-

293 3872 433 3929 dria:
469 3877 624 3932 urbis
644 3878 951 3948 episcopus,
977 3879 1069 3950 qui
1092 3895 1303 3935 summo
1326 3880 1565 3951 ejusdem
1589 3882 1740 3937 urbis
1760 3898 1893 3952 pon-

296 3963 432 4020 tiﬁci
454 3966 789 4035 Alexandro,
827 3985 926 4025 suo
953 3972 1119 4026 etiam
1147 3972 1464 4042 praeceptori
1491 3973 1714 4029 devotus
1740 3971 1893 4041 adju-

295 4068 387 4115 tor
410 4060 469 4115 in
499 4059 718 4118 Niceno
743 4062 846 4118 fuit
874 4065 1125 4131 concilio,
1166 4065 1221 4120 in
1254 4066 1593 4138 Expositione
1621 4066 1891 4123 catholica:

294 4150 447 4219 ﬁdei,
471 4166 635 4222 quam
656 4153 773 4225 ips'e
799 4156 1047 4227 egregius
1074 4156 1265 4212 doctor
1285 4158 1633 4229 conscripsit,
1652 4167 1708 4215 et
1725 4174 1890 4229 quam

295 4241 622 4298 universalis
640 4245 929 4301 conﬁtetur
948 4247 1210 4315 Ecclesia,
1233 4250 1634 4319 processionem
1657 4250 1892 4320 Spiritus

296 4332 472 4386 sancti
502 4348 536 4386 a
559 4333 721 4390 Patre
757 4343 812 4391 et
856 4335 995 4392 Filio
1026 4337 1287 4404 declarat,
1315 4339 1391 4393 ita
1416 4340 1639 4395 dicens:
1674 4358 1693 4389 ι
1729 4339 1892 4395 Pater

299 4433 331 4472 a
359 4418 513 4473 nullo
542 4432 628 4476 est
649 4424 847 4492 factus,
876 4442 980 4483 nec
1007 4437 1242 4494 creatus,
1271 4445 1374 4485 nec
1399 4430 1632 4501 genitus.
1659 4430 1830 4486 Filius
1858 4446 1890 4485 a

1992 3254 2078 3305 Ill,
2100 3239 2216 3310 28),
2260 3254 2450 3295 omnes
2474 3238 2747 3295 interfecit
2782 3239 3063 3312 opiniones
3081 3282 3097 3308 ,
3137 3257 3259 3312 qua:
3281 3258 3348 3297 ex
3372 3241 3490 3299 loco
3516 3243 3586 3299 ad

1989 3329 2167 3386 locum
2202 3339 2453 3401 possunt,
2480 3331 2622 3387 sicut
2658 3332 2715 3386 in
2754 3331 3021 3401 aliquibus
3059 3335 3400 3404 corporibus,
3440 3335 3587 3390 testi-

1989 3424 2151 3479 mari.
2195 3421 2459 3480 Similiter
2496 3440 2619 3480 cum
2656 3425 2802 3479 intus
2850 3424 2935 3479 vel
2977 3424 3110 3480 foris
3154 3426 3382 3498 legimus
3411 3426 3580 3482 Deum

1989 3529 2135 3580 esse,
2165 3529 2274 3570 non
2298 3514 2487 3586 utique
2516 3514 2687 3570 Deum
2714 3524 2809 3569 aut
2845 3514 2989 3569 intra
3020 3515 3239 3585 aliquod
3268 3532 3464 3587 corpus
3503 3517 3585 3571 iu-

1989 3605 2276 3672 cludimus,
2304 3614 2401 3661 aut
2421 3606 2491 3663 ab
2522 3605 2704 3676 aliquo
2731 3622 2958 3677 corpore
2982 3609 3333 3677 separﬁmus;
3355 3608 3450 3663 sed
3471 3608 3583 3664 alta

1990 3709 2046 3755 et
2076 3699 2420 3756 inenarrabili
2444 3700 2803 3755 aestimatione
2823 3708 3137 3771 pensantes,
3160 3701 3357 3757 divina:
3375 3708 3583 3756 naturae

1990 3790 2344 3861 intelligimus
2372 3805 2651 3845 arcanum.
2685 3790 2927 3859 Denique
2965 3791 3040 3845 ita
3070 3791 3338 3860 sapientia
3380 3808 3446 3846 ex
3489 3808 3586 3847 ore

1989 3880 2256 3936 Altissimi
2285 3881 2550 3950 prodiisse
2578 3896 2636 3935 se
2673 3881 2803 3936 dicit
2851 3879 3020 3952 (Eccl.
3052 3898 3203 3947 xxxv,
3248 3882 3325 3951 5),
3371 3891 3429 3936 ut
3476 3900 3585 3939 non

1991 3979 2147 4027 extra
2172 3971 2390 4027 Patrem
2418 3971 2508 4036 sit,
2536 3972 2630 4027 sed
2657 3972 2799 4042 apud
2825 3970 3063 4037 Patrem,
3089 3971 3217 4040 quia
3239 3972 3451 4026 verbum
3470 3982 3585 4027 erat

1992 4062 2136 4134 apud
2170 4062 2339 4117 Deum
2381 4061 2562 4134 (loan.
2608 4078 2650 4129 ι,
2692 4062 2785 4133 i):
2827 4076 2928 4117 nec
2959 4061 3132 4117 solum
3159 4062 3301 4132 apud
3339 4063 3580 4130 Patrem,

1993 4154 2090 4210 sed
2137 4154 2302 4209 etiam
2348 4153 2403 4208 in
2449 4152 2649 4221 Patre;
2689 4152 2822 4208 dicit
2869 4152 3052 4208 enim:
3094 4151 3208 4224 Ego
3242 4154 3297 4208 in
3336 4153 3500 4209 Patre
3535 4165 3584 4211 et

1994 4243 2160 4299 Pater
2182 4247 2240 4300 in
2267 4261 2348 4299 me
2379 4243 2545 4316 (Ibid.
2577 4260 2692 4311 xiv,
2725 4244 2835 4317 10).
2862 4243 2971 4300 Sed
2990 4260 3164 4315 neque
3190 4261 3312 4300 cum
3336 4246 3402 4301 de
3422 4246 3585 4303 Patre

1993 4338 2129 4403 exit,
2158 4338 2224 4393 de
2244 4336 2610 4403 locorecedit,
2634 4345 2689 4393 et
2714 4336 2870 4407 quasi
2898 4352 3093 4407 corpus
3127 4353 3157 4391 a
3179 4352 3407 4407 corpore
3428 4354 3585 4409 sepa—

1996 4437 2179 4484 ratur:
2207 4444 2382 4500 neque
2403 4444 2528 4484 cum
2558 4429 2614 4485 in
2648 4428 2811 4484 Patre
2834 4436 2938 4495 est,
2963 4430 3117 4499 quasi
3142 4430 3196 4484 in
3218 4445 3445 4502 corpore
3465 4440 3585 4487 tan-

299 4505 463 4563 Patre
487 4508 605 4565 solo
637 4519 742 4577 est,
769 4527 876 4567 non
900 4516 1101 4578 Iactus.
1140 4536 1241 4575 nec
1264 4528 1497 4586 creatus,
1530 4522 1625 4577 sed
1654 4522 1887 4591 genitus.
1918 4512 1970 4575 ι)
1994 4533 2160 4588 quam
2208 4535 2406 4590 corpus
2450 4518 2760 4575 includitur.
2814 4519 3052 4589 Spiritus
3101 4536 3315 4591 quoque
3365 4531 3586 4579 sanctus

301 4599 542 4673 Spiritus
569 4612 794 4661 sanctus
829 4621 859 4659 a
896 4604 1060 4660 Patre
1087 4614 1143 4662 et
1178 4604 1339 4671 Filio,
1386 4622 1493 4661 nun
1538 4613 1745 4677 tactus,
1789 4629 1892 4671 nec

302 4705 540 4764 creatus,
573 4713 673 4753 nec
694 4698 927 4769 genitus,
968 4699 1062 4754 sed
1085 4698 1386 4770 procedens
1418 4696 1469 4753 ιι.
1510 4720 1531 4753 ι

276 4832 285 4837 .
371 4787 610 4844 Sanctus
646 4805 863 4860 quoque
889 4790 1124 4846 Hilarius
1167 4791 1451 4861 episcopus
1470 4832 1486 4858 ,
1514 4792 1601 4847 vir
1627 4793 1683 4848 in
1711 4793 1894 4851 divino

302 4877 451 4932 cultu
475 4879 792 4949 praeclarus,
814 4881 968 4952 cujus
996 4881 1373 4937 auctoritatem
1398 4897 1537 4953 papa
1565 4882 1810 4940 Gelasius
1837 4885 1893 4940 in

305 4969 563 5040 praedicta
599 4971 861 5027 decretali
897 4972 1153 5042 epistola,
1197 4981 1254 5030 et
1297 4974 1892 5046 Constantinopolitana

306 5062 546 5133 synodus
572 5078 604 5117 a
633 5063 898 5119 catholica
922 5064 1162 5121 Ecclesia
1190 5065 1586 5135 suscipiendam
1614 5081 1736 5123 esse
1759 5082 1891 5135 con-

306 5154 509 5221 ﬁrmat,
535 5153 799 5225 Spiritum
822 5165 1069 5213 sanctum
1097 5172 1129 5212 a
1156 5158 1294 5214 Filio
1318 5160 1642 5228 procedere,
1672 5160 1729 5215 in
1753 5160 1892 5217 libro

306 5256 403 5300 vui
448 5244 518 5300 de
560 5245 847 5315 Trinitate,
870 5256 1103 5304 testatur
1145 5249 1231 5305 his
1273 5250 1454 5305 verbis
1500 5251 1699 5323 (Nam.
1747 5254 1889 5326 20):

314 5353 335 5390 α
361 5336 604 5408 Spiritus
630 5348 850 5397 sanctus
873 5355 905 5395 a
928 5340 1066 5397 Filio
1098 5341 1315 5413 accipit,
1339 5343 1432 5414 qui
1472 5352 1527 5398 et
1544 5344 1612 5399 ab
1633 5360 1699 5400 eo
1726 5347 1894 5403 mitti-

311 5435 421 5496 tur,
449 5438 508 5486 et
528 5445 559 5484 a
583 5430 745 5487 Patre
766 5432 1029 5502 procedit.
1053 5433 1122 5489 Et
1145 5434 1420 5508 interrogo
1460 5443 1641 5492 utrum
1661 5437 1895 5507 idipsum

437 5540 690 5619 gelasius
718 5557 881 5614 papa,
909 5551 1041 5599 tom.
1070 5544 1116 5619 Υ
1142 5542 1527 5619 Eoncil.,_pag,
1556 5548 1683 5604 387.

384 5608 414 5647 ιι
445 5608 758 5685 Symbolum
788 5608 946 5684 'ergo,
978 5615 1119 5670 unde
1148 5615 1264 5671 haec
1290 5608 1452 5672 verba
1474 5608 1744 5685 citantur,
1770 5634 1896 5675 san-

316 5687 460 5752 ctum
478 5681 834 5745 Athanasium
856 5681 1055 5740 habere
1077 5696 1352 5743 auctorem
1372 5687 1630 5747 Alcuinus
1646 5681 1891 5752 credidit.

320 5751 593 5807 modernis
616 5752 823 5809 criticis
841 5756 1299 5815 dissentientibus.

677 5848 953 5914 Panos.
992 5849 1092 5915 Cl.

1994 4627 2119 4665 cum
2140 4611 2384 4681 procedit
2404 4627 2436 4666 a
2464 4612 2625 4666 Patre
2650 4621 2705 4668 et
2730 4612 2888 4677 Filio,
2912 4628 3019 4668 non
3040 4622 3324 4682 separatur
3343 4630 3372 4669 a
3399 4616 3584 4684 Patre,

1994 4716 2104 4751 non
2142 4710 2428 4767 separatur
2462 4702 2618 4770 751
2663 4718 2693 4755 a
2738 4703 2891 4755 Filio.
2937 4701 3399 4769 Quemadmodum
3439 4709 3583 4763 enim

1993 4790 2238 4859 separari
2273 4799 2452 4859 potest
2486 4806 2518 4845 a
2557 4791 2749 4856 Patre,
2796 4793 2889 4861 qui
2934 4794 3155 4864 spiritus
3190 4796 3303 4851 oris
3342 4798 3458 4868 ejus
3501 4809 3587 4855 est

1993 4880 2169 4953 (Psal.
2200 4899 2389 4949 xxxii,
2419 4883 2499 4955 6),
2542 4886 2686 4955 quod
2733 4886 2919 4956 utique
2974 4888 3296 4944 aeternitatis
3324 4890 3582 4946 indicium

1997 4982 2055 5030 et
2083 4973 2381 5031 divinitatis
2408 4976 2664 5046 exprimit
2689 4977 2990 5035 unitatem?
3035 4979 3131 5035 Est
3157 4995 3288 5051 ergo
3312 4990 3367 5036 et
3402 4992 3585 5037 manet

1998 5081 2246 5136 semper,
2275 5068 2369 5138 qui
2398 5068 2620 5138 spiritus
2646 5070 2759 5125 oris
2801 5069 2917 5138 ejus
2960 5080 3079 5138 est;
3119 5071 3214 5127 sed
3258 5074 3583 5129 descendere

1999 5159 2233 5226 videtur,
2265 5175 2388 5215 cum
2417 5160 2570 5215 illum
2592 5163 2903 5231 recipimus,
2950 5172 3012 5219 ut
3052 5164 3260 5221 habitet
3300 5166 3356 5221 in
3395 5167 3581 5231 nobis,

1996 5264 2067 5306 ne
2095 5265 2194 5306 nos
2226 5252 2396 5307 simus
2430 5267 2462 5306 a
2500 5254 2673 5324 gratia
2700 5252 2815 5324 ejus
2842 5254 3021 5312 alieni.
3064 5255 3229 5313 Nobis
3257 5256 3585 5313 descendere

1997 5341 2231 5408 videtur,
2260 5358 2367 5399 non
2394 5359 2502 5413 quo
2525 5344 2615 5402 ille
2637 5347 2918 5416 ascendat,
2948 5351 3045 5407 sed
3069 5366 3177 5422 quo
3197 5351 3265 5407 ad
3284 5350 3434 5406 illum
3460 5351 3579 5407 auio

1999 5452 2121 5493 mus
2148 5445 2335 5493 noster
2359 5438 2615 5495 ascendat
2632 5439 2680 5494 τι.
2714 5460 2733 5493 ι

2072 5562 2099 5675 Β
2146 5548 2377 5675 Sanctus
2421 5550 2762 5619 Ambrosius,
2811 5554 2878 5610 de
2924 5552 3130 5625 Spiritu
3172 5562 3382 5622 sancto,
3410 5554 3504 5611 lib.
3537 5572 3577 5618 ι,

1998 5635 2099 5690 cal)

2068 5659 2275 5762 5.A-puil
2304 5692 2362 5748 S.
2394 5692 2581 5750 Ambr.
2612 5713 2625 5747 :
2661 5714 2677 5744 α
2720 5695 2835 5750 Non
2863 5696 3004 5765 quod
3032 5694 3121 5749 ille
3149 5696 3458 5765 descendat,
3486 5698 3583 5756 sed

1999 5765 2142 5833 quod
2163 5765 2228 5820 ad
2255 5764 2401 5821 illum
2433 5766 2647 5821 animus
2669 5775 2851 5822 noster
2872 5764 3146 5824 ascendat.
3185 5790 3204 5820 ι

3179 5862 3219 5924 3
