4072 6346
413 327 491 385 79
1277 322 1334 376 Β.
1377 322 1438 376 π.
1478 320 1702 377 ALBINI
1742 318 1873 375 SEU
1914 314 2188 372 ALCUINI
2228 314 2511 372 OPERUM
2551 312 2730 370 PARS
2766 313 2852 368 Ill.
3608 312 3681 369 80

393 475 397 479 -
485 435 651 509 75ἀ¹
673 416 871 491 Beatus
908 447 1124 504 quoque
1151 434 1483 501 Augustinus
1512 434 1568 488 in
1604 434 1835 505 quadam
1870 447 1991 488 sen’
2018 430 2071 489 Δ
2093 435 2271 497 ptura,
2303 442 2464 496 quam
2487 440 2551 480 ex
2586 424 2878 480 traditione
2904 428 3217 476 sanctorum
3258 421 3480 475 Patrum
3515 436 3684 494 expo-

414 527 605 592 tentia,
636 541 800 597 quam
829 524 1114 580 adversum
1144 524 1433 579 Eusebium
1465 525 1533 580 de
1560 522 1766 595 Spiritu
1813 533 1998 581 sancto

412 617 736 688 disputando
761 615 1020 687 protulit,
1053 614 1131 668 ait
1158 614 1232 668 ita
1259 630 1271 668 :
1310 632 1329 665 ι
1366 613 1485 670 Νοιι
1511 615 1669 671 aliter
1704 616 1853 671 novit
1880 613 2000 684 Spi-

411 710 550 766 ritus
577 718 795 766 sanctus
837 707 1097 782 mysteria
1140 707 1267 775 Dei,
1314 708 1419 765 nisi
1464 724 1562 780 per
1606 710 1996 772 substantiam;

410 816 518 857 una
548 803 692 859 enim
722 800 1038 864 substantia,
1062 816 1227 854 unum
1250 801 1417 857 habet
1439 816 1655 857 sensum
1678 808 1732 855 et
1757 800 2002 854 volunta-

412 901 541 959 tem,
568 894 633 950 de
664 894 773 948 Deo
801 891 1061 962 loquitur,
1094 893 1186 962 qui
1219 908 1433 963 semper
1458 909 1598 948 unus
1620 900 1673 948 et
1692 892 2000 947 immutabi-

408 983 500 1049 lis,
530 985 643 1039 sive
670 984 724 1038 in
752 982 922 1048 Filio,
969 983 1084 1038 sive
1114 984 1169 1037 in
1198 982 1403 1053 Spiritu
1430 993 1649 1051 sancto;
1684 985 1827 1055 quod
1854 986 1997 1041 enim

408 1074 524 1129 vult
548 1074 730 1139 Pater,
762 1073 867 1128 hoc
895 1074 1009 1128 vult
1034 1073 1226 1143 Filius,
1249 1085 1305 1132 et
1330 1079 1471 1148 quod
1500 1078 1616 1133 vult
1640 1079 1832 1146 Filius,
1854 1079 2000 1134 idem

410 1165 527 1219 vult
551 1163 787 1234 Spiritus
816 1174 1057 1222 sanctus.
1082 1166 1259 1234 Quam
1297 1169 1367 1225 ob
1396 1186 1511 1225 rem
1541 1170 1828 1239 aliquando
1866 1170 2001 1226 dici—

408 1264 499 1311 tur
529 1254 765 1325 Spiritus
794 1256 909 1320 Dei,
960 1257 1252 1328 aliquando
1302 1258 1538 1329 Spiritus
1577 1260 1797 1327 Christi,
1829 1262 1921 1332 qui
1968 1278 1999 1316 a

407 1346 543 1413 Deo,
574 1346 782 1416 inquit,
807 1348 1091 1418 procedit,
1120 1359 1167 1403 et
1196 1351 1260 1404 de
1293 1368 1407 1405 meo
1437 1353 1653 1422 accipiet
1677 1352 1858 1423 (Joan.
1886 1370 1998 1420 xvr,

410 1438 523 1511 15).
546 1458 565 1490 ι
595 1438 741 1494 Idem
764 1454 980 1510 quoque
998 1441 1248 1511 egregius
1263 1442 1450 1497 doctor
1462 1442 1793 1515 Augustinus
1816 1445 1870 1498 in
1896 1444 2002 1499 Ex—

406 1529 678 1599 positione
722 1529 1002 1601 Evangelii
1053 1531 1350 1587 secundum
1396 1530 1658 1589 Joannem
1688 1576 1700 1598 ,
1750 1534 2000 1590 eumdem

407 1618 672 1689 Spiritum
703 1628 951 1676 sanctum
974 1635 1004 1675 a
1024 1621 1188 1677 Patre
1213 1631 1268 1678 et
1288 1623 1429 1679 Filio
1454 1625 1769 1694 procedere,
1799 1632 1853 1680 et
1876 1622 2001 1678 Filii

409 1709 674 1781 Spiritum
704 1726 825 1767 esse
865 1718 1097 1767 testatur
1120 1754 1135 1778 ,
1186 1714 1258 1768 ita
1303 1715 1487 1769 dicens
1513 1729 1529 1769 :
1555 1727 1580 1757 α
1613 1734 1631 1766 ‹
1663 1715 1825 1769 Multa
1874 1722 2001 1769 sunt

407 1802 717 1858 testimonia
750 1802 947 1874 quibus
975 1804 1252 1859 evidenter
1295 1805 1597 1861 ostenditur
1642 1814 1698 1861 et
1724 1805 1904 1859 Patris
1938 1812 1994 1859 et
2027 1792 2069 1850 Β

408 1892 529 1947 Filii
556 1909 676 1949 esse
703 1893 964 1965 Spiritum
982 1935 997 1960 ,
1027 1896 1119 1966 qui
1147 1896 1202 1949 in
1230 1894 1496 1951 Trinitate
1530 1896 1726 1951 dicitur
1761 1895 1995 1966 Spiritus

409 1994 648 2041 sanctus.
682 1985 792 2041 Cur
816 2001 945 2058 ergo
970 2002 1077 2042 non
1106 1986 1392 2042 credamus
1414 1987 1557 2057 quod
1579 1989 1743 2043 etiam
1767 1989 1834 2043 de
1858 1988 1996 2043 Filio

407 2077 668 2147 procedat
700 2076 936 2148 Spiritus
962 2080 1206 2145 sanctus,
1238 2095 1359 2134 cum
1381 2078 1505 2134 Filii
1534 2095 1751 2149 quoque
1779 2081 1894 2149 ipse
1928 2079 1998 2134 sit

410 2167 681 2238 Spiritus?
707 2168 846 2236 Quid
879 2171 1024 2225 enim
1058 2170 1201 2225 aliud
1231 2169 1503 2240 signiﬁcat
1542 2170 1634 2224 illa
1666 2170 1956 2225 insulllatio
1980 2210 1994 2234 ,

407 2270 463 2316 et
488 2262 619 2316 illud
645 2263 788 2331 quod
810 2262 887 2316 ait
914 2262 1126 2316 mulieri
1153 2280 1165 2315 :
1195 2260 1384 2332 Tetigit
1405 2278 1486 2316 me
1512 2261 1722 2333 aliquis,
1744 2278 1835 2332 ego
1862 2261 1999 2315 enim

407 2355 547 2408 sensi
572 2355 813 2407 virtutem
843 2352 907 2407 de
933 2370 1019 2407 me
1048 2355 1215 2409 exisse
1251 2354 1402 2425 (Luc.
1424 2370 1543 2418 vm,
1575 2353 1688 2426 46).
1722 2354 1858 2409 Nam
1886 2354 1997 2407 vir-

409 2445 543 2501 tutis
586 2446 806 2501 nomine
840 2446 1142 2516 appellatur
1172 2446 1407 2517 Spiritus
1456 2456 1675 2501 sanctus
1702 2487 1716 2511 ,
1767 2454 1826 2499 ut
1873 2452 1996 2500 est:

412 2538 643 2610 Spiritus
682 2549 895 2594 sanctus
924 2540 1245 2610 superveniet
1288 2541 1344 2593 in
1373 2548 1449 2604 te,
1480 2548 1527 2593 et
1555 2540 1718 2593 virtus
1745 2536 2001 2592 Altissimi

411 2629 740 2685 obumbrabit
764 2641 812 2685 te
838 2630 989 2703 (Luc.
1022 2647 1061 2695 ι,
1096 2630 1207 2702 55),
1236 2630 1342 2686 nisi
1371 2630 1561 2699 utique
1579 2630 1723 2700 quod
1742 2630 2002 2700 procedat

410 2718 648 2791 Spiritus
677 2730 898 2777 sanctus
930 2722 997 2777 de
1027 2722 1181 2791 ipso?
1212 2742 1229 2773 ι

480 2812 676 2868 Beatus
699 2828 915 2883 quoque
934 2811 1255 2867 Ambrosius
1278 2811 1355 2866 ait
1378 2826 1393 2865 :
1425 2831 1444 2862 ι
1472 2798 1779 2867 Insumatur
1800 2828 1831 2867 a
1851 2812 2004 2868 Chri-

410 2909 518 2969 sto,
542 2911 604 2957 ut
628 2903 819 2959 credas
845 2903 1109 2973 Spiritum
1134 2901 1338 2958 Christi
1363 2918 1484 2958 esse
1505 2943 1519 2968 ,
1549 2912 1604 2958 et
1628 2912 1688 2958 ut
1717 2905 1906 2959 credas
1936 2904 2003 2959 de

412 2997 522 3052 Deo
567 2996 848 3068 Spiritum.
902 2998 1045 3054 Deus
1092 2999 1235 3052 enim
1269 2998 1415 3053 solus
1442 3006 1667 3069 peccata
1696 2999 1936 3053 dimittit.
1978 3016 1997 3049 ι

411 3088 649 3144 Isidorus
676 3104 891 3161 quoque
917 3088 973 3147 in
1002 3088 1161 3153 libro,
1204 3103 1365 3160 quem
1402 3090 1478 3145 De
1519 3089 1723 3144 Rerum
1764 3090 2003 3145 conscri-

410 3180 521 3250 psit
555 3179 783 3246 Natura,
808 3196 879 3235 xv
907 3180 1142 3249 capitulo
1165 3179 1195 3219 b
1226 3180 1303 3235 ait
1330 3181 1404 3235 ita
1432 3195 1447 3234 :
1476 3198 1494 3231 ι
1521 3179 1757 3252 Spiritus
1779 3190 2001 3237 sanctus

412 3280 627 3327 creator
651 3279 736 3327 est
758 3272 897 3327 sicut
924 3273 1087 3327 Pater
1117 3279 1173 3326 et
1203 3272 1464 3338 Verbum,
1492 3280 1553 3327 ut
1579 3274 1631 3327 in
1675 3273 1815 3328 libro
1856 3274 2002 3329 beati

410 3361 514 3418 Job
538 3363 736 3435 legitur
760 3382 773 3418 :
807 3362 1037 3434 Spiritus
1064 3362 1159 3418 Dei
1184 3363 1307 3433 fecit
1340 3380 1440 3427 me,
1464 3372 1513 3417 et
1542 3364 1864 3434 spiraculum
1892 3382 2006 3419 om—

415 3457 690 3527 nipotentis
711 3457 987 3526 viviﬁcavit
1015 3475 1097 3512 me
1119 3455 1242 3528 (Job
1291 3472 1487 3522 χχχιιι,
1510 3455 1590 3528 4).
1618 3456 1855 3527 Spiritus
1879 3473 2005 3511 san-

415 3555 537 3602 ctus
575 3546 754 3603 Patris
782 3558 835 3604 et
864 3548 986 3603 Filii
1013 3555 1134 3619 est,
1163 3558 1217 3605 et
1243 3549 1368 3604 inde
1393 3566 1561 3605 unum
1588 3558 1715 3605 sunt
1753 3550 1916 3605 Pater
1950 3557 2006 3604 et

414 3635 606 3703 Filius,
637 3638 764 3708 quia
789 3639 923 3693 nihil
956 3640 1121 3694 habet
1150 3638 1336 3706 Pater,
1366 3640 1513 3710 quod
1541 3655 1649 3694 non
1690 3641 1887 3695 habeat
1914 3639 2003 3695 Fi—

414 3726 540 3783 lius.
568 3725 689 3784 Non
715 3730 861 3784 enim
888 3744 978 3785 res
999 3746 1105 3785 una
1128 3770 1144 3796 ,
1175 3737 1231 3786 et
1258 3731 1488 3787 duorum
1529 3731 2009 3787 consubstantialis

415 3817 618 3885 poterit
661 3819 828 3874 semel
873 3819 1091 3892 [Forte,
1138 3822 1320 3897 simul]
1363 3823 1431 3879 ab
1472 3824 1552 3879 eis
1596 3825 1923 3894 procedere,
1953 3833 2007 3881 ct

416 3906 579 3962 simul
620 3907 826 3976 inesse,
859 3909 964 3966 nisi
998 3926 1168 3968 unum
1209 3913 1445 3980 fuerint,
1493 3930 1525 3969 a
1569 3914 1766 3985 quibus
1808 3929 2005 3986 proce-

423 3997 523 4053 dit.
564 4016 585 4052 ι

492 4087 723 4148 Sanctus
772 4107 988 4163 quoque
1030 4092 1347 4165 Fulgentius
1399 4094 1681 4163 episcopus
1726 4096 1779 4149 in
1824 4095 2007 4151 libello

418 4196 583 4250 quem
610 4182 677 4238 de
712 4182 921 4254 Spiritu
949 4193 1137 4242 sancto
1167 4185 1507 4255 conscripsit,
1541 4188 1790 4241 eumdem
1831 4187 2006 4255 Spiri-

419 4277 538 4325 tum
564 4280 807 4328 sanctum
836 4274 1015 4330 Patris
1043 4284 1098 4329 et
1135 4274 1255 4329 Filii
1299 4289 1418 4330 esse
1450 4282 1681 4331 testatur
1724 4275 1910 4330 dicens
1938 4281 1961 4309 ο
1990 4294 2004 4329 :

428 4379 446 4411 ε
468 4359 605 4417 Cum
625 4364 906 4434 quaeritur,
929 4380 1091 4436 quem
1113 4364 1375 4435 Spiritum
1399 4375 1647 4422 sanctum
1674 4366 1881 4437 Virgini
1912 4383 2008 4422 an-

2050 516 2055 519 ’
2104 518 2241 583 sita,
2290 533 2433 572 nunc
2475 519 2541 572 de
2588 516 2842 570 missione
2887 512 3007 567 Filii
3055 527 3085 565 a
3133 510 3326 577 Patre,
3365 520 3421 567 et
3448 512 3684 582 Spiritus

2102 611 2279 667 sancti
2311 610 2380 664 ab
2404 617 2655 679 utroque,
2684 625 2716 665 a
2740 608 2897 663 Patre
2926 604 3174 661 videlicet
3195 612 3250 660 et
3274 620 3307 660 a
3329 604 3486 673 Filio,
3508 621 3684 678 pauca

2103 702 2330 759 dicenda
2371 711 2515 758 sunt.

2723 794 2951 853 CAPUT
2990 794 3077 851 III.

2100 907 2180 962 De
2214 909 2473 964 'missione
2519 906 2651 963 Filii
2692 927 2725 963 a
2772 908 2970 975 Patre,
3020 918 3070 965 et
3121 908 3347 981 Spiritus
3395 913 3563 968 sancti
3620 914 3686 968 ab

2771 989 3009 1050 utroque.

2178 1090 2495 1162 Unigenitus
2519 1090 2614 1146 Dei
2638 1089 2809 1146 Filius
2834 1133 2847 1156 ,
2880 1092 2971 1161 qui
3014 1091 3162 1147 Patri
3203 1093 3492 1164 comqualis
3526 1104 3610 1150 est
3634 1102 3690 1149 et

2100 1192 2421 1249 coaeternus,
2462 1184 2530 1237 ab
2564 1183 2754 1239 eodem
2797 1183 2957 1237 Patre
3001 1185 3142 1239 mitti
3178 1186 3510 1254 perhibetur.
3552 1185 3690 1242 Hinc

2100 1277 2243 1332 idem
2270 1278 2382 1347 ipse
2408 1276 2658 1331 Salvator
2688 1285 2897 1343 noster,
2946 1284 3005 1331 ut
3031 1278 3085 1332 in
3135 1278 3238 1333 line
3284 1278 3561 1349 Evangelii
3597 1294 3684 1334 se-

2101 1373 2335 1427 cundum
2370 1371 2634 1427 Joannem
2664 1388 2820 1428 ccxxv
2846 1371 3083 1443 capitulo
3110 1372 3325 1444 legitur,
3359 1374 3427 1428 ad
3464 1389 3591 1429 suos
3614 1373 3692 1428 ait

2101 1463 2426 1533 discipulos:
2454 1463 2601 1519 Sicut
2653 1465 2795 1517 misit
2848 1481 2928 1518 me
2972 1464 3151 1530 Pater,
3193 1473 3241 1518 et
3292 1481 3383 1535 ego
3409 1467 3557 1519 mitto
3603 1482 3690 1520 vos

2101 1550 2284 1626 (Joan.
2314 1570 2408 1619 xx,
2431 1553 2543 1625 2i).
2570 1554 2715 1609 Idem
2744 1570 2959 1624 quoque
2989 1554 3239 1610 Salvator
3261 1566 3466 1621 noster,
3492 1556 3585 1627 qui
3608 1567 3691 1612 est

2102 1647 2339 1705 Verbum
2360 1648 2560 1714 Patris,
2586 1656 2819 1704 testatur
2842 1650 2984 1719 quod
3010 1648 3273 1719 Spiritum
3294 1658 3538 1705 sanctum
3566 1651 3691 1704 mit-

2100 1740 2188 1807 tit,
2217 1749 2274 1795 et
2300 1742 2356 1795 in
2394 1743 2611 1797 nomine
2633 1743 2803 1813 ipsius
2833 1761 2863 1797 a
2891 1744 3051 1799 Patre
3076 1744 3328 1799 mittitur.
3358 1745 3474 1815 Ipse
3511 1746 3686 1809 enim,

2100 1838 2161 1884 ut
2185 1830 2237 1885 in
2261 1830 2552 1902 Evangelio
2600 1834 2897 1887 secundum
2946 1832 3209 1888 Joannem
3258 1848 3407 1888 cxui
3454 1832 3689 1902 capitulo

2096 1923 2317 1994 legitur,
2342 1924 2407 1978 ad
2434 1940 2560 1980 suos
2590 1926 2667 1978 ait
2690 1925 2983 1994 discipulos
3012 1944 3025 1978 :
3057 1924 3186 1979 Cum
3222 1926 3416 1980 venerit
3449 1924 3689 1979 Paracli-

2097 2022 2202 2077 tus,
2233 2030 2386 2084 quem
2415 2030 2508 2084 ego
2535 2016 2739 2068 mittam
2767 2014 2908 2067 vobis
2937 2031 2971 2067 a
2999 2014 3183 2080 Patre,
3220 2014 3475 2083 Spiritum
3508 2015 3692 2068 verita—

2098 2106 2185 2169 tis,
2210 2106 2299 2175 qui
2324 2123 2357 2158 a
2383 2104 2544 2159 Patre
2563 2106 2817 2176 procedit,
2843 2104 2932 2159 ille
2951 2105 3301 2159 testimonium
3329 2103 3611 2174 perhibebit
3628 2103 3693 2157 de

2099 2214 2180 2251 me
2206 2197 2386 2269 (Joan.
2418 2215 2517 2264 xv,
2559 2198 2673 2270 26).
2718 2199 2785 2253 Et
2836 2198 3033 2253 iterum
3076 2200 3129 2252 in
3177 2199 3364 2254 eodem
3403 2198 3695 2268 Evangelio

2099 2303 2278 2343 cxnvu
2310 2288 2547 2359 capitulo
2592 2290 2733 2344 idem
2781 2288 3027 2344 Salvator
3063 2290 3177 2343 ait:
3207 2288 3321 2360 Ego
3354 2288 3493 2342 vobis
3533 2286 3694 2357 755

2103 2382 2370 2434 veritatem
2391 2380 2530 2447 dico,
2556 2382 2763 2453 expedit
2792 2382 2955 2446 vobis,
2987 2391 3043 2435 ut
3082 2399 3173 2452 ego
3222 2382 3429 2435 vadam.
3461 2380 3522 2435 Si
3557 2380 3696 2433 enim

2102 2488 2195 2543 ego
2218 2488 2322 2525 non
2350 2472 2547 2539 abiero,
2575 2472 2875 2526 Paraclitus
2901 2488 3004 2526 non
3026 2474 3189 2527 veniet
3210 2472 3279 2526 ad
3302 2489 3412 2526 vos.
3441 2471 3502 2526 Si
3522 2482 3696 2525 autem

2103 2562 2310 2629 abiero,
2342 2563 2543 2616 mittam
2576 2579 2693 2617 eum
2723 2564 2791 2616 ad
2821 2581 2910 2617 vos
2954 2562 3137 2634 (Joan.
3168 2580 3290 2630 xvr,
3322 2563 3399 2633 7).
3432 2562 3498 2616 Et
3537 2561 3697 2632 paulo

2103 2664 2225 2725 post
2255 2657 2310 2710 in
2342 2657 2535 2712 eodem
2562 2657 2843 2727 sultjungit
2884 2657 3064 2712 libro:
3090 2658 3273 2712 Adhuc
3318 2658 3484 2711 multa
3532 2658 3696 2711 habeo

2105 2744 2245 2798 vobis
2273 2744 2478 2811 dicere,
2507 2745 2598 2799 sed
2631 2762 2734 2799 non
2761 2748 2973 2817 potestis
3002 2747 3156 2800 modo
3191 2758 3421 2818 portare.
3447 2747 3577 2802 Cum
3603 2764 3701 2800 au-

2106 2844 2208 2890 tem
2249 2838 2443 2890 venerit
2481 2836 2570 2890 ille
2609 2836 2840 2907 Spiritus
2864 2839 3114 2900 veritatis,
3149 2838 3352 2892 docebit
3380 2855 3468 2892 vos
3498 2855 3701 2891 omnem

2106 2929 2396 2981 veritatem.
2422 2926 2546 2981 Non
2581 2928 2716 2981 enim
2747 2928 2988 3000 loquetur
3030 2947 3064 2983 α
3102 2932 3373 3001 semetipso
3393 2971 3408 2996 ,
3440 2930 3531 2984 sed
3556 2946 3702 2999 qure-

2108 3034 2310 3088 cunque
2336 3018 2536 3083 audiet,
2569 3018 2831 3089 loquetur,
2864 3028 2911 3073 et
2937 3036 3054 3090 qua:
3075 3030 3293 3075 ventura
3318 3031 3460 3087 sunt,
3493 3036 3703 3073 annun-

2109 3110 2258 3164 tiabit
2284 3111 2448 3167 vobis.
2479 3110 2580 3164 Ille
2608 3127 2689 3164 me
2711 3110 3043 3179 clariﬁcabit,
3074 3113 3196 3183 quia
3228 3112 3292 3165 de
3319 3128 3432 3165 meo
3463 3111 3701 3179 accipiet,

2106 3211 2154 3253 et
2183 3201 2515 3254 annuntiabit
2544 3201 2707 3255 vobis.
2743 3200 2934 3254 Omnia
2968 3218 3292 3271 qua'cunque
3327 3200 3478 3253 habet
3518 3198 3702 3263 Pater,

2106 3308 2221 3345 mea
2242 3303 2384 3357 sunt,
2406 3302 2679 3363 propterea
2705 3293 2975 3346 divivobis
3005 3294 3131 3363 quia
3161 3292 3225 3345 de
3251 3309 3365 3345 meo
3389 3290 3631 3360 accipiet,
3656 3300 3705 3343 et

2107 3384 2442 3438 annuntiabit
2469 3383 2610 3438 vobis
2633 3383 2816 3454 (Joan.
2844 3400 2993 3447 xxrv,
3022 3383 3087 3436 14
3109 3384 3297 3453 seqq.).
3326 3382 3471 3436 Idem
3492 3393 3708 3450 quoque

2109 3475 2360 3532 Salvator
2402 3485 2590 3531 noster
2636 3484 2759 3547 post
2818 3475 3273 3530 resurrectionem
3307 3488 3495 3538 suam,
3546 3480 3607 3526 ut
3653 3472 3707 3526 in

2108 3566 2401 3638 Evangelio
2426 3568 2720 3622 secundum
2751 3567 2950 3621 Lucam
2980 3581 3189 3620 cccxul
3218 3564 3455 3634 capitulo
3484 3564 3703 3633 legitur,

2108 3675 2344 3716 consona
2379 3659 2653 3730 praedictis
2678 3661 2845 3714 verba
2866 3657 3093 3729 protulit
3120 3658 3344 3713 dicens:
3369 3656 3483 3727 Ego
3501 3657 3708 3710 mittam

2106 3752 2505 3823 promissionem
2545 3748 2725 3805 Patris
2768 3751 2869 3804 mei
2897 3751 2949 3804 in
2978 3766 3095 3813 vos,
3130 3765 3216 3803 vos
3248 3757 3422 3802 autem
3450 3746 3620 3801 sedete
3651 3746 3707 3799 in

2109 3844 2337 3911 civitate,
2365 3844 2704 3915 quoadusque
2727 3843 3024 3897 induamini
3055 3843 3298 3896 virtutem
3328 3857 3392 3894 e1:
3421 3840 3528 3894 alto
3552 3839 3703 3910 (Luc.

2107 3950 2259 4002 xxxv,
2289 3936 2403 4006 49).
2433 3936 2500 3990 Et
2521 3934 2679 4004 juxta
2710 3935 2957 3988 eumdem
2989 3934 3040 3987 in
3074 3933 3453 4003 Apostolorum
3481 3930 3710 3986 Actibus

2107 4035 2191 4082 est
2226 4028 2475 4082 locutus:
2511 4025 2769 4095 Prarcepit
2794 4026 2868 4078 eis
2904 4042 2966 4077 ne
3001 4025 3064 4078 ab
3101 4022 3444 4093 Jerosolymis
3467 4020 3705 4074 discede-

2110 4125 2246 4181 rent,
2269 4115 2361 4169 sed
2386 4124 2741 4185 exspectarent
2771 4114 3167 4184 promissionem
3200 4112 3400 4176 Patris,
3425 4129 3583 4183 quant
3610 4128 3708 4163 au-

2109 4206 2260 4261 distis
2284 4247 2298 4270 ,
2330 4207 2500 4276 inquit
2528 4246 2543 4271 ,
2580 4222 2673 4275 per
2723 4222 2780 4258 os
2826 4221 3018 4259 meum.
3052 4205 3191 4271 Quia
3234 4203 3470 4258 Joannes
3498 4201 3709 4273 quidem

2112 4298 2389 4369 baptizavit
2417 4315 2577 4369 aqua,
2602 4315 2690 4352 vos
2718 4306 2893 4352 autem
2924 4297 3323 4368 baptizabimini
3351 4294 3553 4366 Spiritu
3579 4310 3704 4347 san-

2112 4398 2195 4443 cto
2227 4407 2331 4445 non
2354 4400 2468 4460 post
2497 4391 2690 4445 multos
2738 4391 2834 4445 hos
2879 4391 2989 4444 dies
3035 4391 3173 4462 (Act.
3203 4406 3251 4456 ι,
3278 4387 3355 4459 4).
3390 4387 3625 4441 Rursum
3651 4384 3707 4437 in

418 4454 573 4563 gelus
593 4457 1174 4563 an‘nunOtiavit'l‘tnlpsum
1220 4459 1407 4527 utique
1440 4459 1691 4563 dicimus,
1713 4460 1806 4563 qui
1834 4457 2009 4563 ὃρὶτίτ
2031 4492 2087 4555 ι)
2112 4479 2219 4555 line
2243 4454 2519 4551 Evangelii
2545 4483 2841 4538 secundum
2864 4454 3147 4543 Joannem,
3176 4454 3244 4532 eo
3269 4454 3357 4533 die
3387 4492 3494 4547 quo
3523 4491 3707 4533 resur-

421 4553 509 4601 tus
529 4555 613 4603 est
640 4547 818 4605 Patris
840 4557 896 4604 et
923 4548 1069 4615 Filii,
1109 4548 1225 4603 sine
1258 4564 1366 4618 quo
1413 4564 1521 4606 non
1571 4550 1748 4606 solum
1779 4550 2005 4606 formari

419 4653 550 4695 caro
592 4639 796 4698 Christi
844 4655 951 4695 non
993 4640 1183 4711 potuit,
1212 4640 1297 4694 vel
1323 4640 1607 4711 baptizari,
1638 4642 1732 4696 sed
1766 4656 1943 4712 neque
1974 4658 2004 4697 a

416 4731 650 4788 mortuis
677 4731 948 4787 suscitari.
983 4752 1001 4784 ι
1035 4732 1102 4787 Et
1131 4733 1329 4788 iterum
1369 4732 1425 4788 in
1468 4734 1655 4789 eodem
1704 4736 1779 4789 ait
1826 4735 2000 4791 libro:

422 4841 445 4877 ι
481 4824 616 4881 Cum
637 4825 917 4895 quaeritur,
945 4826 1037 4895 qui
1068 4825 1302 4897 Spiritus
1327 4836 1411 4881 est
1446 4828 1538 4898 qui
1566 4826 1885 4898 loquebatur
1907 4843 2005 4898 per

416 4915 744 4985 prophetas,
778 4930 886 4970 non
930 4916 1116 4987 utique
1155 4916 1292 4971 alius
1337 4917 1716 4989 intelligendus
1755 4928 1865 4985 est,
1899 4921 2002 4975 nisi

420 5003 656 5076 Spiritus
682 5014 920 5074 sanctus,
944 5008 1039 5079 qui
1066 5016 1149 5066 est
1178 5008 1412 5080 Spiritus
1430 5010 1653 5067 Christi.
1689 5033 1706 5063 ι

494 5097 570 5152 De
583 5098 926 5167 processione
938 5100 1344 5173 igiturSpiritus
1364 5104 1538 5159 sancti
1560 5119 1590 5158 a
1604 5104 1765 5159 Patre
1780 5114 1835 5159 et
1847 5104 2003 5170 Filio,

421 5198 480 5246 et
496 5192 640 5247 deeo
661 5193 801 5262 quod
830 5193 973 5251 idem
1004 5194 1241 5266 Spiritus
1261 5206 1482 5255 sanctus
1501 5199 1682 5256 Patris
1704 5209 1757 5256 et
1780 5199 1901 5256 Filii
1922 5201 2006 5255 di-

420 5281 565 5339 citur
589 5282 847 5356 Spiritus,
870 5286 1081 5343 ratione
1117 5286 1354 5345 breviter
1379 5297 1488 5345 tam
1532 5306 1598 5347 ex
1644 5291 1825 5347 divina
1862 5290 2010 5349 Scri-

496 5478 528 5574 ;
552 5465 610 5521 S.
642 5467 803 5592 Aug)”
830 5475 991 5551 tract.
1024 5485 1148 5524 xeix
1176 5471 1229 5525 in
1252 5468 1407 5526 Joan.
1434 5488 1584 5528 num.
1616 5473 1667 5528 7.

562 5535 715 5592 Apud
781 5546 1016 5592 etavnum
1044 5549 1174 5592 tom.
1206 5541 1247 5592 ll
1271 5542 1458 5592 Theo].
1485 5544 1733 5592 Dnamnt.
1765 5544 1796 5592 li

562 5535 1174 5613 Aputhetaviumtom.
1206 5541 1247 5595 ll
1271 5542 1458 5613 Theo].
1484 5544 1733 5613 Dogmat.
1765 5544 1886 5597 libr.
1914 5559 2011 5608 vn,

429 5619 549 5675 cap.
587 5608 676 5672 Il,
697 5625 848 5663 num.
873 5609 961 5675 16,
988 5610 1078 5666 hic
1110 5611 1260 5668 locus
1290 5612 1479 5668 lsidori
1508 5608 1707 5668 citatur
1744 5630 1807 5667 ex
1833 5615 1957 5669 libr.
1999 5631 2014 5670 ι

433 5676 677 5762 Sement-
705 5694 824 5762 ερρ-
856 5681 941 5762 1⁷η

504 5760 523 5784 ί
571 5747 723 5805 Hunc
747 5747 986 5809 libellum
1006 5763 1135 5825 puto
1160 5769 1280 5810 esse
1307 5757 1781 5811 commonitorimn
1808 5758 2015 5827 parvis-

2112 4580 2344 4639 reserat,
2375 4573 2429 4627 id
2456 4582 2561 4639 est,
2587 4575 2673 4628 die
2702 4573 2984 4625 Dominica
3014 4569 3212 4625 clausis
3236 4567 3421 4637 januis
3448 4568 3516 4622 ad
3562 4582 3697 4638 apo-

2107 4663 2560 4718 stolosintroiisse
2585 4669 2838 4714 narratur
2863 4668 2919 4716 et
2941 4660 3147 4714 dixisse
3168 4659 3246 4713 eis
3269 4659 3508 4714 secundo
3534 4675 3546 4709 :
3577 4657 3697 4710 Pam

2108 4754 2274 4820 vobis,
2298 4762 2353 4809 et
2378 4754 2624 4809 intulisse
2650 4771 2661 4805 :
2692 4752 2838 4807 Sicut
2867 4752 3008 4805 misit
3035 4768 3115 4803 me
3146 4748 3328 4815 Pater,
3350 4757 3401 4803 et
3428 4764 3522 4818 ego
3552 4748 3702 4801 mitto

2109 4861 2215 4899 vos.
2247 4842 2363 4897 Hoc
2390 4861 2507 4898 cum
2532 4843 2772 4907 dixisset,
2793 4841 3071 4912 insuﬂlavit
3096 4849 3143 4893 et
3174 4840 3307 4894 dixit
3328 4839 3401 4893 eis
3425 4852 3443 4889 :
3473 4837 3704 4907 Accipite

2112 4935 2366 5007 Spiritum
2392 4945 2653 5000 sanctum,
2684 4950 2903 5005 quorum
2930 4932 3232 4987 remiseritis
3253 4940 3467 5002 peccata
3484 4972 3499 4997 ,
3524 4930 3703 4986 remit-

2116 5028 2464 5091 tuntureis,et
2489 5042 2711 5095 quorum
2740 5025 3076 5091 retinueritis,
3106 5032 3307 5078 retenta
3330 5032 3483 5077 erunt
3511 5021 3697 5094 (Joan.

2116 5134 2206 5183 xx,
2234 5118 2306 5172 22
2326 5119 2480 5188 seq.).
2514 5117 2667 5183 Quod
2702 5117 2867 5186 igitur
2890 5117 3157 5186 promisit,
3188 5114 3462 5186 expletum
3476 5129 3618 5180 esse,
3645 5120 3707 5168 ut

2117 5213 2173 5267 in
2199 5211 2424 5267 Actibus
2450 5210 2759 5266 declaratur
2781 5209 3181 5280 Apostolorum,
3203 5209 3471 5281 legimus:
3507 5206 3705 5278 Repleti

2116 5314 2238 5361 sunt
2269 5306 2408 5360 enim
2437 5320 2613 5360 omnes
2642 5304 2871 5374 apostoli
2897 5302 3096 5375 Spiritu
3123 5313 3303 5359 sancto
3325 5343 3340 5370 ,
3366 5314 3413 5357 et
3444 5309 3706 5371 cwperunt

2114 5485 2311 5540 simum
2341 5482 2409 5555 de
2438 5480 2646 5555 Spiritu
2672 5488 2861 5535 sancto
2885 5478 3441 5555 nondumdetcctum,
3466 5492 3495 5530 a
3514 5483 3705 5555 sancto

2115 5554 2400 5627 Fulgentio
2447 5549 2517 5627 ad
2578 5549 3351 5627 interrogationesAbragilvc
3400 5549 3702 5627 presbyteri

2118 5620 2420 5681 exaratum.
2446 5626 2521 5679 Dc
2547 5640 2654 5692 quo
2677 5620 3005 5681 intentionem
3035 5620 3163 5677 fecit
3187 5632 3376 5677 auctor
3412 5621 3545 5674 Vitae
3579 5632 3703 5672 san-

2121 5698 2193 5753 cti
2218 5696 2484 5763 Fulgentii
2514 5712 2635 5766 cap.
2671 5695 2760 5749 ill.
