4072 6346
349 340 414 395 81
982 394 987 395 γ
1089 317 1503 379 DOGMATICA.
1544 344 1613 354 —
1646 312 1773 368 LIB.
1816 310 1903 365 DE
1940 302 2412 365 PROCESSIONE
2447 299 2507 356 S.
2547 298 2883 357 SPIRI'I‘US.
3536 289 3607 347 82

350 452 493 520 loqui
526 447 648 503 aliis
670 442 879 514 linguis,
906 394 1057 510 prout
1082 438 1311 509 Spiritus
1341 443 1551 488 sanctus
1582 429 1740 484 dabat
1765 424 1935 496 eloqui
1962 426 2013 488 Α
2039 428 2308 520 sanctus,—
2309 420 2436 520 licet
2464 415 2681 520 a.Patre
2708 417 2947 518 .propter
2961 410 3254 520 nunitatem
3300 409 3614 520 substantiae

350 543 425 595 eis
462 538 601 603 (Act.
629 551 692 599 Il,
720 534 796 603 4).

420 558 425 591 ς
487 540 601 592 Act.
629 551 669 589 ιι
720 540 752 586 4
784 573 796 584 .

420 540 620 691 Bisatus
649 540 813 696 igitdr
832 619 1125 691 Gregorius
1146 617 1520 672 Nazianzenus
1544 612 1599 665 in
1625 610 1814 664 eadem
1837 608 1934 660 ho-

351 721 526 785 milia,
557 732 719 789 quam
754 715 821 769 de
857 713 1089 768 adventu
1130 709 1366 781 Spiritus
1403 705 1575 761 sancti
1616 717 1779 772 super
1806 714 1935 769 apo-

352 814 527 870 stolos
572 805 932 875 conscripsit,
987 804 1052 858 de
1106 800 1363 856 missione
1413 794 1654 865 ejusdem
1701 790 1936 861 Spiritus

354 904 530 961 sancti
560 902 639 956 ait
660 900 735 955 ita
762 941 774 953 .
808 917 825 950 t
860 896 1092 967 Spiritus
1118 902 1336 949 sanctus
1350 890 1498 945 venit
1522 896 1583 942 ut
1604 886 1861 940 Dominus
1881 883 1935 937 in

352 1001 646 1067 potestate,
680 989 913 1044 mittitur
941 994 1120 1039 autem
1160 992 1415 1051 tanquam
1450 978 1542 1047 qui
1578 991 1684 1030 non
1713 974 1784 1028 sit
1810 987 1938 1028 con-

353 1087 562 1142 trarius
588 1085 720 1138 Deo.
751 1081 844 1136 Isti
872 1079 1016 1134 enim
1045 1089 1322 1132 sermones
1356 1087 1465 1127 non
1508 1077 1755 1124 naturam
1784 1079 1938 1135 sepa-

356 1184 503 1243 rant,
531 1176 625 1230 sed
655 1170 1002 1229 concordiam
1025 1169 1239 1222 docent.
1273 1166 1567 1235 Propterea
1606 1168 1787 1215 autem
1816 1165 1939 1228 post

355 1267 734 1322 ascensionem
773 1261 972 1317 Christi
1002 1266 1061 1313 ut
1089 1274 1227 1312 unus
1270 1255 1426 1310 nobis
1467 1251 1768 1306 Paraclitus
1797 1246 1937 1303 mitti

352 1362 578 1425 dicitur,
606 1365 666 1411 ut
690 1354 1055 1425 aequalitatem
1087 1358 1293 1404 natura:
1337 1362 1400 1402 ac
1449 1343 1735 1414 potestatis
1773 1354 1939 1411 agno-

355 1465 503 1507 scas.
541 1469 560 1500 ι

429 1543 665 1597 Sanctus
694 1549 909 1608 quoque
928 1533 1259 1605 Augustinus
1281 1530 1337 1584 in
1362 1528 1500 1583 libro
1519 1533 1712 1595 quarto
1732 1524 1798 1579 de
1818 1521 1941 1577 Tri-

353 1634 527 1687 nitate
546 1646 637 1684 xxi
659 1626 894 1698 capitulo
918 1626 1115 1679 Filium
1136 1632 1191 1678 et
1212 1621 1472 1692 Spiritum
1492 1624 1740 1674 sanctum
1761 1629 1939 1684 atqua-

353 1726 434 1783 les
462 1738 584 1778 esse
613 1721 762 1775 Patri
791 1718 1087 1773 secundum
1117 1715 1379 1769 unitatem
1416 1710 1733 1766 substantiae
1752 1750 1767 1774 ,
1815 1708 1944 1763 licet

2037 519 2240 567 sancta:
2266 508 2551 563 Trinitatis
2580 507 2745 571 mitti,
2766 511 2827 558 ut
2845 500 3053 573 praefati
3082 515 3287 566 sumus,
3332 500 3612 569 dicuntur;

2036 603 2184 657 Patri
2216 610 2396 655 tamen
2424 615 2523 669 per
2551 599 2731 653 omnia
2758 595 3057 659 voluntate,
3082 601 3373 663 potestate,
3396 594 3617 649 aeterni-

2036 701 2169 757 tate,
2193 689 2494 745 substantia
2525 689 2763 758 aequales
2793 693 2936 740 sunt.
2970 684 3085 738 Non
3109 692 3193 739 est
3215 683 3381 749 enim,
3408 691 3469 737 ut
3491 698 3618 737 san-

2037 793 2157 839 ctus
2196 781 2558 850 Hieronymus
2600 779 2652 832 in
2684 776 2974 848 Symbolo,
3022 775 3166 845 quod
3209 775 3327 845 ipse
3369 772 3619 844 egregius
3696 820 3704 843 η

2037 877 2339 947 composuit
2360 872 2565 939 doctor,
2600 880 2852 937 testatur,
2886 873 3081 943 aliquis
3110 872 3164 925 in
3191 873 3295 926 hac
3326 885 3537 926 summa
3564 877 3621 925 et

2037 968 2293 1027 ineﬂ‘abili
2321 967 2586 1022 Trinitate
2612 965 2811 1037 gradus
2832 1005 2848 1029 ,
2879 962 3015 1020 nihil
3043 964 3187 1033 quod
3214 962 3438 1018 inferius
3464 976 3622 1032 supe-

2038 1061 2219 1115 riusve
2253 1057 2359 1113 dici
2391 1056 2594 1126 possit,
2626 1055 2721 1109 sed
2769 1061 2880 1110 tota
2926 1054 3109 1109 Deitas
3162 1054 3246 1109 sui
3292 1053 3623 1126 perfectione

2038 1149 2259 1219 aqualis
2283 1157 2388 1212 est,
2413 1155 2472 1201 ut
2498 1147 2737 1217 exceptis
2764 1144 3064 1210 vocabulis,
3091 1159 3210 1214 quae
3232 1144 3624 1215 proprietatem

2037 1255 2394 1313 personarum
2422 1240 2682 1303 indicant,
2711 1236 2971 1307 quidquid
2998 1235 3065 1291 de
3094 1250 3201 1289 una
3233 1250 3463 1305 persona
3493 1234 3628 1290 dici-

2040 1343 2150 1398 tur,
2179 1334 2246 1388 de
2280 1334 2453 1388 tribus
2488 1332 2799 1401 dignissime
2825 1330 2996 1401 possit
3033 1328 3281 1398 intelligi.
3312 1330 3340 1369 b
3377 1347 3395 1380 ι
3441 1328 3631 1395 Qualis

2039 1425 2184 1479 enim
2214 1424 2397 1489 Pater,
2428 1431 2489 1477 ut
2509 1424 2702 1477 beatus
2726 1420 3057 1476 Athanasius
3098 1418 3438 1475 Alexandriae
3476 1420 3631 1476 urbis

2041 1517 2326 1587 episcopus
2380 1523 2633 1581 testatur,
2684 1514 2805 1569 talis
2850 1522 2905 1569 et
2942 1512 3133 1578 Filius,
3164 1511 3288 1566 talis
3312 1519 3367 1565 et
3396 1508 3630 1580 Spiritus

2042 1619 2295 1675 sanctus;
2330 1608 2384 1663 in
2413 1610 2516 1663 hac
2540 1608 2685 1663 enim
2716 1607 2985 1663 Trinitate
3003 1605 3139 1660 nihil
3160 1605 3313 1675 prius
3339 1611 3433 1658 aut
3449 1610 3630 1673 poste-

2044 1702 2181 1767 rius,
2207 1702 2339 1756 nihil
2362 1699 2537 1769 majus
2563 1709 2656 1755 aut
2682 1701 2892 1765 minus,
2923 1699 3019 1755 sed
3065 1706 3193 1753 totae
3241 1704 3354 1751 tres
3383 1711 3631 1766 persona:

355 1819 424 1871 ab
454 1831 522 1869 eo
551 1814 696 1869 mitti
732 1813 1003 1872 dicuntur,
1048 1816 1300 1871 testatur,
1349 1805 1424 1858 ita
1470 1805 1652 1857 dicens
1681 1816 1697 1855 :
1734 1820 1751 1852 ι
1790 1801 1941 1855 Sicut
1968 1793 2018 1854 B
2044 1800 2324 1846 οοξηῑυΐιὶῦθ
2350 1791 2451 1845 sibi
2482 1800 2607 1845 sunt
2633 1798 2688 1843 et
2715 1789 3013 1858 coaaqnales
3038 1804 3051 1853 ;
3084 1788 3181 1852 ita,
3206 1794 3266 1841 ut
3292 1802 3391 1856 per
3411 1786 3593 1841 omnia
3615 1825 3630 1850 ,

355 1906 517 1960 Pater
545 1902 752 1973 genuit,
777 1900 947 1953 Filius
975 1899 1188 1966 genitus
1214 1904 1296 1951 est
1322 1911 1337 1950 :
1372 1894 1447 1947 ita
1474 1894 1635 1947 Pater
1659 1892 1822 1955 misit,
1856 1891 1944 1945 Fi-

353 1994 456 2048 lius
481 1992 688 2046 missus
708 1999 791 2044 est
816 2007 828 2042 :
863 1988 956 2043 sed
983 1986 1432 2056 quemadmodum
1457 1984 1548 2053 qui
1569 1983 1752 2053 genuit
1771 1989 1825 2035 et
1853 1981 1944 2050 qui

354 2083 574 2155 genitus
596 2088 703 2145 est,
727 2080 801 2132 ita
832 2086 886 2131 et
911 2077 1001 2146 qui
1028 2076 1177 2130 misit
1211 2084 1267 2129 et
1296 2074 1385 2143 qui
1415 2073 1612 2127 missus
1636 2080 1719 2127 est
1739 2113 1753 2137 ,
1778 2086 1945 2126 unum

354 2182 516 2236 sunt;
549 2171 675 2241 quia
720 2168 881 2223 Pater
905 2176 959 2222 et
988 2166 1161 2221 Filius
1206 2180 1371 2219 unum
1410 2172 1554 2218 sunt.
1592 2163 1670 2216 Ita
1699 2163 1861 2217 etiam
1891 2169 1945 2218 et

358 2262 598 2332 Spiritus
642 2268 862 2314 sanctus
906 2272 1073 2311 unum
1121 2271 1243 2310 cum
1294 2255 1374 2309 eis
1414 2263 1525 2319 est,
1573 2254 1700 2333 quia
1742 2254 1799 2307 hi
1837 2261 1946 2308 tres

355 2367 526 2409 unum
566 2358 710 2404 sunt.
750 2371 767 2401 ι
802 2350 871 2404 Ει
906 2350 1102 2403 iterum
1145 2349 1201 2402 in
1248 2348 1487 2404 secundo
1530 2347 1669 2401 libro
1712 2345 1947 2415 capitulo

356 2443 523 2497 tertio
553 2442 668 2496 ait:
705 2460 721 2491 ι
758 2440 909 2496 Sicut
934 2456 1040 2494 non
1068 2455 1134 2494 ex
1176 2454 1241 2494 eo
1267 2438 1349 2503 ﬁt,
1379 2444 1438 2492 ut
1464 2436 1638 2492 minor
1661 2437 1729 2491 sit
1755 2435 1945 2501 Filius,

356 2536 486 2604 quia
514 2533 651 2588 dixit
680 2551 693 2586 :
731 2533 856 2587 Non
884 2542 1045 2602 potest
1078 2550 1110 2586 a
1137 2549 1190 2585 se
1220 2529 1392 2584 Filius
1434 2529 1605 2598 facere
1640 2528 1945 2599 quidquam,

353 2625 448 2678 sed
474 2623 615 2694 quod
640 2623 823 2677 viderit
850 2620 1064 2675 Patrem
1087 2621 1363 2691 facientem
1389 2619 1569 2690 (Joan.
1587 2635 1638 2682 v,
1662 2618 1780 2688 I9);
1808 2617 1947 2689 (Non

357 2715 505 2769 enim
537 2715 639 2769 hoc
666 2729 733 2767 ex
762 2712 936 2767 forma
962 2712 1103 2767 servi
1143 2711 1312 2775 dixit,
1343 2710 1441 2764 sed
1485 2725 1553 2763 ex
1590 2710 1761 2763 forma
1816 2708 1950 2773 Dei,

360 2807 506 2861 sicut
524 2803 639 2872 jam
663 2804 1018 2859 ostendimus.
1043 2802 1170 2857 Haec
1190 2809 1368 2856 autem
1393 2802 1557 2855 verba
1584 2816 1688 2853 non
1712 2800 1954 2854 indicant

360 2894 507 2964 quod
539 2895 719 2949 minor
739 2895 840 2960 sit,
876 2895 972 2949 sed
996 2894 1138 2963 quod
1179 2894 1244 2947 de
1281 2893 1443 2947 Patre
1471 2891 1561 2961 sit)
1595 2891 1668 2945 ita
1694 2906 1801 2945 non
1830 2891 1953 2946 hinc

358 2989 614 3056 elﬁcitur,
640 2998 702 3044 ut
729 2990 906 3043 minor
936 2989 1007 3042 sit
1050 2987 1286 3058 Spiritus
1310 2993 1531 3039 sanctus
1551 3025 1564 3049 ,
1599 2984 1725 3054 quia
1749 2984 1953 3039 dictum

357 3090 445 3137 est
470 3083 539 3136 de
564 3081 654 3136 illo
681 3100 692 3134 :
723 3078 845 3134 Non
876 3080 1010 3133 enim
1041 3078 1282 3149 loquetur
1303 3095 1335 3130 a
1363 3077 1656 3145 semetipso,
1698 3075 1788 3130 sed
1814 3091 1955 3146 quae-

359 3192 565 3245 cunque
585 3174 797 3238 audiet,
825 3173 1064 3243 loquetur
1095 3170 1277 3242 (Joan.
1299 3186 1411 3235 xvr,
1436 3170 1545 3241 l3).

432 3263 570 3318 Hinc
598 3272 818 3318 sanctus
849 3278 911 3316 ac
940 3261 1269 3316 venerabilis
1299 3261 1461 3314 Pater
1481 3258 1817 3314 Athanasius
1847 3270 1871 3299 ι
1897 3259 1955 3313 in

360 3352 738 3415 altercatione,
769 3366 930 3419 quam
960 3365 1082 3404 cum
1111 3349 1241 3403 Ario
1279 3329 1467 3403 habuit
1502 3346 1759 3403 haeretico
1781 3387 1797 3414 ,
1826 3346 1959 3402 dicit

362 3444 507 3514 quod
526 3443 765 3513 Spiritus
796 3450 1039 3507 sanctus,
1064 3442 1156 3511 qui
1177 3443 1339 3497 unius
1358 3441 1705 3511 ejusdemque
1723 3449 1807 3497 est
1834 3457 1957 3496 cum

364 3538 529 3592 Patre
573 3537 820 3607 Filioque
866 3537 1182 3592 substantiae
1207 3577 1222 3602 ,
1265 3552 1329 3590 ea
1374 3552 1494 3605 qum
1535 3536 1711 3590 Patris
1744 3544 1799 3591 et
1835 3535 1954 3591 Filii

365 3628 675 3683 communia
705 3635 861 3693 sunt,
892 3626 969 3681 ait
1006 3634 1061 3680 et
1106 3625 1343 3694 loquitur
1399 3626 1471 3679 ita
1513 3628 1736 3681 dicens:
1788 3627 1956 3683 Multo

365 3719 538 3788 magis
563 3733 632 3772 ex
663 3718 785 3772 hoe"
815 3724 1037 3786 apparet
1064 3714 1330 3785 Spiritum
1357 3724 1607 3770 sanctum
1630 3732 1661 3769 a
1692 3716 1873 3772 Patris
1903 3726 1960 3773 et

368 3810 491 3863 Filii
518 3810 825 3863 substantia
853 3824 959 3864 non
985 3822 1106 3863 esse
1129 3807 1386 3872 alienum,
1419 3807 1547 3861 dum
1577 3822 1685 3861 non
1721 3824 1751 3861 a
1780 3809 1960 3877 seipso

369 3909 625 3971 tanquam
639 3901 846 3955 alienus
867 3909 923 3955 et
944 3908 1259 3963 extraneas,
1289 3898 1385 3952 sed
1404 3905 1464 3952 ut
1485 3906 1614 3968 puta
1636 3898 1794 3953 unius
1815 3900 1961 3969 ejus-

368 3994 601 4062 demque
635 4001 845 4047 naturae
870 3991 1071 4057 socius,
1097 4005 1218 4061 quae
1239 3990 1416 4045 Patris
1438 3996 1493 4047 et
1512 3990 1635 4044 Filii
1659 3981 1963 4046 communia

370 4093 516 4150 sunt,
543 4085 621 4138 ait
642 4092 695 4137 et
725 4084 983 4153 loquitur.
1010 4082 1150 4137 Nam
1172 4084 1217 4137 si
1246 4064 1480 4152 propriis
1500 4082 1832 4151 loqueretur,
1854 4098 1963 4137 non

370 4181 547 4229 solum
577 4190 607 4229 a
633 4175 797 4231 Patre
824 4175 1054 4242 alienus,
1084 4174 1178 4231 sed
1204 4182 1259 4229 et
1288 4174 1450 4229 fallax
1475 4183 1531 4229 et
1557 4175 1811 4244 deceptor
1837 4189 1963 4246 pro-

369 4268 456 4323 cul
479 4267 641 4322 dubio
665 4268 980 4336 haberetur,
1013 4268 1289 4338 quoniam,
1322 4276 1383 4322 ut
1406 4268 1484 4323 ait
1519 4267 1719 4333 Filius,
1778 4267 1963 4325 Omnis

370 4363 458 4430 qui
482 4362 716 4431 loquitur
750 4363 1082 4417 mendacium
1102 4404 1115 4428 ,
1143 4363 1208 4417 de
1228 4363 1452 4433 propriis
1500 4362 1732 4433 loquitur
1776 4361 1959 4432 (Joan.

372 4467 489 4514 vnn,
521 4451 637 4522 44),
669 4461 724 4506 et
752 4452 876 4507 ideo
915 4453 1004 4507 hic
1030 4468 1217 4507 verum
1265 4453 1521 4522 loquitur,
1571 4452 1699 4523 quia
1746 4467 1855 4507 non
1892 4451 1961 4505 de

373 4543 592 4613 proprio
619 4582 635 4608 ,
660 4542 714 4597 id
738 4551 851 4608 est,
879 4559 987 4597 non
1035 4559 1064 4597 ει
1106 4544 1395 4613 semetipso
1414 4585 1427 4610 ,
1460 4543 1556 4599 sed
1585 4543 1652 4598 de
1680 4542 1878 4608 Patris,
1909 4549 1964 4596 et

374 4630 514 4695 Filii,
551 4646 672 4701 qua:
695 4631 960 4702 loquenda
992 4640 1136 4697 sunt,
1167 4632 1427 4701 loquitur.
1458 4630 1536 4685 De
1561 4648 1675 4686 meo
1694 4672 1709 4697 ,
1755 4631 1963 4701 inquit,

375 4721 621 4791 accipiet,
653 4732 703 4775 et
730 4722 1062 4776 annuntiabit
1089 4722 1230 4777 vobis
1272 4721 1454 4788 (Joan.
1480 4736 1591 4786 xvr,
1635 4720 1744 4791 14).
1793 4720 1863 4776 Ει
1907 4732 1967 4776 ut

376 4811 688 4865 ostenderet
715 4812 819 4867 hoc
842 4828 962 4868 esse
990 4828 1021 4867 a
1052 4828 1111 4869 se
1138 4813 1402 4881 accipere,
1429 4812 1571 4883 quod
1597 4820 1682 4867 est
1711 4813 1875 4868 etiam
1900 4812 1967 4868 de

377 4900 536 4957 Patre
563 4905 860 4973 sumpsisse
888 4920 969 4972 se,
1015 4906 1110 4960 ait.
1141 4905 1266 4960 Ideo
1302 4906 1413 4960 dixi
1443 4905 1509 4960 de
1538 4920 1661 4959 meo
1703 4905 1962 4976 accipiet,

378 4997 499 5065 quia
544 4998 721 5051 omnia
768 5015 885 5070 qua:
927 4998 1078 5053 habet
1120 4996 1304 5064 Pater,
1331 5015 1449 5052 mea
1476 5006 1617 5052 sunt.
1645 4997 1809 5053 Vides
1838 5012 1969 5069 ergo

382 5085 645 5157 Spiritum
688 5098 936 5146 sanctum
977 5105 1009 5145 a
1038 5090 1200 5147 Patre
1226 5097 1281 5145 et
1309 5088 1449 5144 Filio
1478 5104 1584 5143 non
1615 5103 1735 5144 esse
1762 5088 1966 5145 discre—

380 5186 514 5245 tum,
545 5181 673 5235 dum
695 5196 761 5236 ea
781 5182 1024 5253 loquitur
1046 5197 1166 5251 quae
1190 5180 1369 5236 Patris
1387 5188 1444 5237 et
1459 5179 1586 5236 Filii
1611 5180 1830 5251 propria
1849 5194 1970 5237 esse

383 5280 703 5328 noscuntur.
739 5294 759 5327 ι

452 5359 618 5434 756
652 5363 974 5435 Unigenitus
1004 5363 1169 5433 igitur
1194 5362 1292 5418 Dei
1317 5362 1520 5428 Filius,
1570 5362 1683 5417 sive
1728 5361 1966 5433 Spiritus

413 5583 427 5595 .
444 5525 479 5601 Ῠι
512 5514 672 5571 Hunc
692 5533 907 5601 quoque
931 5517 1132 5601 librpm
1154 5525 1378 5601 parturn.
1394 5530 1516 5571 esse
1536 5524 1724 5599 sancto
1729 5515 1967 5601 ‘Atbana:

385 5587 464 5639 sio
502 5587 838 5657 suppositum
879 5589 1137 5659 gravibus
1167 5587 1468 5642 rationibus
1491 5587 1750 5641 evincunt
1768 5587 1963 5641 eruditi

364 5654 619 5714 Onerum
673 5660 909 5714 editores
961 5668 1090 5713 tom.
1139 5657 1217 5714 II.
1248 5671 1369 5714 nan.
1402 5656 1528 5711 205.
1566 5656 1687 5711 Vid.
1727 5655 1963 5714 Ceillier.

392 5671 619 5776 ﬂorum
673 5671 909 5714 editores
961 5671 1090 5713 tom.
1139 5671 1217 5723 ιι,
1248 5671 1369 5726 pag.
1402 5671 1528 5711 205.
1574 5671 1687 5711 VIa.
1727 5671 1963 5723 ueluter,

445 5738 531 5781 ut.
560 5731 676 5797 gen.
702 5728 794 5785 das
820 5728 1044 5786 Auum
1073 5731 1267 5789 sacres.
1294 5734 1425 5782 tom.
1452 5726 1517 5791 ν,
1549 5736 1672 5797 pag.
1712 5724 1837 5786 983.

2048 1882 2188 1936 sicut
2208 1880 2319 1949 jam
2349 1896 2511 1952 supra
2538 1880 2741 1935 dictum
2770 1886 2877 1944 est.
2904 1887 2960 1932 et
2982 1879 3163 1933 unitas
3184 1878 3241 1932 in
3264 1877 3549 1943 Trinitate,
3579 1885 3634 1933 et

2049 1972 2285 2027 Trinitas
2309 1971 2364 2025 in
2392 1971 2603 2025 unitate
2622 1969 2927 2025 veneranda
2962 1970 3052 2023 sit.
3081 1968 3184 2036 Qui
3215 1967 3330 2023 vult
3362 1982 3493 2039 ergo
3526 1965 3631 2022 sal-

2048 2078 2149 2117 vus
2177 2077 2318 2128 esse,
2348 2062 2423 2115 ita
2447 2059 2514 2115 de
2532 2060 2800 2114 Trinitate
2830 2060 3049 2114 sentiat.
3085 2079 3104 2112 ι

2115 2154 2230 2209 Hac
2252 2153 2415 2222 igitur
2440 2151 2758 2207 credulitate
2787 2165 2887 2206 nec
2913 2151 3152 2207 Trinitas
3181 2166 3213 2206 a
3240 2150 3398 2206 nobis
3417 2148 3637 2205 confun-

2048 2245 2217 2309 ditur,
2245 2258 2349 2298 nec
2382 2242 2755 2297 substantialis
2775 2242 2957 2295 unitas
2987 2250 3292 2311 separatur,
3316 2240 3411 2296 sed
3430 2247 3636 2295 certam

2049 2345 2105 2392 et
2129 2333 2525 2390 immutabilem
2574 2333 2857 2389 catholica:
2882 2331 3007 2387 ﬁdei
3034 2332 3357 2388 conﬁtemur
3381 2340 3435 2387 et
3466 2330 3640 2401 sequi-

2049 2442 2173 2481 mur
2202 2424 2464 2494 regulam,
2498 2439 2597 2494 per
2623 2440 2785 2493 quam
2818 2423 2963 2477 beati
2992 2422 3222 2493 apostoli
3249 2431 3304 2477 et
3336 2430 3636 2492 martyres,

2050 2524 2107 2571 et
2139 2529 2326 2569 omnes
2353 2513 2455 2567 viri
2492 2512 2725 2582 religiosi
2754 2520 2811 2566 et
2849 2511 3139 2567 sanctitate
3162 2511 3375 2581 praediti
3409 2510 3639 2582 gratiam

2052 2612 2369 2659 meruerunt
2398 2603 2599 2658 habere
2628 2603 2886 2669 divinam,
2913 2610 2967 2656 et
2992 2618 3142 2672 spem
3170 2601 3426 2671 perennis
3462 2598 3642 2669 adepti

2054 2710 2180 2757 sunt
2207 2702 2351 2765 vitae,
2373 2707 2429 2754 et
2456 2699 2696 2755 caelestis
2722 2698 2871 2769 regni
2899 2696 3291 2753 beatitudinem
3313 2695 3489 2751 sortiti
3517 2699 3643 2749 sunt

2056 2794 2462 2864 sempiternam.

2495 2902 2731 2960 DOMINI
2774 2913 2797 2943 ο
2837 2900 3215 2960 AUGUSTINI
3304 2940 3305 2947 η

2289 3012 2627 3053 EXPLLNATIO
2664 3009 2915 3051 κῖδτειιιι
2955 3010 3028 3050 SS.
3073 3008 3401 3049 TRINITATIB.

2129 3110 2289 3167 Certe
2316 3108 2427 3163 vita
2454 3115 2538 3162 est
2560 3106 2825 3162 Christus.
2868 3106 2936 3160 Et
2975 3106 3020 3161 si
3046 3113 3193 3160 certa
3219 3104 3331 3159 vita
3365 3110 3448 3158 est
3472 3101 3633 3158 Chri-

1981 3152 2031 3217 (ἶ
2064 3152 2198 3247 suis,
2226 3194 2393 3249 quare
2419 3187 2635 3233 mortua
2664 3185 2757 3249 est
2789 3177 2933 3249 vita?
2970 3176 3113 3249 Idem
3158 3175 3416 3229 Dominus
3461 3182 3649 3249 noster

2061 3245 2219 3307 Iesus
2243 3245 2495 3304 Christus
2534 3256 2588 3303 et
2627 3248 2764 3302 mori
2791 3248 2963 3318 potuit
2988 3247 3041 3318 in
3067 3261 3231 3318 unum
3249 3286 3264 3311 ,
3296 3254 3350 3299 et
3372 3260 3479 3299 non
3508 3245 3648 3299 mori

2059 3338 2127 3378 ex
2154 3322 2361 3376 altero:
2396 3319 2586 3385 Quaere
2612 3316 2844 3373 mortem
2870 3333 2883 3372 :
2910 3318 2965 3372 in
3008 3316 3186 3372 Verbo
3224 3331 3495 3385 nunquam
3528 3330 3650 3369 esse

2058 3392 2267 3464 potuit?
2287 3384 2477 3467 Quagre
2499 3400 2729 3444 mortem
2759 3404 2773 3442 :
2804 3388 2858 3442 in
2882 3388 3061 3467 anima
3067 3384 3365 3467 punquam
3380 3384 3499 3467 fuit,
3522 3386 3649 3467 quia

2060 3457 2188 3518 vera
2217 3476 2364 3516 mors
2393 3459 2523 3525 fuit;
2547 3475 2687 3514 unus
2707 3467 2869 3529 atque
2896 3459 3039 3513 idem
3061 3457 3310 3529 Christus
3333 3464 3439 3529 est,
3467 3457 3561 3524 qui
3586 3463 3645 3510 et

2063 3533 2311 3605 injuriam
2336 3540 2480 3605 totus
2506 3530 2747 3605 pertulit,
2780 3527 2926 3585 salva
2956 3528 3194 3597 potentia
3226 3527 3559 3591 divinitatis;
3592 3534 3649 3580 et

2054 3600 2237 3672 jactus
2268 3602 2323 3656 in
2348 3600 2675 3673 profundum
2700 3616 2807 3673 non
2840 3614 3074 3673 mersus.

2134 3666 2428 3743 Interrogo.
2471 3670 2589 3743 Ipse
2629 3680 2711 3743 est
2749 3670 2935 3743 Pater_
2959 3670 3061 3743 qui
3082 3669 3283 3725 Filius?
3310 3666 3601 3743 Respondit
3628 3681 3647 3719 :

2060 3744 2214 3800 Absit
2239 3762 2251 3796 :
2278 3737 2385 3797 non
2410 3737 2628 3811 est—ipse
2660 3742 2819 3796 Pater
2846 3740 2939 3811 qui
2965 3737 3134 3796 Filius
3160 3759 3172 3795 :
3200 3754 3372 3809 neque
3416 3737 3652 3808 Spiritus

2061 3822 2281 3868 sanctus
2307 3813 2422 3881 ipse
2443 3812 2532 3879 qui
2558 3811 2738 3881 Pater.

2134 3884 2299 3937 Inter.
2327 3875 2607 3947 Quomodo
2638 3880 2761 3948 quia
2785 3879 2839 3933 in
2868 3881 3118 3949 personis
3140 3879 3278 3933 alius
3294 3878 3483 3949 Pater,
3502 3875 3653 3949 alius

2062 3952 2253 4078 Ιτίἓιιςί³
2282 3946 2419 4005 alius
2443 3946 2678 4020 Spiritus
2703 3946 2963 4004 sanctus?
2985 3950 3050 4003 Et
3079 3964 3187 4003 non
3216 3948 3433 4019 quidem
3470 3946 3613 4017 aliud
3633 3986 3653 4013 ,

2064 4039 2122 4078 se
2185 4038 2212 4076 a
2239 4038 2340 4076 IIIS.

2064 4038 2159 4078 seu
2185 4038 2340 4076 auus.

2135 4092 2303 4147 Inter.
2346 4091 2526 4162 Ipsum
2569 4089 2723 4162 [Msu
2752 4089 2898 4162 istud
2931 4090 3156 4161 smpius,
3188 4090 3271 4144 hic
3300 4098 3350 4144 et
3371 4086 3538 4159 infral
3568 4095 3656 4143 est

2063 4163 2249 4229 Pater,
2284 4160 2428 4233 quod
2456 4160 2657 4233 Filius?
2682 4160 2838 4231 Resp.
2869 4160 3069 4233 Ipsum.

2133 4228 2320 4289 Inter:
2340 4233 2453 4288 Hoc
2478 4241 2561 4288 est
2585 4232 2766 4297 Pater,
2786 4228 2939 4301 quod
2968 4229 3174 4301 Filius?
3209 4229 3373 4301 Resp.
3404 4228 3519 4301 Hoc
3543 4237 3649 4284 est.

2133 4303 2301 4358 Inter.
2330 4304 2448 4373 Ipse
2472 4312 2555 4358 est
2579 4302 2760 4367 Pater,
2785 4298 2878 4371 qui
2903 4300 3106 4373 Filius?
3130 4300 3285 4371 Resp.
3314 4298 3472 4373 gbsit
3500 4317 3512 4352 :
3542 4314 3652 4373 nou

2064 4375 2286 4499 gsiipse
2311 4369 2495 4439 Pater,
2520 4373 2612 4445 qui
2639 4369 2837 4436 Filius,
2874 4372 2969 4428 sed
2996 4372 3173 4442 ipsum
3197 4369 3281 4427 est
3316 4369 3478 4425 Pater
3507 4369 3653 4440 quod

2111 4462 2129 4499 ι
2151 4461 2255 4499 IIIS.

2111 4461 2255 4499 IIIUS.

2136 4514 2301 4569 Inter.
2343 4514 2486 4569 Deus
2508 4512 2690 4580 Pater,
2718 4514 2809 4583 qui
2835 4521 2923 4568 est
2948 4520 3073 4567 ante
3100 4512 3379 4583 saeculaget
3400 4510 3452 4583 in
3486 4509 3650 4583 finem

2068 4586 2270 4665 saeculi,
2308 4585 2425 4665 ipse
2457 4593 2616 4665 natus
2639 4592 2723 4640 est
2736 4580 2815 4665 ’ἀς
2836 4584 3055 4665 Virgine
3070 4583 3093 4636 ?
3110 4581 3267 4654 Resp.
3290 4581 3445 4665 Absit
3470 4598 3483 4634 :
3509 4580 3654 4665 Deus

2065 4650 2370 4725 Pater,qui
2390 4664 2475 4710 est
2500 4663 2624 4710 ante
2652 4654 2848 4725 saecula
2868 4650 2997 4708 etin
3022 4650 3183 4725 ﬁnem
3204 4650 3410 4725 smculi,
3440 4667 3547 4705 non
3568 4661 3653 4707 est

2068 4723 2372 4853 igisevnat'us
2396 4726 2463 4782 de
2486 4725 2738 4795 Virgine;
2767 4724 3027 4780 Dominus
3049 4723 3218 4778 Filius
3238 4723 3353 4793 ipse
3381 4729 3540 4777 natus
3568 4731 3653 4778 est

2110 4811 2141 4851 e
2222 4812 2409 4853 iraine.

2110 4811 2141 4851 Β
2179 4811 2409 4851 ῪΙῙἨΙΠΘ.

2074 4815 2513 4993 ἓθιιῖἶὲξηὲὲιυρι
2554 4865 2716 4921 Pater
2760 4863 2960 4935 aliquid
2993 4878 3280 4920 commune
3326 4879 3451 4920 cum
3478 4862 3651 4918 Filio?

2124 4954 2230 4993 εδυ.
2306 4955 2336 4992 a
2436 4978 2449 4990 .

2124 4954 2230 5009 esp.
2259 4945 2449 5009 Habet.

2143 5002 2311 5062 Inter.
2338 5008 2477 5074 Quid
2521 5006 2718 5063 habet?
2743 5004 2898 5076 Resp.
2925 5004 3308 5061 Eternitatem
3356 5012 3412 5060 et
3456 5002 3652 5060 divini-

2072 5085 2260 5132 tatem.

2146 5148 2314 5203 Inter.
2350 5147 2524 5219 Habet
2545 5148 2706 5219 Pater
2733 5146 2937 5217 aliquid
2962 5149 3264 5219 pr0prium,
3305 5145 3450 5217 quod
3478 5142 3649 5199 Filius

2074 5234 2182 5293 non
2212 5218 2412 5293 habet?
2433 5217 2596 5293 Resp.
2621 5217 2814 5293 Habet.

2147 5288 2313 5343 Inter.
2345 5288 2483 5356 Quid
2512 5282 2887 5359 liabetiliesp.
2927 5286 3311 5344 IEternitatem
3341 5287 3458 5341 sine
3493 5282 3642 5339 nati-

2074 5359 2257 5423 vitate,
2292 5375 2357 5416 eo
2379 5359 2523 5431 quod
2547 5358 2818 5432 ingenitus
2836 5358 2942 5415 est.

2073 5516 2175 5642 “3
2197 5515 2430 5657 Cgéisule
2456 5526 2588 5574 tom.
2623 5515 2666 5571 II
2693 5514 2930 5588 Operam
2966 5515 3141 5571 sancti
3168 5512 3489 5579 Athanasii,
3516 5526 3643 5584 pag.

2202 5604 2228 5643 s
2299 5604 2353 5656 q.

2202 5604 2332 5656 seqq
2340 5628 2353 5640 .

2146 5669 2166 5695 ε
2200 5658 2277 5713 Ita
2309 5673 2408 5714 ms.
