4072 6346
509 263 576 319 87
1362 266 1423 321 Β.
1463 265 1524 319 F.
1562 262 1785 319 ALBINI
1821 262 1956 322 SEU
1992 263 2269 322 ALCUINI
2299 264 2580 324 OPERUM
2617 268 2796 326 PARS
2830 270 2917 328 III.
3676 282 3747 338 88

506 378 763 461 adversus
789 376 1309 461 Elipandum‘edidit.
1343 378 1500 461 llisee
1526 378 1582 432 in
1603 376 1746 461 locis
1763 377 1829 432 de
1849 378 2071 461 epistola
2100 382 2149 442 Α
2177 378 2414 446 debebit,
2464 395 2630 451 quam
2665 382 2900 453 antiquis
2945 383 2999 437 in
3043 382 3269 439 scientia
3313 401 3412 443 sua
3449 392 3747 461 corporalis

504 448 887 513 cohortatoria,
926 448 1214 518 etquidem
1237 456 1296 502 ut
1314 449 1545 518 videtur,
1575 448 1808 518 privata,
1835 447 1904 503 ad
1927 447 2070 504 Feli-

502 533 619 573 cem
651 518 811 573 missa
841 530 866 558 ι
897 517 1075 573 sermo
1100 527 1201 581 est,
1248 519 1301 572 in
1328 517 1523 573 litteris
1560 517 1740 572 autem
1782 518 1851 573 ad
1889 533 2076 573 mona-

502 588 634 642 chos
678 587 887 643 Gothiaa
913 588 980 643 de
1022 595 1252 644 tractatu
1288 588 1571 657 polemico,
1615 596 1777 658 atque
1802 587 1871 642 ad
1898 589 2073 658 publi-

501 671 624 729 cum
652 658 871 723 bonum,
894 666 953 712 ut
975 673 1085 729 prq
1093 666 1245 729 scuto
1262 673 1385 729 eum
1408 659 1630 715 haberet
1652 657 1915 729 catholica
1939 657 2074 714 ﬁdes

499 727 758 810 adversus
780 727 1025 810 bzeresiin
1047 727 1237 783 Felicis
1263 728 1406 810 edito
1429 728 1829 810 agiturhqualis
1854 729 2071 810 quidem

498 805 583 850 est
628 805 890 853 tractatus
936 799 1039 851 iste
1080 813 1239 867 quem
1282 799 1487 853 edimus
1522 817 1533 851 :
1568 799 1703 852 nihil
1733 799 1875 853 enim
1910 799 1965 853 in
2007 814 2072 854 eo

495 874 580 938 est
601 868 749 938 quod
797 869 1216 938 cohortatoriam
1256 867 1535 938 epistolam
1568 870 1761 938 sapiat,
1793 877 1885 922 aut
1927 869 2070 937 quod

495 936 563 989 ad
600 935 832 991 Felicem
858 935 1023 992 fuisse
1052 935 1520 994 missum'indicet.
1553 935 1876 993 En'Alcuini
1905 935 2069 993 verba

492 1005 547 1058 in
560 1006 750 1078 primo
771 1022 837 1061 ex
863 1017 1066 1076 septem
1089 1010 1346 1063 adversus
1372 1008 1603 1064 Felicem
1630 1010 1845 1078 scriptis
1870 1009 2022 1063 libris
2049 1027 2063 1062 :

499 1095 517 1125 ι
555 1075 756 1149 _Scripsi
782 1075 1062 1148 epistolam
1084 1079 1292 1147 pridem
1319 1078 1481 1133 Felici
1511 1075 1763 1149 episcopo
1787 1078 2068 1134 charitatis

491 1145 699 1200 calamo
735 1145 841 1201 non
888 1145 1244 1203 contentionis
1282 1145 1831 1213 stimuloffratérnaz
1876 1149 2067 1206 salutis

489 1214 780 1290 desiderio,
826 1233 957 1290 non‘
985 1219 1261 1290 mordacis
1274 1219 1727 1290 reprehensionis
1769 1220 1930 1290 stylo,
1969 1235 2064 1273 cu-

490 1286 643 1354 piens
670 1303 791 1342 eum
819 1288 1093 1359 corrigere
1133 1290 1186 1343 in
1226 1286 1427 1342 Christi
1448 1289 1764 1359 dilectione,
1795 1286 1899 1344 etc.
1917 1286 1941 1354 ⁷;
1972 1290 2066 1344 sed

486 1364 547 1408 ut
570 1372 822 1425 agnosco,
864 1358 1062 1414 non'eo
1087 1358 1368 1414 charitatis
1400 1358 1600 1424 ofﬁcio,
1632 1359 1716 1413 vel
1747 1360 2066 1415 humilitatis

484 1426 743 1499 obsequio
784 1444 917 1484 mea:
946 1429 1211 1483 litterulas
1255 1428 1555 1499 diligentiae,
1586 1430 1807 1499 recepit,
1844 1445 1951 1499 quo
1978 1445 2065 1485 me

482 1497 743 1562 scribere,
768 1499 860 1567 qui
882 1514 1056 1554 meam
1086 1499 1301 1570 pietatis
1330 1497 1524 1553 intuitu
1545 1497 1735 1570 legerit
1756 1497 2061 1569 epistolam,

484 1579 777 1638 agnoscere
806 1569 1021 1638 poterit.
1062 1589 1081 1621 ι

552 1635 714 1759 720
741 1635 873 1693 Cum
904 1640 986 1694 his
1000 1640 1303 1721 _concinunt
1327 1654 1447 1709 qua:
1474 1639 1529 1693 in
1560 1641 1736 1709 primo
1769 1639 2061 1722 libro_con-

552 1722 562 1757 I
655 1707 927 1759 lmandum
965 1725 1108 1759 Circa
1154 1709 1387 1759 medium
1432 1710 1684 1759 leguntur
1721 1728 1734 1759 :
1770 1729 1789 1759 ι
1825 1709 1922 1759 Cll]
1954 1711 1971 1759 (
2004 1710 2058 1759 id

480 1710 562 1757 tra
610 1707 927 1781 Elipandum
965 1710 1108 1764 circa
1142 1707 1387 1781 medium
1432 1707 1684 1780 leguntur
1721 1728 1734 1764 :
1770 1729 1789 1762 ι
1825 1709 1923 1765 Cui
1954 1711 1971 1781 (
2004 1710 2058 1764 id

478 1782 562 1849 est
609 1776 771 1849 Felici
796 1778 829 1849 )7
852 1779 905 1832 in
955 1781 1055 1834 has
1089 1779 1378 1834 adveniens
1422 1776 1606 1848 partes
1649 1781 1929 1836 charitatis
1962 1776 2061 1834 'ca-

479 1843 617 1899 lamo
644 1843 923 1919 epistolam
954 1843 1499 1919 exhortatoriamJut
1532 1863 1590 1919 se
1620 1850 1896 1905 catholicae
1928 1849 2056 1919 jun-

511 1918 877 2003 eret‘unitati,_
901 1920 1135 2003 dirigere
1161 1918 1366 2003 etgravi.
1395 1918 1492 1973 Cui
1523 1918 1611 1973 ille
1638 1935 1742 2003 non
1782 1918 2058 2003 epistOlari

512 1935 625 1997 cret
646 1935 854 1981 uintau,
901 1935 1135 2042 dirigere
1161 1935 1366 1999 cura“.
1395 1935 1492 1973 ωλι
1523 1935 1611 1973 lue
1638 1935 1742 1974 non
1782 1935 2054 2003 epistolam

512 1995 758 2059 revitate,
784 1990 888 2059 sed
907 1989 1010 2044 libe
1032 1990 1067 2043 li
1094 1987 1402 2059 prolixitate
1426 1990 1755 2059 respondere
1779 2006 1929 2045 nisus
1951 1997 2054 2044 est.

452 2052 569 2107 -Cui
616 2056 795 2129 libello
844 2057 959 2126 ejus
1014 2052 1218 2129 septem
1269 2067 1466 2113 nostra:
1515 2052 1816 2116 devotionis
1864 2060 2057 2116 libellis

470 2127 848 2247 (r‘espondimus
871 2169 887 2195 ,
946 2127 1136 2185 omnes
1193 2137 1387 2186 vestra:
1441 2129 1727 2199 pravitatis
1786 2146 2057 2187 evacuans

506 2209 571 2247 0C
599 2212 762 2247 rmas.
790 2218 809 2247 ι

506 2197 762 2252 octrinas.
790 2218 809 2249 ι

544 2263 712 2320 Porro
749 2268 948 2323 laudati
988 2268 1267 2323 litterariae
1298 2268 1597 2325 Galliarum
1637 2270 1888 2326 Historia
1921 2270 2056 2326 scri-

467 2343 651 2402 ptores
702 2336 869 2392 libelli
913 2338 980 2392 ab
1006 2338 1233 2394 Alcuino
1274 2339 1533 2395 adversus
1581 2340 1847 2405 Felicem,
1902 2349 2055 2397 ante-

468 2417 867 2478 quamseptcm
897 2408 1015 2462 illos
1045 2417 1297 2464 exararet
1318 2410 1505 2473 libros,
1528 2410 1659 2466 editi
1686 2412 2053 2467 testimonium

469 2474 655 2529 haberi
686 2474 968 2550 autumant
991 2481 1153 2534 etiam
1188 2482 1239 2534 in
1264 2481 1490 2549 epistola
1515 2497 1674 2550 quam
1705 2483 1772 2536 ad
1798 2480 2051 2538 Carolum

468 2559 648 2616 regem
686 2546 947 2604 Alcuinus
981 2551 1127 2605 dedit
1147 2551 1196 2615 δ,
1225 2546 1349 2606 cuin
1380 2546 1577 2673 rogans
1606 2559 1666 2606 ut
1702 2561 1906 2635 septem
1931 2553 2052 2609 illos

468 2614 633 2672 libros
658 2621 1013 2673 examinaret.
1038 2622 1353 2673 nriusauam
1378 2621 1432 2673 in
1479 2636 1633 2673 ucem
1658 2633 1925 2673 venirent.
1951 2624 2052 2673 Ve-

467 2614 645 2691 libros
658 2621 1013 2691 examinaret,
1038 2614 1353 2691 priusquam
1378 2621 1432 2675 in
1445 2614 1633 2676 lucem
1658 2614 1925 2679 venirent.
1951 2624 2053 2678 Ve-

466 2701 585 2760 rum
631 2689 684 2742 in
733 2690 836 2745 hoc
864 2689 1077 2760 quoque
1107 2689 1226 2748 loco
1256 2692 1322 2745 ad
1352 2707 1624 2747 summum
1649 2692 1716 2749 de
1743 2695 1930 2749 eadem
1962 2694 2051 2749 illa

463 2756 824 2835 cohortatoria
866 2756 1509 2835 epistolatestimonium
1552 2762 1769 2833 aliquod
1808 2772 2048 2835 apparet,

462 2828 760 2901 etquidem
790 2828 1162 2901 tantummodo
1212 2831 1548 2901 conjicienda
1593 2828 1950 2901 assequimur,
1982 2828 2049 2889 ex

464 2896 648 2974 relatis
685 2900 940 2954 nimirum
982 2901 1116 2974 locis
1146 2896 1423 2974 constare,
1459 2905 1602 2974 quod
1627 2896 1808 2959 libello
1831 2896 2047 2973 Felicis,

461 2966 548 3045 cui
570 2978 790 3045 septem
814 2972 1046 3045 oppositi
1071 2980 1205 3045 sunt
1223 2973 1365 3045 libri,
1393 2966 1653 3045 anteriori
1688 2974 1795 3030 alio
1820 2966 2046 3045 scripto,

461 3037 828 3113 cohortatoria
849 3037 1105 3113 videlicet
1127 3043 1374 3113 epistola,
1420 3044 1679 3100 Alcuinus
1707 3037 2044 3101 occasionem

459 3107 699 3186 dederat.
729 3111 983 3186 Epistolas
1004 3113 1071 3168 ad
1091 3107 1344 3186 Carolum
1361 3107 1542 3186 regem
1572 3117 1736 3170 verba
1749 3117 1863 3172 haec
1884 3125 2040 3172 sunt:

464 3194 484 3227 ι
524 3178 714 3259 Yestra
744 3178 871 3259 nulli
902 3185 1295 3259 contemnenda
1332 3178 1626 3259 auctoritas
1657 3194 1855 3243 nostra:
1886 3188 2046 3244 devo-

464 3266 483 3299 ι
520 3250 655 3329 tioni
702 3254 976 3329 mandavit
1016 3264 1415 3329 contra__novas
1457 3257 1735 3329 haeretica}
1764 3259 2047 3329 pravitatis

464 3335 483 3367 ι
520 3318 860 3399 inventiones
886 3324 1087 3394 aliquid
1117 3327 1379 3399 scribere,
1413 3337 1575 3396 atque
1599 3318 1781 3399 libello
1817 3345 2044 3399 respon-

466 3405 484 3439 ι
519 3392 649 3445 dere
696 3407 857 3471 quem
905 3392 1097 3471 contra
1147 3412 1247 3471 nos
1286 3392 1717 3471 Felix__quidam
1758 3392 2045 3471 episcopus

456 3470 711 3583 l«livlestraa
746 3464 945 3520 direxit
992 3466 1321 3523 auctoritati.
1358 3489 1377 3520 ι
1431 3464 1721 3539 Hucusque
1749 3464 1818 3526 cl.
1852 3464 2045 3543 Foggi-

553 3546 601 3583 s.

518 3545 601 3587 IIS.

644 3679 1045 3755 INCIPIT
1116 3684 1438 3758 LIBER
1491 3685 1819 3760 ALBIN
1825 3686 1918 3812 1,.

526 3810 721 3879 QUEM
758 3813 986 3870 EDIDIT
1019 3814 1297 3872 CONTRA
1334 3815 1662 3873 HJERESIN
1698 3810 1981 3874 FELICIS.

524 3947 567 4003 Ι.
596 3948 849 4021 Legimus
879 3950 934 4004 in
955 3950 1232 4005 saecularis
1254 3951 1572 4007 litteratum
1592 3952 1856 4017 historiis,
1883 3967 2043 4023 quos-

454 4039 580 4095 dam
608 4041 756 4097 viros
780 4040 1112 4097 medicinalis
1137 4042 1269 4097 artis
1295 4042 1519 4111 peritos,
1562 4041 1690 4096 dum
1719 4042 1930 4111 aliquas
1956 4042 2039 4097 ci-

455 4130 647 4187 vitates
676 4130 994 4201 pestilentia:
1022 4131 1108 4185 lue
1136 4129 1362 4186 infectas
1406 4129 1711 4196 audierunt,
1750 4144 1935 4186 amore
1964 4130 2042 4186 ci-

454 4221 602 4276 vium
648 4236 889 4287 suorum,
933 4223 1149 4292 aliquod
1191 4222 1571 4277 medicamenti
1597 4236 1768 4294 genus
1812 4222 2040 4291 provida

454 4312 817 4370 sollicitudine
852 4314 1209 4385 excogitasse,
1242 4328 1349 4383 quo
1378 4313 1525 4369 cives
1563 4328 1692 4369 suos
1720 4328 1751 4367 a
1781 4327 2037 4383 grassari--

455 4406 526 4461 tis
550 4406 723 4461 morbi
756 4405 1100 4462 infestatione
1123 4406 1541 4476 praemunirent,
1575 4420 1643 4461 ne
1668 4406 1921 4477 ingruens
1947 4421 2041 4476 pe-

454 4497 683 4553 riculum
726 4513 793 4555 ex
840 4498 1117 4568 inSperato
1160 4506 1373 4567 partem
1418 4504 1661 4568 cognatae
1704 4495 2044 4551 subverteret

455 4586 831 4643 multitudinis.
862 4586 975 4641 Hoc
1001 4586 1144 4641 idem
1170 4596 1370 4640 nostra:
1394 4585 1609 4639 videtur
1630 4584 1893 4652 agendum
1922 4597 2046 4638 esse

454 4680 728 4735 devotioni
763 4687 953 4735 contra
1004 4677 1273 4734 haeretica:
1309 4676 1593 4747 pravitatis
1643 4674 2041 4744 pestilentiam,

455 4790 686 4845 quorum
711 4774 961 4830 doctrina
1001 4781 1063 4827 ut
1086 4787 1282 4828 cancer
1310 4770 1497 4841 serpit,
1547 4778 1607 4824 ut
1633 4769 1781 4823 virus
1808 4767 2045 4825 infundi-

460 4877 567 4935 tur,
615 4876 675 4923 ut
717 4883 984 4923 venenum
1032 4866 1340 4937 serpentino
1381 4866 1540 4920 dente
1586 4865 1874 4935 ingestum,
1906 4879 2045 4934 quos

456 4958 678 5026 laceret,
725 4959 939 5015 occidit.
986 4958 1099 5013 Nec
1142 4957 1412 5027 posterior
1458 4956 1613 5011 nobis
1660 4956 1713 5010 in
1759 4956 2041 5012 catholicae

458 5049 583 5105 ﬁdei
614 5050 839 5106 veritate
876 5050 1179 5105 animarum
1221 5047 1527 5103 sollicitudo
1556 5046 1882 5117 integritatis
1919 5062 2039 5103 esse

531 5214 557 5242 ι
584 5202 659 5283 De
703 5203 794 5283 illa
839 5210 1017 5283 certe,
1069 5216 1228 5283 quam
1274 5198 1441 5283 paulo
1480 5206 1620 5283 pos:
1638 5199 2035 5267 exhibebimus,

458 5284 580 5343 qua:
610 5274 672 5327 D.
708 5272 1021 5344 Fogginium
1051 5268 1344 5326 etiamnum
1375 5268 1547 5323 latuit.
1579 5268 1815 5323 Fnonsn.

532 5344 561 5384 δ
590 5344 823 5398 Enistola
846 5343 998 5395 libris
1016 5357 1090 5395 vn
1120 5340 1339 5398 praeﬁxa
1370 5339 1530 5394 infra.

534 5356 561 5384 υ
592 5356 823 5413 ιεριεῐοιε
847 5356 998 5395 ιιητιε
1016 5357 1090 5395 vn
1120 5356 1339 5411 pramxa
1370 5356 1530 5394 intra.

534 5426 556 5452 ε
590 5414 741 5468 Hunc
764 5413 974 5467 titulum
1002 5412 1163 5466 habet
1186 5411 1299 5479 ipse
1331 5412 1499 5465 codex
1526 5427 1627 5466 ms.
1653 5410 2031 5481 praelaudatus.

531 5483 558 5523 ἀ
589 5485 664 5538 De
719 5482 933 5555 synodo
976 5481 1247 5555 Ephesius
1308 5491 1496 5555 auctor
1553 5482 1791 5555 loquitur
1853 5481 2036 5536 habita

464 5570 604 5608 anno
634 5552 820 5608 salutis
843 5552 966 5617 451,
999 5552 1255 5606 ducentos
1274 5562 1452 5607 autem
1476 5553 1530 5607 in
1552 5568 1614 5607 ea
1641 5553 1829 5607 Patres
1848 5565 2038 5605 conve-

464 5627 609 5681 nisse
640 5631 869 5678 testatur
894 5624 1058 5678 etiam
1087 5623 1398 5678 Vincentius
1426 5623 1593 5677 Lirin.
1625 5624 1678 5677 in
1707 5621 2032 5678 Commonit.

390 5708 395 5711 ‘
465 5694 492 5764 5
525 5695 613 5749 43.
645 5693 750 5750 Sed
789 5695 845 5750 in
872 5703 977 5751 act.
1010 5710 1027 5749 ι
1068 5693 1262 5750 concil.
1313 5701 1437 5763 post
1471 5692 1893 5761 subscriptiones
1922 5691 2035 5760 epi-

2171 485 2304 527 cura
2334 471 2521 528 salutis
2550 472 2717 530 fuisse
2740 476 3021 545 probatur.

2241 560 2303 616 Il.
2337 562 2476 619 Ecce
2508 578 2636 634 pars
2656 566 2899 635 quadam
2936 567 3117 623 mundi
3149 568 3415 626 haeretica:
3460 573 3745 642 pravitatis

2169 665 2376 727 veneno
2431 653 2631 709 infecta
2672 663 2776 722 est,
2821 671 3067 713 asserens
3107 657 3380 718 Christum
3408 660 3592 719 Iesum
3632 666 3746 723 Deo

2169 741 2317 799 Patri
2366 758 2554 801 verum
2592 761 2703 801 non
2742 761 2863 803 esse
2909 748 3133 815 Filium;
3186 766 3288 807 nec
3313 754 3610 823 proprium,
3649 758 3745 814 sed

2168 836 2508 907 adoptivum;
2551 846 2606 893 et
2643 837 2963 895 Nestoriana
3008 841 3231 898 haeresis
3270 844 3338 898 ab
3382 843 3621 912 Oriente,
3651 848 3745 904 ubi

2168 928 2420 983 damnata
2463 937 2545 984 est
2575 946 2607 984 a
2638 932 2883 987 ducentis
2919 934 3161 1003 synodali
3204 938 3526 993 auctoritate
3567 939 3746 995 Patri-

2166 1021 2266 1077 bus
2310 1020 2363 1088 ἀ,
2416 1021 2631 1096 longum
2666 1024 3053 1094 postliminium
3102 1028 3449 1097 reviviscens,
3484 1032 3745 1089 latitando

2165 1112 2303 1184 fugit
2343 1114 2397 1169 in
2426 1114 2790 1183 Occidentem,
2819 1126 2882 1172 ut
2906 1119 2996 1174 ubi
3031 1120 3111 1175 sol
3138 1121 3364 1179 visibilis
3390 1124 3459 1178 ab
3486 1124 3657 1181 oculis
3684 1140 3745 1182 se

2165 1204 2443 1259 abscondit
2468 1206 2736 1272 humanis,
2765 1207 2838 1262 ibi
2874 1208 2953 1263 sol
2980 1210 3207 1281 iustitiae
3239 1228 3272 1267 a
3305 1213 3557 1271 cordibus
3592 1230 3743 1272 rece-

2163 1294 2317 1350 deret
2365 1296 2659 1352 inﬁdelium
2689 1296 2891 1371 [Forte,
2934 1299 3218 1376 ﬁdelium].
3248 1303 3530 1362 Nestorius
3576 1307 3743 1378 impia

2164 1389 2463 1445 assertione
2502 1398 2664 1461 negat
2692 1392 3061 1449 beatissimam
3101 1395 3366 1466 virginem
3390 1398 3615 1454 Mariam
3643 1400 3742 1455 Dei

2161 1493 2281 1534 esse
2302 1480 2640 1550 genitricem,
2672 1483 2768 1538 sed
2805 1486 3176 1541 tantummodo
3202 1487 3436 1543 hominis
3452 1505 3465 1517 ·
3492 1488 3742 1543 similiter

2161 1578 2217 1625 et
2251 1571 2360 1635 isti,
2401 1573 2587 1627 eadem
2629 1576 2895 1646 pravitate
2940 1578 3169 1646 decepti,
3215 1586 3415 1650 negant
3459 1594 3579 1634 eam
3612 1594 3743 1633 vere

2158 1661 2282 1717 Filii
2331 1663 2425 1718 Dei
2468 1679 2588 1719 esse
2628 1667 2962 1737 genitricem,
3020 1669 3115 1723 sed
3180 1666 3457 1737 cujusdam
3504 1669 3739 1740 adoptivi

2086 1726 2137 1790 Β
2161 1752 2289 1821 ﬁlii;
2318 1755 2555 1811 volentes
2574 1726 2846 1813 Christum
2879 1726 3047 1813 Deum
3072 1726 3353 1815 nobiscum
3376 1774 3498 1817 esse
3526 1726 3737 1831 adopti-

2159 1860 2307 1912 vum,
2332 1861 2428 1916 per
2457 1862 2619 1917 quem
2660 1865 2759 1904 nos
2794 1849 2905 1904 Deo
2943 1850 3092 1904 Patri
3121 1850 3250 1905 facti
3292 1866 3477 1909 sumus
3504 1853 3742 1922 adoptivi

2159 1935 2276 1990 ﬁlii.
2308 1935 2460 1992 Hanc
2497 1952 2598 2008 ego
2620 1939 2940 2009 pestilentiae
2982 1940 3123 1995 luem
3164 1942 3463 1997 abhorrens
3490 1942 3741 2013 antiquo-

2158 2041 2287 2080 rum!
2307 2025 2526 2081 Patrum
2549 2029 2933 2101 pigmentarias
2971 2032 3302 2100 perscrutari
3328 2032 3516 2088 curavi
3542 2032 3737 2099 cellas;

2155 2116 2242 2171 vel
2281 2118 2599 2186 posterioris
2630 2120 2888 2189 temporis
2923 2120 3309 2175 venerabilium
3334 2121 3616 2177 doctomm
3641 2121 3740 2178 ﬁo-

2155 2209 2331 2264 rentia
2359 2224 2681 2278 percurrere
2721 2219 2875 2280 prata
2898 2210 3171 2277 festinavi,
3216 2219 3278 2267 ut
3312 2211 3529 2282 aliquod
3565 2213 3737 2267 medi-

2154 2298 2388 2354 camenti
2438 2313 2609 2369 genus
2659 2300 2864 2355 civibus
2908 2301 3066 2367 meis,
3114 2300 3242 2357 ﬁliis
3287 2302 3497 2358 scilicet
3536 2310 3737 2358 sancta

2152 2387 2407 2444 Ecclesia:
2429 2388 2774 2456 conﬁcerem,
2806 2405 2913 2460 quo
2953 2406 3010 2446 se
3035 2392 3104 2447 ab
3127 2392 3230 2449 hac
3256 2392 3576 2465 pestilentia:
3607 2407 3739 2448 con-

2154 2479 2368 2550 tagione
2409 2479 2755 2549 praemunire,
2787 2480 2964 2536 divina
2990 2482 3282 2539 auxiliante
3301 2483 3493 2557 gratia,
3530 2483 3739 2554 potuis-

2151 2578 2273 2626 sent
2299 2585 2315 2623 :
2346 2584 2414 2624 ex
2459 2570 2700 2639 paternis
2734 2570 2983 2626 videlicet
3028 2574 3299 2629 thesauris
3331 2575 3540 2645 species
3581 2574 3737 2631 colli-

2152 2675 2285 2733 gens
2308 2661 2727 2731 pigmentorum,
2767 2662 2855 2717 vel
2899 2662 3126 2731 ﬂorum;
3172 2673 3229 2721 et
3269 2666 3601 2738 singulorum
3639 2667 3737 2722 ad-

2152 2759 2376 2807 nectens
2420 2752 2638 2806 nomina
2663 2760 2968 2819 auctorum,
3014 2763 3076 2809 ut
3097 2755 3365 2813 salubrior
3385 2766 3529 2813 esset
3554 2766 3609 2813 et
3636 2758 3735 2813 ﬁr-

2150 2842 2291 2897 mior
2320 2842 2606 2909 confectio,
2645 2859 2752 2915 quo
2791 2860 2861 2900 ex
2899 2845 3325 2903 clarissimorum
3369 2849 3609 2904 virorum
3650 2865 3738 2904 sa-

2149 2937 2365 3007 pientia:
2423 2946 2476 2993 et
2526 2938 2829 2993 sanctitatis
2880 2947 3162 2995 erueretur
3216 2942 3385 3012 gazis.
3446 2942 3513 2997 Et
3557 2944 3737 3013 primo

2152 3026 2395 3082 omnium
2435 3034 2720 3095 ponentes,
2771 3026 2899 3096 quid
2935 3029 3244 3099 evangelica
3292 3030 3383 3084 lux
3432 3032 3579 3085 omni
3623 3032 3738 3087 sole
3818 3052 3828 3061 ’

2152 3116 2349 3173 clarior
2377 3118 2443 3173 ad
2474 3116 2919 3174 illuminationem
2954 3133 3098 3174 vera:
3116 3119 3241 3175 ﬁdei
3268 3121 3501 3191 pandat;
3548 3130 3737 3177 contra

2148 3209 2309 3278 hujus
2337 3209 2641 3265 claritatem
2681 3208 2901 3263 luminis
2928 3224 3088 3266 nemo
3115 3225 3275 3267 sanos
3310 3212 3517 3268 habens
3548 3212 3739 3268 oculos

2148 3317 2453 3373 repugnare
2486 3304 2685 3358 audet:
2730 3302 2826 3358 sed
2852 3301 2993 3360 sicut
3018 3318 3194 3360 caecus
3226 3314 3374 3360 errat
3401 3307 3457 3362 in
3484 3306 3632 3373 sole;
3678 3315 3736 3363 et

2138 3394 2273 3449 licet
2317 3392 2407 3448 ille
2437 3393 2537 3448 soli
2563 3392 2635 3448 sit
2663 3408 2924 3463 praesens,
2954 3393 3031 3448 sol
3073 3403 3253 3450 tamen
3277 3397 3474 3453 absens
3509 3397 3586 3452 illi
3614 3412 3737 3455 esse

2145 3486 2443 3556 probatur;
2476 3484 2632 3556 761
2683 3484 2763 3539 sic
2808 3484 2900 3554 qui
2942 3485 3262 3556 evangelicae
3307 3502 3414 3542 non
3461 3491 3736 3545 consentit

2144 3577 2385 3642 veritati,
2408 3585 2557 3630 errat
2603 3576 2670 3631 de
2694 3575 2799 3641 via,
2841 3574 3015 3631 donec
3044 3577 3097 3630 in
3126 3577 3367 3633 ultimam
3412 3581 3733 3651 perditionis

2143 3668 2356 3723 foveam
2385 3667 2718 3723 devolvatur.
2748 3666 2857 3724 Vos
2880 3682 3031 3735 vero,
3057 3667 3153 3723 ﬁlii
3182 3680 3386 3728 sancta:
3410 3671 3506 3727 Dei
3543 3672 3732 3730 Eccle-

2144 3759 2259 3824 siae,
2299 3758 2443 3814 hanc
2484 3772 2662 3813 meam
2704 3772 2804 3827 pro
2841 3758 2994 3814 vobis
3036 3759 3380 3816 devotionem
3413 3769 3729 3820 sanctarum

2142 3848 2449 3903 orationum
2494 3856 2838 3903 remunerate
2887 3847 3185 3919 suffragiis;
3224 3858 3281 3904 et
3318 3851 3495 3921 siquid
3542 3861 3729 3909 nostra

2141 3940 2296 3996 vobis
2317 3940 2731 4011 praesentialiter
2756 3938 3004 4008 proﬁciat
3026 3939 3310 4008 industria,
3340 3943 3731 4014 perpetualiter

2140 4038 2322 4088 vestra
2350 4031 2506 4086 nobis
2524 4030 2695 4102 prosit
2718 4030 3052 4086 intercessio.

2211 4125 2296 4180 Ill.
2336 4124 2634 4180 Credamus
2678 4123 2893 4180 Domini
2922 4123 3017 4179 Dei
3060 4123 3239 4180 Patris
3265 4127 3597 4195 testimonio,
3634 4131 3729 4187 ubi

2141 4233 2304 4288 super
2324 4218 2660 4288 baptizatum
2685 4216 2880 4272 Filium
2911 4218 3194 4289 magniﬁca
3225 4235 3356 4275 voce
3395 4230 3624 4278 testatur
3647 4225 3728 4280 di-

2141 4325 2270 4366 cens
2307 4324 2323 4362 :
2360 4308 2464 4363 Hic
2499 4318 2574 4363 est
2605 4307 2781 4363 Filius
2810 4326 2954 4364 meus
2982 4309 3200 4366 dilectus
3235 4311 3449 4383 (Matth.
3480 4331 3560 4379 ιιι,
3610 4316 3724 4389 Π).

2144 4401 2212 4456 Ει
2256 4415 2324 4456 ne
2346 4401 2467 4470 quis
2509 4400 2577 4457 de
2603 4400 2775 4456 altero
2827 4400 2933 4457 dici
2973 4402 3264 4470 dubitaret,
3303 4405 3465 4461 etiam
3505 4416 3726 4464 sanctus

2148 4492 2382 4564 Spiritus
2409 4494 2464 4548 in
2498 4493 2681 4563 specie
2726 4492 2988 4549 columbae
3010 4497 3720 4570 pmsenﬁa_mmpmbatur,

2148 4587 2290 4642 hunc
2310 4601 2429 4642 esse
2449 4586 2646 4642 Filium
2691 4587 2806 4652 Dei,
2837 4588 2930 4657 qui
2962 4603 2994 4643 a
3014 4587 3221 4645 Joanne
3248 4568 3313 4645 in'
3344 4568 3581 4650 Iordane
3628 4597 3725 4651 ba-

2146 4678 2400 4750 ptizatur.
2450 4679 2564 4735 Etsi
2605 4678 2725 4734 luce
2777 4680 2978 4735 clarius
3007 4691 3249 4753 patescat
3292 4698 3360 4739 ex
3400 4689 3723 4744 auctoritate

2146 4777 2387 4840 paternae
2414 4770 2563 4825 vocis
2585 4770 2708 4826 Filii
2745 4773 3080 4841 proprietas;
3107 4782 3286 4829 tamen
3314 4777 3568 4833 audiendi
3595 4794 3722 4835 san-

2147 4869 2360 4916 ctorum
2403 4860 2625 4917 Patrum
2657 4870 2712 4917 et
2738 4862 3129 4919 catholicorum
3156 4866 3457 4923 doctorum
3496 4883 3721 4925 venera—

2148 4953 2284 5010 biles
2312 4969 2524 5020 sensus,
2554 4956 2682 5025 quid
2709 4955 2765 5010 in
2797 4956 2899 5011 hac
2924 4957 3163 5014 veridica
3187 4962 3399 5029 paterni
3426 4962 3717 5019 testimonii

2145 5046 2477 5117 professione
2502 5048 2788 5103 senserint.

2144 5214 2427 5270 scaporum
2476 5199 2591 5270 haec
2618 5205 2978 5270 sequuntur:
3017 5216 3048 5270 «ν
3093 5199 3383 5270 Postquam
3433 5200 3491 5257 hi
3526 5217 3718 5261 omnes

2144 5267 2387 5324 Nestorii
2402 5267 2724 5336 depositioni
2763 5267 3599 5336 subscripsissentfaccesserunt
3626 5275 3715 5331 alii

2143 5339 2379 5414 episcopi
2423 5339 2504 5414 ad_
2532 5339 3102 5414 sanctam_syn_odum,
3142 5342 3233 5410 qui
3274 5350 3329 5395 et
3331 5341 3456 5414 _ipsi
3499 5359 3716 5414 quoque

2141 5407 2443 5483 praeposita;
2472 5407 3299 5483 damnationi‘Subscripserunt.
3329 5407 3577 5483 Episcopi
3616 5407 3717 5469 i'ta-

2182 5477 2272 5545 ue,
2301 5480 2392 5554 qui
2419 5480 2593 5554 ipsum
2622 5477 2931 5554 Nestorium
2950 5477 3329 5554 deposuerunt,
3354 5477 3541 5554 plures
3555 5501 3716 5554 quam

2182 5497 2269 5545 ue,
2301 5497 2392 5552 qui
2419 5497 2593 5551 ipsum
2624 5497 2931 5534 lVeSlOl'lllm
2950 5497 3329 5549 deposuerunt,
3354 5497 3534 5554 plures
3555 5501 3716 5554 quam

2143 5497 2357 5606 ducenti
2383 5551 2660 5614 exstitere,
2692 5549 2855 5621 aliqui
2888 5550 3030 5621 enim
3061 5550 3237 5606 locum
3269 5562 3558 5608 tenuerunt
3584 5554 3720 5609 alio-

2142 5637 2261 5695 rum
2307 5621 2699 5692 episcoporum,
2741 5619 2831 5689 qui
2872 5620 2939 5695 ad
2977 5619 3333 5690 Ephesiorum
3373 5625 3715 5695 metropolim

2142 5692 2326 5748 venire
2340 5685 2452 5747 non
2481 5685 2789 5759 potuerunt.
2821 5707 2839 5744 ι
2874 5685 3178 5748 Poscimur.
3496 5692 3501 5698 ’
