4072 6346
263 297 332 357 89

1090 285 1527 346 'DOGMATICA.
1550 316 1621 327 ——
1657 285 1786 342 LIB.
1825 285 1986 345 ΜΠ,
2028 286 2356 349 ΗΕΗΕΒῙΝ
2389 290 2675 350 FELICIS.

3448 292 3518 348 90

332 411 426 469 IV.
471 408 613 465 Dicit
661 409 804 465 enim
838 406 1076 462 Hilarius
1100 405 1480 461 ecclesiastica;
1502 403 1626 458 ﬁdei
1653 404 1843 458 doctor
1866 403 1919 464 Δ
1944 408 2292 475 cernebatur,
2323 410 2418 463 Dei
2441 425 2575 465 voce
2606 410 2698 464 Dei
2727 407 2894 462 Filius
2928 415 3264 462 nosceretur.
3294 406 3361 462 Et
3390 411 3519 478 quia

263 504 536 563 mirabilis
562 503 618 557 in
657 501 795 556 libro
834 510 989 555 sexto
1034 512 1194 568 quem
1238 498 1306 551 de
1348 503 1533 551 sancta
1576 492 1844 548 Trinitate

263 595 486 667 scripsit
511 600 634 666 post
662 592 764 646 alia
795 591 1073 646 catholica:
1118 590 1241 645 ﬁdei
1269 587 1641 645 convenientia
1675 587 1753 641 sic
1774 598 1800 625 α
1826 604 1839 639 :

270 708 293 741 ε
327 689 472 745 Vere
500 686 597 741 Dei
624 685 820 740 Filium
852 684 1189 755 unigenitum
1228 683 1398 738 Deum
1427 681 1712 736 Dominum
1741 693 1842 734 no-

263 791 441 838 strum
484 778 670 834 Iesum
700 776 977 832 Christum
1012 790 1132 830 esse
1152 790 1216 830 ac
1242 774 1425 829 doceri
1454 772 1637 827 multis
1668 771 1846 825 modis

262 872 547 944 cognitum
575 876 686 936 est;
716 868 841 923 dum
872 868 938 923 de
966 881 1031 921 eo
1062 873 1295 922 testatur
1318 865 1502 929 Pater,
1529 864 1655 919 dum
1691 862 1759 916 de
1787 877 1845 917 se

262 966 383 1036 ipse
420 962 726 1033 proﬁtetur,
759 960 887 1016 dum
916 958 1143 1029 apostoli
1188 958 1512 1029 praedicant,
1554 958 1680 1012 dum
1724 955 1846 1010 reli-

265 1055 409 1126 giosi
432 1054 681 1119 credunt,
708 1052 836 1106 dum
861 1051 1130 1106 daemones
1153 1048 1496 1112 conﬁtentur,
1524 1048 1650 1102 dum
1675 1045 1845 1101 Iudaei

266 1151 490 1216 negant,
520 1144 646 1198 dum
668 1149 855 1214 gentes
891 1142 945 1196 in
989 1141 1239 1212 passione
1281 1148 1631 1211 cognoscunt.
1664 1137 1848 1207 Neque

263 1237 415 1292 enim
462 1252 530 1291 ex
575 1234 950 1291 communione
989 1231 1403 1301 nuncupationis
1450 1237 1567 1295 est,
1594 1228 1738 1298 quod
1783 1228 1849 1282 de

261 1328 619 1401 proprietatis
648 1327 752 1383 ﬁde
771 1326 970 1382 dicitur
995 1344 1009 1379 :
1036 1332 1232 1380 etcum
1254 1324 1435 1379 omnia
1459 1338 1578 1393 quae
1602 1321 1851 1376 Christus

261 1422 532 1477 Dominus
564 1428 656 1476 aut
703 1419 812 1491 egit
854 1426 948 1472 aut
993 1416 1195 1483 docuit,
1242 1414 1387 1469 ultra
1439 1413 1619 1469 omnia
1660 1425 1848 1467 eorum

260 1515 378 1574 sint
403 1512 499 1583 qui
537 1511 657 1566 Filii
696 1515 1076 1579 nuncupantur
1098 1547 1114 1574 ,
1148 1513 1202 1561 et
1232 1506 1289 1560 in
1326 1504 1412 1560 his
1439 1503 1690 1558 omnibus
1731 1515 1852 1570 qua:

264 1605 548 1675 praecipua
573 1602 681 1657 sint
704 1600 927 1665 Christi,
965 1598 1071 1654 hoc
1097 1597 1184 1654 vel
1226 1595 1570 1666 potissimum
1592 1594 1853 1647 doceatur

263 1712 411 1761 esse,
445 1694 588 1764 quod
614 1693 711 1748 Dei
739 1691 908 1747 Filius
933 1698 1056 1755 est;
1096 1703 1203 1743 non
1233 1694 1318 1742 est
1344 1686 1399 1741 in
1429 1699 1494 1740 eo
1523 1682 1620 1738 ﬁlii
1658 1698 1726 1737 ex
1760 1696 1854 1752 ge-

1944 498 2002 551 in
2061 497 2183 552 ﬁdei
2224 499 2386 569 hujus
2435 500 2772 556 confessione
2817 499 3152 554 credentium
3208 500 3320 553 vita
3370 509 3516 556 esset

1947 588 2078 661 (non
2124 590 2266 643 enim
2324 591 2426 644 alia
2493 592 2809 647 azternitatis
2855 592 2965 647 vita
3017 601 3139 657 est,
3188 592 3291 647 nisi
3335 591 3520 649 Iesum
3618 652 3621 657 ,

1944 680 2217 737 Christum
2240 681 2576 750 unigenitum
2594 683 2763 737 Deum
2785 683 3017 738 sciamus
3030 698 3149 739 esse
3162 682 3257 738 Dei
3276 683 3521 758 Filium),

1944 785 2045 824 vox
2085 786 2115 823 e
2160 770 2297 825 caelo
2342 786 2559 825 rursum
2598 772 2667 825 ab
2722 774 2981 841 apostolis
3010 775 3221 829 iteratae
3249 775 3410 845 hujus
3448 775 3522 830 si-

1946 861 2311 933 gniﬁcationis
2354 863 2589 927 auditur,
2639 871 2700 917 ut
2747 863 2802 917 id
2840 864 3048 920 ﬁrmius
3099 868 3411 921 crederetur
3452 866 3520 920 ad

1945 951 2133 1017 vitam,
2186 952 2329 1021 quod
2382 968 2489 1007 non
2535 952 2829 1007 credidisse
2880 970 3027 1009 mors
3073 964 3234 1011 esset.
3282 956 3526 1026 Namque

1947 1059 2069 1099 cum
2101 1045 2360 1100 Dominus
2405 1046 2459 1098 in
2487 1051 2670 1099 monte
2699 1044 2997 1114 majestatis
3036 1061 3146 1100 suae
3171 1047 3359 1101 habitu
3388 1062 3517 1099 con-

1949 1138 2195 1204 stitisset,
2246 1138 2427 1210 Moyse
2468 1140 2628 1210 762
2654 1147 2814 1208 atque
2855 1139 2971 1193 Elia
3018 1139 3418 1205 assistentibus,
3468 1150 3523 1192 et

1950 1230 2017 1284 ad
2044 1230 2270 1285 visionis
2301 1239 2464 1301 atque
2493 1232 2642 1287 vocis
2673 1231 2830 1285 ﬁdem
2860 1231 3033 1285 tribus
3052 1231 3315 1288 columnis
3342 1233 3529 1287 Eccle-

1932 1321 2156 1375 siarum
2182 1322 2411 1376 testibus
2436 1320 2750 1390 assumptis,
2777 1321 2893 1376 haec
2915 1336 3018 1375 vox
3041 1329 3266 1390 paterna
3294 1322 3360 1375 de
3390 1321 3527 1375 caelo

1951 1423 2035 1470 est
2060 1434 2072 1468 :
2106 1414 2210 1468 Hic
2234 1424 2311 1469 est
2337 1414 2509 1469 Filius
2539 1432 2683 1470 meus
2720 1414 2961 1481 dilectus,
2993 1414 3048 1468 in
3072 1430 3174 1485 quo
3212 1413 3524 1483 complacui,

1950 1508 2120 1578 ipsum
2170 1507 2346 1561 audite
2372 1526 2391 1560 ›
2440 1505 2655 1579 (Matth.
2686 1521 2819 1573 xvu,
2845 1504 2921 1576 5).

2024 1617 2090 1672 V.
2118 1618 2265 1673 Idem
2293 1626 2415 1687 post
2434 1617 2668 1688 plurima
2695 1625 2751 1671 et
2789 1616 3027 1671 veridica
3058 1615 3124 1671 de
3144 1612 3379 1669 naturali
3403 1626 3524 1683 pro-

1954 1713 2186 1782 prietate
2212 1712 2333 1768 Filii
2366 1712 2461 1766 Dei
2484 1712 2558 1765 ita
2584 1711 2765 1766 intulit
2792 1709 2819 1748 b
2849 1731 2859 1764 :
2896 1730 2913 1761 ι
2946 1709 3085 1777 Quid
3116 1709 3345 1764 infertur
3371 1708 3534 1762 hodie

264 1758 443 1841 nerain
460 1758 839 1841 Iamiliaritate
866 1791 1185 1852 cognomen.
1214 1777 1331 1833 Non
1360 1774 1671 1831 contamino
1704 1771 1850 1827 veri-

1963 1758 2186 1782 νην-ην
2213 1758 2231 1765 -
2366 1758 2461 1766 η-
2484 1758 2558 1765 --η
2850 1758 2859 1764 .
2901 1758 2913 1761 -
2953 1758 3085 1777 ,μη
3117 1758 3335 1764 __---_-__
3374 1758 3530 1762 η---

1963 1801 2258 1866 calumniae,
2297 1809 2358 1856 ut
2382 1802 2601 1871 adoptio
2628 1801 2862 1856 nominis
2906 1800 2995 1865 sit,
3024 1806 3083 1852 ut
3110 1798 3341 1853 mendax
3390 1798 3531 1852 Deus

268 1880 400 1934 tatis
424 1878 614 1944 ﬁdem,
642 1886 704 1932 ut
730 1877 835 1931 hoc
870 1873 1053 1935 verbis
1082 1872 1221 1927 meis
1261 1876 1524 1925 astruam.
1554 1866 1854 1936 Loquatur,

266 1984 334 2031 ut
356 1988 498 2045 saepe
519 1971 715 2027 solitus
760 1977 862 2035 est,
897 1970 963 2024 de
996 1966 1275 2039 unigenito
1304 1980 1402 2019 suo
1444 1963 1627 2027 Pater,
1660 1977 1728 2016 ne
1757 1959 1856 2013 sub

268 2061 691 2121 consummandi
726 2057 984 2130 baptismi
1022 2063 1363 2112 sacramento
1408 2051 1566 2107 Iesus
1609 2050 1858 2106 Christus

266 2160 592 2233 ignorabilis
636 2171 757 2212 esse
800 2155 974 2225 possit
1018 2167 1117 2222 per
1164 2165 1379 2219 corpus.
1432 2147 1536 2201 Hic
1580 2156 1654 2200 est
1681 2143 1857 2233 Filius

264 2231 419 2306 nisus
446 2248 683 2311 dilectus,
711 2247 767 2299 in
794 2260 896 2316 quo
925 2242 1049 2296 bene
1074 2238 1365 2310 complacui
1383 2235 1596 2309 (Matth.
1630 2251 1712 2300 ιιι,
1743 2231 1855 2303 17).

264 2344 452 2414 Rogo,
479 2342 535 2395 in
560 2355 668 2410 quo
694 2336 895 2391 veritas
926 2333 1155 2403 deperit,
1184 2339 1238 2386 et
1260 2331 1315 2385 in
1347 2346 1456 2400 quo
1485 2328 1699 2383 inﬁrma
1724 2326 1860 2380 ﬁdes

264 2431 629 2505 professionis
667 2429 788 2484 est?
816 2425 934 2480 Non
962 2422 1314 2478 annuntiatus
1358 2435 1458 2491 per
1503 2417 1751 2489 angelum
1793 2415 1861 2469 de

267 2532 468 2580 sancto
506 2521 711 2592 Spiritu
753 2524 941 2589 partus
967 2532 1033 2571 ex
1083 2514 1319 2585 virgine;
1353 2526 1463 2567 non
1504 2510 1666 2565 index
1695 2507 1862 2578 Magis

267 2615 464 2679 stella;
516 2613 610 2669 sed
649 2626 752 2667 nec
790 2609 997 2665 adorati
1023 2608 1080 2662 in
1104 2606 1259 2663 cunis
1287 2606 1492 2670 honor;
1536 2618 1637 2658 nec
1683 2603 1862 2671 bapti-

269 2706 440 2762 zandi
467 2706 570 2759 sub
615 2703 870 2773 Baptistae
896 2699 1235 2771 professione
1270 2698 1444 2753 virtus
1472 2697 1608 2753 satis
1630 2709 1751 2751 esse
1793 2697 1862 2751 ad

268 2796 797 2853 demonstrationem
834 2791 1137 2862 maiestatis
1183 2789 1582 2846 existimantur.
1612 2787 1773 2841 Pater
1797 2787 1864 2843 de

270 2888 416 2943 calo
454 2886 712 2956 loquitur,
736 2892 791 2940 et
834 2886 907 2939 ita
934 2883 1173 2953 loquitur
1204 2899 1218 2934 :
1247 2879 1351 2934 Hic
1379 2888 1452 2935 εει
1493 2878 1542 2931 F
1544 2878 1667 2933 ilius
1695 2895 1858 2933 meus.

272 2979 422 3047 Quid
464 2979 568 3035 sibi
594 2978 709 3033 vult
743 2992 853 3033 non
905 2974 1309 3047 cognominum,
1354 2974 1450 3027 sed
1477 2972 1863 3042 pronominum

274 3072 453 3127 ﬁdes?
479 3071 813 3143 Cognomina
841 3069 1151 3125 nominibus
1195 3068 1467 3122 adduntur
1491 3084 1505 3133 ;
1539 3067 1859 3136 pronomina

273 3180 414 3219 vero
438 3165 681 3220 obtinent
718 3164 774 3217 in
802 3177 862 3219 se
890 3163 1168 3218 nominum
1196 3162 1470 3215 virtutem.
1504 3159 1862 3230 Proprietatis

275 3264 466 3312 autem
521 3255 841 3327 signiﬁcatio
888 3262 992 3320 est,
1038 3253 1129 3309 ubi
1158 3259 1213 3309 et
1241 3253 1325 3307 hic
1370 3261 1446 3308 εει
1500 3253 1701 3308 dictum
1745 3270 1866 3310 esse

276 3350 524 3414 auditur,
552 3356 609 3405 et
646 3366 792 3404 meus
839 3357 934 3403 est.
963 3348 1033 3402 Et
1060 3346 1299 3418 intellige
1328 3362 1448 3416 quae
1477 3346 1547 3401 sit
1584 3347 1788 3402 veritas
1812 3355 1867 3402 et

275 3442 431 3497 ratio
472 3441 762 3498 dictorum.
817 3441 1052 3513 Legeras
1083 3460 1095 3495 :
1129 3439 1299 3495 Filios
1340 3441 1494 3511 genui
1542 3448 1589 3493 et
1639 3438 1868 3494 exaltavi

281 3532 446 3605 (Isai.
476 3550 516 3599 I,
566 3532 645 3606 2).
677 3532 786 3589 Sed
832 3548 940 3587 non
978 3532 1208 3603 legeras,
1232 3531 1368 3601 filios
1403 3548 1577 3595 meos;
1609 3538 1869 3601 genuerat

281 3628 435 3682 enim
461 3641 556 3681 eos
584 3626 684 3681 sibi
706 3642 805 3697 per
828 3625 1149 3681 divisionem
1174 3626 1412 3696 gentium
1434 3633 1490 3679 et
1512 3623 1723 3693 plebem
1753 3625 1867 3680 hae-

285 3718 539 3773 reditatis
574 3719 628 3771 in
660 3716 815 3773 ﬁlios.
845 3717 923 3772 Ne
954 3718 1119 3788 igitur
1147 3731 1244 3786 per
1277 3716 1711 3772 communionem
1740 3717 1873 3773 ado-

283 3811 452 3882 ptiva;
479 3809 815 3864 haereditatis
847 3816 1259 3879 cognomentum
1289 3806 1413 3861 Filii
1448 3808 1724 3879 unigenito
1756 3806 1871 3864 Deo

284 3899 600 3964 adderetur,
641 3906 852 3953 natura:
900 3898 1101 3952 veritas
1130 3912 1226 3966 per
1254 3894 1700 3967 signiﬁcationem
1742 3912 1871 3967 pro-

284 3992 541 4064 prietatis
588 3999 806 4048 ostensa
838 3999 939 4047 est.
967 3990 1290 4062 Assignetur
1338 4004 1467 4046 sane
1501 3991 1605 4046 hoc
1630 4005 1874 4046 commu-

285 4084 471 4139 nionis
510 4084 566 4138 in
613 4082 829 4138 Christo
874 4098 1091 4148 nomen,
1122 4091 1183 4136 ut
1216 4080 1386 4137 Filius
1412 4081 1505 4147 sit,
1550 4082 1595 4138 si
1640 4081 1707 4137 de
1736 4096 1874 4151 quo-

287 4189 458 4244 quam
487 4174 692 4229 dictum
732 4174 1030 4244 reperietur
1062 4192 1075 4227 :
1108 4172 1213 4228 Hic
1253 4182 1333 4228 est
1361 4171 1537 4227 Filius
1566 4189 1728 4228 meus.
1778 4172 1875 4229 Sin

289 4282 423 4322 vero
447 4266 728 4337 proprium
775 4281 839 4321 ac
886 4266 1157 4336 singulare
1205 4265 1256 4320 ei
1289 4272 1372 4321 est
1402 4285 1415 4319 :
1447 4263 1551 4319 Hic
1578 4275 1654 4320 est
1700 4263 1876 4319 Filius

289 4375 463 4423 meus,
493 4358 623 4428 quid
652 4358 977 4415 calumniam
998 4358 1109 4411 Deo
1135 4354 1285 4411 Patri
1331 4355 1591 4425 professae
1629 4356 1697 4411 de
1739 4355 1877 4411 Filio

1956 1894 2042 1957 sit,
2074 1901 2132 1948 ut
2155 1893 2372 1949 nomina
2398 1893 2579 1947 inania
2607 1894 2748 1947 sint?
2780 1892 3031 1947 Testatus
3051 1898 3136 1946 est
3158 1891 3320 1945 Pater
3344 1890 3412 1944 de
3439 1889 3535 1946 Fi-

1956 1985 2060 2051 lio;
2094 1985 2345 2054 operibus
2366 1984 2479 2038 suis
2494 1983 2662 2038 Filius
2677 1984 3041 2038 testimonium
3061 1982 3236 2035 Patris
3261 1988 3529 2050 exzequat.

1958 2075 2068 2132 Cur
2118 2092 2226 2131 non
2256 2077 2501 2130 videatur
2529 2091 2649 2130 esse
2696 2076 2750 2129 in
2780 2091 2844 2129 eo
2868 2076 3005 2129 idem
3034 2072 3165 2145 [Αι.,
3196 2073 3250 2128 id
3274 2072 3381 2143 est]
3407 2071 3533 2125 Filii

1958 2170 2179 2234 veritas,
2211 2183 2330 2237 quae
2372 2176 2427 2221 et
2457 2168 2680 2222 docetur
2718 2166 2852 2239 (AL,
2885 2165 3103 2237 dicitur]
3151 2172 3205 2220 et
3254 2164 3535 2234 probatur.

1958 2259 2076 2315 Non
2110 2267 2193 2314 est
2220 2273 2318 2328 per
2347 2258 2517 2313 Deum
2540 2257 2759 2312 Patrem
2786 2256 2909 2310 Filii
2938 2271 3132 2311 nomen
3161 2256 3214 2309 in
3238 2254 3455 2310 Christo
3483 2261 3540 2307 et

1961 2348 2094 2422 [Al.,
2124 2347 2213 2420 ex]
2247 2348 2534 2419 adoptione
2562 2346 2821 2401 bonitatis
2854 2365 2865 2399 :
2900 2361 3075 2415 neque
3102 2345 3390 2400 sanctitate
3428 2358 3542 2397 me-

1961 2439 2071 2493 ruit
2103 2439 2206 2493 hoc
2228 2452 2444 2503 nomen,
2470 2438 2609 2492 sicut
2631 2437 2812 2507 plures
2834 2443 2959 2507 post
2985 2435 3379 2491 confessionem
3409 2432 3535 2488 ﬁdei

1962 2528 2057 2582 Dei
2088 2528 2209 2582 Filii
2250 2536 2396 2582 sunt.
2442 2527 2800 2596 Proprietatis
2849 2526 2993 2580 enim
3022 2526 3076 2579 in
3107 2526 3191 2579 his
3219 2523 3542 2594 signiﬁcatio

1962 2619 2107 2673 nulla
2136 2627 2257 2674 est:
2294 2619 2528 2677 nominis
2555 2633 2787 2687 namque
2813 2625 3052 2681 tantum,
3085 2624 3143 2671 ut
3170 2616 3280 2670 Deo
3318 2615 3539 2685 dignum

1963 2719 2063 2777 est,
2097 2710 2303 2766 indulta
2334 2709 2575 2780 dignatio
2600 2716 2702 2764 εει.
2742 2708 2900 2763 Aliud
2954 2714 3058 2772 est,
3088 2706 3171 2759 hic
3195 2715 3292 2771 est,
3316 2713 3369 2758 et
3396 2720 3543 2757 meus

1962 2812 2057 2868 est,
2092 2812 2146 2857 et
2174 2803 2313 2857 hunc
2335 2802 2513 2856 audite
2537 2818 2555 2855 :
2583 2801 2638 2855 in
2668 2801 2773 2855 hoc
2820 2798 3023 2855 veritas
3049 2806 3149 2862 est,
3198 2805 3392 2852 natura
3435 2802 3541 2859 est,

1965 2895 2100 2950 ﬁdes
2121 2904 2224 2950 est.
2262 2914 2280 2947 ι

2040 3024 2122 3079 VI.
2170 3024 2303 3080 Item
2351 3024 2405 3078 in
2430 3023 2776 3094 sequentibus
2818 3024 2873 3078 in
2913 3023 3101 3079 eodem
3129 3022 3265 3077 libro
3296 3031 3450 3078 sexto
3476 3035 3497 3063 ο
3527 3038 3543 3078 :

1886 3105 1935 3171 C
1971 3137 1989 3168 ς
2024 3115 2320 3182 Omnibus,
2354 3116 2549 3185 quibus
2573 3131 2669 3186 per
2718 3114 2879 3169 ﬁdem
2924 3115 3065 3169 Deus
3109 3114 3271 3169 Pater
3309 3123 3408 3179 est,
3448 3130 3546 3184 per

1963 3222 2082 3262 eam
2141 3207 2301 3262 ﬁdem
2358 3208 2537 3261 Pater
2570 3215 2686 3272 est,
2719 3222 2826 3274 qua
2884 3204 3070 3260 Iesum
3123 3204 3401 3261 Christum
3443 3206 3542 3261 Dei

1963 3295 2161 3351 Filium
2209 3296 2547 3351 conﬁtemur.
2601 3294 2857 3351 Conﬁteri
2890 3304 3069 3350 autem
3116 3295 3312 3351 Filium
3347 3312 3540 3351 secun—

1965 3388 2092 3443 dm]
2138 3388 2390 3458 generale
2435 3396 2744 3443 sanctorum
2771 3403 2988 3453 nomen,
3040 3388 3166 3458 quid
3199 3389 3361 3443 habet
3401 3389 3546 3454 ﬁdei,

1965 3486 2026 3532 ut
2049 3477 2312 3542 dicamus,
2335 3494 2475 3534 unus
2497 3494 2562 3533 ex
2586 3476 2711 3533 ﬁliis
2734 3477 2851 3532 est?
2872 3476 2979 3533 Sed
3013 3478 3256 3547 nunquid
3287 3487 3341 3532 et
3359 3480 3547 3535 caeteri

1965 3567 2023 3623 in
2053 3568 2156 3622 hac
2178 3575 2441 3623 creatura:
2463 3582 2572 3623 suae
2601 3567 3037 3623 inﬁrmitate'non
3061 3567 3154 3622 ﬁlii
3178 3570 3338 3623 sunt?
3360 3568 3417 3622 In
3439 3584 3548 3639 quo

1966 3671 2097 3727 ergo
2141 3654 2336 3713 Filium
2383 3657 2480 3712 Dei
2542 3656 2725 3713 Iesum
2779 3657 3050 3713 Christum
3106 3658 3242 3714 ﬁdes
3305 3659 3553 3716 confessa

1967 3749 2249 3819 praecellit,
2279 3765 2402 3803 cum
2431 3750 2478 3805 ei
2511 3750 2805 3805 secundum
2835 3749 3002 3813 ﬁlios,
3048 3749 3142 3804 ﬁlii
3187 3767 3294 3807 non
3339 3759 3553 3817 natura,

1970 3840 2066 3895 sed
2086 3855 2285 3894 nomen
2324 3842 2437 3895 sit?
2467 3841 2746 3896 Christum
2777 3841 3003 3910 perﬁdia
3030 3828 3133 3896 ista
3161 3858 3269 3896 non
3299 3842 3490 3912 diligit.
3532 3863 3551 3895 ι

2049 3949 2153 4005 VII.
2178 3950 2313 4005 Item
2339 3951 2395 4005 in
2421 3952 2771 4021 sequentibus
2796 3952 3038 4022 ejusdem
3062 3954 3188 4008 libri
3210 3953 3237 3994 ἀ
3264 3973 3276 4009 :
3309 3973 3327 4005 ι
3347 3956 3416 4010 Ει
3439 3956 3560 4025 qui-

1975 4040 2096 4095 dem
2125 4041 2422 4096 secundum
2450 4042 2743 4112 proposita:
2772 4058 2804 4096 a
2833 4044 2988 4098 nobis
3015 4043 3385 4113 responsionis
3415 4044 3560 4099 ordi-

1974 4147 2102 4187 nem
2135 4133 2626 4202 opportunissimus
2656 4134 2747 4190 hic
2780 4134 2937 4190 nobis
2965 4133 3117 4189 locus
3152 4142 3254 4201 est,
3289 4144 3349 4189 ut
3394 4135 3560 4191 tertio

1977 4239 2121 4279 nunc
2143 4224 2433 4280 doceamus
2454 4225 2650 4280 Filium
2678 4226 2773 4280 Dei
2804 4226 3088 4281 Dominum
3110 4234 3356 4281 nostrum
3376 4225 3562 4283 Iesum

1977 4316 2252 4374 Christum
2282 4319 2349 4374 ab
2402 4319 2661 4388 apostolis
2692 4319 2987 4386 creditum,
3039 4336 3143 4374 non
3194 4336 3259 4374 ea:
3288 4336 3561 4391 nuncupa-

295 4407 1030 4521 '.;7.;.;.'.;.;.;.‘;§;a;;{
1049 4407 1699 4519 ληξιξίίωῑιςιξιυδά
1740 4407 1879 4504 hac;
1905 4465 1956 4527 ι,
1981 4407 2263 4527 (me!
2290 4425 2354 4463 επ
2626 4426 2789 4480 neque
2816 4427 2880 4465 επ
2909 4410 3212 4481 adoptione.
3258 4410 3350 4466 εειι
3377 4426 3442 4466 επ
3465 4425 3563 4464 ηα-

293 4543 459 4604 citur,
483 4543 570 4596 hic
590 4551 689 4608 εει,
721 4558 829 4598 non
870 4540 1163 4613 signiﬁcari
1203 4541 1433 4606 videtur,
1478 4541 1614 4596 alios
1660 4542 1878 4612 quidem

295 4634 711 4704 cognominatos
753 4635 820 4689 ab
866 4648 934 4689 eo
982 4633 1039 4689 in
1070 4631 1239 4698 ﬁlios,
1268 4633 1363 4687 sed
1410 4633 1500 4687 hic
1526 4632 1697 4687 Filius
1726 4648 1882 4689 meus

297 4733 406 4790 est,
431 4725 625 4779 donavi
657 4724 958 4794 adoptionis
987 4723 1235 4793 plurimis
1258 4737 1474 4787 nomen,
1510 4724 1603 4778 sed
1623 4723 1727 4778 iste
1748 4723 1881 4778 mihi

298 4815 474 4870 Filius
498 4822 580 4869 est
610 4833 623 4869 :
652 4830 721 4869 ne
744 4815 954 4884 quaeras
982 4815 1169 4879 alium,
1192 4828 1259 4867 ne
1282 4828 1389 4868 non
1424 4813 1569 4868 hunc
1607 4828 1728 4869 esse
1766 4829 1884 4870 cre-

302 4909 432 4973 das;
463 4908 608 4962 hunc
642 4921 740 4979 ego
766 4916 1018 4977 tanquam
1051 4906 1218 4977 digito
1245 4907 1421 4962 indice
1450 4922 1514 4962 ac
1544 4907 1697 4962 verbi
1718 4907 1885 4979 signi-

306 4999 564 5055 ﬁcatione
584 5000 857 5070 contingo,
887 5014 993 5068 qua
1015 4998 1158 5063 dico,
1186 5006 1241 5052 et
1288 5014 1435 5051 meus
1459 5007 1555 5063 est,
1587 5006 1642 5051 et
1672 4998 1757 5051 hic
1785 5008 1882 5064 est,

305 5097 365 5146 et
386 5088 564 5144 Filius
586 5099 679 5145 est.
704 5089 844 5157 Quid
864 5098 985 5159 post
1008 5089 1124 5143 haec
1140 5089 1508 5160 intelligentiae
1519 5089 1718 5159 poterit
1742 5104 1885 5155 esse,

308 5190 503 5238 utnon
544 5198 663 5238 esse
696 5182 981 5237 credatur?
1004 5181 1070 5235 Et
1093 5182 1207 5237 haec
1232 5183 1448 5252 quidem
1473 5190 1712 5253 paternae
1738 5182 1889 5237 vocis

310 5275 640 5348 signiﬁcatio
667 5291 731 5330 ea
759 5275 883 5341 fuit,
905 5290 974 5330 ne
1002 5275 1095 5344 qui
1120 5274 1184 5330 ad
1210 5274 1535 5345 implendam
1571 5289 1787 5330 omnem
1808 5273 1892 5345 ju-

310 5369 521 5424 stitiam
557 5365 913 5440 baptizandus
957 5374 1122 5432 esset,
1153 5367 1282 5436 quid
1312 5374 1457 5423 esset
1497 5367 1840 5439 ignoraretur
1873 5385 1887 5423 :

312 5458 411 5513 sed
461 5466 544 5523 ut,
571 5458 665 5527 qui
714 5459 782 5514 ad
832 5464 1229 5513 sacramentum
1261 5458 1449 5514 salutis
1497 5467 1696 5515 nostra:
1731 5459 1893 5515 homo

388 5599 416 5628 α
443 5586 507 5660 S.
549 5586 810 5660 Hilarius,
838 5595 974 5644 tom.
1001 5586 1052 5643 X
1075 5586 1412 5660 Patrologiae,
1445 5589 1546 5646 col.
1590 5589 1713 5656 174,
1742 5605 1890 5647 ιιιιιιι.

315 5657 411 5721 22,
434 5657 506 5712 25
523 5698 539 5723 ,
568 5657 658 5712 24.
1303 5657 1317 5660 '

398 5729 426 5767 δ
455 5725 513 5784 Β.
549 5722 715 5784 nitar.
750 5723 855 5786 loc.
887 5726 979 5787 cit.
1010 5726 1114 5786 col.
1152 5723 1277 5798 179,
1309 5737 1455 5784 num.
1483 5725 1573 5784 a7.

1987 4499 2206 4555 tivt'tate.
2246 4520 2266 4551 ι

2062 4629 2189 4684 VIII.
2214 4630 2345 4686 Item
2371 4630 2427 4686 in
2450 4632 2802 4701 sequentibus
2822 4643 2845 4671 ο
2867 4650 2880 4687 :
2901 4650 2919 4684 ι
2940 4632 3057 4687 Non
3080 4640 3164 4688 εει
3176 4631 3483 4700 evangelica
3507 4641 3565 4687 et

1989 4723 2281 4792 apostolica
2302 4724 2455 4790 ﬁdes,
2483 4724 2679 4779 Filium
2701 4725 2797 4780 Dei
2830 4726 3047 4781 nomine
3070 4726 3252 4795 potius
3280 4741 3441 4796 quam
3469 4741 3566 4781 na-

1989 4822 2111 4869 tura
2145 4815 2366 4870 credere
2418 4814 2547 4887 [Al.,
2597 4816 2935 4889 credidisse].
2990 4815 3048 4871 Si
3070 4816 3215 4872 enim
3265 4815 3567 4886 adoptionis

1991 4904 2105 4964 haec
2133 4911 2462 4981 nuncupatio
2492 4920 2603 4979 est;
2652 4920 2705 4966 et
2738 4929 2846 4968 non
2886 4913 3087 4969 idcirco
3114 4915 3282 4970 Filius
3306 4924 3408 4981 est,
3438 4916 3564 4985 quia

1992 5006 2189 5061 exierit
2228 5022 2259 5060 a
2297 5006 2432 5072 Deo,
2456 5022 2640 5076 quaero
2676 5009 2819 5064 unde
2851 5009 3042 5064 beatus
3067 5007 3288 5063 Simeon
3336 5008 3564 5077 Baljona

1992 5104 2075 5152 est
2095 5096 2376 5152 confessus
2400 5116 2411 5151 :
2444 5097 2523 5152 Tu
2548 5116 2599 5153 es
2638 5098 2876 5154 Christus
2903 5099 3075 5154 Filius
3102 5100 3199 5155 Dei
3217 5100 3319 5154 vivi
3348 5099 3561 5171 (Matth.

1995 5203 2108 5253 xvr,
2146 5188 2256 5259 16).
2282 5189 2435 5243 Anne
2472 5206 2595 5245 cum
2617 5193 2866 5247 omnibus
2890 5199 3130 5261 potestas
3160 5192 3230 5246 sit
3265 5206 3365 5261 per
3386 5204 3565 5244 sacra-

1996 5288 2235 5337 mentum
2260 5284 2687 5353 regenerationis
2718 5285 2771 5339 in
2795 5284 2933 5341 ﬁlios
2954 5283 3048 5340 Dei
3076 5285 3258 5340 nasci?
3287 5282 3344 5337 Si
3370 5296 3564 5336 secun-

1998 5374 2126 5431 dum
2159 5374 2301 5431 hanc
2348 5378 2803 5446 nuncupationem
2840 5377 3010 5433 Filius
3057 5376 3152 5432 Dei
3183 5375 3429 5431 Christus
3462 5380 3565 5440 est,

2000 5465 2273 5539 interrogo
2325 5466 2455 5536 quid
2502 5466 2632 5522 illud
2691 5468 2796 5534 sit,
2844 5468 2986 5539 quod
3036 5468 3198 5524 Petro
3246 5479 3355 5520 non
3404 5477 3564 5529 caro,

2076 5606 2099 5635 ο
2136 5595 2270 5651 Ibid.
2299 5594 2567 5663 col._181,
2598 5612 2746 5651 num.
2778 5597 2866 5652 50.

2069 5666 2097 5705 d
2125 5665 2259 5732 Ibid.
2284 5666 2386 5732 col.
2412 5661 2709 5732 i85,num.
2739 5667 2827 5723 32.

2078 5744 2102 5775 ο
2122 5728 2238 5791 Ibid
2263 5728 2365 5792 col.
2399 5728 2534 5803 £86;
2566 5746 2718 5795 num.
2748 5735 2837 5792 56.
