4072 6346
537 323 607 379 95
1355 320 1413 372 Β.
1453 317 1517 371 F.
1558 315 1781 371 ALBINI
1822 315 1953 372 SEU
1989 314 2261 372 ALCUINI
2300 315 2581 372 OPERUM
2616 320 2796 375 PARS
2834 322 2918 375 Ill.
3728 327 3804 383 96

536 438 831 510 tempore);
864 452 971 491 non
999 436 1136 491 alius
1168 444 1345 489 autem
1378 443 1432 488 et
1461 433 1616 498 alius,
1668 433 1837 486 absit!
1878 410 2106 503 utraque
2133 439 2182 497 Α
2209 435 2490 504 cipiamus,
2522 453 2641 507 qua:
2673 440 2871 495 coloris
2926 441 3203 509 nigredine
3246 443 3492 513 designat
3546 452 3803 512 peccato-

533 531 680 587 enim
714 544 939 583 summae
966 527 1220 582 unitionis
1251 526 1305 579 in
1331 524 1965 593 contemperatione,Deo
1993 524 2110 593 qui—

534 625 655 679 dem
683 624 1056 684 iuhumanato,
1086 618 1304 672 homine
1334 626 1513 671 autem
1553 615 1818 670 deiﬁcato.
1861 636 1877 666 ι

606 713 749 768 XXI.
782 713 914 767 Item
938 711 1149 765 Atticus
1187 710 1471 778 episcopus
1492 706 2032 776 Constantinopoleos
2048 720 2105 761 ιε

540 824 558 857 ‹
594 804 707 860 Nisi
737 802 989 859 enimille
1014 810 1331 855 nasceretur
1362 800 1672 864 carnaliter,
1702 814 1807 853 non
1850 806 1907 852 tu
1956 814 2111 853 rena-

535 895 768 953 scercris
793 891 1129 961 spiritaliter.
1171 890 1284 945 Nisi
1324 889 1412 944 ille
1446 889 1790 943 sustinuisset
1831 888 1974 942 servi
1999 888 2111 943 for-

533 1002 699 1049 mam,
727 999 833 1037 non
856 991 912 1037 tu
948 982 1261 1053 dignitatem
1311 980 1611 1050 adoptionis
1657 980 1893 1035 lucratus
1940 995 2107 1036 esses.

534 1076 761 1144 Propter
800 1084 905 1127 hoc
933 1074 1074 1127 enim
1098 1073 1153 1126 in
1179 1082 1327 1127 terra
1355 1072 1611 1135 cmlestis,
1637 1080 1697 1125 ut
1743 1079 1801 1124 tu
1851 1072 1903 1125 in
1960 1072 2113 1127 caelis

534 1164 833 1220 servareris
862 1171 1129 1218 terrenus.
1165 1163 1400 1233 Propter
1444 1163 1548 1217 hoc
1568 1161 1815 1216 Christus
1860 1163 2115 1231 semetip-

530 1272 651 1311 sum
680 1256 998 1320 exinanivit,
1030 1264 1089 1309 ut
1116 1270 1215 1310 nos
1263 1270 1451 1309 omnes
1493 1255 1559 1309 de
1606 1253 1938 1324 plenitudine
1994 1254 2112 1323 ejus

529 1350 878 1419 accipiamus.
904 1348 1049 1402 Illius
1077 1363 1223 1402 mors
1245 1356 1335 1401 tua
1365 1347 1507 1403 facta
1531 1354 1612 1401 est
1652 1345 2047 1400 immortalitas.
2084 1364 2104 1398 ι

600 1441 764 1495 XXII.
796 1442 928 1496 Item
959 1442 1266 1496 Theodotus
1293 1441 1575 1509 episcopus
1598 1440 1898 1509 Cyprorum
1921 1439 1975 1492 in
1996 1452 2111 1492 ser-

530 1548 691 1588 mone
716 1533 782 1587 de
811 1533 1094 1589 nativitate
1119 1531 1333 1586 Domini
1354 1541 1474 1601 post
1505 1532 1611 1586 alia
1643 1533 1806 1586 etiam
1837 1532 1938 1586 ista
1985 1546 2108 1602 pro-

533 1624 658 1678 tulit
682 1624 709 1662 h
743 1640 756 1676 :
792 1641 809 1674 ι
836 1624 976 1690 Quid
998 1624 1201 1694 igitur?
1229 1622 1461 1678 Advenit
1482 1624 1625 1677 Deus
1653 1624 1893 1678 existens
1917 1623 1984 1677 ad
2015 1624 2112 1676 ho-

529 1714 722 1781 mines,
748 1729 854 1769 non
878 1714 1056 1769 locum
1089 1730 1155 1769 ex
1183 1714 1300 1769 loco
1356 1721 1589 1776 mutans,
1642 1714 1736 1767 sed
1786 1712 2104 1767 invisibilem
2152 1778 2161 1783 ἡ

2212 543 2327 582 rem
2380 530 2633 599 populum
2660 572 2674 596 ,
2736 532 3032 587 fteditatem
3094 534 3429 589 meritorum.
3493 536 3803 605 Aliquando

2211 636 2341 675 vero
2389 622 2675 692 IEthiopia:
2720 626 2936 681 nomine
2985 627 3293 696 specialiter
3339 627 3611 699 gentilitas
3655 630 3803 685 desi-

2212 711 2367 778 gnari
2396 712 2559 777 solet,
2588 713 2917 768 inﬁdelitatis
2956 716 3107 786 prius
3153 718 3305 788 nigra
3331 719 3600 788 peccatis,
3633 735 3805 791 quam

2215 802 2460 856 veniente
2512 801 2740 857 Domino
2800 805 3051 859 Habacuc
3101 808 3359 877 propheta
3412 808 3545 862 vidit
3602 810 3805 864 timore

2213 892 2559 961 perterritam
2601 900 2656 946 ct
2689 895 2763 947 ait
2798 912 2810 946 :
2845 895 3213 950 Tabernacula
3258 896 3573 969 Ethiopum
3627 915 3803 971 expa-

2209 990 2430 1035 vesccnt
2468 983 2811 1037 tabernacula
2850 995 3008 1039 terrm
3056 987 3265 1042 Madian
3304 987 3535 1058 (Habac.
3578 1007 3663 1056 ιιι,
3717 991 3801 1063 7).

2212 1071 2379 1125 David
2406 1089 2620 1144 quoque
2640 1078 2904 1145 propheta
2934 1078 3143 1144 videns,
3166 1080 3309 1149 quod
3334 1081 3401 1135 ad
3447 1081 3691 1136 Iudaeam
3718 1099 3809 1139 re-

2212 1163 2519 1218 dimendam
2542 1168 2751 1221 veniret
2778 1169 3037 1223 Dominus
3061 1186 3075 1233 ;
3107 1170 3199 1224 sed
3221 1179 3345 1226 ante
3377 1172 3655 1242 gentilitas
3680 1190 3808 1229 cre-

2212 1256 2385 1321 deret,
2416 1274 2577 1328 quam
2603 1259 2785 1313 Iudaea
2822 1271 3163 1330 sequeretur,
3186 1263 3327 1316 sicut
3356 1265 3613 1334 scriptum
3668 1276 3759 1321 est
3788 1284 3805 1321 :

2212 1346 2394 1403 Donec
2446 1351 2721 1420 plenitudo
2768 1356 3006 1424 gentium
3065 1356 3328 1422 intraret,
3398 1367 3451 1412 et
3501 1361 3579 1415 sic
3622 1362 3811 1417 omnis

2210 1436 2375 1491 Israel
2401 1440 2579 1493 salvus
2603 1440 2757 1495 ﬁeret
2792 1442 2970 1511 (Rom.
3014 1461 3087 1504 χι.
3140 1445 3256 1518 25),
3306 1446 3475 1501 dicit:
3522 1449 3811 1520 .Ethiopia

2211 1531 2488 1598 praeveniet
2521 1548 2707 1585 manus
2738 1534 2851 1601 ejus
2875 1534 2983 1587 Deo
3004 1534 3177 1605 (Psal.
3204 1552 3370 1599 va'n,
3430 1537 3541 1608 52),
3593 1540 3645 1592 id
3695 1550 3811 1606 est,

2211 1619 2528 1689 priusquam
2562 1620 2745 1677 Iudaea
2773 1625 2981 1689 credat,
3011 1625 3323 1679 salvandam
3349 1642 3409 1679 se
3436 1627 3595 1681 oﬁ‘ert
3619 1630 3811 1682 omni-

2212 1709 2418 1777 potenti
2444 1710 2690 1777 Domino,
2717 1712 2958 1780 peccatis
2984 1714 3140 1783 nigra
3167 1714 3461 1783 gentilitas.
3507 1716 3811 1785 Topazium

527 1814 779 1861 naturam
806 1808 1096 1862 ostendens
1119 1806 1404 1870 visibilem,
1440 1814 1493 1860 et
1543 1806 1691 1859 visus
1736 1814 1796 1859 ut
1849 1806 2010 1858 homo
2058 1788 2190 1858 etB
2216 1815 2343 1853 vero
2367 1801 2639 1869 pretiosus
2667 1802 2802 1871 lapis
2822 1810 2932 1866 est;
2969 1810 3025 1857 et
3069 1803 3195 1872 quia
3240 1802 3426 1858 Graeca
3474 1805 3655 1877 lingua
3697 1813 3813 1863 πᾶν

530 1907 784 1968 tanquam
811 1908 1070 1970 cognatus
1099 1899 1405 1953 hominibus
1430 1912 1712 1967 apparens,
1759 1898 1899 1950 sicut
1946 1897 2112 1952 etiam

525 1989 854 2059 evangelista
884 1988 1184 2058 praedicans
1212 1988 1363 2052 dicit,
1409 1988 1534 2058 quia
1594 1986 1821 2041 Verbum
1863 2004 1984 2040 caro
2030 1986 2112 2056 fa-

526 2089 664 2133 ctum
686 2088 781 2133 est.
810 2078 1089 2146 Quomodo
1125 2079 1381 2150 possibile
1408 2086 1493 2133 est
1530 2079 1696 2132 Deum
1726 2079 1963 2132 Verbum
1993 2077 2111 2131 ﬁeri

528 2168 807 2225 hominem
836 2171 1088 2240 requiris,
1137 2179 1193 2225 et
1236 2172 1454 2225 modum
1503 2170 1598 2225 Dei
1650 2170 2034 2224 miraculosum
2079 2184 2111 2223 a

525 2262 683 2317 nobis
708 2262 917 2334 exigis?
948 2262 1006 2317 Si
1031 2262 1519 2333 comprehensibile
1556 2263 1711 2317 nobis
1740 2274 1904 2325 esset,
1970 2262 2112 2330 quod

527 2351 1071 2423 iucomprehensibile
1092 2361 1175 2409 est
1188 2368 1457 2418 sermone,
1483 2353 1802 2407 miraculum
1820 2370 1927 2408 non
1946 2361 2108 2419 esset,

526 2444 622 2498 sed
649 2458 811 2498 causa
837 2451 1077 2509 natum;
1107 2444 1154 2499 si
1178 2459 1307 2499 vero
1339 2443 1663 2497 miraculum
1692 2452 1749 2498 et
1770 2445 1982 2513 signum
2006 2453 2108 2511 est,

525 2534 667 2604 quod
701 2532 903 2588 factum
929 2542 1037 2602 est,
1085 2535 1217 2589 cede
1259 2534 1526 2588 rationem
1569 2534 1796 2589 Domino
1847 2533 2109 2589 miracula

527 2624 780 2689 facienti;
810 2625 937 2694 quia
962 2625 1107 2679 enim
1132 2624 1337 2680 factum
1365 2634 1449 2680 est
1478 2624 1621 2679 scire
1650 2632 1703 2678 te
1748 2625 1905 2691 volo;
1957 2634 2012 2681 et
2044 2641 2110 2679 ex

527 2730 590 2769 eo
612 2713 757 2784 quod
787 2713 989 2770 factum
1011 2724 1115 2782 est,
1144 2715 1381 2769 fructum
1407 2714 1512 2770 ﬁde
1561 2716 1792 2770 lucrare.
1852 2715 2110 2785 Operanti

527 2806 675 2861 cede.
709 2826 728 2858 ι
763 2804 831 2859 Et
847 2814 972 2875 post
996 2821 1165 2875 pauca
1201 2823 1213 2859 :
1251 2824 1269 2856 ‹
1294 2805 1408 2860 Hoc
1423 2805 1532 2876 egit
1550 2806 1936 2861 miraculorum
1957 2822 2111 2862 crea—

528 2907 632 2963 tor,
662 2898 732 2953 ad
758 2913 913 2953 suam
943 2897 1273 2953 voluntatem
1305 2907 1557 2952 naturam
1586 2899 1825 2963 trahens,
1858 2907 1911 2953 et
1928 2899 2111 2968 paruit

529 2998 719 3043 natura
738 2988 990 3057 iussioni.
1032 2988 1150 3042 Noli
1177 3004 1308 3059 ergo
1350 2990 1407 3044 in
1458 2988 1827 3044 inﬁrmitatem
1863 2992 2110 3047 humanas

529 3086 731 3133 natura:
750 3079 963 3134 cadere.
990 3077 1109 3133 Noli
1137 3080 1335 3145 dicere,
1364 3080 1631 3148 quomodo
1659 3081 1892 3135 hominis
1916 3091 2107 3137 natura

2214 1907 2363 1944 omne
2394 1891 2613 1956 dicitur,
2644 1907 2743 1961 pro
2784 1908 2850 1947 eo
2877 1894 3020 1961 quod
3072 1894 3217 1948 omni
3265 1894 3445 1949 colore
3498 1898 3817 1967 resplendet

2212 1982 2507 2049 t0pazium,
2536 1984 2691 2051 quasi
2734 1984 3047 2053 topandium
3105 1994 3346 2039 vocatur.
3398 1985 3534 2040 Dum
3582 2003 3708 2041 vero
3751 1991 3814 2043 in

2213 2072 2378 2127 Deum
2405 2087 2667 2128 conversa
2697 2075 2973 2144 gentilitas
3000 2075 3253 2139 credidit,
3282 2091 3349 2130 ex
3396 2091 3461 2131 ea
3515 2077 3669 2132 multi
3720 2080 3812 2133 ita

2212 2171 2335 2217 sunt
2365 2164 2505 2218 dono
2538 2165 2770 2234 Spiritus
2795 2165 3127 2235 locupletati,
3156 2175 3215 2220 ut
3242 2168 3399 2237 quasi
3440 2168 3624 2222 multis
3652 2170 3807 2226 colo-

2212 2254 2384 2319 ribus,
2409 2255 2487 2309 sic
2519 2254 2702 2309 multis
2754 2256 3045 2310 virtutibus
3062 2257 3299 2311 luceant.
3329 2256 3436 2312 Sed
3479 2274 3546 2312 ne
3600 2275 3801 2332 accep-

2211 2345 2282 2398 tis
2309 2345 2533 2413 quisque
2558 2345 2850 2399 virtutibus
2866 2346 3173 2411 extollatur,
3204 2363 3234 2401 a
3264 2357 3451 2403 sancto
3476 2350 3595 2404 viro
3651 2369 3808 2409 nunc

2212 2438 2405 2492 dicitur
2431 2455 2537 2493 non
2570 2440 2941 2509 adtequabitur
2987 2442 3037 2495 ei
3095 2444 3370 2511 topazium
3416 2445 3482 2497 de
3502 2443 3809 2514 Ethiopian.

2209 2529 2289 2583 Ac
2318 2530 2363 2583 si
2393 2539 2577 2599 aperte
2603 2532 2907 2586 diceretur:
2928 2531 3115 2587 Nullus
3139 2542 3451 2611 sanctorum
3474 2534 3813 2604 quibuslibet

2211 2620 2502 2675 virtutibus
2527 2621 2739 2691 plenus,
2777 2637 2841 2675 ex
2898 2624 3001 2677 ista
3057 2614 3236 2677 tamen
3280 2626 3557 2695 nigredine
3612 2628 3806 2681 mundi

2213 2712 2468 2767 collectus
2492 2715 2694 2783 mquari
2731 2722 2929 2785 potest,
2959 2716 3024 2768 de
3056 2731 3162 2787 quo
3199 2714 3404 2769 dictum
3457 2724 3539 2771 est
3586 2734 3601 2769 :
3647 2716 3809 2781 Quod

2212 2814 2455 2858 nascetur
2482 2822 2547 2858 ea;
2569 2816 2617 2859 te
2644 2815 2904 2869 sanctum,
2930 2806 3196 2858 vocabitur
3236 2803 3411 2859 Filius
3456 2805 3553 2858 Dei
3582 2805 3731 2878 (Luc.
3760 2822 3804 2871 ι,

2210 2896 2321 2964 59).
2362 2894 2471 2950 Nos
2510 2896 2707 2965 quippe
2762 2897 2937 2950 sancti
2975 2895 3257 2962 elIicimur,
3308 2912 3415 2949 non
3470 2903 3649 2949 tamen
3700 2911 3805 2951 na-

2211 2987 2445 3052 scimur,
2476 2989 2602 3058 quia
2653 2989 2769 3057 ipsa
2818 2996 3025 3042 natura:
3077 2988 3444 3057 corruptibilis
3493 2989 3808 3045 conditione

2209 3079 2665 3149 constringimur,
2717 3088 2775 3133 ut
2822 3094 2944 3133 cum
2999 3080 3262 3148 propheta
3318 3078 3557 3133 dicamus
3599 3097 3612 3132 :
3665 3078 3808 3134 Ecce

529 3168 694 3236 cmpit
711 3168 1206 3235 Deum?Quomodo
1222 3171 1363 3226 Deus
1378 3170 1551 3225 factus
1566 3172 2107 3240 esthomo?Quomo—
2134 3140 2180 3203 Ο
2210 3168 2347 3221 enim
2399 3169 2455 3221 in
2502 3169 2861 3238 iniquitatibus
2902 3179 3175 3238 conceptus
3218 3186 3331 3222 sum
3354 3210 3369 3234 ,
3416 3180 3463 3222 et
3501 3169 3557 3222 in
3601 3169 3807 3223 delictis

529 3259 599 3313 do
618 3259 759 3315 Deus
774 3261 1010 3316 Verbum
1039 3260 1183 3317 facta
1204 3272 1288 3318 est
1302 3280 1429 3319 caro
1453 3265 1715 3320 visibilis?
1741 3264 1845 3320 Sed
1878 3268 2005 3335 quia
2026 3267 2110 3321 fa-

529 3357 679 3404 ctmu
706 3358 809 3419 est,
836 3352 1028 3419 crede;
1059 3355 1276 3410 modum
1306 3371 1435 3412 vero
1449 3364 1504 3412 et
1521 3357 1787 3413 rationem
1810 3359 1942 3413 cede
1958 3374 2114 3414 crea-

534 3443 657 3496 tori.
699 3463 719 3496 ι

603 3534 788 3589 XXIII.
818 3535 1114 3593 Audiamus
1137 3553 1373 3608 quoque,
1409 3540 1538 3610 quid
1578 3539 1773 3595 beatus
1821 3540 2114 3611 Gregorius

533 3624 776 3694 pontifex
803 3626 1112 3698 apostolicae
1136 3630 1279 3684 sedis
1303 3642 1358 3684 et
1387 3630 1576 3685 doctor
1600 3631 1864 3685 mirabilis
1898 3633 1953 3685 in
1975 3631 2113 3686 libro

532 3716 710 3786 primo
730 3718 907 3788 operis
929 3719 1276 3789 pulcherrimi
1305 3722 1588 3776 Moralium
1620 3724 1765 3777 dicat
1796 3734 1818 3760 ε
1856 3742 1868 3777 :
1909 3743 1925 3773 ι
1956 3722 2115 3776 Erat-

531 3822 630 3878 que
650 3809 730 3862 m'r
764 3807 855 3863 ille
883 3826 1106 3881 magnus
1124 3812 1261 3866 inter
1278 3828 1456 3866 omnes
1490 3810 1787 3866 Orientales
1800 3812 1941 3884 (Job.
1970 3829 2011 3877 ι,
2036 3814 2112 3883 5).

534 3896 688 3965 Quod
716 3899 1046 3970 Redemptor
1087 3910 1272 3958 noster
1324 3903 1518 3959 Oriens
1583 3903 1796 3969 dicitur,
1848 3903 2118 3974 Propheta

536 3996 768 4044 testante
793 3991 1126 4060 perhibetur,
1159 3992 1251 4061 qui
1272 3992 1349 4045 ait
1376 4006 1390 4046 :
1414 3991 1551 4047 Ecce
1577 3994 1655 4046 vir
1696 3992 1884 4047 Oriens
1930 4009 2118 4048 nomen

534 4082 649 4152 ejus
688 4077 874 4151 (Zach.
906 4097 983 4147 v1,
1017 4082 1126 4153 1‘2).
1151 4081 1351 4137 Omnes
1379 4097 1529 4151 ergo,
1562 4083 1653 4151 qui
1678 4083 1731 4136 in
1760 4083 1863 4138 hoc
1908 4084 2118 4138 oriente

538 4170 644 4226 ﬁde
665 4172 988 4238 consistunt,
1017 4164 1165 4227 recte
1200 4171 1505 4228 Orientales
1556 4183 1850 4239 vocantur;
1884 4174 1977 4228 sed
1991 4176 2116 4245 quia

538 4275 729 4316 omnes
749 4262 912 4333 766
953 4264 1201 4319 homines
1248 4264 1621 4319 tantummodo
1672 4265 1950 4332 homines;
2004 4268 2119 4337 ipse

538 4356 720 4402 autem
744 4346 938 4405 Oriens
964 4351 1107 4407 Deus
1134 4360 1190 4407 et
1214 4354 1399 4418 homo,
1429 4362 1575 4409 recte
1603 4354 1801 4410 dicitur
1827 4370 1841 4410 :
1865 4355 1997 4410 Erat
2011 4373 2119 4411 ma-

540 4456 673 4512 gnua
696 4441 832 4495 inter
858 4458 1033 4496 omnes
1066 4441 1381 4497 Orientales.
1406 4443 1485 4499 Ac
1506 4445 1551 4499 si
1579 4455 1763 4515 aperte
1791 4447 2066 4503 diceretur
2097 4466 2110 4501 :

542 4529 762 4595 Omnes,
790 4532 881 4600 qui
908 4532 961 4586 in
990 4532 1093 4587 ﬁde
1122 4533 1553 4600 Deonascuntur,
1569 4546 1803 4605 superat,
1832 4539 1956 4607 quia
1982 4554 2111 4605 non,

542 4628 604 4675 ut
641 4630 867 4677 cateros
895 4622 1133 4693 adoptio,
1161 4624 1255 4677 sed
1286 4633 1478 4679 natura
1506 4626 1650 4679 illum
1667 4628 1959 4681 divinitatis
1972 4629 2118 4683 exal-

546 4712 772 4780 tat;qui
798 4712 900 4767 etsi
948 4713 1281 4769 humanitate
1333 4716 1543 4770 caeteris
1594 4717 1841 4786 apparuit
1893 4718 2116 4783 similis,

546 4802 827 4859 divinitate
856 4812 1038 4859 tamen
1062 4807 1261 4861 mansit
1283 4822 1443 4877 super
1469 4808 1648 4861 omnia
1679 4807 1985 4877 singularis.
2024 4828 2043 4859 ι

622 4893 808 4949 XXIV.
840 4897 969 4952 Item
1000 4897 1052 4953 in
1082 4897 1218 4953 libro
1233 4907 1424 4953 octavo
1452 4900 1660 4955 decimo
1678 4899 1917 4968 ejusdem
1933 4899 2123 4969 Operis

546 4985 739 5041 beatus
796 4986 1087 5060 Gregorius
1107 4990 1173 5044 de
1200 4989 1517 5045 excellentia
1574 4990 1876 5045 nativitatis
1900 4988 2124 5054 Christi,

549 5083 605 5129 et
629 5087 888 5144 quantum
916 5096 947 5134 a
990 5081 1146 5136 nobis
1171 5080 1402 5146 diﬁ‘erat,
1433 5082 1707 5136 admirans
1732 5082 1807 5137 ait
1832 5081 1858 5119 ἀ
1890 5099 1903 5133 :
1944 5099 1961 5130 ι
2002 5077 2129 5133 Non

550 5168 915 5240 adtequabitur
939 5172 985 5226 ei
1026 5174 1289 5243 topazt'um
1318 5172 1383 5226 de
1415 5171 1692 5243 {Ethiopia
1746 5170 1886 5242 (Job.
1934 5186 2128 5235 xxvm,

552 5260 661 5333 l9).
686 5260 825 5330 Quid
855 5264 1205 5338 EthiOpiam.
1236 5266 1340 5321 nisi
1377 5273 1702 5335 praesentem
1739 5264 1998 5319 mundum
2042 5277 2131 5317 ac-

636 5446 661 5474 α
690 5434 816 5492 Loc.
852 5438 950 5522 cit.
979 5434 1553 5522 cqncilLEphesqubi
1736 5434 1885 5491 locus
1935 5437 2133 5493 citatur

555 5504 1734 5656 fitq‘ttt‘ﬁé‘i‘i‘iﬁ’g’i‘;eiiiﬁi’b'ﬁi‘ll‘iat
1786 5576 1841 5631 in
1890 5575 2133 5634 Natalem

558 5652 771 5707 Domini
802 5653 940 5706 lecta
959 5649 1061 5705 fuit
1080 5646 1133 5704 in
1154 5649 1357 5773 εἴηοᾱο
1383 5646 1674 5718 Ephesina,
1704 5655 1760 5701 et
1788 5657 1964 5704 exstat
1998 5657 2129 5705 tom.

558 5718 621 5773 Ill
651 5721 855 5773 lecii.
880 5720 1075 5773 Coleti.
1119 5733 1184 5773 co
1206 5753 1220 5773 .
1263 5716 1394 5773 1551
1429 5716 1573 5773 circa
1598 5714 1778 5773 ﬁnem.

557 5718 621 5779 III
651 5721 855 5779 Concil.
880 5720 1075 5785 Coleti,
1119 5714 1220 5774 col.
1263 5716 1394 5775 1551
1427 5714 1573 5773 circa
1598 5714 1778 5773 ﬁnem.

2211 3262 2405 3330 peperit
2461 3277 2541 3314 me
2596 3271 2762 3314 mater
2810 3276 2923 3313 mea
2969 3258 3153 3330 (Psal.
3212 3278 3278 3325 1.,
3338 3261 3422 3332 7).
3474 3260 3565 3314 Ille
3619 3269 3805 3314 autem

2214 3348 2360 3404 solus
2386 3351 2652 3405 veraciter
2680 3359 2901 3404 sanctus
2929 3359 3090 3404 natus
3120 3359 3224 3416 est,
3254 3351 3368 3420 qui,
3396 3360 3453 3405 ut
3476 3352 3648 3421 ipsam
3674 3364 3809 3404 con-

2214 3442 2473 3497 ditionem
2495 3451 2703 3497 naturae
2724 3444 2987 3509 vinceret,
3025 3458 3089 3498 ex
3142 3444 3513 3498 commistione
3569 3442 3809 3497 carnalis

2217 3532 2421 3602 copula:
2440 3542 2731 3601 conceptus
2751 3548 2857 3587 non
2888 3542 2990 3588 est.
3028 3533 3164 3588 Huic
3220 3549 3278 3588 se
3332 3533 3609 3604 sapientiae
3648 3533 3807 3601 quasi

2216 3623 2483 3690 quoddam
2512 3625 2781 3692 t0pazium
2797 3624 2862 3678 de
2891 3623 3166 3693 Ethiopia
3192 3626 3398 3695 aquari
3435 3624 3628 3689 voluit,
3675 3640 3805 3679 cum

2217 3719 2434 3786 quidam
2460 3719 2817 3773 haeresiarcha
2841 3719 2975 3773 dixit
3008 3739 3020 3772 :
3051 3719 3168 3774 Non
3191 3720 3406 3773 invideo
3435 3717 3656 3773 Christo
3684 3716 3803 3772 Deo

2218 3806 2400 3872 facto;
2433 3807 2477 3861 si
2508 3807 2648 3873 volo,
2679 3817 2732 3862 et
2765 3810 2879 3879 ipse
2909 3824 3126 3878 possum
3184 3809 3301 3862 ﬁeri
3359 3826 3373 3862 :
3428 3809 3519 3877 qui
3568 3806 3749 3862 Iesum
3785 3826 3801 3862 :

2215 3899 2503 3953 Dominum
2526 3908 2772 3954 nostrum
2799 3915 2905 3953 non
2933 3915 3031 3966 per
3057 3899 3371 3969 mysterium
3394 3898 3764 3968 conceptionis
3784 3936 3804 3963 ,

2217 3995 2311 4048 sed
2330 4009 2428 4064 per
2456 3994 2754 4064 profectum
2793 3994 2979 4063 gratias
3030 3994 3197 4046 Deum
3248 3994 3475 4062 putavit,
3542 4008 3805 4064 perversa

2216 4084 2534 4156 allegatione
2564 4092 2834 4147 astruens,
2852 4097 2977 4137 eum
3008 4098 3237 4154 parvum
3266 4083 3544 4137 hominem
3589 4093 3804 4150 natum,

2216 4178 2313 4233 sed
2340 4184 2400 4231 ut
2422 4177 2561 4229 Deus
2591 4184 2737 4230 esset
2762 4191 2858 4244 per
2886 4175 3141 4229 meritum
3170 4174 3499 4246 profecisse;
3533 4185 3696 4245 atque
3733 4175 3808 4231 ob

2216 4268 2320 4321 hoc
2345 4265 2637 4330 aestimans,
2670 4274 2725 4319 et
2767 4279 2823 4319 se
2849 4274 2904 4319 et
2945 4265 3214 4335 quoslibet
3251 4265 3385 4319 alios
3415 4265 3465 4317 ei
3508 4280 3667 4335 posse
3713 4279 3811 4319 co-

2215 4357 2441 4428 aaquari,
2458 4356 2547 4426 qui
2567 4355 2661 4409 ﬁlii
2678 4355 2774 4410 Dei
2791 4371 2888 4425 per
2907 4357 3135 4427 gratiam
3153 4354 3319 4421 ﬁunt;
3347 4370 3456 4409 non
3477 4354 3805 4427 intelligens,

2216 4463 2326 4502 non
2347 4448 2630 4502 attendens
2657 4448 2783 4517 quia
2813 4464 2917 4501 non
2946 4446 3312 4516 adwquabitur
3346 4445 3394 4498 ei
3443 4446 3708 4515 topazium
3735 4444 3804 4500 de

2224 4539 2520 4610 Ethiopia.
2552 4539 2710 4594 Aliud
2740 4546 2824 4593 est
2883 4539 3028 4592 enim
3069 4544 3254 4591 natum
3304 4534 3538 4589 hominis
3577 4534 3809 4603 gratiam

2224 4632 2525 4701 adoptionis
2558 4632 2869 4701 percipere;
2924 4628 3071 4683 aliud
3114 4642 3281 4681 unum
3317 4625 3662 4694 singulariter
3709 4638 3813 4693 per

2225 4724 2518 4779 divinitatis
2555 4724 2850 4791 potentiam
2903 4721 3072 4774 Deum
3097 4734 3163 4775 ex
3209 4721 3324 4788 ipso
3372 4724 3632 4786 conceptu
3685 4730 3811 4784 pro-

2228 4814 2427 4869 diisse:
2456 4829 2554 4868 nec
2577 4815 2779 4883 aequari
2812 4819 2987 4882 potest
3010 4811 3177 4880 gloria
3208 4808 3467 4882 unigeniti
3506 4808 3687 4862 habita
3715 4822 3814 4877 per

2229 4910 2497 4967 naturam,
2526 4903 2645 4957 aliis
2665 4909 2883 4970 accepta
2910 4916 3007 4969 per
3035 4900 3287 4970 gratiam.
3323 4899 3585 4954 Mediator
3608 4899 3806 4968 quippe

2229 4994 2325 5049 Dei
2356 5006 2516 5064 atque
2548 4996 2843 5060 hominum,
2872 4994 3033 5047 homo
3053 4991 3302 5048 Christus
3339 4989 3516 5056 Jesus,
3540 5006 3647 5046 non
3672 4990 3813 5044 sicut

2231 5091 2333 5145 iste
2362 5091 2648 5145 haereticus
2674 5090 2886 5159 desipit,
2918 5088 3052 5140 alter
3074 5088 3127 5143 in
3158 5086 3513 5148 humanitate,
3565 5085 3701 5137 alter
3755 5084 3813 5137 in

2233 5182 2443 5235 Deitate
2469 5190 2581 5245 est;
2611 5196 2718 5234 non
2748 5194 2914 5248 purus
2934 5180 3095 5234 homo
3121 5185 3413 5247 conceptus
3438 5184 3599 5247 atque
3611 5176 3811 5239 editus,

2234 5281 2358 5343 post
2382 5286 2478 5345 per
2500 5272 2775 5337 meritum,
2798 5278 2855 5325 ut
2878 5271 3019 5327 Deus
3047 5278 3211 5334 esset,
3241 5269 3467 5337 accepit,
3524 5268 3619 5322 scd
3673 5282 3817 5320 nun-

2309 5452 2330 5481 ε
2363 5438 2420 5495 S.
2450 5440 2759 5512 Gregorius,
2782 5439 2905 5496 libr.
2935 5455 2953 5493 ι
2978 5438 3185 5499 Moral..
3217 5454 3335 5509 cap.
3367 5438 3453 5503 18,
3485 5437 3541 5490 in
3568 5433 3668 5492 Job
3692 5449 3813 5504 cap.

2235 5511 2519 5709 l’gxellliidi'
2538 5582 2661 5639 libr.
2706 5600 2825 5649 VIII,
2864 5596 2983 5651 cap.
3011 5575 3104 5645 52,
3140 5580 3194 5634 in
3221 5577 3341 5635 Job.
3368 5595 3488 5648 cap.
3520 5591 3715 5641 xxvut,
3758 5589 3813 5628 v.
