4072 6346
219 344 287 402 97
1041 326 1453 386 DOGMATICA.
1495 357 1564 367 ——
1600 325 1725 380 LIB.
1768 322 1923 379 ADV.
1968 320 2289 377 HERESIN
2327 316 2609 375 FELICIS.
3405 318 3476 374 98

223 456 393 509 tiante
419 448 610 517 angelo
635 454 690 502 et
718 442 1035 499 adveniente
1060 439 1284 510 Spiritu,
1319 453 1441 493 mox
1469 437 1706 492 Verbum
1744 436 1801 489 in
1825 437 1881 498 Α
1904 432 2006 486 Hic
2028 443 2099 487 est
2125 432 2299 486 Filius
2324 449 2491 486 meus.
2514 432 2656 489 Suus
2679 429 2864 499 utique
2887 443 2996 484 non
3018 443 3115 499 per
3139 428 3483 500 adoptionem

222 554 400 606 utero,
431 556 554 596 mox
586 539 724 593 intra
754 546 964 590 uterum
993 534 1230 588 Verbum
1252 547 1414 595 caro;
1446 538 1502 585 et
1552 534 1804 583 manente

220 628 654 692 incommutabili
688 625 946 689 essentia,
969 638 1087 692 qum
1118 622 1168 677 ei
1194 629 1276 676 est
1302 635 1425 675 cum
1437 619 1599 673 Patre
1614 625 1804 672 etcum

221 733 415 780 sancto
445 722 652 792 Spiritu
706 726 997 781 coaeterna,
1035 714 1327 785 assumpsit
1372 713 1517 767 intra
1563 710 1805 779 virginea

222 820 461 882 viscera,
491 815 584 870 ubi
603 822 658 868 et
688 810 1035 881 impassibilis
1062 807 1172 877 pati
1202 815 1258 861 et
1287 802 1609 860 immortalis
1645 799 1805 865 mori,

222 916 279 963 et
306 915 546 960 :eternus
568 910 695 957 ante
721 899 919 955 samula
947 895 1263 967 temporalis
1284 901 1467 965 posset
1519 905 1637 947 esse
1671 891 1725 944 in
1747 888 1809 942 ﬁ-

224 1012 294 1052 ne
315 995 641 1051 saeculorum
676 1010 689 1046 :
722 1000 778 1046 et
814 1005 909 1061 per
938 986 1211 1043 ineffabile
1234 991 1630 1041 sacramentum
1677 994 1807 1034 con-

224 1096 388 1159 wptu
420 1093 609 1142 sancto
638 1091 693 1138 et
710 1089 865 1153 partu
894 1077 1191 1134 inviolabili
1219 1075 1513 1131 secundum
1526 1071 1810 1127 veritatem

224 1180 516 1247 utriusque
544 1184 748 1231 natura:
771 1180 932 1227 natus
954 1177 1037 1225 est
1061 1183 1202 1223 unus
1224 1167 1319 1222 Dei
1342 1164 1535 1228 Filius,
1550 1169 1611 1216 ut
1623 1159 1812 1215 eadem

225 1271 384 1339 virgo
410 1276 466 1321 et
494 1266 689 1321 ancilla
712 1263 926 1318 Domini
952 1269 1096 1316 esset
1124 1268 1179 1314 et
1217 1266 1409 1314 mater.
1469 1254 1559 1310 Sic
1620 1253 1816 1323 quippe

226 1361 277 1416 ei
308 1360 379 1415 ab
427 1356 703 1413 Elisabeth
748 1353 948 1408 dicitur
981 1371 993 1405 :
1027 1349 1176 1404 Unde
1221 1350 1317 1402 hoc
1365 1347 1513 1411 mihi,
1542 1353 1597 1398 ut
1644 1344 1816 1398 veniat

226 1458 403 1503 mater
433 1445 644 1499 Domini
672 1443 773 1496 mei
814 1442 882 1495 ad
926 1457 1008 1494 me
1034 1440 1185 1510 (Luc.
1215 1455 1258 1502 ι,
1284 1436 1412 1507 45)?
1434 1436 1499 1489 Et
1525 1434 1639 1504 ipsa
1666 1433 1817 1502 virgo

227 1539 545 1610 concipiens
575 1536 736 1590 dicit:
755 1534 892 1588 Ecce
918 1532 1110 1587 ancilla
1126 1531 1359 1595 Domini,
1378 1530 1472 1598 ﬁat
1488 1527 1615 1581 mihi
1634 1541 1818 1579 secun—

229 1632 360 1684 dum
392 1629 605 1683 verbum
634 1637 781 1679 tuum
809 1625 959 1696 (Luc.
985 1641 1025 1688 1,
1050 1623 1163 1693 58).
1190 1623 1257 1677 Et
1276 1620 1521 1690 quamvis
1546 1619 1659 1687 ipse
1674 1616 1820 1670 aliud

227 1738 297 1777 ex
318 1723 505 1783 Patre,
538 1720 683 1774 aliud
709 1735 770 1773 ex
802 1718 1034 1788 virgine,
1061 1731 1169 1771 non
1207 1724 1386 1768 tamen
1413 1713 1552 1767 alius
1600 1727 1667 1767 ex
1713 1710 1808 1763 Pa-

1904 525 2114 596 gratiaa,
2144 537 2317 593 neque
2342 538 2439 592 per
2474 522 2789 593 religionem
2816 529 3102 588 creaturae,
3142 529 3203 576 ut
3243 520 3484 577 heretici

1904 619 2122 684 volunt;
2166 618 2260 672 sed
2299 617 2382 672 sui
2420 618 2750 687 proprietate
2793 617 3010 687 generis
3037 623 3092 671 et
3126 615 3354 670 veritate
3391 626 3488 669 na-

1904 718 2059 765 turae.
2111 708 2261 763 Multi
2306 708 2451 762 enim
2498 716 2811 763 sanctorum
2861 705 2953 762 ﬁlii
2997 706 3094 764 Dei
3141 708 3392 763 dicuntur
3433 711 3491 762 et

1908 809 2051 866 sunt,
2092 802 2186 856 sed
2215 800 2305 855 hic
2338 800 2455 854 sine
2491 800 2894 868 comparatione
2932 797 3063 870 [Al.,
3096 793 3495 868 compassione)

1909 908 2047 948 unus
2091 893 2200 947 Deo
2240 891 2387 945 Patri
2433 890 2601 945 Filius
2640 890 2950 959 unigenitus
2993 898 3047 945 et
3083 906 3243 945 verus
3281 897 3334 945 et
3368 903 3492 957 pro-

1908 983 2080 1053 prius,
2117 998 2222 1035 non
2262 981 2475 1035 aliunde
2501 996 2663 1050 quam
2696 981 2761 1035 de
2795 980 2955 1035 Patre
2990 991 3181 1049 natus;
3223 982 3349 1052 quia
3384 989 3492 1037 tam

1910 1087 2073 1127 verus
2096 1080 2250 1141 pater
2271 1072 2432 1126 Pater
2452 1078 2557 1137 est,
2585 1086 2747 1141 quam
2769 1087 2930 1126 verus
2951 1079 3003 1127 et
3026 1074 3167 1129 Deus
3193 1081 3304 1139 est;
3339 1074 3497 1129 sicuti

1913 1165 2075 1221 etiam
2105 1163 2236 1237 [Al.,
2260 1164 2394 1235 tam]
2426 1179 2585 1219 verus
2610 1163 2752 1219 ﬁlius
2774 1163 2989 1236 [Filius]
3011 1173 3114 1230 est,
3145 1181 3305 1235 quam
3338 1182 3499 1221 verus

1915 1264 1969 1313 et
1992 1256 2272 1311 Dominus.
2290 1254 2537 1310 Perfecta
2557 1270 2687 1327 ergo
2708 1255 2843 1311 ﬁdes
2860 1263 2945 1311 est
2961 1256 3242 1312 Trinitatis
3259 1267 3499 1322 ostensa,

1916 1362 2042 1402 cum
2067 1358 2122 1402 et
2150 1347 2309 1403 Pater
2338 1349 2615 1405 Christum
2654 1350 2940 1404 Dominum
2966 1366 3029 1405 ac
3057 1350 3227 1405 Deum
3256 1360 3501 1406 nostrum

1916 1436 2111 1493 Filium
2151 1455 2306 1494 suum
2346 1455 2465 1495 esse
2505 1448 2772 1505 testatur;
2813 1448 2868 1496 et
2908 1440 3142 1511 Spiritus
3181 1450 3418 1507 sanctus,
3451 1442 3505 1497 id

1918 1540 2023 1595 est,
2055 1531 2383 1596 Paracletus,
2423 1532 2479 1586 in
2509 1540 2658 1587 tanto
2696 1531 2821 1587 ﬁdei
2860 1542 3199 1588 sacramento
3236 1532 3383 1588 Patri
3414 1533 3506 1589 Fi-

1918 1623 2096 1690 lioque
2117 1620 2479 1692 conjungitur,
2504 1632 2565 1677 ut
2593 1639 2781 1679 verum
2807 1623 3044 1690 Patrem,
3071 1640 3260 1679 verum
3286 1624 3503 1692 Filium,
3530 1630 3542 1655 ‘

1908 1715 2107 1771 'verum
2146 1716 2309 1769 etiam
2348 1714 2608 1786 Spiritum
2650 1725 2898 1773 sanctum
2933 1718 3154 1774 credere
3181 1727 3297 1775 tres
3323 1735 3510 1790 perso-

232 1821 339 1875 tre,
367 1812 508 1864 alius
533 1824 601 1864 ex
628 1810 860 1879 virgine,
886 1807 981 1862 sed
1012 1808 1127 1875 ipse
1154 1813 1238 1859 est
1262 1814 1587 1877 aeternusex
1640 1802 1821 1865 Patre,
1853 1792 1901 1852 Β
1925 1824 2042 1872 nas,
2076 1809 2168 1863 sed
2192 1824 2355 1862 unam
2385 1809 2719 1864 divinitatem
2750 1810 3050 1877 Trinitatis,
3082 1827 3354 1882 unamque
3380 1814 3508 1868 sub-

230 1904 350 1974 ipse
376 1902 692 1971 temporalis
734 1915 804 1954 ex
841 1908 1036 1961 matre,
1088 1898 1201 1966 ipse
1255 1896 1347 1964 qui
1404 1894 1553 1959 fecit,
1587 1893 1701 1962 ipse
1730 1891 1823 1960 qui

232 1993 411 2048 factus
438 2001 555 2055 est;
590 1991 749 2061 767
774 1992 889 2059 ipse
916 1989 1191 2059 speciosus
1216 1987 1390 2041 forma
1412 2002 1522 2055 pra:
1568 1984 1697 2038 ﬁliis
1723 1984 1821 2037 bo-

232 2085 446 2138 minum
474 2097 573 2151 per
601 2081 936 2135 divinitatem
971 2076 1141 2149 (Psal.
1168 2092 1316 2141 xuv,
1340 2076 1429 2146 5),
1476 2084 1530 2129 et
1576 2075 1708 2144 ipse,
1758 2072 1827 2127 de

230 2191 344 2246 quo
372 2175 575 2228 dictum
596 2181 680 2227 est
715 2190 726 2223 :
763 2170 1006 2225 Vidimus
1028 2184 1172 2233 eum,
1197 2175 1251 2221 et
1272 2183 1380 2223 non
1411 2173 1530 2220 erat
1553 2172 1822 2234 aspectus,

229 2275 289 2321 et
310 2281 423 2319 non
448 2272 531 2318 est
552 2262 760 2332 species
785 2261 835 2315 ei
868 2274 1043 2329 neque
1071 2259 1235 2314 decor
1282 2272 1376 2326 per
1429 2256 1823 2311 humanitatem

230 2354 396 2426 (Isai.
426 2369 545 2417 un,
573 2350 658 2421 2);
689 2351 803 2419 ipse
830 2358 955 2404 ante
992 2349 1187 2403 szecula
1214 2348 1279 2402 de
1309 2347 1469 2401 Patre
1493 2346 1612 2400 sine
1638 2345 1822 2408 Matre,

232 2445 355 2513 ipse
384 2446 438 2497 in
466 2442 572 2496 ﬁne
593 2440 909 2495 saeculorum
940 2441 1007 2493 de
1036 2439 1205 2492 Matre
1230 2438 1346 2492 sine
1368 2437 1543 2491 Patre.
1586 2455 1603 2486 ι

308 2532 482 2588 XXV.
524 2533 657 2587 item
708 2533 897 2585 beatus
940 2530 1245 2584 Alexander
1292 2526 1830 2596 ConstantinOpoleos

234 2628 528 2696 episcopus
539 2624 843 2677 Alexandro
855 2622 1217 2676 Alexandrino
1242 2621 1491 2689 episc0po
1511 2635 1569 2672 sc
1579 2618 1758 2673 ribens
1774 2618 1830 2671 in

235 2714 471 2784 epistola
496 2728 659 2781 quam
690 2728 788 2780 pro
817 2711 921 2766 ﬁde
950 2711 1215 2765 catholica
1246 2710 1460 2778 scripsit
1488 2719 1610 2778 post
1639 2706 1831 2777 prmia-

238 2805 447 2859 tionem
476 2818 770 2874 congruam
800 2802 874 2855 ita
904 2800 1168 2855 subinl'ert
1195 2814 1219 2839 ιι
1257 2819 1269 2852 :
1308 2819 1324 2850 ι
1368 2799 1537 2853 Porro
1571 2808 1832 2855 creatura:

238 2893 380 2962 ejus,
430 2894 676 2947 homines
719 2901 773 2947 ct
819 2892 994 2961 angeli
1040 2892 1441 2945 benedictiones
1488 2901 1828 2960 acceperunt,

237 2984 539 3038 virtutibus
563 2983 823 3053 proﬁcere
853 2982 1257 3043 contendentes,
1288 2982 1662 3050 mandatisque
1698 2983 1831 3051 legi-

239 3074 416 3136 timis,
445 3079 710 3142 quatenus
737 3088 843 3126 non
869 3080 1175 3140 peccarent.
1211 3072 1468 3127 Dominus
1496 3087 1622 3127 vero
1652 3082 1835 3128 noster

241 3139 569 3216 naturaliter
600 3161 766 3215 Filius
790 3139 962 3216 Patris
987 3162 1225 3217 existens
1259 3165 1327 3218 ab
1355 3165 1606 3219 omnibus
1642 3166 1834 3219 adora-
1860 3139 1907 3203 ο

240 3266 354 3312 tur.
383 3256 465 3310 Illi
492 3257 817 3326 deponentes
846 3256 1095 3325 spiritum
1127 3257 1403 3311 servitutis
1431 3272 1496 3311 ex
1522 3258 1677 3312 bonis
1706 3274 1835 3327 ope—

242 3348 399 3403 ribus
429 3356 483 3402 et
510 3348 756 3416 profectu
787 3347 1046 3417 Spiritum
1086 3349 1360 3403 ﬁliationis
1392 3350 1718 3419 accipientes
1744 3366 1840 3420 per

242 3438 553 3493 naturalem
594 3438 788 3491 Filium
824 3436 952 3504 justi
994 3438 1129 3492 ﬁunt
1167 3448 1219 3493 et
1256 3440 1354 3508 ipsi
1392 3440 1677 3508 adoptione
1707 3440 1836 3506 ﬁlii;

244 3528 409 3581 istius
445 3535 624 3581 autem
665 3528 937 3595 propriam
976 3534 1031 3581 et
1067 3529 1367 3583 naturalem
1409 3531 1843 3600 praecipuamque

245 3618 566 3672 ﬁliationem
590 3618 789 3672 Paulus
818 3618 982 3672 etiam
1004 3622 1367 3676 manifestavit
1392 3621 1457 3676 de
1482 3624 1588 3678 Deo
1615 3624 1800 3679 dicens
1825 3642 1837 3676 :

152 3706 157 3707 ⁷
248 3709 356 3774 Qui
379 3708 589 3777 praprio
620 3706 763 3760 Filio
788 3726 882 3762 suo
926 3726 1029 3761 non
1067 3713 1311 3780 pepercit,
1339 3713 1427 3764 sed
1454 3730 1546 3782 pro
1587 3714 1750 3776 nobis,
1789 3714 1843 3767 id

246 3808 365 3864 est,
405 3799 497 3867 qui
535 3807 726 3853 natura
754 3815 861 3853 non
898 3816 1084 3855 sumus
1114 3801 1238 3865 ﬁlii,
1270 3803 1487 3855 tradidit
1517 3821 1634 3856 eum
1662 3803 1840 3873 (Rom.

248 3906 373 3953 vm,
412 3890 537 3959 52);
578 3880 645 3943 ad
681 3891 1078 3946 distinctionem
1103 3909 1335 3961 namque
1358 3910 1465 3947 non
1503 3896 1846 3963 propriorum

250 3979 405 4033 illum
441 3981 719 4049 proprium
759 3980 956 4035 Filium
990 3998 1109 4037 esse
1142 3984 1296 4037 dixit.
1334 3985 1390 4038 In
1427 3985 1716 4056 Evangelio
1755 4003 1848 4040 au-

252 4079 387 4133 tem,
418 4069 518 4124 Hic
544 4082 617 4125 est
644 4071 690 4123 F
693 4073 839 4139 ilius,
865 4075 1059 4143 inquit,
1086 4093 1230 4131 meus
1259 4076 1496 4161 dilectus,
1520 4080 1575 4132 in
1598 4096 1700 4150 quo
1725 4080 1849 4135 bene

252 4162 551 4230 complacui
578 4163 791 4232 (Matth.
825 4181 911 4229 ιιι,
946 4166 1054 4236 Π).
1093 4188 1110 4218 ι

328 4251 518 4305 XXVI.
558 4253 901 4310 Chromatius
938 4272 1151 4326 quoque
1200 4267 1399 4313 sancta:
1429 4258 1685 4316 Romana:
1712 4262 1852 4316 anti-

256 4353 374 4397 stes
404 4343 679 4407 Ecclesize,
712 4345 763 4397 in
792 4345 971 4402 libello
996 4363 1156 4415 quem
1184 4349 1249 4403 de
1275 4358 1397 4404 octo
1424 4350 1854 4406 Beatitudinibus

1926 1899 2186 1954 stantiam
2216 1914 2324 1953 non
2358 1900 2683 1954 dubitemus.
2723 1920 2741 1951 ι

1994 1992 2088 2045 XX
2098 1991 2205 2045 Vll.
2226 1990 2331 2046 Sed
2359 1990 2516 2058 hujus
2539 1991 2661 2046 ﬁdei
2679 1992 2963 2047 veritatem
2981 1993 3171 2048 beatus
3183 1992 3514 2064 Augustinus

1924 2081 2110 2136 multis
2138 2082 2423 2136 conﬁrmat
2454 2083 2804 2145 testimoniis,
2840 2098 2959 2151 qua:
2998 2086 3226 2153 sparsim
3256 2086 3310 2139 in
3349 2100 3511 2153 opus-

1924 2173 2060 2227 culis
2092 2173 2205 2227 suis
2228 2172 2529 2241 legentibus
2550 2181 2603 2228 et
2624 2174 2879 2227 studiosis
2898 2184 3209 2229 occurrunt.
3233 2175 3348 2229 Non
3370 2175 3514 2229 enim

1926 2264 2254 2320 dormientes
2299 2262 2472 2335 [Leg.,
2511 2263 2922 2336 dormientibus]
2966 2266 3021 2319 in
3062 2266 3397 2329 inﬁdelitate,
3424 2266 3517 2319 sed

1925 2355 2203 2425 sapientiae
2248 2355 2589 2410 studentibus
2632 2355 2877 2409 veritatis
2918 2356 3157 2410 thesauri
3200 2363 3517 2425 patescunt;

1927 2448 2070 2501 unde
2095 2456 2150 2501 et
2176 2447 2229 2500 in
2255 2447 2547 2518 Evangelio
2573 2447 2688 2516 ipsa
2722 2446 2995 2517 Sapientia
3020 2447 3186 2501 dixit:
3219 2447 3520 2515 Justiﬁcala

1927 2548 2003 2592 est
2036 2538 2291 2607 sapientia
2328 2556 2358 2591 a
2395 2539 2521 2607 ﬁliis
2549 2540 2657 2592 suis
2689 2538 2904 2609 (Matth.
2937 2556 3023 2604 ιι,
3053 2538 3163 2609 19).
3198 2539 3349 2595 Unde
3377 2541 3519 2596 idem

1930 2630 2092 2684 Pater
2133 2630 2188 2683 in
2234 2630 2460 2699 praefato
2501 2647 2664 2701 opere
2706 2630 3061 2685 Homiliarum
3102 2631 3261 2685 titulo
3305 2640 3525 2700 quarto-

1931 2721 2142 2775 decimo
2187 2721 2294 2775 tale
2335 2723 2561 2792 protulit
2601 2722 2970 2777 testimoninm
3003 2734 3023 2760 ο
3072 2738 3087 2775 :
3134 2742 3153 2773 ‹
3199 2723 3338 2778 Audi
3378 2725 3525 2777 enim

1933 2812 2106 2866 adhuc
2152 2814 2295 2881 quod
2338 2814 2600 2881 sequitur,
2652 2814 2777 2881 quia
2824 2816 2889 2868 de
2928 2812 3067 2866 Filio
3112 2813 3367 2866 dixerat:
3403 2813 3528 2869 Non

1930 2906 2069 2957 enim
2098 2904 2168 2957 ad
2204 2922 2502 2959 mensuram
2545 2905 2634 2957 dat
2663 2905 2804 2958 Deus
2846 2904 3125 2975 Spiritum.
3171 2904 3334 2958 Pater
3356 2903 3527 2974 diligit

1934 2992 1983 3047 F
1989 2994 2137 3047 ilium
2164 3005 2211 3048 et
2234 2996 2408 3049 omnia
2431 2995 2573 3049 dedit
2592 2996 2647 3048 in
2670 3012 2829 3048 manu
2852 2995 2965 3064 ejus
2988 2994 3168 3065 (Joan.
3192 3010 3276 3059 ιιι,
3297 2992 3387 3058 54,
3410 2992 3523 3064 55).

1936 3083 2135 3152 Adjicit
2166 3104 2178 3139 :
2212 3085 2403 3140 Omnia
2430 3086 2575 3139 dedit
2602 3087 2658 3140 in
2683 3102 2844 3139 manu
2866 3085 3001 3154 ejus,
3030 3093 3090 3138 ut
3120 3100 3305 3141 nosses
3332 3092 3388 3138 et
3417 3085 3526 3151 hic,

1937 3194 2102 3247 quam
2150 3178 2400 3233 distincte
2440 3178 2645 3233 dictum
2691 3188 2772 3234 est
2819 3197 2831 3231 :
2890 3177 3047 3232 Pater
3088 3178 3259 3249 diligit
3304 3176 3528 3232 Filium.

1939 3271 2119 3337 Quare
2146 3272 2330 3326 enim?
2374 3270 2535 3325 Pater
2563 3286 2669 3326 non
2715 3272 2880 3341 diligit
2905 3270 3205 3326 Joannem?
3248 3272 3316 3324 Et
3351 3280 3534 3327 tamen

1939 3379 2046 3417 non
2093 3363 2272 3418 omnia
2319 3362 2463 3418 dedit
2508 3363 2562 3417 in
2612 3378 2773 3417 manu
2822 3360 2957 3431 ejus.
3008 3361 3166 3416 Pater
3211 3378 3319 3417 non
3359 3362 3535 3432 diligit

1940 3454 2200 3509 Paulum?
2244 3455 2312 3509 Et
2338 3462 2519 3509 tamen
2548 3470 2654 3510 non
2696 3455 2877 3510 omnia
2918 3454 3064 3509 dedit
3112 3454 3164 3507 in
3204 3469 3365 3508 manu
3396 3452 3530 3521 ejus.

1941 3541 2103 3597 Pater
2135 3542 2309 3611 diligit
2341 3542 2535 3595 Filium
2565 3559 2578 3595 :
2621 3541 2716 3596 sed
2752 3541 3023 3610 quomodo
3060 3540 3224 3611 768
3258 3540 3418 3593 Pater
3448 3538 3536 3591 Fi-

1943 3631 2098 3696 lium,
2122 3646 2227 3685 non
2255 3631 2523 3699 quomodo
2556 3631 2815 3685 Dominus
2843 3645 3092 3695 servum;
3124 3630 3393 3699 quomodo
3415 3627 3536 3684 uni-

1943 3738 2086 3787 cum,
2114 3738 2221 3777 non
2251 3725 2522 3792 quomodo
2552 3724 2885 3791 adoptatum.
2921 3743 2939 3775 ›

2016 3814 2250 3867 XXVIII.
2270 3815 2403 3868 Item
2419 3814 2473 3867 in
2494 3813 2756 3868 Sermone
2771 3830 2884 3867 χιιι
2897 3814 2923 3853 d
2942 3829 2955 3867 :
2978 3832 2997 3865 ι
3015 3814 3305 3877 Etrevera,
3319 3812 3535 3877 fratres,

1945 3912 2079 3973 puto
2102 3903 2227 3972 quia
2250 3902 2461 3971 justum
2483 3911 2589 3967 est,
2621 3902 2926 3957 humiliavit
2950 3918 3009 3957 se
3035 3912 3256 3972 propter
3282 3919 3402 3968 nos,
3425 3904 3540 3972 glo-

1950 3996 2223 4050 riﬁcemus
2254 3995 2406 4050 illum
2440 4010 2558 4049 nos.
2595 3994 2711 4051 Non
2747 3996 2891 4049 enim
2931 3996 3101 4051 Filius
3141 3998 3376 4053 hominis
3415 4014 3542 4067 pro-

1948 4096 2070 4158 pter
2096 4103 2155 4142 se
2179 4094 2279 4150 est,
2323 4088 2417 4143 sed
2440 4095 2664 4157 propter
2687 4103 2787 4143 nos
2811 4103 2827 4141 :
2856 4104 2984 4159 ergo
3012 4098 3130 4144 erat
3163 4090 3332 4146 Filius
3366 4092 3540 4147 homi-

1948 4180 2035 4234 nis
2065 4178 2156 4233 illo
2190 4180 2368 4244 modo,
2409 4195 2534 4233 cum
2567 4179 2801 4234 Verbum
2829 4196 2957 4234 caro
2996 4180 3194 4235 factum
3227 4182 3417 4247 est,'et
3446 4184 3541 4237 ha-

1948 4272 2143 4328 bitavit
2164 4273 2219 4325 in
2243 4272 2418 4326 nobis.
2441 4271 2566 4327 Ideo
2592 4272 2736 4326 hunc
2761 4272 2906 4326 enim
2933 4273 3076 4327 Deus
3103 4274 3262 4329 Pater
3285 4275 3538 4346 signavit.

1954 4364 2181 4434 Signare
2211 4364 2340 4432 quid
2367 4371 2473 4429 est,
2506 4364 2609 4417 nisi
2644 4364 2921 4433 proprium
2947 4366 3147 4435 aliquid
3177 4382 3396 4437 ponere.
3430 4369 3542 4424 Hoc

256 4435 512 4503 scripsit,
542 4435 618 4487 ita
649 4437 779 4489 dicit
810 4438 837 4476 ιι
868 4452 882 4490 :
921 4458 938 4487 ι
971 4439 1029 4491 In
1054 4440 1310 4508 mysterio
1338 4442 1479 4495 enim
1516 4442 1769 4511 baptismi
1797 4458 1834 4494 e.

1952 4462 2036 4509 est
2082 4454 2316 4522 signare,
2359 4468 2561 4521 ponere
2604 4453 2829 4522 aliquid,
2880 4469 2988 4524 quo
3035 4472 3140 4511 non
3178 4435 3544 4515 confundatur

257 4527 435 4581 Filius
635 4529 834 4583 addunt
866 4544 882 4580 .'
913 4531 1157 4601 1113118115]
1188 4531 1396 4585 videtur
1422 4532 1473 4585 in
1504 4548 1759 4601 corpore;
1800 4538 1855 4586 et
1880 4527 1927 4542 ν
1956 4563 2082 4602 cum
2108 4546 2337 4601 caneris,
2364 4545 2589 4615 Signa"),
2615 4555 2719 4612 est,
2750 4548 2962 4617 signum
2986 4550 3034 4603 ei
3066 4565 3283 4617 ponere.
3309 4550 3542 4607 Cuicun-

260 4620 505 4688 Spiritus
531 4629 750 4675 sanctus
774 4622 827 4675 in
856 4625 1034 4692 specie
1056 4624 1316 4679 columbae
1342 4624 1646 4689 descendit;
1674 4635 1728 4680 et
1750 4641 1851 4679 vox

261 4712 444 4767 Patris
474 4713 540 4767 de
568 4714 706 4769 ccelo
736 4716 971 4780 auditur,
1007 4725 1066 4769 ut
1095 4717 1378 4771 Trinitatis
1405 4719 1583 4773 unitas
1612 4719 1851 4773 declare-

262 4813 377 4868 tur,
416 4805 543 4874 quia
583 4820 681 4860 nec
716 4805 875 4861 Pater
916 4807 1031 4861 sine
1073 4807 1209 4861 Filio
1250 4808 1469 4876 intelligi
1504 4818 1712 4878 potest,
1755 4825 1856 4865 nec

262 4894 439 4949 Filius
467 4894 583 4949 sine
610 4894 815 4964 Spiritu
842 4906 1030 4950 sancto
1052 4898 1321 4967 cognosci.
1363 4899 1489 4952 Vide
1517 4898 1650 4970 [Al.,
1680 4899 1854 4972 Unde]

264 4986 455 5055 igitur,
481 4986 641 5054 quale
663 4984 841 5042 Patris
865 4988 930 5042 de
953 4986 1087 5042 Filio
1112 4989 1480 5044 testimonium
1501 4991 1571 5044 sit
1596 4992 1854 5047 dicentis:

342 5132 371 5160 ι
408 5119 529 5193 Non
563 5120 867 5193 Alexander
897 5122 1181 5192 episcopus
1217 5122 1754 5193 Constantinopoleos
1790 5128 1857 5181 ad

267 5190 640 5265 Alexandrum
669 5190 1111 5265 tAlexandrinum
1166 5194 1504 5264 epiSCOpum,
1562 5190 1721 5265 prout
1769 5198 1860 5253 hic

266 5261 485 5334 incuria
510 5259 757 5334 fortassis
795 5263 1144 5332 descriptoris
1175 5259 1425 5334 ponitur;
1467 5259 1675 5321 sed-hic
1701 5269 1767 5321 ad
1796 5268 1860 5322 il-

269 5330 385 5404 lum
408 5332 526 5404 hzec
551 5332 787 5403 scripsit.
814 5330 1005 5388 Exstat
1028 5350 1157 5388 vero
1178 5330 1293 5390 haec
1314 5336 1538 5404 epistola
1562 5352 1685 5392 cum
1710 5346 1861 5393 textu

270 5401 365 5475 hic
387 5403 485 5475 ci_t.
516 5401 1085 5475 apud—Theodoretum
1114 5405 1236 5459 libr.
1270 5422 1307 5469 ι,
1342 5401 1458 5475 cap.
1486 5407 1538 5460 4.

347 5472 375 5511 δ
416 5473 608 5527 Exstat
634 5474 723 5528 hic
754 5474 900 5529 locus
935 5490 1040 5529 non
1079 5475 1132 5529 in
1172 5475 1351 5530 libello
1381 5472 1446 5531 de
1473 5485 1597 5532 octo
1623 5478 1865 5532 Beatitu-

274 5542 515 5618 dinibus,
547 5545 641 5618 sed
669 5545 722 5618 in
747 5547 991 5618 quodam,
1006 5544 1320 5618 ghminatii
1332 5545 1632 5618 fragmento
1662 5548 1713 5601 in
1741 5564 1859 5618 cap.

276 5630 361 5677 ιιι,
386 5628 441 5665 v.
471 5614 526 5681 4,
555 5614 773 5679 Matth.,
795 5625 925 5669 tom.
952 5615 1116 5671 VBB.
1143 5614 1245 5670 PP.
1281 5614 1561 5671 Fuit—vero
1578 5618 1665 5671 hic
1693 5614 1865 5673 Chro-

278 5685 475 5757 matius
499 5685 785 5755 cpiscopus
810 5685 1189 5755 Aquileiensis,
1222 5702 1327 5741 non
1358 5686 1649 5751 Romanus,
1677 5705 1865 5757 quam-

280 5756 359 5809 tis
398 5756 695 5817 ltonnanus.
731 5757 993 5813 incertum
1030 5772 1138 5827 quo
1172 5772 1357 5825 sensu,
1392 5757 1674 5827 episcopus
1694 5756 1861 5816 etiam

1954 4655 2058 4711 que
2083 4640 2163 4695 rei
2188 4639 2345 4708 ponis
2372 4640 2606 4709 signum,
2635 4640 2755 4695 ideo
2780 4642 2934 4709 ponis
2964 4643 3199 4711 signum,
3229 4659 3297 4698 ne
3320 4646 3544 4700 confusa

1954 4748 2077 4787 cum
2120 4732 2239 4786 aliis
2270 4740 2395 4785 ante
2434 4748 2541 4786 non
2583 4732 2753 4801 possit
2791 4735 3029 4802 agnosci.
3073 4733 3234 4791 Pater
3260 4752 3389 4808 ergo
3420 4754 3543 4793 cum

1955 4822 2205 4891 signavit.
2251 4821 2389 4887 Quid
2419 4830 2502 4876 est
2542 4822 2808 4891 signavit?
2854 4822 3139 4894 Proprium
3179 4827 3431 4896 quiddam
3466 4830 3545 4884 illi

1956 4914 2119 4978 dedit,
2146 4929 2212 4967 ne
2232 4913 2443 4967 caeteris
2472 4920 2816 4982 comparetur
2840 4915 3166 4971 hominibus.
3190 4918 3315 4973 ideo
3341 4921 3547 4975 dictum

1956 5012 2040 5060 est
2068 5023 2080 5057 :
2117 5002 2277 5058 Unxit
2305 5013 2354 5057 te
2389 5003 2531 5058 Deus
2557 5002 2700 5058 Deus
2738 5014 2859 5059 tuus
2897 5004 3009 5059 oleo
3042 5007 3399 5065 exsultationis
3436 5025 3549 5080 prta

1960 5136 2260 5210 appelletur
2294 5136 2348 5210 in
2376 5135 2532 5191 codd.
2563 5153 2703 5210 mss-
2723 5137 2868 5194 illius
2892 5139 3093 5210 scripta
3121 5141 3541 5196 continentibus.

2005 5207 2522 5281 orte__descriptores
2562 5208 2685 5281 inde
2725 5210 2933 5279 decepti
2978 5207 3217 5279 fuerunt,
3248 5213 3389 5281 quod
3420 5227 3545 5265 san-

1962 5287 2084 5353 ctus
2109 5275 2740 5353 iiieronymus_eumdem
2768 5275 3007 5353 sanctum
3036 5275 3224 5353 papam
3248 5275 3546 5351 appellave-

1964 5348 2036 5402 rit
2067 5348 2224 5415 epist.
2262 5348 2323 5403 81
2371 5349 2436 5402 ad
2470 5348 2738 5403 Bullinum
2784 5361 2914 5406 tom.
2954 5352 2997 5417 l,
3036 5348 3239 5408 et'libr.
3282 5348 3333 5405 ιι
3359 5359 3547 5405 contra

1962 5417 2231 5493 Bplﬁnum
2259 5427 2390 5493 tom.
2423 5418 2483 5473 Π.
2508 5419 2658 5493 _Vid_e
2683 5420 2965 5493 AMémoires
2994 5424 3071 5493 D.’
3091 5423 3394 5493 Tillemont,
3423 5436 3542 5493 pag.

1962 5488 2085 5553 554,
2118 5498 2249 5543 tom.
2279 5490 2376 5553 XI,
2420 5500 2473 5544 et
2508 5490 2569 5544 D.
2604 5490 2819 5546 Ceillier
2846 5492 2988 5548 Hist.
3030 5490 3160 5547 Cen.
3198 5492 3288 5547 des
3321 5488 3549 5550 Attica}:

1965 5558 2416 5632 Ecclesiastiques,
2452 5569 2581 5616 tom.
2609 5561 2679 5628 Χ,
2705 5579 2826 5632 pag.
2856 5564 2943 5619 82.

2045 5580 2416 5630 ctestasuques,
2452 5580 2581 5616 tom.
2615 5580 2679 5628 ιι,
2705 5580 2769 5632 pa
2813 5603 2826 5616 .
2856 5580 2943 5619 az.

2041 5644 2059 5669 π
2103 5630 2160 5686 S.
2188 5631 2349 5701 Aug.,
2382 5640 2538 5687 tract.
2570 5649 2662 5687 xiv
2692 5634 2745 5688 in
2770 5580 2927 5689 goan.
2961 5648 3106 5689 num.
3137 5632 3223 5689 H.

2036 5702 2060 5741 ἀ
2100 5701 2264 5767 Idem,
2294 5710 2449 5759 tract.
2478 5718 2605 5769 xxv,
2637 5721 2783 5759 num.
2814 5705 2901 5758 11.
