4072 6346
542 307 656 375 ¹105
734 344 739 349 ~

1380 302 1439 358 Β.
1477 301 1540 357 F.
1580 298 1809 356 ALBINI
1848 295 1980 354 SEU
2017 290 2296 351 ALCUINI
2333 290 2621 350 OPERUM
2657 288 2838 348 PARS
2873 288 2961 345 IIl.

3704 290 3811 346 ιοι

544 418 641 476 Isti
661 432 792 475 vero
819 415 1037 472 dicunt:
1067 415 1192 472 Non
1238 424 1346 480 est;
1376 429 1477 471 nec
1508 414 1876 470 testimonium
1896 418 2133 481 paternas
2157 411 2211 469 Α
2235 406 2362 473 lem,
2392 409 2678 464 veritatem
2714 409 2767 462 in
2792 422 2850 463 se
2871 405 3059 461 forma
3093 401 3375 472 utriusque
3424 401 3759 460 demonstrat
3791 420 3807 459 :

545 509 715 576 vocis,
769 522 871 562 nec
898 506 1067 575 ipsius
1112 505 1208 561 Dei
1226 504 1428 559 Christi
1469 504 1837 558 testimonium
1866 499 2131 568 recipien-

547 610 647 661 tes,
698 597 790 668 qui
836 595 941 651 alio
968 596 1088 651 loco
1112 596 1218 650 ait:
1272 595 1407 650 Etsi
1450 611 1543 665 ego
1574 593 1934 659 testimonium
1952 589 2128 661 perhi-

547 692 637 743 beo
660 689 723 742 de
736 689 954 759 meipso,
977 687 1327 743 testimonium
1348 702 1519 741 meum
1531 702 1704 741 verum
1728 693 1825 748 est,
1856 684 1982 754 quia
1999 681 2130 747 scio,

547 777 687 831 unde
714 779 881 843 venio,
908 787 958 831 et
982 794 1086 849 quo
1118 777 1249 832 vado
1280 776 1462 848 (Joan.
1485 792 1606 842 vm,
1640 774 1750 848 Η).
1801 774 1869 829 Et
1894 774 2123 828 iterum:

548 867 660 938 Ego
682 886 821 933 sum,
873 868 964 938 qui
982 869 1333 924 testimonium
1385 868 1626 935 perhibeo
1648 867 1713 920 de
1734 865 1950 936 meipso,
1982 873 2031 918 et
2058 874 2133 917 te-

544 961 843 1015 stimonium
859 960 1087 1031 perhibet
1106 960 1169 1013 de
1182 976 1281 1026 me,
1292 960 1381 1031 qui
1400 960 1540 1014 misit
1552 975 1634 1013 me
1647 955 1811 1011 Pater
1830 956 1993 1028 (Ibid.
2019 954 2129 1026 I8).

546 1051 673 1106 Haec
696 1060 756 1106 ut
780 1052 931 1118 libet,
955 1052 1047 1121 qui
1071 1050 1235 1121 legat,
1263 1050 1542 1121 intelligat.
1589 1049 1699 1104 Nos
1724 1048 1793 1103 ad
1820 1054 2132 1103 sanctorum

543 1143 766 1199 Patrum
801 1144 1045 1213 exempla
1072 1143 1365 1216 colligenda
1406 1152 1761 1201 revertamur.

614 1233 898 1289 XXXVIII.
926 1233 1061 1289 Nam
1085 1242 1306 1311 sanctus
1322 1234 1652 1306 Augustinus
1675 1234 1730 1289 in
1756 1231 1987 1288 Homilia
1999 1246 2133 1302 qua-

542 1328 850 1399 dragesima
867 1336 1019 1383 sexta
1048 1342 1189 1398 saepe
1205 1327 1333 1382 dicti
1358 1325 1551 1398 Operis
1564 1327 1645 1381 sic
1670 1326 1747 1380 ait
1761 1338 1787 1366 α
1810 1343 1823 1379 :
1855 1343 1874 1376 ι
1894 1323 2133 1378 Fremuit

543 1421 753 1490 spiritu,
786 1429 835 1473 et
881 1419 1106 1474 turbavit
1154 1420 1381 1490 seipsum
1406 1460 1422 1485 ,
1462 1428 1511 1474 et
1558 1419 1713 1484 dixit,
1753 1418 1842 1472 ubi
1887 1417 2133 1489 posuistis

541 1527 661 1565 eum
699 1508 879 1581 (Joan.
914 1526 993 1575 ιι,
1039 1509 1172 1581 33)?
1219 1510 1416 1565 Nescio
1470 1509 1602 1579 quid
1631 1508 1787 1564 nobis
1839 1508 2135 1563 insinuavit

541 1599 820 1654 fremendo
834 1599 1047 1668 spiritu,
1071 1597 1402 1653 etturbando
1424 1598 1681 1669 seipsum.
1707 1598 1841 1665 Quis
1852 1598 1996 1652 enim
2010 1611 2134 1651 eum

540 1691 711 1761 possit
762 1690 865 1745 nisi
922 1684 1160 1760 seip'sum
1205 1688 1707 1758 turbare?ltaque,
1758 1686 1955 1742 fratres
2003 1687 2131 1749 mei,

540 1781 715 1851 primo
730 1780 819 1835 hic
842 1780 1098 1835 attendite
1124 1789 1470 1851 potestatem,
1488 1788 1544 1835 et
1556 1781 1637 1836 sic
1650 1779 1907 1848 inquirite
1928 1777 2132 1848 signiﬁ-

540 1872 827 1926 cationem.
861 1871 1118 1927 Turbaris
1164 1881 1221 1926 tu
1272 1872 1501 1937 nolens;
1554 1872 1808 1926 turbatur
1834 1870 2085 1925 Christus
2112 1911 2127 1934 ,

540 1962 665 2033 quia
692 1962 877 2016 voluit.
903 1962 1144 2018 Esurivit
1181 1961 1360 2028 Jesus,
1393 1979 1585 2019 verum
1608 1971 1727 2029 est,
1780 1964 1907 2033 quia
1937 1963 2126 2018 voluit.

545 2051 810 2106 Dormivit
835 2050 1015 2117 Jesus,
1045 2068 1237 2108 verum
1263 2063 1366 2120 est,
1397 2056 1523 2123 quia
1557 2055 1746 2109 voluit.
1769 2052 2131 2109 Contristatus

539 2150 625 2195 est
652 2140 809 2196 Iesus
836 2181 850 2205 ,
883 2156 1073 2196 verum
1117 2152 1221 2207 est,
1264 2144 1357 2198 sed
1387 2145 1513 2212 quia
1540 2144 1729 2198 voluit.
1776 2142 2018 2197 Mortuus
2047 2150 2133 2195 est

540 2230 716 2299 Iesus,
754 2251 943 2289 verum
973 2244 1075 2302 est,
1107 2237 1232 2305 quia
1252 2236 1435 2290 voluit.
1465 2238 1524 2291 In
1544 2237 1687 2291 illius
1713 2244 1983 2306 potestate
2011 2241 2132 2290 erat

541 2328 622 2381 sic
642 2327 725 2381 vel
776 2328 857 2383 sic
887 2326 1049 2394 allici,
1096 2330 1178 2383 vel
1210 2344 1318 2383 non
1339 2327 1500 2383 allici.
1530 2329 1751 2393 Veram,
1784 2328 1982 2397 inquit,
2014 2326 2130 2380 ani-

541 2436 689 2475 mam
728 2421 971 2490 suscepit
994 2429 1048 2475 et
1071 2435 1288 2476 carnem
1308 2462 1321 2486 ,
1351 2421 1517 2476 totius
1561 2421 1798 2475 hominis
1839 2421 1940 2475 sibi
1967 2435 2129 2490 coap.

540 2518 661 2566 laus
688 2511 742 2565 in
767 2526 1014 2581 personae
1056 2512 1317 2565 unitatem
1362 2520 1635 2565 naturam.
1687 2509 1823 2565 Nam
1852 2518 1905 2565 et
1946 2511 2127 2565 anima

541 2604 770 2674 apostoli
795 2604 964 2659 verbo
990 2604 1261 2658 illustrata
1288 2612 1373 2659 est
1399 2620 1413 2669 ;
1460 2603 1643 2658 anima
1680 2602 1833 2657 Pauli
1865 2610 1920 2657 et
1947 2603 2127 2656 anima

540 2696 685 2750 Petri
736 2696 902 2751 verbo
959 2696 1227 2751 illustrata
1272 2703 1390 2760 est;
1442 2696 1674 2752 aliorum
1725 2695 2088 2766 apostolorum
2109 2734 2125 2760 ,

542 2798 853 2850 sanctorum
901 2790 1292 2860 pr0phetarum
1337 2788 1504 2843 verbo
1533 2789 1812 2844 illustrata:
1839 2797 1965 2843 sunt
2011 2788 2128 2842 ani-

541 2895 663 2944 mae,
712 2879 807 2933 sed
832 2878 899 2933 de
924 2878 1074 2933 nulla
1124 2879 1328 2933 dictum
1354 2886 1439 2933 est
1470 2896 1481 2931 :
1537 2878 1651 2949 Ego
1696 2889 1743 2933 et
1786 2888 1935 2949 pater
1962 2895 2126 2932 unum

541 2991 720 3028 sumus
753 2974 937 3046 (Joan.
976 2991 1032 3040 Χ,
1076 2974 1188 3045 50).
1214 2974 1409 3029 Anima
1458 2973 1663 3029 Christi
1689 2981 1743 3028 et
1764 2988 1893 3029 caro
1920 2973 2125 3029 Christi

541 3080 664 3120 cum
696 3066 873 3121 Verbo
897 3065 994 3121 Dei
1020 3082 1128 3121 una
1154 3080 1387 3136 persona
1413 3075 1516 3131 est,
1544 3083 1684 3121 unus
1724 3065 1972 3122 Christus
2006 3072 2120 3131 est;

543 3172 608 3210 ac
636 3173 733 3226 per
756 3156 883 3223 hoc,
911 3158 1003 3212 ubi
1029 3174 1237 3212 summa
1265 3166 1527 3228 potestas,
1560 3159 1853 3214 secundum
1881 3158 2125 3213 volunta—

548 3249 617 3302 tis
641 3258 829 3303 nutum
849 3250 1100 3304 turbatur
1121 3249 1434 3317 infirmitas,
1457 3251 1560 3306 hoc
1588 3259 1689 3316 est,
1716 3250 1955 3305 turbavit
1970 3246 2124 3321 [Hs.,

541 3342 802 3414 turbabit]
836 3345 1210 3413 semetipsum.
1253 3364 1273 3397 ›

603 3441 818 3496 XXXIX
830 3482 843 3495 .
860 3442 1279 3498 Consideremus
1290 3459 1504 3514 quoque
1516 3445 1645 3514 quid
1659 3445 1767 3501 Leo
1779 3461 1917 3516 papa
1930 3446 2127 3501 Roma-

543 3548 664 3598 nus,
688 3532 772 3587 vir
795 3533 849 3587 in
872 3533 977 3588 (ide
998 3534 1266 3590 catholica
1292 3537 1698 3602 veracissimus,
1722 3545 1777 3591 et
1803 3538 1857 3590 in
1874 3537 2128 3607 eloquen-

544 3625 618 3679 tia
649 3624 991 3679 clarissimus
1013 3624 1082 3679 de
1110 3626 1307 3680 divina:
1332 3626 1386 3679 in
1409 3626 1625 3681 Christo
1652 3638 1707 3682 et
1728 3629 1977 3682 humana:
1999 3643 2129 3681 cou-

542 3717 714 3771 sortio
730 3724 938 3770 natura:
959 3725 1199 3771 enarret.
1224 3715 1316 3770 Ait
1342 3716 1489 3771 enim
1514 3715 1588 3770 ita
1613 3716 1667 3771 in
1695 3716 1937 3782 homilia,
1964 3732 2129 3786 quam

543 3808 611 3864 de
636 3807 918 3862 nativitate
950 3807 1163 3862 Domini
1193 3808 1368 3863 nostri
1398 3805 1527 3862 Jesu
1554 3807 1757 3862 Christi
1803 3808 2021 3879 scripsit
2048 3808 2076 3847 ι)
2112 3824 2123 3859 :

544 3916 564 3949 ι
601 3898 806 3954 Verum
837 3908 940 3962 est,
994 3898 1139 3968 quod
1170 3899 1363 3953 beatus
1417 3897 1654 3953 Joannes
1706 3898 1911 3968 Spiritu
1940 3906 2131 3954 sancto

540 3992 732 4063 plenus
763 3992 1035 4047 intonuit:
1080 3992 1148 4046 In
1174 3991 1431 4063 principio
1476 4001 1587 4046 erat
1627 3989 1873 4059 Verbum,
1905 4002 1953 4047 et
2004 3990 2133 4047 Ver-

544 4085 667 4138 bum
703 4093 817 4139 erat
839 4084 980 4155 apud
1004 4083 1194 4149 Deum,
1221 4092 1269 4138 et
1301 4082 1441 4137 Deus
1460 4092 1572 4137 erat
1608 4081 1853 4136 Verbum.
1885 4082 2001 4136 Hoc
2018 4092 2131 4136 erat

541 4183 599 4237 in
622 4182 877 4253 principio
905 4180 1045 4252 apud
1072 4179 1240 4234 Deum
1260 4221 1275 4245 ,
1304 4180 1480 4234 omnia
1504 4194 1595 4249 per
1618 4179 1790 4249 ipsum
1817 4178 1959 4247 facta
1985 4187 2128 4244 sunt,

544 4282 593 4327 et
620 4274 731 4327 sine
756 4272 869 4342 ipso
909 4272 1109 4340 factum
1136 4280 1212 4326 est
1243 4270 1393 4325 nihil.
1427 4270 1494 4325 Et
1539 4269 1789 4325 similiter
1807 4284 1996 4324 verum
2024 4276 2130 4335 est,

545 4368 688 4436 quod
708 4366 849 4421 idem
874 4366 1200 4435 praedicator
1228 4365 1459 4437 adjecit:
1500 4364 1729 4419 Verbum
1778 4381 1900 4419 caro
1931 4366 2129 4436 factum

2230 510 2291 555 ut
2313 509 2369 555 et
2411 501 2701 555 humanam
2730 501 2923 569 probet
2972 494 3313 568 imparilitas,
3344 501 3399 549 et
3423 495 3657 551 divinam
3715 497 3812 559 de-

2231 590 2401 647 claret
2424 591 2722 661 aequalitas.
2756 588 3022 658 Majestati
3054 588 3220 658 igitur
3263 585 3384 641 Filii
3416 586 3512 642 Dei
3547 602 3811 658 corporea

2231 683 2485 739 nativitas
2503 682 2637 739 nihil
2667 682 2905 746 abstulit,
2955 679 3089 734 nihil
3116 678 3342 733 contulit
3366 695 3380 744 ;
3409 678 3535 747 quia
3556 679 3812 735 substan-

2230 778 2310 833 tia
2356 778 2812 834 incommutabilis
2851 792 2951 833 nec
3005 775 3174 830 minui
3230 774 3405 845 potuit
3452 788 3555 829 nec
3601 774 3808 844 augeri.

2231 869 2385 937 Quod
2434 870 2574 925 enim
2607 870 2843 925 Verbum
2872 883 3003 923 caro
3058 865 3265 921 factum
3310 873 3425 930 est,
3459 878 3567 920 non
3595 865 3699 920 hoc
3735 864 3811 920 si-

2230 959 2470 1029 gniﬁcat,
2505 960 2649 1030 quod
2674 960 2727 1014 in
2756 973 2977 1014 carnem
3001 956 3070 1014 sit
3093 955 3190 1011 Dei
3216 962 3410 1010 natura
3456 962 3685 1020 mutata,
3717 956 3814 1011 sed

2230 1051 2373 1120 quod
2403 1066 2434 1104 a
2463 1051 2641 1106 Verbo
2669 1050 2723 1104 in
2744 1051 3007 1105 unitatem
3047 1062 3292 1119 persona:
3318 1048 3388 1101 sit
3418 1063 3548 1102 caro
3590 1062 3814 1117 suscep-

2233 1149 2321 1208 ta;
2354 1142 2411 1195 in
2438 1141 2592 1213 cujus
2632 1142 2817 1211 utique
2871 1141 3087 1196 nomine
3114 1140 3273 1195 homo
3327 1147 3473 1195 totus
3522 1139 3810 1210 accipitur,

2232 1248 2357 1290 cum
2390 1249 2498 1304 quo
2517 1232 2661 1287 intra
2686 1233 2913 1303 virginis
2933 1233 3145 1287 viscera
3172 1238 3361 1286 sancto
3390 1229 3592 1301 Spiritu
3622 1231 3813 1286 fecun—

2233 1324 2380 1390 data,
2412 1332 2469 1380 et
2494 1340 2768 1395 nunquam
2782 1324 3092 1396 virginitate
3118 1324 3378 1389 caritura,
3404 1332 3516 1379 tam
3535 1323 3818 1394 insepara-

2230 1416 2413 1472 biliter
2450 1417 2546 1472 Dei
2568 1417 2735 1472 Filius
2763 1426 2847 1473 est
2871 1417 3074 1481 unitus,
3108 1425 3170 1471 ut
3195 1417 3287 1487 qui
3329 1423 3448 1472 erat
3475 1417 3813 1488 intempora-

2234 1506 2359 1561 liter
2409 1507 2475 1562 de
2496 1508 2729 1563 essentia
2757 1508 2935 1563 Patris
2963 1509 3199 1581 genitus,
3245 1509 3361 1579 ipse
3388 1508 3461 1564 sit
3498 1506 3814 1580 temporali-

2234 1605 2319 1653 ter
2345 1597 2411 1652 de
2432 1606 2588 1653 utero
2615 1598 2841 1670 virginis
2865 1608 3045 1655 natus.
3072 1619 3092 1653 ι

2304 1704 2417 1760 XL.
2446 1705 2578 1760 Item
2610 1707 2665 1760 in
2688 1706 2793 1761 alia
2818 1707 3040 1762 homilia
3068 1720 3090 1747 ο
3117 1725 3129 1763 :
3166 1727 3185 1759 ι
3212 1706 3625 1779 Agnoscendum
3656 1727 3813 1776 sane,

2163 1773 2208 1833 Β
2235 1797 2591 1865 dilectissimi,
2619 1810 2674 1856 et
2705 1807 2816 1855 toto
2840 1801 3003 1856 corde
3024 1809 3109 1856 est
3129 1773 3515 1868 conﬁtendum,
3533 1803 3673 1872 quod
3697 1773 3818 1859 hanc

2231 1891 2509 1961 generatio
2533 1931 2548 1955 ,
2599 1907 2705 1961 qua
2733 1893 2969 1948 Verbum
3016 1900 3071 1948 et
3101 1908 3230 1949 caro
3259 1935 3274 1961 ,
3310 1895 3365 1949 id
3408 1903 3514 1960 est,
3568 1895 3711 1950 Deus
3756 1903 3819 1949 et

2229 1984 2414 2051 homo,
2439 2000 2580 2041 unus
2603 1985 2699 2040 Dei
2751 1985 2940 2052 Filius,
2992 2001 3239 2056 unusque
3282 1985 3531 2041 Christus
3560 1986 3813 2052 efﬁcitur,

2230 2090 2396 2146 super
2420 2091 2634 2132 omnem
2657 2077 2919 2149 originem
2946 2079 3195 2132 humana:
3211 2078 3497 2133 creationis
3522 2078 3755 2133 excellit.
3788 2097 3809 2130 ι

2228 2168 2360 2223 Item
2405 2177 2527 2237 post
2554 2184 2725 2239 pauca
2755 2170 2809 2223 in
2836 2171 3023 2225 eadem
3052 2169 3274 2224 homilia
3308 2186 3321 2223 :
3368 2189 3387 2222 ‹
3423 2168 3690 2225 Nativitas
3721 2187 3816 2225 au-

2229 2266 2337 2313 tem
2358 2258 2573 2314 Domini
2600 2262 2768 2316 nostri
2794 2258 2918 2315 Jesu
2941 2260 3143 2316 Christi
3168 2276 3384 2316 omnem
3403 2261 3819 2333 intelligentiam

2228 2359 2469 2419 superat,
2498 2358 2554 2406 et
2578 2361 2771 2407 cuncta
2801 2353 3046 2423 exempla
3079 2354 3414 2409 transcendit
3444 2372 3457 2408 :
3486 2368 3588 2410 nec
3632 2361 3822 2426 potest

2228 2457 2355 2498 esse
2382 2443 2509 2499 ullis
2531 2444 2930 2515 comparabilis,
2962 2462 3083 2516 qua:
3127 2454 3213 2501 est
3240 2445 3380 2502 inter
3403 2446 3583 2501 omnia
3629 2446 3820 2519 singu-

2227 2533 2379 2589 laris.
2418 2554 2438 2587 ι

2299 2625 2460 2695 772
2490 2625 2625 2680 XLI.
2672 2626 2966 2682 Videamus
2995 2629 3139 2698 quod
3174 2636 3359 2685 tantus
3395 2628 3556 2685 Pater
3600 2638 3655 2686 et
3698 2638 3819 2688 tam

2226 2717 2518 2787 praeclarus
2550 2720 2735 2774 doctor
2785 2735 2995 2775 amnem
3024 2720 3429 2793 intelligentiam
3476 2721 3681 2778 Christi
3709 2738 3817 2777 na-

2229 2808 2499 2864 tivitatem
2527 2812 2793 2867 excedere
2833 2815 3166 2882 pronuntiat.
3196 2813 3335 2881 Quid
3379 2815 3469 2871 isti
3510 2816 3635 2871 novi
3659 2830 3822 2871 scru-

2227 2906 2432 2955 tatores
2457 2916 2773 2957 arcanorum
2798 2903 2889 2957 Dei
2914 2918 2972 2959 se
2993 2905 3305 2959 existimant
3323 2904 3644 2977 intelligere,
3668 2904 3823 2974 quod

2229 2990 2436 3061 antiqui
2464 2990 2656 3047 Patres
2698 3001 2753 3048 et
2779 2994 3031 3049 catholici
3077 2996 3325 3051 doctores
3349 3012 3408 3052 se
3452 2997 3665 3054 nescire
3694 3013 3826 3066 pro-

2230 3081 2359 3138 fessi
2402 3093 2570 3151 sunt;
2598 3086 2738 3141 sicut
2786 3087 2952 3143 Isaias
2975 3104 3189 3159 quoque
3235 3083 3499 3160 p'ropheta
3552 3106 3825 3146 arcanum

2229 3176 2530 3232 nativitatis
2554 3178 2700 3234 illius
2748 3193 2870 3235 esse
2918 3189 3148 3235 testatur
3170 3204 3173 3209 ί
3198 3181 3467 3237 ineffabile
3495 3199 3509 3248 ;
3540 3190 3595 3237 et
3623 3183 3729 3237 hoc
3754 3183 3823 3237 in

2227 3283 2294 3323 eo
2317 3267 2454 3333 loco,
2477 3268 2569 3323 ubi
2597 3269 2665 3324 de
2702 3271 3053 3327 humanitatis
3076 3273 3307 3343 injuriis,
3338 3289 3476 3343 quas
3503 3288 3605 3343 pro
3625 3282 3824 3329 nostra

2226 3371 2487 3427 passurus
2509 3368 2625 3413 erat
2653 3359 2844 3427 salute,
2876 3361 3090 3416 locutus
3118 3370 3202 3415 est
3230 3379 3242 3413 ε
3276 3361 3426 3417 Sicut
3452 3356 3656 3416 ovisad
3680 3362 3831 3417 occi-

2228 3450 2428 3503 sionem
2478 3450 2719 3517 ducetur,
2763 3462 2812 3506 et
2831 3453 2983 3523 quasi
3031 3468 3196 3523 agnus
3227 3468 3404 3505 coram
3451 3452 3698 3506 tondente
3727 3452 3831 3506 ob-

2229 3546 2476 3591 mutescet
2504 3555 2523 3603 ;
2554 3549 2604 3593 et
2631 3557 2735 3594 non
2779 3543 2982 3612 aperuit
3007 3558 3063 3596 os
3106 3557 3280 3608 suum,
3329 3550 3377 3596 et
3407 3542 3472 3596 de
3491 3544 3742 3613 angustia
3767 3555 3831 3598 et

2230 3629 2293 3682 de
2301 3629 2507 3699 judicio
2529 3631 2767 3686 sublatus
2793 3642 2890 3699 est,
2917 3633 3301 3704 generationem
3326 3630 3441 3702 ejus
3454 3632 3570 3702 quis
3595 3649 3831 3687 enarra-

2233 3717 2304 3771 bit
2330 3716 2485 3788 (Isai.
2515 3735 2631 3785 Lm,
2653 3720 2709 3786 7,
2738 3720 2792 3793 8)
2817 3722 2840 3774 ?

2303 3825 2459 3883 XLII.
2497 3829 2648 3886 Sicut
2677 3840 2733 3887 et
2758 3832 2859 3888 iste
2881 3832 3022 3889 idem
3043 3832 3155 3889 Leo
3182 3833 3236 3888 in
3266 3832 3369 3889 alia
3399 3833 3687 3889 continuat
3713 3833 3831 3889 ho-

2230 3920 2381 3975 milia
2406 3921 2433 3961 d
2466 3940 2478 3976 :
2509 3940 2528 3973 ‹
2560 3922 2784 3978 Excedit
2807 3924 3043 3993 quidem,
3077 3924 3272 3994 inquit,
3296 3924 3652 3990 dilectissimi,
3679 3924 3834 3979 mul-

2234 4019 2454 4082 tumque
2477 4016 2841 4084 supereminet
2882 4015 3105 4070 humani
3140 4015 3341 4086 eloquii
3376 4014 3689 4071 facultatem
3738 4016 3837 4070 di-

2231 4104 2343 4158 vini
2366 4106 2544 4174 operis
2566 4105 2899 4175 magnitudo,
2918 4114 2973 4160 et
2998 4106 3122 4161 inde
3140 4108 3315 4163 oritur
3336 4107 3623 4163 difﬁcultas
3647 4107 3834 4175 fandi,

2233 4194 2377 4248 unde
2402 4194 2558 4249 adest
2594 4196 2731 4250 ratio
2758 4211 2867 4251 non
2893 4197 3104 4252 tacendi
3130 4215 3143 4250 :
3188 4199 3316 4268 quia
3346 4198 3401 4253 in
3427 4196 3554 4254 Jesu
3598 4197 3837 4253 Christo

2231 4283 2370 4339 Filio
2399 4284 2494 4340 Dei
2518 4300 2627 4341 non
2654 4286 2829 4341 solum
2852 4287 2919 4341 ad
2940 4288 3181 4343 divinam
3202 4288 3514 4355 essentiam,
3540 4288 3635 4343 sed
3655 4287 3839 4341 etiam

2235 4377 2304 4433 ad
2332 4378 2626 4433 humanam
2652 4389 2932 4451 exspectat
2965 4380 3119 4453 [Ms.,
3163 4389 3452 4453 spectant;
3478 4380 3650 4446 Edit.,
3674 4395 3843 4451 spec-

544 4466 641 4520 est,
675 4464 722 4509 et
759 4454 1009 4509 habitavit
1033 4456 1088 4510 in
1112 4456 1261 4511 nobis
1282 4495 1298 4523 ,
1328 4466 1375 4511 et
1405 4456 1647 4510 vidimus
1673 4455 1897 4527 gloriam
1940 4456 2126 4525 ipsius,

2235 4468 2338 4541 tat]
2369 4478 2619 4526 naturam
2651 4511 2667 4538 ,
2706 4474 2848 4543 quod
2896 4474 3101 4529 dictum
3162 4484 3247 4529 est
3297 4489 3395 4545 per
3442 4472 3774 4542 Prophetam
3815 4492 3836 4530 :

545 4546 767 4619 gloriam
791 4547 943 4618 quasi
973 4549 1225 4620 unigeniti
1250 4566 1284 4603 a
1319 4548 1498 4602 Patre.
1534 4548 1595 4602 In
1620 4555 1851 4616 utraque
1883 4563 2011 4618 ergo
2034 4564 2132 4603 na—

548 4646 670 4692 tura
691 4638 831 4693 idem
861 4648 943 4695 est
986 4640 1079 4694 Dei
1128 4640 1299 4695 Filius
1340 4647 1526 4693 nostra
1555 4638 1878 4708 suscipiens,
1926 4647 1982 4692 et
2005 4654 2131 4709 pro-

546 4730 666 4799 pria
696 4745 802 4786 non
824 4732 1077 4786 amittens
1098 4772 1112 4797 ,
1136 4732 1191 4785 in
1214 4731 1431 4785 homine
1461 4732 1735 4785 hominem
1758 4744 2047 4796 renovans,
2075 4731 2132 4785 in

550 4837 610 4877 se
649 4822 1103 4880 incommutabilis
1152 4838 1529 4894 perseverans.
1574 4823 1756 4877 Deitas
1798 4822 1941 4877 enim
1968 4862 1983 4888 ,
2012 4837 2132 4892 quae

550 4912 660 4967 illic
714 4912 923 4986 [Forte,
950 4913 1047 4986 illi]
1086 4929 1210 4967 cum
1236 4913 1397 4968 Patre
1427 4912 1731 4967 communis
1771 4919 1854 4967 est
1875 4951 1889 4977 ,
1922 4911 2130 4966 nullum

551 5004 933 5061 detrimentum
970 5006 1369 5076 omnipotentiae
1418 5005 1605 5071 subiit,
1634 5021 1733 5060 nec
1760 5005 1854 5059 Dei
1901 5005 2131 5061 formam

548 5097 692 5151 servi
718 5096 892 5153 forma
920 5099 1140 5154 violavit
1170 5116 1182 5153 :
1208 5099 1335 5168 quia
1371 5112 1586 5155 summa
1610 5108 1665 5153 et
1691 5100 2020 5170 sempiterna
2046 5116 2132 5156 es-

551 5190 745 5254 sentia,
797 5207 917 5261 qua:
944 5207 1002 5247 se
1030 5192 1096 5247 ad
1143 5192 1363 5246 humani
1409 5194 1624 5262 generis
1664 5194 1941 5249 inclinavit
1989 5195 2132 5251 salu-

553 5292 683 5350 tem,
713 5301 811 5342 nos
840 5288 1059 5357 quidem
1088 5286 1142 5341 in
1184 5302 1340 5341 suam
1390 5288 1615 5358 gloriam
1671 5292 1981 5357 transtulit,
2034 5294 2132 5349 sed

551 5376 696 5445 quod
744 5384 879 5441 erat,
915 5392 1035 5432 esse
1062 5392 1170 5432 non
1195 5378 1423 5434 desistit.
1482 5380 1635 5438 Unde
1665 5399 1788 5438 cum
1824 5386 2133 5455 unigenitus

552 5466 647 5524 Dei
678 5470 944 5525 minorem
972 5485 1030 5525 se
1060 5469 1223 5528 Patre
1244 5472 1567 5542 conﬁtetur,
1598 5476 1685 5531 cui
1712 5492 1773 5533 se
1799 5477 1931 5533 dicit
1952 5495 2134 5549 aequa-

622 5616 647 5681 ξι
675 5615 927 5681 _S._aug.,
968 5612 1124 5660 tract.
1156 5607 1373 5681 xusjn
1404 5625 1522 5681 cap.
1552 5627 1607 5666 χι
1652 5608 1835 5681 Joan.,
1867 5632 2017 5671 num.
2043 5616 2129 5674 18.

622 5674 651 5713 b
672 5674 734 5752 Si
755 5672 863 5727 Leo
883 5689 1039 5745 papa,
1065 5691 1230 5752 serm.
1253 5672 1487 5752 27,7cap:
1515 5683 1542 5737 1
1574 5691 1633 5739 et
1650 5682 1703 5737 2.

625 5755 646 5781 ο
678 5743 846 5810 Idem,
873 5743 1037 5803 Serm.
1064 5748 1157 5815 30,
1189 5765 1308 5823 cap.
1332 5743 1386 5806 ιι.

2236 4561 2635 4619 Generationem
2665 4565 2781 4635 ejus
2830 4567 2946 4637 quis
2978 4566 3292 4620 enarrabit?
3335 4565 3632 4635 Utramque
3674 4565 3837 4621 enim

2233 4654 2593 4711 substantiam
2615 4657 2670 4713 in
2696 4672 2860 4711 unam
2888 4659 3207 4713 convenisse
3243 4672 3533 4728 personam
3559 4656 3663 4710 nisi
3691 4656 3841 4714 fides

2232 4749 2439 4814 credat,
2481 4763 2662 4804 sermo
2694 4765 2802 4805 non
2831 4750 3067 4820 explicat
3100 4768 3111 4803 :
3146 4758 3201 4805 et
3241 4749 3365 4804 ideo
3386 4764 3661 4817 nunquam
3692 4747 3838 4802 deli-

2232 4836 2308 4891 cit
2335 4838 2558 4892 materia
2584 4838 2778 4905 laudis,
2805 4840 2930 4908 quia
2959 4854 3233 4909 nunquam
3262 4836 3836 4907 suﬂicitcopialauda-

2232 4928 2387 4983 toris.
2419 4927 2760 4985 Gaudeamus
2788 4931 2968 5000 igitur,
3018 4931 3159 5001 quod
3179 4931 3247 4985 ad
3274 4928 3632 5000 eloquendum
3662 4935 3837 4983 tantae

2233 5019 2625 5075 misericordia:
2669 5030 3071 5077 sacramentum
3098 5022 3332 5093 impares
3359 5036 3587 5087 sumus;
3617 5028 3675 5076 et
3698 5036 3835 5075 cum

2234 5111 2426 5166 salutis
2465 5120 2663 5169 nostra;
2711 5112 3048 5168 altitudinem
3087 5112 3382 5186 [promere]
3422 5129 3531 5168 non
3556 5111 3833 5177 valemus,

2233 5204 2533 5261 sentiamus
2578 5207 2732 5261 nobis
2756 5206 2959 5260 bonum
3003 5221 3147 5273 esse,
3191 5207 3335 5277 quod
3378 5208 3667 5263 vincimur.
3707 5227 3726 5260 ι
3761 5207 3836 5262 Et

2232 5303 2358 5367 post
2372 5312 2544 5367 pauca
2570 5297 2713 5351 idem
2741 5295 2902 5352 Pater
2931 5298 2987 5353 in
3034 5299 3225 5354 eadem
3247 5300 3469 5356 homilia
3502 5312 3524 5340 ο
3557 5318 3569 5353 :
3605 5318 3624 5351 ι
3654 5300 3835 5356 Rece-

2236 5387 2369 5443 dant
2392 5388 2603 5459 procul,
2631 5396 2793 5458 atque
2820 5390 2873 5443 in
2897 5393 3149 5447 tenebras
3180 5408 3305 5448 suas
3338 5394 3598 5449 recedant
3623 5392 3834 5465 [Edit.,

2236 5480 2387 5554 eant]
2413 5482 2790 5538 haereticarum
2814 5495 3061 5542 monstra
3085 5487 3397 5557 opinionum
3425 5496 3480 5545 et
3509 5487 3834 5544 insanarum

2308 5615 2336 5655 ά
2366 5615 2535 5689 Idem,
2565 5632 2730 5672 serm.
2759 5618 2852 5685 29,
2875 5635 2977 5689 cap
3016 5621 3069 5675 I.

2314 5697 2338 5725 ε
2366 5686 2523 5752 una,
2558 5703 2722 5745 serm.
2747 5689 2835 5751 so.
2860 5686 2979 5761 cap.
3012 5692 3067 5759 5,
3107 5693 3161 5760 6,
3194 5692 3242 5746 7.
