4072 6346
270 356 377 414 £05

1120 350 1535 409 DOGMA'I‘ICA.
1575 381 1648 394 —
1682 348 1810 407 LIB.
1850 349 2010 408 ADV.
2046 348 2375 408 HERESIN
2411 349 2693 409 FELICIS.

3436 351 3541 410 106

264 464 558 539 sacrilegia
604 462 942 521 falsitatem:
972 462 1083 521 Nos
1132 443 1413 521 exsultans
1453 464 1508 520 in
1553 463 1710 520 laude
1758 461 1855 520 Dei
1886 467 1935 528 Α
1961 461 2103 519 servi
2129 478 2160 517 a
2188 462 2361 518 forma
2404 463 2498 519 Dei
2528 482 2541 519 :
2571 464 2695 535 quia
2724 464 2827 522 etsi
2868 480 3035 522 unum
3058 468 3250 524 manet
3275 467 3345 525 ab
3385 475 3542 524 mter-

263 558 573 616 caelestium
596 556 908 623 multitudo,
948 565 1005 612 et
1028 557 1278 613 instructi
1306 556 1375 612 ab
1395 555 1602 628 angelis
1622 557 1858 612 docuere

261 660 542 725 pastores,
566 657 627 704 ut
654 649 888 720 cognitis
932 657 1142 703 natura:
1188 649 1470 719 utriusque
1518 649 1857 705 documentis

260 751 318 801 et
346 743 587 798 Verbum
616 742 671 797 in
696 740 915 797 Christo
932 742 1170 807 homine,
1195 750 1252 797 et
1278 739 1555 798 Christum
1584 741 1857 797 hominem

260 838 558 895 adoremus
589 836 643 892 in
668 836 869 893 Verbo.
906 835 1044 892 Nam
1086 836 1154 901 si,
1182 845 1243 891 ut
1267 836 1558 908 Apostolus
1594 838 1711 893 ait:
1753 836 1858 904 Qui

261 932 502 988 adliceret
544 929 771 985 Domino
799 969 814 994 ,
848 945 984 983 unus
1026 928 1257 1001 Spiritus
1286 938 1360 983 est
1401 927 1454 1001 (Ι
1476 927 1599 983 Cor.
1625 945 1702 993 vt,
1732 928 1820 1001 i7)
1839 970 1854 994 ,

260 1030 468 1092 quanto
495 1020 669 1093 magis
680 1018 914 1075 Verbum
941 1034 1071 1075 caro
1097 1019 1298 1074 factum
1320 1035 1462 1073 unus
1476 1027 1561 1074 est
1578 1018 1858 1075 Christus?

260 1112 352 1170 ubi
371 1110 510 1166 nihil
530 1119 615 1166 est
634 1111 861 1165 alterius
887 1119 1120 1175 naturae,
1139 1107 1218 1181 [in
1237 1110 1637 1181 dispensatione
1668 1110 1857 1166 salutis

257 1212 469 1261 nostra:
482 1201 534 1274 ι]
556 1201 699 1272 quod
720 1216 829 1257 non
849 1202 922 1255 sit
942 1200 1244 1271 utriusque.
1268 1199 1383 1256 Non
1405 1202 1550 1256 enim
1567 1200 1855 1273 [Edit.,cr-

258 1294 352 1369 go]
374 1294 718 1350 intirmemur
734 1295 789 1349 in
816 1293 1046 1349 consilio
1073 1292 1460 1349 misericordiae
1479 1293 1596 1358 Dei,
1614 1308 1733 1364 quae
1756 1309 1855 1349 nos

255 1396 315 1445 et
333 1389 663 1445 innocentia:
685 1387 950 1443 reformat
972 1396 1027 1443 et
1046 1388 1203 1454 vitae;
1227 1404 1327 1443 nec
1344 1389 1471 1458 quia
1498 1388 1551 1443 in
1574 1386 1854 1443 Salvatore

255 1488 452 1535 nostro
478 1478 763 1534 manifesta
789 1478 1133 1549 agnoscimus
1162 1477 1375 1549 gemina
1402 1475 1577 1549 [Leg.,
1601 1473 1851 1549 geminre]

254 1572 417 1644 signa
440 1580 666 1637 naturae,
698 1579 791 1626 aut
836 1571 890 1626 in
920 1570 1091 1640 gloria
1130 1571 1226 1626 Dei
1271 1572 1338 1626 de
1366 1572 1594 1627 veritate
1646 1571 1848 1635 carnis,

256 1672 353 1720 aut
404 1664 460 1718 in
521 1662 827 1718 humilitate
881 1661 1119 1717 hominis
1172 1662 1240 1716 de
1301 1662 1519 1718 deitatis
1566 1663 1852 1734 majestate

255 1754 595 1812 dubitemus.
626 1752 778 1810 Idem
805 1753 968 1809 homo
1014 1750 1186 1825 [Edit.
1239 1754 1434 1819 omitt.,
1466 1754 1651 1827 homo]
1680 1755 1848 1810 estin

1957 558 2150 623 nitate,
2179 557 2324 612 aliud
2367 558 2510 628 cepit
2532 574 2563 612 a
2593 567 2833 628 tempore
2864 576 2877 613 :
2917 574 3038 629 quae
3075 560 3335 620 tamenin
3362 560 3539 616 unita-

1959 657 2067 705 tem
2090 656 2480 714 convenerunt,
2519 662 2620 703 nec
2645 649 3042 719 separationem
3069 659 3295 723 possunt
3313 652 3540 718 habere,

1957 754 2058 795 nec
2088 738 2289 805 ﬁnem;
2334 738 2462 793 dum
2503 738 2748 795 exultans
2776 749 2830 796 et
2879 741 3181 810 exaltatus,
3231 743 3543 814 gloriﬁcans

1957 838 2014 886 et
2050 828 2383 900 gloriﬁcatus
2424 830 2501 884 ita
2522 830 2741 886 sibimet
2781 832 3047 890 inhaerent
3075 832 3271 907 [Edit.,
3312 835 3543 893 inhaese-o

1958 919 2129 993 runt],
2179 929 2241 976 ut
2264 922 2379 977 sive
2408 922 2463 977 in
2486 921 2902 993 omnipotentia,
2948 927 3061 983 sive
3095 928 3147 983 in
3174 929 3538 994 contumelia;

1957 1025 2058 1066 nec
2081 1012 2262 1066 divina
2291 1012 2345 1067 in
2375 1010 2593 1068 Christo
2622 1024 2845 1070 careant
2873 1017 3146 1085 humanis,
3176 1036 3277 1076 nec
3303 1021 3541 1077 humana

1958 1100 2173 1157 divinis.
2189 1100 2303 1158 Hoc
2314 1104 2617 1171 credentes,
2641 1104 3001 1173 dilectissimi,
3015 1107 3309 1166 Christiani
3330 1127 3539 1178 sumus,

1955 1193 2070 1248 veri
2100 1192 2376 1260 Israelita},
2409 1194 2529 1251 etin
2542 1197 2876 1251 consortium
2903 1196 3135 1253 ﬁliarum
3160 1199 3256 1256 Dei
3273 1203 3543 1258 veraciter

1956 1286 2195 1356 adoptati
2215 1305 2228 1341 :
2246 1288 2373 1359 quia
2395 1296 2451 1344 et
2476 1303 2665 1345 omnes
2686 1275 3002 1361 sanctifqui
3037 1290 3334 1349 Salvatoris
3369 1295 3538 1351 nostri

1955 1384 2198 1448 tempora
2224 1390 2639 1449 praecesserunt,
2660 1395 2759 1451 per
2786 1382 2926 1438 hanc
2974 1383 3133 1439 ﬁdem
3155 1385 3458 1457 justiﬁcati,
3488 1397 3545 1444 et

1952 1481 2051 1537 per
2085 1469 2188 1524 hoc
2217 1478 2617 1526 sacramentum
2655 1470 2858 1529 Christi
2906 1488 3104 1545 corpus
3129 1475 3307 1532 eﬁ‘ecti
3335 1488 3481 1534 sunt.
3517 1499 3536 1531 ι

2024 1558 2202 1615 XLIII.
2234 1562 2366 1617 Item
2389 1562 2500 1619 Leo
2527 1579 2663 1635 papa
2688 1564 2742 1619 in
2764 1565 2867 1620 alia
2895 1566 3116 1623 bomilia
3139 1568 3167 1610 ιι
3202 1587 3214 1623 :
3248 1588 3267 1620 ι
3297 1568 3544 1627 Scientes

1952 1653 2095 1722 quod
2120 1654 2448 1725 sempiterna
2486 1654 2607 1711 Filii
2633 1657 2806 1713 deitas
2834 1658 2981 1714 nullo
3010 1660 3150 1730 apud
3180 1661 3395 1718 Patrem
3421 1679 3543 1719 ere-

1950 1743 2029 1798 vit
2058 1753 2366 1817 augmento,
2391 1749 2688 1819 prudenter
2716 1750 2999 1819 advertite,
3033 1753 3178 1824 quod
3223 1756 3310 1811 cui
3336 1764 3546 1812 natura:

256 1846 436 1903 {omna
493 1846 624 1912 Dei,
679 1845 773 1917 qui
810 1844 1041 1901 formam
1094 1845 1300 1915 recepit
1347 1846 1512 1901 servi.
1567 1845 1714 1901 Idem
1760 1852 1846 1901 est
1877 1840 1924 1902 Β
1953 1837 2009 1893 in
2053 1838 2227 1895 Adam
2275 1841 2476 1897 dictum
2523 1851 2644 1898 est:
2699 1842 2861 1900 Terra
2903 1863 2977 1913 es,
3024 1857 3073 1902 et
3118 1848 3173 1903 in
3216 1858 3411 1904 terram
3447 1850 3547 1905 ibis

256 1939 621 2011 incorporeus
652 1952 901 2002 manens,
929 1946 986 1993 et
1030 1952 1228 2007 corpus
1264 1951 1569 1992 assumens.
1619 1936 1765 1992 Idem
1794 1937 1851 1991 in

255 2048 357 2090 sua
391 2033 593 2087 virtute
617 2029 958 2093 inviolabilis,
989 2039 1044 2084 et
1080 2029 1134 2084 in
1166 2036 1355 2084 nostra
1384 2028 1699 2084 inﬁrmitate
1726 2042 1852 2100 pas-

251 2124 456 2183 sibilis.
491 2123 642 2179 Idem
668 2138 699 2177 a
726 2130 953 2193 paterno
973 2123 1238 2179 indivisus
1262 2124 1479 2189 throno,
1503 2123 1646 2179 etab
1669 2123 1851 2193 impiis

252 2216 554 2275 cruciﬁxus
576 2215 633 2271 in
655 2215 822 2286 ligno.
868 2215 1013 2271 Idem
1041 2223 1126 2271 est
1168 2230 1333 2286 super
1358 2215 1622 2271 calorum
1664 2214 1851 2270 altitu-

252 2309 415 2368 dines
442 2309 619 2364 victor
644 2307 839 2364 mortis
878 2306 1200 2375 ascendens,
1233 2317 1289 2364 et
1309 2322 1481 2378 usque
1499 2307 1568 2363 ad
1598 2323 1850 2365 consum-

250 2401 557 2460 mationem
591 2399 776 2456 saeculi
825 2399 1135 2455 universam
1184 2397 1484 2455 Ecclesiam
1532 2413 1640 2454 non
1686 2398 1851 2454 relin-

250 2509 453 2565 quens.
483 2492 632 2548 Idem
656 2498 934 2563 postremo
962 2498 1067 2556 est,
1100 2492 1189 2560 qui
1225 2490 1280 2545 in
1312 2491 1500 2547 eadem
1526 2505 1634 2561 qua
1661 2504 1851 2546 ascen-

250 2584 353 2651 ὧι,
385 2599 556 2641 carne
576 2593 863 2650 venturus,
903 2585 1040 2639 sicut
1058 2581 1324 2652 judicium
1370 2583 1630 2639 SU‘.~IIIIIIII.
1662 2583 1852 2655 impio-

252 2689 403 2742 rum,
431 2676 505 2730 ita
543 2673 888 2745 judicaturus
914 2682 1001 2729 est
1029 2674 1096 2729 de
1124 2674 1366 2729 omnimn
1395 2674 1608 2730 actione
1644 2683 1851 2729 morta-

251 2768 413 2827 lium.
448 2767 604 2825 Unde
649 2766 764 2840 [ne]
810 2765 1058 2838 plurimis
1102 2766 1432 2822 testimoniis
1464 2766 1845 2833 immoremur,

251 2872 427 2914 unum
452 2855 739 2913 sullicitex
776 2855 1068 2925 Evangelio
1093 2856 1267 2912 sancti
1314 2854 1539 2913 Joannis
1577 2856 1845 2922 adhiberi,

252 2969 368 3025 quo
388 2953 506 3025 ipse
529 2953 790 3009 Dominus
819 2960 1004 3009 noster
1024 2952 1156 3009 dicit
1179 2972 1191 3006 :
1229 2952 1416 3019 Amen,
1440 2968 1593 3006 auten
1621 2951 1740 3005 dico
1763 2967 1849 3005 vo-

250 3047 354 3112 bis,
377 3048 504 3117 quia
527 3046 659 3101 venit
684 3047 900 3111 liora,et
918 3062 1055 3100 nunc
1076 3045 1398 3117 est,quando
1415 3044 1611 3099 mortui
1632 3042 1847 3098 audient

246 3155 433 3196 vocem
472 3136 602 3192 Filii
626 3137 744 3204 Dei,
779 3148 827 3193 et
854 3138 943 3209 qui
964 3137 1249 3199 audierint,
1283 3137 1470 3191 vivent.
1503 3134 1653 3191 Sicut
1707 3136 1847 3189 enim

1955 1926 2109 2001 (Gen.
2138 1946 2223 1996 ιιι,
2255 1931 2383 2001 I9);
2415 1933 2591 1989 eidem
2622 1934 2675 1989 in
2699 1934 2914 1991 Christo
2942 1937 3174 1994 dicitur:
3206 1938 3343 1996 Sede
3368 1957 3400 1995 a
3421 1941 3548 1998 dex-

1954 2021 2051 2075 tris
2081 2022 2210 2077 meis
2257 2021 2431 2094 (Psal.
2476 2040 2590 2092 δικ,
2624 2026 2698 2096 1).
2731 2025 3040 2084 Secundum
3088 2029 3232 2086 illam
3271 2041 3547 2101 naturam,

1953 2124 2061 2180 qua
2102 2110 2355 2168 Christus
2397 2115 2621 2185 aequalis
2649 2125 2733 2171 cst
2784 2118 2955 2185 Patri,
3005 2137 3278 2192 nunquam
3323 2124 3549 2183 inferior

1954 2202 2058 2257 fuit
2086 2204 2396 2277 unigenitus
2424 2207 2757 2265 sublimitate
2785 2212 3082 2283 genitoris;
3108 2231 3211 2272 nec
3236 2219 3549 2288 temporalis

1952 2295 2003 2351 ei
2029 2304 2115 2352 est
2141 2312 2266 2353 cum
2308 2298 2470 2356 Patre
2495 2302 2689 2373 gloria,
2728 2305 2822 2373 qui
2863 2305 2917 2360 in
2943 2306 3057 2376 ipsa
3106 2307 3286 2365 Patris
3309 2319 3394 2367 est
3415 2312 3548 2368 dex-

1952 2398 2071 2444 tera
2099 2387 2295 2462 [Edit.,
2324 2407 2445 2463 qua:
2469 2402 2554 2449 est
2581 2396 2699 2466 ipsa
2741 2396 2919 2453 Patris
2958 2399 3228 2474 dextera],
3268 2403 3335 2458 de
3358 2418 3462 2474 qua
3493 2404 3549 2462 in

1950 2481 2139 2539 Exodo
2162 2485 2378 2541 canitur
2399 2484 2593 2559 [Edit.,
2614 2488 2832 2563 dicitur]
2857 2506 2872 2546 :
2905 2490 3134 2549 Dextera
3161 2504 3275 2561 tua,
3303 2495 3546 2566 Domine,

1951 2573 2249 2645 gloriﬁcata
2298 2586 2371 2633 est
2410 2579 2465 2633 in
2508 2581 2696 2636 virtute
2743 2581 2938 2654 (Exod.
2968 2601 3059 2652 xv,
3088 2586 3166 2658 6).
3193 2587 3261 2643 Et
3287 2588 3341 2644 in
3369 2589 3545 2645 Isaia:

1950 2664 2194 2733 Domine,
2218 2669 2333 2740 quis
2355 2670 2577 2725 credidit
2606 2672 2814 2729 auditui
2836 2685 3036 2743 nostra,
3065 2686 3114 2732 et
3141 2678 3414 2735 brae/tium
3441 2679 3551 2737 Do-
3610 2698 3619 2703 ‘

1949 2759 2081 2813 mini
2109 2761 2196 2814 cui
2227 2762 2508 2818 revelatum
2538 2775 2613 2820 est
2640 2786 2658 2818 ι
2688 2764 2872 2839 (Isaia:
2888 2784 3008 2834 LIII,
3028 2770 3103 2840 1).
3122 2770 3188 2825 Ει
3213 2772 3374 2842 paulo
3388 2781 3545 2844 post:

1957 2866 1977 2901 t
2004 2849 2330 2923 Assumptus
2368 2854 2532 2927 igitur
2558 2857 2721 2913 homo
2752 2859 2809 2914 in
2850 2858 3048 2915 Filiqu
3083 2861 3178 2917 Dei
3224 2863 3304 2920 sic
3332 2864 3387 2921 in
3431 2868 3551 2924 nni-

1951 2948 2121 2998 tatem
2149 2960 2395 3015 persona:
2441 2945 2643 3003 Christi
2675 2949 2744 3005 ab
2773 2949 2904 3020 ipsis
2949 2953 3325 3023 corporalibus
3349 2967 3435 3012 est
3466 2973 3552 3013 re-

1950 3043 2138 3103 ceptus
2166 3034 2470 3111 [exordiis],
2494 3047 2555 3095 ut
2584 3054 2684 3096 nec
2725 3040 2844 3097 sine
2883 3042 3083 3100 deitate
3118 3058 3413 3119 conceptus
3456 3050 3549 3119 sit,

1951 3124 2076 3199 [nec
2107 3126 2225 3183 sine
2252 3126 2453 3185 deitate
2476 3130 2700 3203 editus],
2733 3146 2832 3188 nec
2867 3133 2984 3189 sine
3018 3136 3217 3193 deitate
3245 3140 3500 3197 nutritus.
3525 3161 3543 3194 ι

249 3227 585 3285 Paterltabet
604 3230 760 3283 vitam
781 3229 837 3282 in
862 3228 1154 3298 semetipso,
1180 3228 1257 3282 sic
1283 3226 1428 3281 dedit
1457 3235 1505 3281 et
1521 3223 1662 3279 Filio
1686 3226 1846 3280 vitam
1872 3213 1921 3278 Β
2022 3216 2205 3273 XLIV.
2252 3219 2386 3276 Item
2437 3221 2492 3276 in
2519 3222 2625 3277 alia
2650 3223 2870 3279 bomilia
2900 3236 2922 3264 ο
2955 3244 2968 3280 :
3001 3245 3019 3278 ι
3050 3226 3367 3300 Repudiatis
3388 3233 3551 3304 igitur

249 3322 512 3378 haberein
538 3322 831 3391 semetipso,
855 3329 903 3374 et
932 3329 1237 3390 potestate»:
1261 3318 1401 3373 dedit
1419 3319 1469 3371 ei
1488 3317 1754 3388 judicium
1769 3315 1853 3386 fa-

246 3430 393 3478 cere,
408 3415 531 3484 quia
550 3410 722 3467 Filius
732 3412 959 3466 hominis
970 3420 1045 3465 est
1068 3410 1250 3482 (Joau.
1268 3426 1324 3473 v,
1339 3409 1454 3479 25).
1473 3409 1615 3479 Ergo
1631 3408 1730 3462 sub
1743 3422 1849 3461 una

249 3506 526 3563 sententia
556 3506 881 3571 ostenditur,
926 3505 1054 3575 quia
1086 3504 1227 3559 idem
1256 3502 1423 3557 Filius
1451 3501 1544 3556 Dei
1579 3510 1743 3571 atque
1762 3498 1853 3553 Fi-

248 3598 364 3654 lius
381 3597 615 3653 hominis
640 3605 741 3653 est.
773 3595 927 3653 Unde
955 3602 1180 3665 apparet
1213 3592 1668 3663 quemadmodum
1694 3589 1852 3646 Chri-

250 3701 401 3747 stum
424 3690 709 3745 Dominmu
734 3688 788 3744 in
816 3688 1023 3744 unitate
1048 3701 1292 3758 persona:
1307 3686 1532 3741 credere
1564 3683 1847 3747 debemus,

253 3784 387 3855 quia
414 3798 539 3838 cum
560 3782 631 3838 sit
653 3780 824 3836 Filius
851 3780 970 3845 Dei,
993 3794 1090 3851 per
1116 3793 1278 3849 quem
1307 3775 1434 3832 iacti
1457 3792 1665 3842 sumus,
1685 3776 1849 3831 etiam

254 3876 432 3933 Filius
465 3874 701 3930 hominis
730 3887 827 3945 per
861 3872 1285 3943 assumptioncm
1314 3870 1498 3925 carnis
1540 3877 1623 3924 est
1652 3867 1848 3934 iactus,

252 3977 319 4025 ut
363 3974 691 4032 moreretur,
735 3966 877 4021 sicut
923 3950 999 4019 ait
1035 3961 1327 4033 Apostolus
1353 4000 1369 4027 ,
1402 3960 1628 4030 PrOpter
1660 3956 1852 4013 delicta

253 4071 440 4116 nostra
460 4076 480 4126 ,°
501 4067 558 4115 et
586 4064 895 4130 resurgeret
922 4052 1585 4128 prepterjustiﬁcationem
1616 4061 1850 4106 nostram

253 4152 441 4225 (Rom.
470 4166 549 4216 tv,
604 4148 719 4222 25).
776 4147 904 4204 llaec
951 4145 1238 4211 confessio,
1279 4142 1643 4208 dilectissimi,
1676 4140 1850 4197 nullas

251 4244 453 4303 metuit
484 4241 960 4305 contradictiones,
1020 4238 1183 4294 nullis
1232 4237 1378 4293 cedit
1408 4234 1703 4291 erroribus.
1742 4232 1850 4302 Ag-

253 4335 538 4393 noseimus
562 4334 709 4389 enim
749 4330 1184 4387 misericordiam
1222 4328 1321 4384 Dei
1349 4326 1419 4382 ab
1445 4326 1602 4381 initio
1625 4325 1850 4396 promis-

251 4444 398 4492 sam,
439 4435 496 4483 et
540 4435 665 4481 ante
704 4422 902 4481 saacnla
933 4430 1318 4495 praeparatam,
1353 4435 1450 4492 per
1477 4434 1640 4490 quant
1677 4417 1847 4474 solam

250 4520 457 4578 resolvi
487 4518 819 4589 captivitatis
848 4517 1095 4572 humana:
1121 4514 1335 4570 vincula
1365 4520 1679 4583 potuerunt,
1727 4510 1847 4580 qui-

250 4613 357 4670 bus
376 4613 617 4683 primum
659 4609 933 4666 hominem
957 4622 1285 4678 omnemque
1326 4604 1444 4675 ejus
1470 4603 1843 4677 posteritatem

251 4706 399 4762 male
425 4718 620 4759 suasus
651 4713 843 4758 auctor
864 4702 1253 4766 obstrinxerat,
1298 4708 1355 4756 et
1380 4697 1732 4771 propaginem
1759 4695 1848 4751 de-

249 4797 488 4854 dititiam
527 4795 780 4864 originali
825 4795 929 4852 sibi
975 4791 1289 4865 praeiudicio
1330 4791 1659 4847 vindicabat.
1709 4789 1846 4856 Quia

251 4889 422 4961 igitur
453 4884 819 4958 justiﬁcaudis
849 4885 1161 4941 hominibus
1199 4885 1306 4941 hoc
1330 4882 1707 4954 principaliter
1730 4881 1849 4952 opi-

253 4979 481 5044 tulatur,
503 4976 650 5049 quod
680 4978 991 5051 unigenitus
1019 4977 1111 5033 Dei
1138 4977 1302 5032 etiam
1333 4975 1571 5032 hominis
1601 4975 1744 5030 Iilius
1770 4989 1850 5029 es-

252 5072 598 5144 sedignatus
651 5078 753 5137 est,
784 5080 842 5125 ut
890 5070 1161 5143 ὁμοούσιος
1213 5069 1363 5125 Patri
1414 5068 1579 5134 Deus,
1638 5068 1691 5123 id
1740 5074 1845 5133 est,

252 5165 419 5220 unius
476 5164 816 5229 substantiis,
866 5163 1009 5219 idem
1058 5164 1222 5220 homo
1267 5178 1432 5220 verus
1460 5172 1517 5219 et
1549 5162 1848 5219 secundum

252 5271 481 5313 carnem
531 5257 694 5312 matri
748 5256 1223 5314 consubstantialis
1262 5259 1566 5324 existeret;
1616 5266 1849 5329 utroque

251 5351 576 5421 gaudemus,
609 5349 737 5420 quia
764 5364 873 5405 non
922 5350 1026 5407 nisi
1059 5351 1220 5423 7'73
1250 5360 1483 5423 utroque
1530 5349 1844 5407 salvantur:

252 5444 311 5501 in
334 5443 486 5500 nullo
509 5442 815 5501 dividentes
834 5443 1099 5502 visibilem
1121 5446 1192 5501 ab
1219 5445 1496 5512 invisibili,
1524 5459 1847 5515 corporeum

253 5536 326 5592 ab
354 5537 699 5606 incorporeo,
750 5536 1062 5606 passibilem
1109 5537 1178 5593 ab
1225 5536 1565 5608 impassibili,
1616 5536 1848 5592 formam

327 5681 355 5710 ι
378 5665 511 5723 Haec
529 5667 734 5731 omissa
762 5676 889 5723 sunt
905 5669 959 5725 in
985 5671 1161 5728 sancti
1186 5670 1386 5730 Leonis
1409 5670 1669 5729 editione.

326 5738 356 5781 δ
382 5738 520 5812 Ψὶίξ·
551 5736 730 5812 ξενω-
757 5738 851 5812 ῗέι
875 5756 993 5812 ωψ-
1009 5740 1062 5797 6ο
1300 5778 1303 5787 ν

329 5820 356 5853 ε
386 5808 529 5869 Ibid.
561 5810 739 5867 Serm.
762 5809 855 5878 25,
878 5808 1056 5884 cap.3.

548 5904 833 5981 Panos.
869 5903 952 5971 CI
968 5952 985 5971 .

1872 4574 1925 4636 D

1954 3311 2221 3383 longeque
2273 3314 2491 3383 rejectis
2539 3316 2792 3373 omnibus
2846 3320 3189 3391 opinionibus
3239 3325 3548 3397 impiorum,

1953 3403 2150 3473 quibus
2176 3413 2267 3459 aut
2289 3406 2515 3462 stultitia
2551 3418 2634 3465 est
2663 3425 2797 3465 crux
2839 3411 3063 3480 Christi,
3097 3424 3191 3469 aut
3212 3418 3550 3487 scandalum,

1954 3495 2185 3550 exsultet
2214 3505 2487 3554 rectarum
2512 3502 2777 3557 utentium
2807 3502 2962 3569 ﬁdes,
2984 3514 3039 3560 et
3064 3521 3251 3564 verum
3279 3525 3553 3581 unumque

1954 3586 2052 3643 Dei
2099 3586 2295 3644 Filium
2349 3605 2458 3646 non
2505 3591 2681 3648 solum
2729 3594 3026 3651 secundum
3073 3596 3355 3667 deitatem,
3386 3618 3491 3673 qua
3519 3620 3550 3660 a

1952 3678 2116 3737 Patre
2150 3683 2365 3754 genitus
2391 3724 2407 3751 ,
2452 3685 2546 3741 sed
2584 3686 2751 3743 etiam
2792 3690 3087 3747 secundum
3135 3692 3550 3767 humanitatem,

1954 3793 2059 3849 qua
2087 3778 2154 3834 de
2183 3787 2359 3836 matre
2395 3779 2604 3852 virgine
2640 3789 2727 3837 est
2770 3790 2953 3849 natus,
2997 3783 3278 3857 intelligat.
3324 3786 3443 3859 Ipse
3468 3799 3553 3846 est

1954 3871 2008 3927 in
2036 3872 2342 3929 humilitate
2388 3884 2595 3942 nostra,
2643 3875 2737 3945 qui
2783 3885 2867 3933 est
2908 3879 2967 3935 in
3015 3878 3297 3949 majestate
3344 3882 3548 3950 divina,

1951 3977 2115 4018 verus
2140 3963 2283 4019 Deus
2298 3974 2354 4019 et
2378 3979 2539 4020 verus
2566 3965 2747 4021 homo.
2778 3984 2797 4018 ι

2024 4055 2183 4111 XLV.
2212 4057 2345 4113 Item
2389 4056 2533 4114 idem
2576 4059 2901 4117 venerabilis
2937 4059 3102 4117 Pater
3132 4062 3186 4118 in
3223 4062 3444 4119 bomilia
3485 4064 3552 4122 de

1952 4149 2340 4222 Theophaniatl
2368 4168 2382 4206 :
2419 4170 2438 4204 ι
2469 4152 2527 4209 Si
2556 4161 2736 4209 autem
2760 4153 2991 4211 sollicito
3019 4155 3293 4211 intellectu
3319 4157 3551 4216 velimus

1953 4242 2499 4313 aspicere,quomodo
2518 4244 2682 4300 etiam
2705 4244 2898 4315 triplex
2920 4245 3007 4301 illa
3033 4248 3241 4317 species
3263 4264 3550 4305 munerum

1951 4336 2021 4392 ab
2053 4337 2328 4403 omnibus,
2368 4338 2460 4408 qui
2494 4338 2562 4393 ad
2608 4338 2884 4395 Christum
2914 4355 3105 4413 gressu
3149 4341 3272 4398 ﬁdei
3304 4343 3544 4409 veniunt,

1951 4427 2215 4485 aﬁ‘eratnr
2242 4429 2438 4503 [Edit.,
2478 4428 2785 4504 olferatur],
2816 4449 2995 4490 nonne
3038 4434 3092 4489 in
3121 4435 3373 4492 cordibus
3401 4447 3550 4494 recte

1952 4520 2290 4578 credentium
2318 4522 2508 4579 eadem
2539 4525 2846 4581 celebretur
2875 4524 3073 4598 [Edit.,
3104 4528 3432 4605 celebratur]
3459 4532 3553 4587 ob-

1947 4616 2123 4671 latio?
2149 4616 2354 4672 Aurum
2393 4618 2536 4674 enim
2577 4619 2643 4674 de
2687 4621 2942 4676 thesauro
2986 4622 3152 4677 animi
3201 4625 3283 4679 sui
3325 4626 3549 4694 promit,

1949 4707 2042 4777 qui
2066 4705 2342 4762 Christum
2373 4723 2553 4779 regem
2578 4709 2946 4768 universitatis
2966 4714 3243 4785 agnoscit;
3268 4716 3547 4788 myrrham

1949 4797 2131 4866 oll‘ert,
2161 4799 2255 4870 qui
2283 4800 2617 4872 unigenitum
2645 4801 2740 4856 Dei
2771 4803 2943 4858 credit
2970 4819 3153 4860 veram
3181 4806 3285 4862 sibi
3314 4807 3551 4866 hominis

1952 4891 2155 4946 uniisse
2184 4900 2433 4947 naturam
2459 4909 2474 4959 ;
2524 4901 2579 4947 et
2613 4894 2848 4963 quodam
2877 4910 3002 4950 eum
3033 4897 3193 4954 thure
3230 4909 3547 4967 veneratur,

1952 4982 2046 5054 qui
2076 4982 2130 5038 in
2158 4982 2307 5039 nullo
2334 4983 2508 5056 ipsum
2536 4999 2566 5038 a
2608 4984 2769 5041 Patre
2812 4985 3112 5056 maiestatis
3140 4987 3337 5062 [Edit.,
3366 5000 3549 5063 pater-

1951 5088 2036 5129 me
2070 5071 2365 5146 majestati]
2397 5074 2657 5145 imparem
2684 5074 2989 5132 conﬁtetur.

2022 5162 2205 5219 XLVI.
2234 5164 2339 5221 Sed
2362 5175 2416 5221 et
2436 5167 2626 5222 beatus
2656 5166 2986 5240 Augustinus
3024 5171 3076 5226 in
3109 5171 3329 5230 homilfa
3354 5176 3420 5232 ad
3447 5192 3546 5247 po-

1949 5256 2158 5327 pulum,
2192 5258 2257 5315 de
2294 5258 2380 5315 die
2408 5256 2807 5317 Puriﬁcationis
2832 5270 3033 5319 sanctae
3062 5263 3244 5322 Maria:
3286 5283 3445 5339 quam
3474 5268 3551 5325 lo-

1952 5355 2107 5406 cutus
2131 5359 2236 5417 est,
2266 5351 2332 5407 de
2357 5353 2563 5408 unitate
2595 5370 2842 5425 personae
2872 5355 2966 5412 Dei
3005 5368 3060 5414 et
3102 5359 3357 5426 hominis,
3394 5370 3449 5415 et
3481 5362 3550 5420 de

1953 5443 2162 5500 unitate
2208 5443 2574 5502 Eeclesiarum
2610 5447 2847 5516 Christi,
2883 5450 2967 5507 his
2998 5451 3177 5508 verbis
3221 5461 3551 5523 protestatus

1955 5545 2039 5592 est
2072 5547 2098 5577 ε
2121 5551 2137 5592 :
2160 5556 2179 5591 ι
2225 5536 2353 5594 Haec
2383 5539 2545 5613 igitur
2562 5558 2677 5613 pra:
2702 5543 2969 5602 charitatc
3007 5548 3064 5603 in
3089 5546 3307 5604 Christo
3341 5551 3548 5616 scribo,

2024 5670 2054 5713 δ
2073 5670 2208 5748 Ibid.
2447 5674 2539 5748 56,
2562 5692 2680 5748 cap.
2708 5678 2761 5734 I.

2031 5745 2771 5837 igesﬁiiheseueieini
2808 5749 3053 5837 ξιρῑῐιίιίαν
3078 5750 3294 5837 isnon.
3314 5771 3432 5837 ,περ
3456 5753 3548 5814 r'c-

1958 5816 2167 5891 peritur
2188 5816 2334 5874 inter
2359 5816 2536 5888 Opera
2566 5816 2623 5876 S.
2648 5820 2785 5895 Aug.
2808 5822 2953 5880 edita
2978 5839 2993 5891 ;
3016 5816 3222 5898 reliqua
3242 5816 3550 5903 enimpquze

3130 5915 3168 5995 ι,
