4072 6346
525 345 628 403 ιιι-ι

1338 338 1400 395 Β,
1437 337 1500 395 r.
1541 333 1776 395 Αιδης
1806 331 1941 391 suo
1971 307 2248 393 sitcum
2283 329 2581 393 manu
2612 330 2801 388 rans
2829 330 2915 391 ιιι.

3674 331 3788 390 108

521 468 781 533 quaene
797 463 1059 526 unquam
1075 452 1298 518 han-es,
1326 457 1385 508 et
1405 458 1717 507 contestans
1753 460 1934 505 coram
1955 443 2107 500 Chri»
2132 444 2184 511 Α
2208 445 2515 509 suscitetur,
2548 450 2605 500 et
2630 444 2913 501 catholicae
2955 441 3079 497 ﬁdei
3107 442 3375 499 interiore
3395 444 3601 505 mentis
3627 446 3793 505 oculo

522 558 609 608 sto
632 556 689 605 et
725 546 919 606 eiseis
937 545 1164 616 angelis,
1194 553 1257 598 ut
1295 542 1660 601 Eeclesiarum
1686 554 1787 610 pax
1816 538 1967 593 salva
1996 550 2107 592 ser-

519 648 709 707 vetur,
740 647 805 694 et
833 636 1134 695 concordia
1160 634 1544 702 charitatisque
1588 630 1859 687 vinculum
1885 628 2107 684 indisso-

519 732 685 789 IubiIo'
728 735 945 791 maneat
986 726 1357 783 sacerdotibus
1397 724 1514 785 Dei.
1562 721 1814 791 quoniam
1856 734 2106 789 magnum

521 833 599 880 est
646 821 855 893 pietatis
903 826 1306 881 sacramentum,
1359 813 1498 885 quod
1548 811 1883 880 manifestum
1930 817 2009 863 est
2050 809 2106 864 in

524 925 702 976 carne,
742 907 1098 980 iustiﬁcatam
1140 906 1298 960 estin
1342 904 1553 974 spiritu,
1599 900 1841 972 apparuit
1882 897 2103 969 angelis,

520 1000 866 1072 praedicatum
895 1006 970 1052 est
1009 996 1266 1067 gentibus,
1308 995 1560 1049 creditum
1584 993 1737 1048 estin
1764 991 1860 1045 hoe
1887 989 2102 1053 mundo,

522 1098 844 1161 assumptum
890 1097 967 1144 est
1011 1090 1067 1142 in
1093 1086 1265 1157 gloria
1309 1084 1361 1156 (ι
1394 1084 1523 1141 Tim.
1557 1100 1642 1150 tu,
1673 1082 1784 1153 I6),
1819 1082 2106 1155 [cumma-

521 1192 686 1238 nente
731 1181 825 1241 illa
879 1177 1335 1237 incommutabilis
1380 1176 1545 1233 Verbi
1587 1176 1847 1241 essentia,
1888 1190 2008 1244 quae
2053 1174 2104 1230 ei

521 1288 651 1327 cum.
673 1272 833 1327 Patre
854 1277 1053 1327 etcum
1094 1269 1297 1339 Spiritu
1324 1277 1510 1327 sancto
1536 1265 1904 1335 intemporalis
1946 1273 2107 1334 atque

520 1373 787 1421 ooazterna
812 1370 916 1429 est,
940 1364 1017 1418 ita
1042 1362 1184 1419 intra
1201 1361 1444 1431 virginea
1473 1360 1689 1415 viscera
1720 1358 1955 1415 Verbum
1979 1371 2107 1411 caro

521 1454 593 1512 sit
620 1454 845 1519 facmm,
896 1461 1081 1524 utper
1109 1450 1376 1507 ineﬁ'abile
1404 1458 1802 1507 sacramentum
1832 1464 1940 1503 uno
1986 1464 2107 1504 con-

520 1552 705 1615 ceptu,
735 1557 948 1615 unoque
983 1552 1145 1614 partu
1174 1542 1468 1597 secundum
1506 1541 1785 1597 veritatem
1823 1540 2107 1610 utriusque

521 1644 732 1692 natura:
764 1636 950 1691 eadem
982 1634 1135 1705 virgo
1172 1641 1227 1689 et
1264 1633 1458 1689 ancilla
1488 1633 1696 1688 Domini
1738 1641 1885 1690 esset
1911 1640 1966 1687 et
1990 1648 2108 1688 ma-

522 1736 604 1784 ter
622 1727 666 1802 ].
690 1745 711 1782 ι
740 1728 872 1785 Item
900 1735 1027 1798 post
1056 1742 1227 1798 pauca
1256 1727 1313 1782 in
1348 1726 1537 1782 eadem
1566 1726 1786 1783 homilia
1813 1744 1825 1778 :
1853 1724 1875 1796 [
1903 1745 1921 1776 ι
1959 1725 2109 1781 Licet

2206 536 2385 592 lumen
2413 534 2799 606 aliquantulum
2824 535 3068 605 attingat.

2274 624 2462 682 XLIX.
2507 625 2806 681 Audiamus
2839 624 3203 681 testimonium
3243 623 3469 682 Joannis
3517 626 3788 700 Chrysos-

2205 718 2345 773 tomi
2369 718 2435 773 de
2459 716 2863 786 magniﬁcentia
2901 716 3101 772 Christi
3130 717 3252 773 Filii
3300 718 3415 773 Dei.
3468 720 3609 775 Dicit
3640 723 3797 781 enim

2206 807 2260 863 in
2281 806 2500 862 homilia
2524 807 2781 871 secunda,
2800 802 2890 861 ubi
2913 807 3203 877 Epistolam
3224 810 3370 865 beati
3388 810 3539 866 Pauli
3559 814 3795 881 apostoli

2205 899 2271 953 ad
2302 897 2559 953 Hebraeos
2582 898 2829 967 exposuit
2866 897 2932 951 δε
2968 916 2987 967 ι
3027 898 3213 964 Tanto,
3262 901 3460 971 inquit,
3489 902 3674 957 metior
3701 907 3790 974 fa-

2204 997 2320 1043 etus
2348 996 2425 1043 est
2472 988 2690 1061 angelis,
2731 997 2924 1059 quanto
2964 987 3289 1059 diﬁcrentiue
3338 1009 3524 1046 nomen
3561 994 3790 1049 luendi-

2205 1081 2332 1136 tavit
2360 1078 2544 1151 (Hebr.
2577 1096 2617 1146 ι,
2640 1078 2718 1151 4).
2752 1080 2806 1133 In
2843 1080 2945 1135 hoc
2973 1081 3115 1149 quod
3144 1081 3279 1147 dixit
3320 1083 3519 1152 factus,
3547 1101 3646 1155 pro
3675 1102 3799 1157 sus-3

2205 1175 2397 1239 ceptus
2418 1168 2675 1237 intellige,
2702 1180 2957 1238 tamquam
2988 1171 3037 1223 si
3061 1169 3281 1236 diceret,
3330 1174 3524 1229 melius
3561 1185 3645 1230 est
3675 1192 3798 1232 sus-

2206 1268 2393 1330 ceptus
2416 1262 2484 1316 ab
2526 1261 2751 1331 angelis.
2800 1262 2871 1316 Et
2911 1264 3052 1317 unde
3080 1264 3183 1320 hoc
3217 1270 3535 1321 asseverat?
3568 1270 3647 1324 Ex
3675 1269 3799 1339 ipso

2205 1354 2441 1409 nomine.
2489 1353 2915 1419 Animadvertis,
2942 1355 3071 1425 quia
3108 1357 3248 1413 solet
3292 1358 3386 1413 ﬁlii
3430 1375 3627 1415 nomen
3666 1376 3797 1435 pros

2205 1448 2490 1518 prietatem
2521 1448 2854 1519 cognationis
2885 1449 3078 1521 [Edit.,
3104 1452 3449 1525 cognitionis]
3469 1456 3797 1526 ostendere;

2207 1546 2263 1592 et
2290 1552 2441 1604 sane,
2494 1538 2600 1594 nisi
2641 1547 2785 1596 esset
2818 1543 3067 1610 proprius
3112 1543 3293 1611 ﬁlius;
3331 1546 3584 1614 proprius
3610 1557 3803 1606 autem

2207 1626 2349 1685 ﬁlius
2375 1630 2508 1687 nihil
2529 1639 2615 1686 est
2637 1632 2801 1699 aliud,
2828 1649 2989 1703 quam
3016 1636 3081 1690 de
3110 1636 3225 1705 ipso
3256 1639 3487 1708 genitus.
3516 1639 3801 1706 Quomodo

2207 1730 2383 1791 potest
2427 1731 2483 1779 et
2527 1725 2630 1779 hoc
2681 1726 3084 1794 amplitudinem
3136 1729 3360 1787 honoris
3401 1737 3694 1789 asserere?
3737 1735 3801 1792 Si

520 1794 650 1889 ergo
686 1821 740 1876 in
770 1836 877 1874 uno
903 1794 1133 1875 Domino
1175 1826 1363 1874 nostro
1409 1815 1624 1872 Christo
1652 1833 1781 1887 vero
1819 1794 1921 1873 Dei
1946 1826 2108 1887 atque
2139 1794 2185 1857 Β
2210 1813 2354 1868 enim
2383 1814 2558 1883 gratia
2593 1823 2735 1870 esset
2777 1817 2939 1884 ﬁlius,
2967 1836 3073 1874 non
3104 1821 3275 1881 solum
3306 1822 3549 1879 diﬁ‘erret
3576 1827 3718 1895 apud
3737 1839 3803 1883 se

521 1912 754 1969 hominis
780 1911 918 1965 Filio
948 1910 1109 1966 Verbi
1131 1918 1185 1965 et
1208 1910 1387 1965 carnis
1412 1924 1519 1964 una
1556 1908 1720 1981 774
1752 1910 2107 1989 personasit,

520 2021 641 2076 quae
663 2005 1093 2077 inseparabiliter
1125 2013 1286 2075 atque
1309 2004 1538 2060 indivise
1563 2019 1878 2061 communes
1910 2006 2111 2063 habeat

518 2096 782 2161 actiones,
812 2096 1171 2167 intelligendas
1200 2103 1378 2153 tamen
1426 2103 1552 2153 sunt
1601 2097 1847 2165 ipsorum
1884 2112 2109 2167 operum

517 2186 829 2257 qualitates,
857 2194 913 2242 et
957 2186 1181 2242 sincerae
1222 2185 1349 2242 ﬁdei
1390 2186 1842 2255 contemplatione
1885 2201 2110 2245 cernens

519 2278 648 2335 dum
680 2286 786 2343 est,
808 2278 876 2333 ad
899 2293 1020 2349 quae
1059 2278 1389 2347 provehatur
1414 2278 1695 2334 humilitas
1721 2278 1926 2345 carnis,
1952 2286 2011 2335 et
2041 2278 2110 2337 ad

520 2385 639 2441 quae
667 2369 957 2425 inclinetur
986 2370 1210 2429 altitudo
1239 2370 1477 2427 deitatis.
1503 2369 1573 2443 ι]

592 2458 795 2514 XLVII.
817 2457 951 2513 Item
975 2458 1230 2529 prazfatus
1243 2458 1357 2514 Leo
1373 2459 1427 2513 in
1442 2458 1665 2514 homilia
1690 2458 1756 2514 de
1778 2459 2033 2516 Passieno
2056 2471 2104 2515 αξ

525 2567 545 2601 ι
575 2549 980 2621 Amplectentes
1006 2551 1168 2622 igitur
1206 2546 1561 2616 dilectissimi,
1602 2550 1923 2607 Christianae
1951 2550 2107 2623 [Hs.,

519 2640 841 2714 Christiani]
893 2642 1007 2712 spei
1052 2643 1246 2713 pignus
1274 2658 1379 2698 non
1430 2641 1805 2698 diveliamura
1850 2657 2108 2714 compage

521 2735 769 2805 corporis
801 2734 1024 2799 Christi,
1053 2735 1105 2789 in
1131 2750 1231 2806 quo
1276 2733 1497 2799 habitat,
1527 2734 1669 2789 sicut
1693 2734 1983 2804 Apostolus
2010 2736 2105 2799 ait.

518 2825 786 2897 plenitudo
815 2825 1104 2879 divinitatis
1146 2824 1486 2895 corporaliter
1511 2835 1557 2878 et
1588 2826 1709 2880 estis
1732 2827 1787 2879 in
1815 2824 1907 2880 illo
1931 2825 2109 2896 repleti

519 2919 744 2992 (Coloss.
776 2937 837 2985 ιι,
871 2920 982 2991 10).
1033 2920 1165 2974 Nam
1192 2936 1314 2975 cum
1342 2921 1658 2990 incorporea
1684 2922 1756 2975 sit
1802 2922 2108 2979 substantia

520 3015 636 3080 Dei,
668 3014 937 3083 quomodo
972 3013 1325 3083 corporaliter
1357 3013 1412 3071 in
1458 3012 1677 3068 Christo
1721 3013 1951 3079 habitat,
2002 3015 2111 3071 nisi

520 3104 644 3174 quia
674 3119 802 3158 caro
835 3103 1006 3156 nostri
1034 3103 1247 3173 generis
1274 3102 1427 3157 facta
1444 3110 1532 3157 est
1556 3116 1685 3158 caro
1713 3102 1970 3159 deitatis?
2002 3124 2021 3156 ι

592 3193 819 3249 XLVIII.
854 3193 991 3261 Quid
1038 3193 1254 3247 dicam?
1280 3192 1363 3247 An
1407 3193 1581 3263 magis
1629 3192 1870 3247 miranda
1914 3202 1998 3249 est
2024 3194 2107 3249 vel

522 3285 829 3340 miseranda
859 3284 1072 3340 accitas
1099 3282 1361 3353 perﬁdim,
1386 3298 1507 3353 qua:
1529 3298 1593 3337 ex
1624 3299 1731 3339 una
1761 3296 1912 3354 parte
1939 3286 2108 3340 omni-

522 3379 770 3447 potentia:
796 3378 966 3433 credit
998 3378 1112 3443 Dei,
1153 3392 1221 3433 ex
1259 3378 1426 3433 altera
1458 3379 1700 3448 derogat.
1750 3378 1936 3434 Potuit
1963 3383 2107 3437 enim

522 3471 700 3527 facere
730 3478 788 3525 ut
818 3471 978 3525 homo
1007 3469 1174 3524 Deum
1198 3474 1575 3540 generaret,et
1601 3484 1707 3524 non
1728 3471 1903 3539 potuit
1929 3471 2108 3526 facere

522 3571 580 3618 ut
609 3562 709 3616 sibi
738 3561 935 3615 Filium
960 3560 1238 3630 proprium
1267 3562 1419 3633 virgo
1463 3571 1764 3632 generaret.
1798 3562 1937 3629 Quid
1961 3564 2106 3618 enim

524 3652 791 3711 difﬁcilius
819 3661 922 3717 est,
952 3661 1047 3706 aut
1076 3660 1136 3706 ut.
1165 3653 1325 3707 homo
1370 3652 1539 3706 Deum
1579 3660 1880 3724 generaret,
1926 3662 2023 3708 aut
2048 3662 2109 3709 ut

522 3742 684 3801 homo
706 3744 984 3815 proprium
1015 3730 1124 3797 Deo
1150 3742 1351 3799 Filium.
1367 3745 1694 3814 generaret?
1722 3743 1960 3813 Utraque
1982 3752 2107 3799 sunt

522 3834 661 3905 apud
704 3833 952 3889 homines
1000 3833 1375 3904 impossibilia,
1421 3833 1516 3888 sed
1564 3843 1793 3903 utraque
1842 3833 1951 3890 Deo
1982 3843 2108 3890 sunt

518 3924 811 3998 possibilia.
852 3924 952 3992 Qui
999 3924 1172 3994 potuit
1202 3925 1462 3995 virginem
1507 3923 1684 3981 facere
1728 3932 1956 3980 matrem
1985 3912 2109 3981 Filii

519 4016 637 4081 Dei,
666 4019 842 4087 potuit
867 4014 1046 4071 facere
1078 4016 1245 4070 ﬁlium
1279 4002 1501 4086 virginis
1542 4030 1729 4071 verum
1763 4030 1882 4073 esse
1912 4016 2107 4097 Filium

519 4096 613 4169 Dei
647 4102 801 4181 (nihil
830 4108 972 4163 enim
1002 4114 1102 4171 est,
1153 4108 1294 4162 sicut
1341 4115 1562 4163 sanctus
1605 4110 1926 4166 Ambrosius
1954 4112 2030 4164 ait
2052 4112 2108 4167 in

520 4202 676 4267 libro,
704 4218 865 4274 quem
896 4199 1113 4271 scripsit
1136 4198 1202 4255 de
1222 4194 1595 4255 lncarnatione
1627 4201 1849 4265 Christi,
1875 4201 1929 4255 in
1955 4200 2111 4261 Chri-

2214 1901 2408 1977 [Edit.,
2437 1903 2551 1959 loco
2579 1906 2719 1975 apud
2751 1922 2808 1962 se
2833 1908 3064 1963 habent:
3091 1925 3123 1963 a
3148 1910 3353 1984 Patre],
3384 1915 3475 1970 sed
3502 1915 3667 1971 etiam
3696 1918 3801 1973 mi-

2209 2009 2312 2061 nor
2340 2002 2484 2051 esset
2508 1997 2577 2051 ah
2623 1998 2845 2069 angelis.
2878 1999 3159 2067 Quomodo
3186 2002 3293 2057 hoc
3332 2004 3555 2074 inquis?
3582 2006 3720 2075 Quia
3745 2014 3804 2063 et

2209 2083 2455 2141 homines
2492 2084 2627 2156 justi
2675 2089 2923 2159 appellati
2979 2100 3104 2147 sunt
3156 2092 3274 2151 lilii.
3321 2092 3559 2150 Proinde
3602 2112 3807 2169 nomen

2208 2177 2313 2233 ﬁlii:
2332 2179 2436 2233 nisi
2460 2181 2844 2250 proprietatem
2873 2185 3147 2251 ostendat,
3170 2201 3277 2242 non
3301 2186 3446 2242 valet
3485 2190 3803 2258 ostendere,

2179 2267 2333 2341 'quia
2365 2269 2669 2328 differentia
2714 2282 2798 2329 est
2843 2275 2982 2331 inter
3026 2284 3315 2335 creaturas
3349 2289 3406 2333 et
3433 2281 3799 2343 conditorem.

2206 2360 2441 2418 Adverte
2464 2363 2649 2434 itaque
2675 2365 2805 2435 quid
2833 2367 3004 2423 dixit:
3043 2364 3142 2423 Cui
3183 2368 3487 2440 angelorum
3516 2371 3806 2443 aliquando

2208 2452 2342 2509 dixit
2366 2472 2384 2508 .-
2409 2452 2584 2511 Filius
2612 2473 2757 2513 meus
2780 2475 2835 2512 es
2860 2467 2939 2524 tu,
2967 2476 3060 2531 ego
3103 2460 3259 2515 hodie
3291 2463 3447 2533 genui
3470 2472 3519 2517 te
3547 2463 3735 2536 (Hebr.
3759 2481 3809 2532 1,,

2207 2545 2261 2618 5)
2288 2548 2311 2601 ?
2339 2546 2459 2621 [Hic
2486 2550 2733 2620 quaedam
2758 2552 2978 2616 omissa,
3013 2568 3132 2623 quas
3157 2554 3210 2607 in
3249 2554 3411 2609 editis
3429 2555 3686 2630 exstant.]
3707 2554 3807 2613 Ni:

2208 2638 2291 2695 hil
2308 2639 2463 2697 aliud.
2483 2641 2811 2715 manifestat,
2839 2644 2942 2699 nisi
2965 2645 3097 2713 quia
3122 2661 3191 2700 ex
3218 2645 3332 2716 ipsa
3363 2648 3605 2705 essentia.
3621 2647 3805 2707 Patris

2207 2736 2289 2783 est
2312 2730 2543 2800 genitus.
2577 2730 2733 2787 Sicut
2748 2733 2890 2788 enim
2915 2748 3033 2789 esse
3072 2734 3269 2790 dicitur
3299 2749 3367 2791 ex
3391 2737 3641 2805 praesenti
3669 2745 3805 2791 tem-

2206 2836 2337 2890 pore
2363 2838 2375 2874 :
2404 2823 2482 2877 sic
2506 2823 2703 2895 quippe
2731 2825 2906 2894 magis
2928 2826 2992 2881 de
3013 2826 3125 2881 Deo
3147 2826 3252 2882 dici
3280 2829 3567 2882 conveniat
3598 2827 3804 2900 [Edit.,

2206 2914 2501 2986 convenit].
2537 2914 2584 2967 F
2588 2915 2729 2982 ilius,
2764 2916 2961 2986 inquit,
2992 2935 3137 2972 meus
3165 2936 3217 2973 es
3246 2929 3331 2985 tu,
3355 2937 3447 2991 ego
3472 2920 3626 2975 hodie
3646 2919 3804 2991 genui

2207 3014 2274 3061 te.
2310 3004 2462 3071 Quod
2491 3005 2692 3060 dictum
2725 3014 2829 3071 est,
2859 3007 3038 3074 hodie,
3076 3010 3365 3078 prtesentis
3388 3015 3471 3065 est
3499 3010 3805 3079 temporis;

2209 3101 2384 3163 potest
2406 3101 2589 3148 tamen
2612 3101 2667 3148 et
2692 3097 2988 3150 secundum
3011 3113 3230 3154 carnem
3252 3100 3354 3153 hoc
3372 3100 3538 3170 accipi
3563 3101 3809 3167 dictum;

2209 3200 2331 3241 cum
2358 3185 2499 3239 enim
2530 3186 2889 3240 nominaverit
2909 3202 3151 3254 carnem,
3180 3187 3292 3257 jam
3327 3191 3443 3246 sine
3472 3189 3580 3245 ullo
3613 3192 3806 3247 timore

2204 3291 2384 3346 pravae
2427 3276 2750 3345 suspicionis
2795 3277 3087 3347 eloquitur.
3126 3280 3337 3334 Etenim
3388 3296 3516 3337 caro
3562 3297 3806 3337 commu-

2206 3367 2354 3425 nicat
2383 3368 2693 3432 altioribus,
2723 3369 2866 3424 sicut
2891 3377 2949 3424 et
2980 3369 3234 3426 divinitas
3264 3371 3574 3428 hominibus
3604 3370 3805 3446 [Edit.,

2205 3446 2516 3529 humilibus]
2545 3460 2947 3516 communicare
2973 3461 3190 3531 dignata
3220 3470 3318 3517 est.
3342 3481 3361 3513 ›

2275 3572 2338 3628 L.
2391 3572 2590 3629 Beatus
2619 3573 2981 3646 Hieronymus
3008 3592 3180 3632 sacrae
3221 3576 3491 3646 interpres
3537 3578 3807 3647 historiae,

2204 3673 2262 3720 et
2304 3666 2573 3721 maximus
2625 3667 2904 3723 catholicae
2957 3668 3085 3729 ﬁdei
3132 3670 3325 3726 doctor
3354 3677 3409 3725 et
3453 3670 3706 3727 defensor
3746 3674 3807 3727 in

2207 3755 2485 3823 Tractatu,
2506 3774 2669 3827 quem
2696 3758 2751 3813 in
2779 3759 3073 3829 Epistolam
3100 3760 3253 3817 beati
3275 3760 3423 3821 Pauli
3451 3762 3519 3817 ad
3540 3763 3809 3832 Ephesios

2206 3852 2355 3917 fecit,
2385 3851 2461 3907 ita
2487 3852 2555 3907 de
2591 3852 2823 3911 naturali
2863 3852 3121 3908 ﬁliatione
3150 3853 3247 3908 Dei
3272 3854 3474 3913 Christi
3494 3862 3549 3909 et
3574 3855 3642 3909 de
3670 3855 3805 3910 adeo

2206 3947 2393 4015 ptione
2428 3953 2615 4000 nostra
2659 3944 2917 4002 disseruit
2947 3956 2966 3983 ο
3001 3961 3015 3998 :
3047 3964 3064 3996 ι
3101 3946 3212 4003 Nec
3254 3962 3356 4003 non
3387 3949 3574 4013 etiam,
3603 3948 3805 4018 inquit,

2207 4036 2310 4092 hoc
2358 4034 2721 4098 inferendum,
2772 4034 2915 4102 quod
2967 4049 3095 4090 cum
3140 4037 3485 4105 prmdestiuet
3535 4052 3635 4091 nos
3689 4036 3808 4094 sive

2211 4126 2371 4197 775
2406 4124 2672 4195 praeﬁniet
2699 4124 2851 4180 Deus
2868 4127 2921 4180 in
2945 4127 3285 4196 adoptionem
3328 4128 3563 4189 ﬁliorum
3585 4144 3686 4199 per
3711 4127 3806 4184 .Ie.

2210 4230 2328 4271 sum
2354 4214 2654 4281 Christum,
2678 4222 2859 4271 tamen
2900 4229 3007 4271 non
3052 4224 3177 4273 ante
3217 4218 3309 4272 ﬁlii
3349 4234 3469 4275 esse
3494 4234 3806 4290 possumus,

519 4301 605 4350 sto
628 4291 1189 4364 imperfectum),quia
1210 4292 1493 4365 adoptivus
1514 4290 1655 4347 ﬁlius
1683 4293 1751 4347 ad
1774 4278 2111 4349 nobilitatem
2212 4306 2315 4363 nisi
2365 4305 2459 4360 ﬁlii
2497 4278 2789 4377 ejusdem
2835 4305 3037 4363 Christi
3089 4308 3251 4365 Πάθω
3292 4319 3348 4366 ει
3397 4278 3809 4382 ίιιιέιιεεεηιίεηί

520 4386 722 4459 ωορτίί
755 4384 848 4439 ﬁlii
878 4401 982 4439 non
1028 4395 1202 4469 West
1239 4386 1543 4455 pervenire
1588 4384 1669 4439 An
1714 4384 2000 4443 dicendum
2028 4395 2113 4442 est
2214 4398 2561 4467 recipiamus.
2610 4397 2679 4453 Et
2716 4398 2810 4454 ille
2846 4400 3063 4469 quidem
3098 4409 3295 4456 natura.
3334 4402 3504 4459 Filius
3549 4414 3656 4469 est,
3705 4421 3809 4462 nos

523 4478 675 4532 nobis
701 4476 975 4531 Christum
1026 4492 1147 4534 esse
1192 4478 1247 4530 in
1289 4478 1469 4547 aliquo
1500 4476 1921 4547 imperfectum?
1966 4480 2033 4535 Et
2067 4479 2111 4534 si
2146 4500 2185 4555 ο
2215 4503 2343 4544 vero
2370 4487 2676 4556 adoptione,
2728 4488 2822 4545 me
2857 4506 3134 4560 [umquam
3178 4492 3349 4548 Είυυε
3388 4509 3505 4553 ne...
3534 4495 3657 4561 tu“,
3706 4513 3807 4555 nos

521 4566 769 4623 Christus
807 4568 1086 4637 adoptivus
1116 4568 1256 4623 ﬁlius
1299 4577 1401 4635 est,
1435 4584 1564 4658 ergo
1614 4569 1961 4639 imperfectus
2000 4582 2107 4636 est,
2213 4589 2501 4648 antequam
2529 4593 2795 4647 essemus,
2834 4583 3201 4651 pmdestiuaj
3230 4599 3436 4650 sumus,
3458 4594 3517 4641 οι
3539 4594 3667 4643 tunc
3690 4590 3803 4658 ενι..

521 4674 683 4729 quem
713 4666 822 4711 tota
850 4658 1115 4713 catholica
1151 4659 1322 4713 credit
1347 4656 1585 4713 Ecclesia
1613 4658 1781 4714 Deum
1807 4660 2107 4728 perfectum
2214 4668 2377 4722 ritum
2421 4668 2723 4738 adoptionis
2758 4672 3093 4741 accepimus,
3136 4674 3351 4744 quando
3390 4656 3805 4737 credidimus—in

521 4754 641 4807 esse
679 4758 734 4807 et
779 4750 1051 4807 hominem
1099 4750 1419 4824 perlectum.
1471 4752 1751 4820 Quomodo
1803 4754 1947 4808 enim
1997 4753 2109 4808 sola
2213 4759 2405 4821 Filium
2435 4759 2591 4814 Dei.)

525 4844 744 4899 Iilietate
773 4842 1119 4914 imperfectus
1157 4852 1256 4909 est,
1296 4843 1422 4900 dum
1471 4844 1525 4901 in
1558 4860 1664 4898 una
1704 4852 1935 4913 persona
1968 4843 2110 4900 Deus
2284 4854 2369 4908 LI.
2411 4853 2644 4911 Sanctus
2671 4857 2815 4915 idem
2842 4873 3058 4930 quoque
3106 4861 3351 4925 scribens
3393 4865 3465 4921 de
3510 4869 3803 4959 concogdia

526 4945 573 4959 ..ιι
606 4936 761 4959 1.-..--
799 4951 935 4959 --...-.,.
965 4933 1130 4959 ητις---
1184 4944 1255 4959 ..ιιι
1312 4944 1358 4959 Α.
1406 4950 1542 4959 ...ηυ-
1592 4930 1837 4959 Ρι-..;ηι..η
1892 4944 1939 4959 ..ι
1972 4951 2108 4959 μη..-
2424 4944 2456 4959 ι-
2495 4953 2506 4959 _
2742 4948 2810 4959 ..η
2990 4950 3000 4959 .
3110 4950 3122 4959 .
3526 4956 3538 4959 -
3564 4956 3573 4959 -
3666 4944 3677 4949 τ
3762 4958 3769 4959 ,

524 4945 578 4990 et
606 4936 765 4992 homo
799 4951 939 4991 unus
965 4933 1134 4990 Filius
1180 4944 1262 4989 est
1308 4944 1363 4990 et
1406 4950 1546 4991 unus
1592 4930 1861 4999 Christus,
1890 4944 1944 4989 et
1972 4951 2111 4991 unus
2215 4930 3803 5020 evangelistarumadEuprepimnintercaatenaadtaeniae;

526 5026 767 5082 omnium
796 5025 852 5082 in
880 5040 938 5081 se
969 5026 1304 5081 credentium
1357 5022 1647 5079 Salvator?
1686 5022 1885 5079 lterum
1932 5040 2115 5080 rever-
2222 5055 2240 5086 ι
2268 5035 2393 5091 Haec
2423 5037 2673 5103 dicimus,
2707 5054 2821 5095 non
2843 5056 2952 5108 quo
3000 5043 3167 5100 alium
3209 5045 3395 5109 Deum,
3442 5046 3605 5103 alium
3632 5049 3805 5104 homi-

533 5128 715 5174 tamur
742 5120 810 5175 ad
848 5129 1158 5174 sanctorum
1200 5116 1446 5187 exempla
1494 5116 1796 5181 doctorum,
1842 5126 1895 5171 et
1924 5134 2118 5188 magno
2218 5140 2342 5181 nem
2372 5142 2493 5183 esse
2521 5129 2826 5195 credamus,
2859 5140 2914 5186 et
2953 5132 3088 5193 duas
3132 5149 3395 5204 personas
3438 5135 3699 5194 faciamus
3744 5140 3805 5197 in

530 5208 967 5266 testimoniorum
991 5208 1227 5279 pondere
1258 5207 1471 5263 inﬁdele
1508 5217 1669 5278 caput
1698 5209 1966 5266 haeretica:
1996 5227 2118 5281 pra-
2221 5233 2327 5271 uno
2356 5217 2493 5273 Filio
2518 5218 2637 5286 Dei,
2660 5220 2800 5277 sicut
2835 5236 2975 5277 nova
3011 5225 3233 5283 haeresis
3262 5227 3652 5297 calunniatur;
3704 5232 3807 5295 sed

529 5300 714 5356 vitatis
740 5299 1127 5371 opprimamus,
1158 5307 1217 5353 ut
1244 5297 1327 5353 vel
1372 5298 1449 5353 sic
1479 5298 1546 5354 de
1575 5314 1764 5355 somno
1790 5300 2121 5361 inﬁdelitatis
2221 5323 2362 5365 unus
2390 5318 2554 5381 atque
2584 5310 2731 5366 idem
2759 5310 2933 5370 Filius
2956 5314 3051 5371 Dei
3076 5325 3137 5377 et
3163 5316 3305 5375 ﬁlius
3352 5320 3589 5379 hominis
3634 5326 3805 5380 esset.

2296 5451 2321 5520 ξ’
2439 5440 2658 5507 Hieron.
2690 5443 2747 5520 in
2766 5460 2884 5520 cap.
2915 5460 2931 5502 I
2958 5447 3126 5519 Epist.
3156 5450 3223 5505 ad
3243 5450 3437 5520 Ephcs.
3467 5464 3517 5506 v.
3550 5451 3602 5507 5.

2245 5583 2255 5593 .
2360 5512 2677 5569 Tractatum
2715 5516 2771 5571 S.
2807 5512 3119 5595 Hieron-[mi
3159 5522 3227 5575 de
3256 5512 3547 5595 concordia
3569 5532 3804 5595 evange-

2222 5581 2477 5665 Iistaruln
2506 5602 2664 5665 llt‘lllO
2703 5581 3220 5665 recensuit.'lgllota
3272 5593 3559 5664 Euprepia,
3584 5581 3802 5665 iguo‘t’us

2223 5669 2441 5723 quoque
2467 5664 2730 5715 tractatus
2759 5661 3014 5728 deinceps
3033 5662 3253 5717 citatus.

532 5431 737 5487 ansulis
757 5429 1140 5493 conclusimus,
1172 5444 1277 5484 non
1313 5437 1440 5483 sunt
1482 5429 1655 5485 sancti
1693 5428 2003 5499 Augustini,
2025 5433 2120 5488 sed

534 5502 703 5556 sancti
734 5500 927 5570 Leonis
957 5515 1126 5570 papm,
1154 5500 1468 5569 deprompta
1495 5516 1563 5554 ex
1588 5500 1744 5569 epist.
1773 5500 1901 5569 165,
1921 5518 2039 5559 can.
2065 5503 2115 5558 6.

608 5586 632 5613 ει
665 5568 995 5625 ιδίάρδεηή.
1025 5568 1337 5639 65,‘cap.5,
1382 5568 1393 5569 ί
1622 5568 1633 5569 ί
1884 5568 1887 5569 ν
2064 5574 2095 5577 η

606 5644 633 5682 ιι
672 5643 727 5696 S.
765 5643 919 5695 Joan.
963 5641 1267 5712 ChrysosL,
1293 5642 1545 5712 liolnil.2
1574 5641 1627 5695 in
1655 5641 1829 5712 Epist.
1859 5644 1927 5699 ad
1954 5642 2115 5699 Hebr.

534 5730 605 5771 cx.
629 5712 1067 5780 interpretatione
1098 5710 1313 5767 Mutiani
1343 5710 1682 5768 Scholastici.
