4072 6346
229 3193 244 3203 ,
325 3148 466 3214 mus.
506 3152 524 3182 ι
563 3131 628 3186 Ει
673 3138 795 3200 post
838 3144 1010 3200 pauca
1060 3144 1074 3182 :

330 352 436 408 £09

1171 347 1582 403 DOGMATICA.
1621 377 1692 388 —-
1728 347 1856 402 LIB.
1895 345 2054 401 ADV.
2098 345 2422 402 HzEBESlN
2461 348 2740 406 FELlClS.

3481 359 3592 414 HD

329 462 602 538 Quidquid
627 462 864 532 loquitur
885 463 1030 517 aliud
1065 463 1356 518 referimus
1397 464 1463 518 ad
1512 463 1748 518 divinam
1795 461 1912 530 ejus
1939 468 1990 524 Α
2013 461 2242 526 sarium,
2265 463 2360 517 sed
2391 472 2686 530 aeternum,
2713 480 2812 536 pro
2853 469 3010 524 nobis
3052 472 3233 526 omnia
3289 475 3580 530 secundum

327 557 576 630 gloriam,
608 554 756 608 aliud
777 554 846 609 ad
868 563 1117 610 nostram.
1139 556 1366 611 salutem
1381 597 1402 621 ,
1420 571 1519 625 pro
1551 556 1754 628 quibus
1803 572 1910 608 non

328 651 570 718 rapinam
597 647 884 701 arbitratus
919 656 993 699 est
1035 664 1143 702 esse
1170 648 1392 719 a’qualis
1432 647 1560 712 Deo,
1590 647 1680 702 sed
1723 655 1912 702 semet-

329 746 499 816 ipsum
526 741 836 804 erinauivit;
865 739 1040 808 factus
1061 741 1302 796 obediens
1323 741 1475 794 Patri
1495 758 1658 812 usque
1675 744 1744 795 ad
1771 757 1912 794 mor-

334 847 452 898 .‘e‘m,
479 842 700 886 mortem
725 841 898 884 autem
925 832 1096 886 crucis
1128 831 1382 904 (Philipp.
1405 849 1464 898 ιι,
1481 833 1568 904 6);
1597 841 1653 888 et
1690 831 1912 887 Verbum

335 943 451 979 tam
489 925 688 994 factum
715 933 811 987 est,
838 931 887 975 et
917 923 1169 978 habitavit
1197 925 1253 978 in
1291 924 1444 977 mbis.
1466 944 1484 975 ι
1518 922 1702 995 (Joan.
1725 940 1772 988 ι,
1796 920 1910 996 14).

329 1029 459 1074 rtem
481 1018 548 1073 de
577 1017 832 1072 Tractatu
856 1016 1030 1070 sancti
1058 1015 1300 1085 ejusdem
1334 1016 1404 1071 de
1436 1015 1610 1070 Natali
1651 1014 1866 1070 Domini
1892 1029 1908 1068 :

331 1127 352 1161 ι
386 1110 562 1165 Hodie
585 1125 746 1164 verus
771 1109 854 1164 sol
871 1117 1022 1164 ortus
1051 1116 1135 1164 est
1155 1108 1376 1173 mundo,
1407 1107 1568 1163 hodie
1596 1109 1650 1162 in
1671 1107 1914 1162 tenebris

325 1201 541 1262 saeculis
569 1201 752 1256 lumen
779 1216 1058 1273 egressnm
1079 1211 1180 1256 est.
1220 1202 1368 1256 Deus
1393 1200 1568 1256 factus
1595 1209 1680 1256 est
1721 1200 1912 1264 homo,

325 1305 386 1352 ut
413 1296 582 1350 homo
607 1295 764 1349 ﬁeret
789 1295 949 1350 Deus.
975 1293 1228 1350 Formam
1266 1294 1410 1350 servi
1447 1294 1712 1349 Dominus
1757 1307 1912 1347 acce-

322 1387 426 1456 pit,
450 1395 510 1440 ut
538 1397 737 1450 senius
763 1396 1064 1442 verteretur
1093 1387 1154 1440 ἰη-
1177 1387 1431 1451 Domino;
1458 1386 1722 1441 cmlorum
1758 1383 1910 1440 habi-

325 1487 472 1534 tator
499 1487 555 1534 et
582 1479 831 1536 conditor
858 1479 1124 1534 habitavit
1151 1479 1208 1538 in
1253 1479 1442 1545 terris,
1475 1486 1534 1532 ut
1562 1479 1730 1534 homo
1765 1477 1913 1533 colo-

323 1587 430 1626 nus
459 1579 624 1628 teme
641 1571 904 1643 migraret
929 1569 1000 1624 ad
1021 1569 1210 1626 coctos.
1241 1590 1262 1623 ι

395 1663 504 1718 Lll.
535 1664 794 1732 Leporius
816 1661 1124 1718 Gallicanos
1149 1665 1432 1734 presbyter
1451 1663 1508 1717 in
1532 1660 1730 1726 libello,
1747 1675 1912 1732 quem

2012 567 2232 610 mruem
2257 552 2421 610 fuisse
2442 571 2779 626 perpessum,
2800 567 2858 612 et
2876 575 2982 615 non
3013 561 3116 616 sibi
3133 563 3468 634 agonizasse,
3491 565 3584 620 sed

2009 647 2196 714 nobis;
2248 662 2348 703 nec
2390 657 2612 719 propter
2655 665 2734 717 se,
2774 655 2866 709 sed
2898 666 3121 726 propter
3163 675 3280 725 uos,
3311 661 3411 732 qui
3438 660 3587 732 jace-

2011 740 2210 828 bamus
2230 783 2248 808 ,
2290 742 2440 798 illum
2489 743 2564 797 ab
2604 746 2833 803 excelsis
2887 751 3311 808 misericorditer
3355 754 3428 808 ad.
3477 754 3585 808 ima

2009 848 2242 890 τθηιεεε.
2278 854 2298 888 ι

2083 927 2252 998 776,
2278 927 2410 984 ιιιι.
2437 929 2620 985 Victor
2646 945 2861 1000 quoque
2889 930 3084 1001 Captae
3111 935 3398 1006 episcopus
3416 937 3472 990 in
3491 948 3586 990 ex.

2009 1016 2318 1090 planatioue
2347 1020 2656 1089 apostolica
2685 1023 2966 1078 sententia:
2995 1042 3010 1077 :
3045 1025 3146 1091 Qui
3175 1027 3348 1096 factus
3392 1037 3467 1083 est
3519 1043 3586 1083 ea;

2009 1109 2204 1164 semine
2231 1109 2400 1164 David
2430 1111 2714 1166 secundum
2734 1129 2944 1168 carnem
2968 1114 2997 1154 δ
3024 1113 3200 1184 (Rom.
3235 1135 3276 1183 ι,
3296 1117 3351 1189 5)
3387 1137 3402 1174 :
3435 1138 3453 1170 ι
3481 1119 3586 1176 Ve-

2009 1209 2318 1258 rumtamen
2347 1211 2490 1260 totus
2515 1205 2602 1261 hic
2632 1207 2788 1262 locus
2819 1217 3016 1264 contra
3058 1211 3384 1268 manicbmos
3432 1212 3582 1280 facit,

2010 1293 2106 1348 ubi
2129 1293 2279 1359 dicit,
2306 1295 2456 1362 quod
2477 1303 2532 1350 et
2561 1305 2687 1352 ante
2713 1298 3064 1368 Evangelia-tn
3101 1302 3178 1356 sic
3201 1304 3505 1372 proximum
3531 1314 3585 1360 et

2009 1399 2108 1456 per
2133 1387 2424 1457 prophetas
2442 1387 2537 1444 Dei
2564 1396 2618 1444 et
2656 1390 2712 1444 in
2753 1392 2958 1448 sanctis
3003 1391 3328 1461 Scripturis;
3361 1402 3415 1449 et
3442 1398 3585 1465 quod

2011 1474 2260 1532 Christus
2293 1480 2588 1534 secundum
2615 1496 2832 1536 carnem
2865 1498 2932 1537 ex
2978 1484 3148 1540 David
3185 1486 3370 1555 stirpe,
3397 1486 3451 1540 id
3479 1495 3585 1551 est,

2011 1562 2180 1621 Maria
2206 1566 2416 1638 virgine
2441 1569 2512 1623 sit
2553 1579 2783 1635 creatus,
2816 1573 3110 1628 secundum
3154 1577 3296 1645 quod
3321 1577 3588 1645 praedixe-

2010 1663 2098 1711 rat
2129 1657 2310 1714 Isaias.
2346 1659 2496 1714 Multi
2526 1660 2620 1716 ﬁlii
2647 1663 2842 1732 gratia,
2870 1663 2955 1718 hic
2976 1673 3202 1730 natura;
3247 1667 3400 1738 cujus
3421 1666 3588 1722 etiam

328 1755 393 1809 de
422 1753 776 1810 Confessione
797 1738 937 1808 vera:
961 1752 1085 1808 ﬁdei
1112 1753 1296 1816 edidit,
1328 1753 1394 1808 de
1423 1753 1634 1807 unitate
1667 1766 1916 1822 personae
2013 1748 2069 1804 in
2092 1766 2310 1806 carnem
2335 1753 2590 1810 nativitas
2619 1755 2902 1813 dissimilis
2927 1761 3140 1814 caeteris
3168 1761 3458 1816 invenitur.
3481 1763 3590 1818 Ad.—

321 1846 450 1902 Filii
481 1846 580 1902 Dei
602 1847 678 1900 ita
708 1843 962 1900 disseruit
991 1856 1016 1884 δ
1052 1862 1066 1898 :
1105 1861 1126 1896 ι
1159 1843 1413 1900 Nascitur
1434 1859 1564 1915 ergo
1585 1843 1740 1898 nobis
1780 1856 1906 1912 pro-
1934 1843 1987 1908 Ι
2007 1838 2182 1894 dendo
2202 1842 2484 1897 secundum
2512 1861 2718 1899 carnem
2746 1856 2801 1903 et
2823 1848 3312 1906 contraPhotinum
3334 1854 3591 1908 exstinxit

323 1941 441 2010 prie
463 1939 530 1994 de
561 1937 766 2008 Spiritu
793 1943 982 1992 sancto
1001 1943 1058 1991 et
1079 1935 1248 1990 Maria
1275 1951 1490 2004 semper
1506 1934 1713 2006 virgine
1760 1932 1910 1989 Deus

323 2033 492 2088 homo
513 2030 676 2088 Jesus
693 2030 941 2086 Christus
968 2029 1138 2085 Filius
1167 2029 1283 2092 Dei,
1310 2045 1375 2084 ac
1404 2029 1481 2085 sic
1506 2028 1561 2083 in
1587 2027 1908 2082 alterutrum

322 2139 492 2178 unum
517 2123 580 2177 ﬁt
601 2123 844 2178 Verbum
867 2131 923 2178 et
949 2138 1098 2190 caro,
1131 2131 1190 2177 ut
1217 2131 1470 2177 manente
1498 2122 1553 2176 in
1581 2137 1680 2177 sua
1723 2121 1906 2194 perfe-

323 2215 506 2271 ctione
535 2213 855 2268 naturaliter
878 2223 1106 2282 utraque
1125 2213 1446 2277 substantia,
1469 2212 1584 2267 sine
1605 2212 1687 2267 sui
1712 2212 1906 2283 prteju-

323 2306 469 2361 dicio
495 2314 554 2360 et
583 2306 912 2360 humanitati
953 2305 1132 2360 divina
1161 2305 1576 2368 communicent,
1609 2312 1666 2359 et
1715 2303 1908 2358 divini—

323 2397 422 2450 tati
453 2398 692 2452 humana
714 2397 1062 2468 participant.
1087 2395 1196 2452 Nec
1221 2397 1356 2452 alter
1382 2396 1542 2460 Deus,
1563 2395 1699 2451 alter
1720 2397 1908 2460 homo,

321 2490 418 2544 sed
440 2490 588 2544 idem
615 2490 726 2560 ipse
764 2489 925 2554 Deus,
954 2488 1050 2559 qui
1075 2496 1131 2544 et
1148 2489 1342 2554 homo;
1369 2497 1426 2544 et
1447 2487 1686 2543 vicissim
1713 2489 1904 2551 homo,

323 2581 416 2650 qui
445 2590 504 2638 et
528 2580 670 2636 Deus
687 2579 846 2636 Iesus
867 2580 1136 2646 Christus,
1156 2595 1300 2635 unus
1318 2579 1415 2634 Dei
1435 2578 1604 2632 Filius
1625 2588 1680 2632 et
1703 2594 1910 2634 nuncu-

323 2683 485 2748 petur
505 2683 563 2728 et
583 2690 712 2729 vere
740 2675 830 2730 sit.
858 2674 926 2728 Et
952 2674 1073 2728 ideo
1099 2672 1364 2742 agendum
1395 2670 1552 2726 nobis
1591 2665 1801 2738 semp'er
1825 2677 1910 2726 est

324 2775 382 2822 et
400 2765 754 2832 credendum,
781 2772 842 2819 ut
869 2765 1036 2818 Deum
1078 2761 1265 2818 Jesum
1292 2760 1568 2817 Christum
1597 2759 1793 2813 Filium
1815 2759 1910 2814 Dei

325 2859 500 2915 Deum
522 2873 734 2920 verum,
758 2871 918 2926 quem
953 2871 1076 2910 cum
1121 2853 1282 2908 Patre
1306 2866 1539 2921 semper,
1564 2858 1618 2905 et
1645 2849 1910 2920 aequalem

324 2951 472 3007 Patri
531 2960 657 3004 ante
705 2947 898 3004 saecula
934 2945 1256 3001 conﬁtemur
1269 2984 1288 3018 ρ
1316 2941 1564 2998 eumdem
1607 2954 1639 2994 a
1669 2949 1912 3008 tempore

323 3047 592 3110 suscepta:
622 3039 803 3094 carnis
832 3037 1031 3092 factum
1071 3035 1238 3092 Deum
1285 3033 1560 3089 hominem
1603 3045 1712 3086 non
1751 3044 1912 3100 nege-

1137 3145 1153 3177 ι
1204 3126 1308 3180 Sed
1335 3125 1461 3196 quia
1491 3123 1730 3179 Verbum
1764 3120 1910 3176 Deus

2005 1937 2061 1985 et
2078 1929 2289 1986 Arium.
2325 1932 2382 1988 Si
2405 1934 2549 1989 enim
2575 1940 2869 1992 secundum
2900 1954 3120 1993 carnem
3163 1940 3338 1996 factus
3370 1951 3476 2008 est,
3499 1958 3586 1997 se—

2005 2025 2240 2079 cundum
2263 2026 2426 2080 Verbi
2453 2026 2640 2096 utique
2657 2029 3016 2084 substantiam
3041 2047 3146 2084 non
3179 2040 3262 2085 est
3288 2030 3493 2099 factus;
3525 2041 3586 2088 ut

2007 2113 2078 2168 sit
2099 2114 2154 2168 iu
2175 2115 2428 2170 omnibus
2466 2117 2582 2187 ipse
2617 2118 2912 2188 primatum
2945 2127 3134 2175 tenens
3161 2121 3454 2176 secudum
3483 2123 3589 2192 spi—

2006 2205 2171 2262 ritum
2202 2207 2646 2264 sanctiﬁcationis
2676 2210 3112 2280 praedestinatus,
3143 2222 3202 2265 ut
3239 2211 3390 2282 prior
3417 2214 3591 2267 omni-

2006 2299 2109 2354 bus
2163 2297 2694 2369 incorruptibilitatis
2726 2301 2927 2356 virtute
2969 2311 3298 2372 resurgeret,
3329 2310 3384 2358 et
3439 2304 3583 2358 viam

2007 2389 2429 2445 resurrectionis
2453 2389 2546 2446 Dei
2571 2388 2745 2447 Filius
2769 2393 3032 2462 aperiret,
3055 2394 3120 2448 de
3145 2393 3340 2464 quibus
3361 2395 3476 2465 ipse
3507 2397 3587 2451 di-

2009 2479 2102 2544 cit,
2139 2480 2263 2549 quia
2293 2479 2388 2536 ﬁlii
2427 2481 2522 2536 Dei
2555 2492 2701 2547 sunt,
2726 2500 2849 2538 cum
2888 2485 2996 2540 sint
3025 2484 3120 2540 ﬁlii
3159 2489 3589 2553 resurrectionis,

2008 2585 2118 2626 non
2147 2570 2390 2630 omnium
2419 2575 2840 2644 resurgentium,
2861 2577 2959 2633 sed
2983 2577 3054 2631 ad
3099 2576 3374 2635 Christum
3427 2578 3594 2650 perti-

2009 2664 2274 2717 nentium.
2318 2684 2336 2716 ι

2080 2751 2214 2806 LIV.
2251 2751 2356 2808 Sed
2380 2761 2435 2808 et
2465 2753 2723 2826 Origenes
2757 2757 2812 2812 in
2843 2758 3102 2814 Tractatu
3125 2760 3377 2829 Epistolas
3403 2763 3470 2817 ad
3493 2763 3596 2819 Ro-

2011 2857 2203 2898 manos
2224 2843 2363 2899 libro
2381 2846 2610 2916 septimo
2632 2848 2696 2902 de
2717 2849 3047 2920 proprietate
3071 2850 3191 2904 Filii
3219 2851 3316 2906 Dei
3341 2853 3596 2920 patefecit

2011 2946 2232 2987 sensum
2260 2950 2436 3000 suum,
2490 2936 2677 2993 dicens
2727 2953 2742 2992 :
2800 2957 2818 2989 ι
2868 2939 2973 2994 Dat
3026 2949 3286 3012 praeterea
3339 2940 3596 2996 indicium

2013 3022 2310 3078 maximum
2351 3024 2582 3096 ingentis
2611 3041 2738 3097 erga
2770 3042 2871 3084 nos
2896 3030 3100 3084 amoris
3128 3029 3248 3094 Dei,
3269 3031 3362 3099 qui
3393 3030 3447 3086 in
3479 3038 3598 3088 tan-

2013 3121 2128 3170 tum
2158 3131 2277 3180 nos,
2304 3117 2500 3187 inquit,
2527 3118 2738 3186 dilexit,
2766 3129 2826 3174 ut
2851 3136 2942 3174 nec
2967 3122 3178 3192 proprio
3221 3120 3366 3177 Filio
3405 3139 3596 3194 peper-

325 3211 612 3296 ωεηεηιρι-
659 3189 716 3277 ᾗ]
763 3189 1038 3278 ιιοξηίηεηι
1083 3189 1480 3288 suscipiendum
1531 3213 1552 3288 [
1573 3215 1660 3269 At.
1681 3255 1696 3280 ,
1735 3213 1909 3270 susci-
1937 3189 1986 3260 α
2015 3206 2171 3272 cerit,
2195 3207 2285 3260 sed
2306 3224 2400 3278 pro
2427 3207 2575 3264 nobis
2606 3210 2846 3266 omnibus
2874 3213 2941 3268 ad
2967 3189 3274 3282 passionem
3316 3189 3598 3270 tradiderit

323 3316 544 3389 piendo]
582 3314 882 3379 descendit,
924 3321 979 3368 et
1029 3327 1126 3383 per
1176 3308 1571 3380 susceptionem
1615 3306 1708 3362 Dei
1748 3306 1911 3361 homo

325 3410 571 3464 ascendit
593 3409 648 3462 in
666 3408 838 3462 Deum
861 3405 1112 3465 Verbum,
1143 3409 1286 3455 totus
1308 3399 1450 3454 Deus
1474 3399 1707 3452 Verbum
1736 3394 1911 3451 factus

324 3509 409 3558 cst
433 3509 579 3556 totus
613 3501 794 3554 homo.
827 3495 948 3552 Non
985 3495 1131 3550 enim
1173 3491 1314 3547 Deus
1343 3491 1503 3544 Pater
1532 3489 1692 3542 homo
1737 3485 1910 3542 factus

324 3607 429 3662 est,
457 3611 558 3652 nec
582 3593 816 3664 Spiritus
835 3598 1074 3653 sanctus,
1093 3588 1186 3646 sed
1208 3584 1515 3657 unigenitus
1537 3582 1734 3638 Patris.
1759 3580 1912 3635 ldeo-

326 3706 431 3762 que
458 3705 568 3744 una
599 3702 828 3760 persona
873 3682 1185 3753 accipienda
1229 3686 1313 3734 est
1354 3677 1534 3734 carnis
1564 3683 1620 3731 et
1644 3673 1831 3739 Verbi,
1852 3681 1912 3728 ut

327 3782 560 3838 ﬁdeliter
615 3778 732 3832 sine
786 3776 966 3845 aliqua
1020 3771 1358 3828 dubitatione
1413 3767 1698 3823 credamus
1741 3780 1910 3818 unum

324 3873 684 3940 eumdemque
715 3867 812 3922 Dci
858 3865 1056 3920 Filium
1097 3858 1513 3931 inseparabilem
1562 3871 1780 3927 semper
1825 3870 1915 3926 ge-

325 3965 488 4019 minae
544 3958 859 4016 substantiae
891 3973 904 4010 :
935 3956 1099 4010 etiam
1145 3953 1422 4024 gigantem
1470 3949 1808 4004 nominatum
1856 3946 1911 4000 in

323 4055 524 4111 diebus
568 4051 749 4106 carnis
795 4064 928 4114 suae,
959 4055 1014 4102 et
1059 4061 1185 4100 vere
1224 4058 1436 4114 semper
1468 4041 1649 4098 omnia
1679 4039 1914 4111 gessisse

325 4164 448 4220 qum
473 4153 601 4202 sunt
631 4143 886 4209 hominis,
910 4149 965 4196 et
992 4154 1128 4194 vere
1173 4150 1385 4205 semper
1435 4133 1740 4205 possedisse
1791 4146 1912 4200 qua:

323 4241 424 4302 Dei
459 4246 617 4302 sunt;
649 4236 906 4307 quoniam
929 4232 1035 4288 etsi
1060 4227 1354 4286 cruciﬁxus
1381 4234 1552 4281 estex
1575 4223 1909 4290 inﬁrmitate,

323 4332 422 4387 sed
442 4329 580 4385 vivit
605 4343 671 4383 ex
699 4328 897 4380 virtute
924 4323 1038 4378 Dei.
1071 4342 1088 4373 ι
1121 4319 1322 4374 lterum
1340 4325 1461 4386 post
1489 4315 1764 4384 aliquanta
1795 4313 1913 4368 loco

322 4432 631 4496 opportuno
659 4420 904 4476 addidit:
937 4436 956 4470 ι
999 4415 1108 4470 Nos
1147 4413 1503 4485 praedicamus
1545 4408 1824 4465 Christum
1860 4413 1914 4463 et

330 4517 472 4576 hinc
496 4512 852 4577 cruciﬁxum;
882 4510 1072 4580 utique
1095 4506 1190 4562 Dei
1213 4505 1468 4559 virtutem
1491 4509 1546 4556 et
1575 4500 1672 4556 Dei
1697 4500 1913 4570 sapien-

330 4623 491 4671 nam;
526 4604 654 4674 quia
683 4603 826 4673 quod
857 4601 1078 4656 stultum
1115 4606 1199 4654 est
1233 4596 1350 4664 Dei,
1374 4595 1673 4667 sapientius
1697 4601 1780 4650 est
1813 4594 1910 4648 ho-

323 4699 584 4764 minibus,
609 4705 666 4752 et
687 4694 829 4765 quod
853 4692 1126 4748 inﬁrmum
1151 4697 1236 4745 est
1265 4687 1386 4755 Dei,
1410 4685 1604 4743 fortius
1625 4693 1707 4741 est
1736 4684 1912 4740 homi-

322 4793 502 4847 nibus.
563 4787 706 4858 Quid
749 4787 896 4842 euim
949 4792 1064 4840 tam
1114 4781 1336 4838 stultum
1384 4788 1441 4838 et
1489 4787 1602 4834 tam
1631 4776 1910 4832 inﬁrmum

323 4886 540 4939 videtur
593 4879 902 4938 hominibus
953 4875 1270 4941 incredulis,
1311 4889 1476 4946 quam
1511 4887 1632 4928 cum
1685 4871 1910 4926 audiunt

323 4977 494 5030 Deum
526 4973 628 5028 Dei
660 4971 856 5026 Filium
901 4967 1256 5040 cruciﬁxum?
1300 4964 1408 5022 Sed
1443 4951 1646 5036 placuit
1673 4963 1786 5018 Deo
1813 4977 1913 5032 per

322 5065 612 5122 stultitiam
659 5062 1058 5136 przedicationis
1106 5059 1282 5117 salvos
1341 5055 1522 5114 facere
1574 5055 1862 5114 credentes
1887 5095 1904 5122 ,

323 5157 454 5228 quia
478 5156 540 5210 in
559 5155 666 5209 hoc
719 5152 951 5207 maxime
979 5150 1112 5208 ﬁdes
1139 5158 1325 5205 nostra
1349 5147 1616 5213 consistit,
1644 5153 1703 5200 ut
1720 5145 1907 5200 creda-

323 5264 447 5304 mus
485 5247 708 5304 unicum
744 5244 942 5300 Filium
969 5243 1088 5310 Dei,
1113 5258 1220 5299 non
1269 5239 1597 5312 adoptivum,
1630 5237 1723 5295 sed
1775 5251 1901 5311 pro-

321 5342 538 5414 prium;
571 5353 680 5394 non
700 5336 1125 5408 pbantasticum,
1148 5335 1243 5390 sed
1268 5349 1486 5399 verum;
1541 5346 1649 5386 non
1703 5340 1908 5400 tempo-

398 5524 426 5553 ι
456 5512 614 5566 Hunc
647 5509 863 5574 Leporii
907 5507 1148 5576 libellum,
1191 5504 1332 5576 typis
1379 5503 1619 5576 vulgavit
1670 5502 1911 5576 omnium

323 5583 538 5665 primus
560 5571 900 5665 Sirmondus,
927 5577 1084 5665 cujus
1101 5571 1352 5665 .O‘per—um
1389 5571 1521 5665 toni.
1627 5589 1773 5665 pag.“

331 5643 574 5708 invenies
610 5653 786 5707 locum
817 5643 906 5706 hic
940 5643 1302 5718 descriptum;
1353 5660 1512 5714 quem
1538 5643 1912 5718 etiaui’lauda-
1974 5697 1976 5699 ,

329 5735 461 5779 runt
481 5725 776 5780 Cassianus
795 5722 920 5777 libr.
959 5739 974 5775 ι
1017 5723 1086 5776 de
1121 5712 1513 5786 Ῐιιωιιιρζριιρ.
1569 5712 1915 5786 ιιηιξοιιιιιιθε

329 5797 603 5850 secundus
639 5793 801 5866 epist.
831 5793 897 5848 ad
942 5791 1226 5854 Avienum,
1259 5797 1312 5843 et
1354 5783 1640 5872 acundus
1671 5783 1916 5840 Hermia-

1941 4550 1992 4612 D

2013 3313 2136 3356 eum
2163 3298 2342 3371 (Rom.
2371 3317 2492 3366 vm,
2519 3301 2632 3372 52).
2676 3303 2743 3357 Et
2779 3311 2836 3357 ut
2883 3303 3087 3372 majore
3113 3321 3214 3360 nos
3239 3308 3597 3364 admiratione

2013 3391 2428 3462 constringeret,
2443 3392 2647 3447 addidit
2671 3408 2976 3450 sermonem
3001 3395 3233 3465 ingentis
3258 3398 3439 3452 arcani
3462 3415 3596 3453 con-

2012 3482 2184 3540 scium
2214 3483 2422 3548 dicens,
2445 3483 2570 3553 quia
2608 3485 2818 3554 propria
2849 3482 2992 3538 Filio
3027 3502 3129 3538 non
3164 3488 3404 3556 pepercit.
3437 3488 3598 3545 Dixe-

2013 3581 2099 3627 rat
2127 3574 2270 3628 enim
2300 3573 2708 3646 superiusﬁquia
2733 3575 2897 3630 etiam
2922 3591 3042 3642 nos,
3062 3578 3150 3647 qui
3169 3579 3416 3647 spiritum
3433 3581 3599 3652 adop-

2013 3663 2178 3720 tionis
2203 3666 2530 3735 accepimus,
2588 3665 2711 3720 Filii
2765 3664 2859 3721 Dei
2908 3683 3094 3724 sumus
3151 3669 3481 3740 (lbid.,15).
3519 3670 3598 3728 Ne

2011 3771 2142 3826 ergo
2185 3758 2457 3812 communi
2501 3757 2606 3813 ista
2630 3756 2990 3830 appellatione
3019 3760 3278 3826 ﬁliorum,
3305 3779 3472 3818 unum
3500 3765 3597 3820 ali-

2012 3863 2174 3926 quem
2201 3864 2266 3903 ex
2297 3849 2382 3903 his
2413 3849 2701 3903 tradidisse
2743 3859 3048 3920 putaretur,
3074 3853 3165 3920 qui
3196 3854 3248 3906 in
3280 3853 3418 3908 ﬁlios
3448 3856 3598 3911 vide-

2010 3939 2212 3994 bantur
2260 3939 2449 4005 asciti,
2481 3939 2703 4004 addidit,
2732 3942 2944 4010 praprio
2996 3941 3180 4006 Filio;
3227 3951 3288 3996 ut
3331 3958 3478 4009 eum,
3504 3943 3597 4016 qui

2012 4031 2160 4085 solus
2187 4044 2254 4084 ex
2285 4029 2401 4099 ipso
2450 4029 2560 4084 Deo
2617 4028 2872 4084 ineﬁ‘abili
2932 4032 3215 4087 nativitate
3268 4042 3596 4102 generatur,

2011 4122 2338 4177 ostenderet.
2365 4121 2472 4176 Pro
2496 4121 2650 4176 nobis
2683 4138 2812 4192 ergo
2852 4124 3102 4178 omnibus
3147 4125 3367 4179 tradidit
3391 4142 3535 4180 eiuu.
3574 4147 3590 4178 ι

2083 4211 2196 4268 LV.
2223 4211 2585 4284 Hieronymus
2613 4231 2828 4286 quoque
2863 4217 2916 4271 in
2957 4216 3214 4272 Tractatu
3244 4219 3314 4273 ad
3335 4218 3598 4288 Ephesios

2011 4306 2152 4364 libro
2181 4308 2418 4362 secundo
2457 4308 2593 4364 dixit
2625 4327 2637 4362 :
2679 4327 2696 4360 ι
2732 4309 2920 4366 Potest
2949 4326 3080 4382 ergo
3129 4319 3185 4365 et
3225 4312 3330 4368 hoc
3376 4312 3506 4377 dici,
3531 4327 3596 4366 ex

2013 4411 2078 4452 eo
2106 4397 2252 4468 quod
2273 4396 2418 4452 Deus
2441 4396 2606 4451 Pater
2633 4398 2844 4454 Domini
2874 4401 3045 4456 nostri
3073 4399 3200 4456 Jesu
3223 4401 3425 4458 Christi
3441 4400 3599 4471 juxta

2016 4488 2374 4544 substantiam
2416 4487 2580 4544 Pater
2625 4497 2730 4556 est,
2755 4499 2811 4545 et
2841 4493 3149 4564 unigenitus
3185 4510 3293 4549 non
3337 4503 3420 4552 est
3471 4497 3599 4552 ado-

2014 4579 2198 4649 ptione
2220 4579 2412 4646 Filius,
2437 4579 2530 4634 sed
2561 4590 2773 4638 natura.
2825 4583 3048 4640 Caetera
3083 4601 3296 4657 quoque
3334 4597 3599 4648 creatura:

2011 4673 2356 4741 paternitatis
2385 4689 2580 4726 nomen
2606 4675 2892 4750 adoptione
2939 4686 3274 4732 meruerunt.
3326 4678 3598 4751 Quidquid

2013 4771 2190 4818 autem
2216 4766 2281 4817 de
2304 4763 2461 4818 Patre
2487 4773 2540 4818 et
2559 4763 2697 4818 Filio
2727 4763 2975 4831 dicimus,
3004 4767 3106 4821 hoc
3134 4768 3369 4822 sciamus
3395 4769 3598 4828 dictum

2013 4870 2134 4910 esse
2163 4856 2229 4910 de
2253 4852 2454 4923 Spiritu
2485 4864 2690 4908 sancto.
2724 4854 2857 4908 Nam
2902 4864 2956 4908 et
2991 4854 3239 4910 Salvator
3265 4867 3449 4912 noster
3497 4857 3595 4913 Pa:

2012 4956 2154 5002 trem
2180 4962 2298 5002 esse
2327 4962 2384 5001 se
2415 4947 2563 5001 novit
2588 4947 2772 5000 dicens
2803 4964 2814 4999 :
2846 4944 2977 5011 Fili,
3001 4945 3339 5002 dimittuntur
3368 4949 3459 5003 tibi
3479 4967 3600 5019 pec-

2011 5049 2132 5094 cata
2161 5037 2355 5109 (Marc.
2388 5054 2459 5103 ιι,
2489 5036 2564 5107 5).
2593 5037 2660 5091 Et
2683 5052 2698 5092 :
2726 5037 2892 5103 Filia,
2915 5036 3044 5106 ﬁdes
3072 5047 3162 5090 tua
3190 5048 3237 5092 te
3256 5038 3453 5094 salvam
3473 5039 3597 5110 fecit

2013 5131 2246 5206 (Matth.
2285 5149 2358 5195 Ix,
2383 5131 2453 5185 22
2475 5122 2527 5204 ).’
2569 5128 2635 5185 Et
2666 5148 2678 5184 :
2713 5128 2898 5185 Filioli
2953 5132 3075 5196 mei,
3109 5132 3282 5186 adhuc
3332 5131 3593 5188 modicum

2012 5213 2273 5297 vobiscum
2302 5241 2418 5278 sum
2447 5222 2630 5296 (Joan.
2655 5239 2778 5286 xm,
2810 5221 2918 5292 l3).
2952 5222 3018 5276 Et
3047 5239 3142 5294 per
3177 5221 3439 5294 Spiritum
3471 5235 3596 5277 san-

2012 5325 2158 5372 ctum
2178 5313 2309 5384 justi
2341 5314 2538 5384 quique
2568 5313 2894 5382 adoptantur
2917 5313 2972 5367 in
2997 5311 3153 5368 ﬁlios.
3191 5331 3210 5366 ι

2015 5495 2352 5568 nensisﬂlibr.
2382 5508 2422 5557 ι,
2450 5505 2571 5568 cap.
2600 5489 2652 5545 4.
2911 5561 2922 5568 _
2990 5561 3022 5568 __
3205 5559 3216 5568 _
3241 5559 3254 5568 _
3401 5556 3413 5568 ,
3488 5556 3498 5568 ,

2089 5571 2115 5608 b
2173 5566 2446 5622 Victorem
2506 5559 2820 5633 Capuanum
2881 5561 3056 5616 simile
3129 5559 3254 5628 quid
3295 5559 3593 5633 scripsisse

2019 5655 2178 5696 nemo
2209 5638 2346 5692 alius
2377 5629 2617 5688 veterum
2649 5636 2732 5689 vel
2762 5633 3119 5689 recentiorum
3149 5630 3411 5684 meminit.
3447 5629 3587 5694 Qua-

2018 5720 2237 5780 propter
2266 5723 2443 5780 onor-.1:
2467 5706 2698 5780 pretium
2731 5705 2890 5768 fuerit
2917 5705 2981 5760 de
3032 5705 3133 5758 hoc
3162 5717 3323 5772 Opere
3361 5699 3591 5756 Victoris

2021 5778 2334 5854 diligent-ius
2359 5778 2650 5850 inquirere.
