4072 6346
473 359 570 414 HI

1316 356 1378 411 ιι.
1419 354 1481 410 F.
1523 351 1749 409 ALBINI
1787 308 1918 409 seu
1957 350 2231 411 ALCUINI
2289 353 2573 412 orarum
2605 354 2784 411 mas
2820 354 2905 409 ιιι.

3635 356 3739 413 1ίὲ

544 470 675 529 LVI.
723 470 835 527 Nec
869 486 976 527 non
1006 478 1060 526 et
1096 470 1415 525 Ambrosius
1464 467 1879 524 Mediol-mensis
1906 467 2057 522 urbis
2083 472 2134 531 Α
2161 469 2383 524 alterius
2434 470 2626 543 lAdde,
2655 468 2933 542 populum]
2973 467 3179 524 salvum
3230 467 3407 524 faciet.
3457 467 3643 526 Unde?
3690 473 3740 528 A

474 567 913 638 archiepiscopus
948 566 1000 618 in
1046 564 1182 618 libro
1210 564 1277 617 ad
1305 562 1619 617 Gratianum
1675 561 2055 630 imperatorem

473 662 681 720 directo
719 661 798 715 sic
847 661 923 713 ait
968 670 993 698 ι
1031 672 1044 710 :
1086 676 1102 707 ι
1151 657 1343 723 Quaeso
1394 654 1587 726 [Edit.,
1616 651 1820 724 qumro]
1874 661 2053 706 autem

476 752 619 828 [cur]
650 769 756 807 non
799 758 989 821 putent
1022 748 1447 803 sul-audiendum
1480 754 1533 800 et
1574 759 1638 798 ex
1687 744 2056 813 superioribus

473 844 864 915 colligendum;
913 850 992 906 ut,
1022 842 1149 910 quia
1178 839 1439 909 prtemisit
1468 838 1641 892 solum
1672 852 1859 890 verum
1886 835 2057 890 Deum

475 937 714 998 Patrem,
743 934 1128 1001 subaudiamus
1149 932 1310 985 etiam
1339 929 1522 984 Iesum
1564 928 1842 984 Christum
1884 928 2056 983 solum

473 1044 662 1084 verum
692 1027 895 1082 Deum?
946 1024 1367 1095 Exprimendum
1398 1023 1541 1076 enim
1579 1020 1736 1076 aliter
1786 1037 1889 1075 non
1937 1020 2054 1084 fuit,

474 1136 545 1175 ne
568 1120 704 1174 duos
733 1119 911 1173 dicere
939 1117 1232 1170 videretur.
1270 1114 1405 1168 Nam
1448 1128 1621 1183 neque
1662 1113 1795 1167 duos
1832 1112 2061 1167 dicimus

480 1211 649 1277 Deos;
672 1221 727 1265 et
751 1208 988 1277 ejusdem
1013 1223 1133 1261 cum
1162 1205 1321 1259 Patre
1348 1203 1688 1277 [divinitatis]
1716 1202 1910 1257 Filiqu
1935 1219 2062 1256 con-

478 1302 716 1357 ﬁtemur.
762 1301 948 1368 Itaque
998 1312 1322 1369 qumramus,
1352 1312 1457 1364 qua
1508 1296 1715 1349 ratione
1767 1294 2063 1348 divinitatis

476 1396 567 1452 hic
606 1404 794 1467 putent
820 1394 1018 1448 factam
1045 1409 1164 1449 esse
1191 1392 1524 1456 distantiam,
1550 1398 1731 1444 utrum
1775 1389 1946 1444 Deum
1974 1404 2065 1444 ne-

478 1498 605 1562 gent
631 1487 939 1542 Christum?
968 1485 1075 1541 Sed
1100 1501 1298 1555 negare
1320 1499 1425 1538 non
1451 1492 1697 1554 possunt.
1722 1481 1830 1535 Aut
1861 1479 2059 1553 [Edit.,

477 1580 583 1653 An]
614 1594 801 1634 verum
832 1578 1001 1631 Deum
1034 1576 1269 1647 negent?
1316 1574 1421 1629 Sed
1446 1575 1648 1639 dicant,
1674 1573 1719 1627 si
1752 1587 1940 1626 verum
1970 1586 2063 1625 ne-

477 1683 625 1746 gant,
659 1682 841 1729 utrum
895 1672 1112 1735 falsum,
1156 1688 1223 1725 an
1263 1671 1683 1741 nuncupativum
1715 1670 1880 1724 Deum
1913 1667 2063 1736 judi-

480 1766 639 1822 cent?
666 1765 800 1819 Nam
828 1764 1124 1819 secundum
1155 1762 1467 1832 Scripturas
1494 1772 1585 1816 aut
1606 1777 1764 1816 verus
1791 1761 1933 1815 Deus
1957 1768 2060 1824 est,

480 1865 576 1910 aut
601 1856 970 1911 tantummodo
1004 1853 1417 1923 nuncupativus,
1444 1862 1535 1905 aut
1563 1851 1747 1906 falsus.
1781 1852 1969 1915 Verus,
2002 1861 2060 1905 ut

477 1950 666 2015 Pater;
697 1948 1117 2018 nuncupativus,
1146 1954 1204 1999 ut
1231 1946 1437 2010 sancti;
1478 1944 1667 2008 falsus,
1691 1951 1751 1997 ut
1791 1945 2067 1998 dzemones

476 2046 639 2109 atque
665 2039 973 2092 simulacra.
1004 2036 1196 2091 Dicant
1224 2036 1388 2107 igitur
1412 2052 1518 2104 qua
1560 2033 1753 2088 Filium
1798 2034 1893 2089 Dei
1941 2049 2070 2089 con-

476 2128 713 2187 fessione
745 2130 1058 2199 designent;
1115 2136 1300 2182 utrum
1358 2126 1495 2182 falso
1547 2135 1877 2197 praereptum
1932 2124 2063 2197 [Al.,

476 2220 894 2295 praesumptum]
928 2220 1021 2275 Dei
1052 2235 1269 2285 nomen,
1296 2236 1363 2273 an
1388 2236 1518 2275 vero
1550 2239 1562 2273 :
1603 2219 1710 2274 Aut
1736 2220 1888 2289 quasi
1932 2236 2069 2274 nun-

480 2316 734 2385 cupativo
764 2314 1169 2383 inspirationem
1198 2321 1407 2367 tantum
1434 2313 1731 2367 divinitatis
1760 2313 1938 2367 inesse
1975 2327 2067 2365 ar-

474 2406 783 2463 bitrentur?
828 2405 988 2459 Falso
1031 2413 1355 2474 praereptum
1403 2420 1598 2460 nomen
1628 2421 1732 2460 non
1766 2413 1895 2475 puto
1926 2404 2070 2474 quod

477 2497 681 2560 dicant,
712 2507 771 2551 ut
802 2500 1074 2568 apertiore
1101 2516 1157 2554 se
1186 2501 1413 2556 crimine
1453 2500 1744 2570 impietatis
1775 2500 2063 2563 involvam,

480 2604 550 2643 ne
582 2598 641 2643 ut
673 2589 953 2643 daunoniis
978 2598 1031 2643 et
1058 2590 1380 2653 simulacris,
1410 2590 1484 2643 ita
1512 2590 1677 2644 etiam
1718 2589 1937 2645 Christo
1978 2588 2071 2642 fal-

477 2694 599 2734 sum
632 2681 727 2734 Dei
758 2681 988 2734 inditum
1017 2696 1216 2735 nomen
1245 2680 1570 2735 insinuan:lo
1598 2696 1654 2735 se
1708 2680 1957 2749 prodant.
2011 2678 2068 2733 Si

477 2780 660 2826 autem
692 2772 812 2825 ideo
841 2773 1008 2825 Deum
1041 2780 1232 2841 putant
1255 2773 1479 2837 dictum,
1505 2772 1629 2841 quia
1659 2771 2068 2841 iuspirationem

479 2862 779 2917 divinitatis
804 2863 1011 2926 habuit,
1035 2863 1175 2917 sicut
1206 2872 1261 2917 et
1286 2862 1437 2917 multi
1461 2862 1631 2917 sancti
1655 2862 1754 2916 viri
1784 2862 1897 2931 (eos
1923 2861 2068 2915 enim

476 2951 758 3022 Scriptura
774 2953 913 3007 Deus
937 2953 1095 3017 dixit,
1113 2953 1178 3007 ad
1196 2968 1335 3022 quos
1351 2953 1510 3024 777
1531 2968 1711 3007 sermo
1739 2951 1901 3007 ﬁebat
1926 2952 2065 3022 Dei).

476 3046 621 3117 Ergo
653 3060 758 3100 non
790 3045 932 3099 ultra
963 3045 1210 3100 homines
1240 3060 1362 3098 eum
1394 3044 1711 3113 prmferunt,
1735 3044 1828 3099 sed
1855 3058 2072 3111 compa-

478 3138 710 3193 randum
738 3137 1049 3192 hominibus
1090 3138 1448 3202 arbitrantur,
1482 3138 1668 3192 uthoc
1710 3151 1833 3191 eum
1881 3143 2073 3206 putent

476 3244 619 3293 esse,
645 3230 789 3300 quod
822 3228 1131 3283 hominibus
1155 3229 1269 3298 ipse
1294 3229 1532 3283 donavit.
1573 3248 1592 3281 ›
1637 3228 1767 3283 Item
1799 3230 1913 3298 ipse
1949 3235 2071 3298 post
2096 3219 2144 3282 ο

476 3336 649 3391 pauca
678 3338 690 3373 :
729 3338 746 3370 ι
780 3319 1029 3387 Quicum
1063 3319 1251 3391 legerit
1280 3318 1471 3392 [Edit.,
1498 3318 1723 3391 legeret]
1762 3320 1814 3373 in
1864 3320 2071 3389 psalmo

484 3413 722 3469 secundo
744 3413 1012 3467 dicentem
1038 3411 1177 3467 Filio
1206 3411 1421 3466 Patrem
1453 3430 1465 3465 :
1499 3410 1546 3464 F
1552 3411 1672 3465 ilius
1716 3428 1860 3465 meus
1899 3428 1952 3465 es
1993 3422 2067 3477 tu,

480 3523 573 3578 ego
620 3506 773 3559 hodie
819 3507 974 3577 genui
1034 3515 1082 3559 te
1119 3503 1290 3577 (Psal.
1328 3522 1400 3569 ιι,
1434 3504 1518 3574 Ἶ);
1573 3504 1850 3558 adnotavit
1897 3503 2070 3569 hodie,

483 3614 592 3654 non
621 3598 759 3663 heri,
796 3599 861 3653 ad
891 3598 1251 3652 mternitatem
1283 3598 1479 3652 divinae
1518 3596 1885 3667 generationis
1935 3595 2075 3651 refe—

483 3707 630 3754 rens,
661 3691 805 3761 quod
837 3692 903 3746 de
932 3692 1113 3746 carnis
1153 3691 1519 3760 assumptione
1565 3698 1922 3745 memoratum
1970 3695 2072 3744 est.

485 3780 689 3837 Sancto
722 3780 886 3852 igitur
916 3780 1118 3849 Spiritu
1171 3781 1407 3850 repletus
1460 3779 1766 3849 Apostolus,
1817 3787 1877 3834 ut
1926 3778 2073 3834 illam

479 3872 708 3932 elideret
735 3875 1051 3937 suavitatem,
1079 3875 1155 3929 ait
1189 3889 1203 3929 :
1234 3874 1365 3930 Heri
1393 3885 1439 3929 et
1462 3875 1616 3929 hodie
1646 3876 1751 3945 ipse
1777 3886 1851 3929 est
1884 3876 1938 3929 in
1966 3892 2067 3929 ste-

480 3968 602 4021 cula
640 3965 826 4032 (Hebr.
856 3983 976 4030 xm,
1008 3966 1083 4036 8).
1115 3965 1266 4030 Heri,
1292 3975 1516 4037 propter
1536 3950 1924 4031 aeternitatem;
1974 3966 2070 4018 ho-

483 4058 587 4125 die,
602 4070 825 4131 propter
837 4061 1083 4131 corporis
1100 4062 1522 4130 susceptionem.
1548 4061 1645 4114 Est
1664 4078 1791 4131 ergo
1806 4060 2073 4126 Christus,

482 4159 539 4207 et
559 4164 640 4208 est
664 4170 908 4224 semper;
939 4153 1031 4224 qui
1054 4155 1197 4208 enim
1226 4161 1337 4216 est,
1373 4167 1588 4221 semper
1624 4162 1725 4207 est.
1769 4173 1788 4204 ι

554 4243 708 4299 LVII.
739 4244 869 4299 Item
898 4261 1115 4314 quoque
1141 4247 1194 4300 in
1227 4245 1491 4300 Sermone
1512 4244 1766 4300 deNatali
1794 4245 2004 4300 Domini
2022 4246 2073 4301 ιιι

491 4353 510 4386 ι
552 4333 789 4388 Audiant
819 4336 911 4403 qui
944 4336 1230 4404 requirunt
1267 4336 1388 4405 quis
1427 4343 1511 4391 est
1555 4337 1647 4405 qui
1688 4345 1846 4391 natus
1890 4344 1972 4391 est
2009 4338 2077 4393 de

487 4426 691 4481 Maria?
732 4425 915 4481 Pariet
956 4427 1177 4493 Filium,
1221 4428 1395 4498 inquit
1440 4429 1685 4499 angelus,
1712 4438 1765 4483 et
1809 4431 2078 4485 vocabunt

491 4530 689 4572 nomen
714 4516 831 4585 ejus
861 4517 1045 4573 Jesum
1079 4518 1230 4590 (Luc.
1262 4537 1302 4584 ι,
1325 4518 1438 4590 51).
1465 4520 1643 4586 Quare
1669 4520 1888 4575 Jesum?
1936 4521 2080 4591 Apo-

2156 566 2392 634 peccatis
2421 579 2628 619 eorum.
2664 565 2797 619 Esse
2850 564 3039 631 Deum,
3066 565 3158 634 qui
3200 572 3422 632 peccata
3467 565 3653 630 donat,
3689 565 3740 621 si

2156 654 2480 711 Christianis
2500 672 2603 711 non
2636 656 3005 719 credis,crede
3030 655 3396 710 inﬁdelissime
3423 656 3510 711 vel
3536 654 3742 715 Judteis

2158 747 2501 802 dicentibus:
2533 747 2664 802 Cum
2714 749 2787 803 sis
2833 749 3008 813 homo,
3037 747 3168 816 facis
3223 749 3441 818 teipsum
3500 747 3671 803 Deum
3719 762 3741 802 :

2158 855 2305 892 nemo
2327 848 2492 908 potest
2511 849 2722 911 peccata
2742 841 3001 895 dimittere
3014 840 3113 894 nisi
3133 839 3276 894 solus
3303 839 3442 894 Deus
3474 838 3658 912 (Joan.
3682 856 3742 906 χ,

2158 929 2258 995 35;
2302 930 2473 984 Marc.
2505 948 2567 996 ιι,
2597 931 2671 1004 7).
2724 931 2803 986 Illi
2857 945 2981 986 eum
3024 942 3227 1003 negant
3272 932 3461 997 Deum,
3497 932 3745 1002 quicum

2159 1030 2379 1091 peccata
2400 1024 2716 1089 dimitteret,
2740 1040 2845 1079 non
2873 1023 3186 1080 credebant.
3214 1022 3294 1077 Tu
3326 1024 3393 1079 ab
3427 1037 3496 1078 eo
3541 1021 3744 1078 dimitti

2161 1116 2357 1178 credis,
2386 1124 2439 1169 et
2470 1116 2639 1172 Deum
2669 1118 2882 1172 dubitas
2917 1117 3182 1173 conﬁteri.
3208 1116 3442 1171 Verbum
3483 1129 3611 1171 caro
3662 1114 3745 1170 fa-

2161 1214 2308 1263 ctum
2337 1214 2440 1271 est,
2470 1217 2528 1261 ut
2580 1209 2741 1264 homo
2791 1224 2916 1263 caro
2962 1216 3375 1279 promoveretur
3421 1208 3475 1261 in
3513 1206 3744 1277 gloriam

2164 1298 2280 1362 Dei,
2312 1313 2419 1352 non
2446 1307 2505 1352 ut
2552 1300 2693 1355 Deus
2730 1307 3035 1354 verteretur
3062 1300 3117 1354 in
3160 1314 3402 1365 carnem,
3428 1298 3570 1353 sicut
3611 1296 3748 1352 dicit

2162 1391 2480 1462 Apostolus:
2501 1392 2603 1459 Qui
2632 1408 2690 1448 se
2712 1393 2888 1465 jungit
2919 1393 3144 1448 Domino
3173 1407 3314 1447 unus
3340 1392 3563 1462 spiritus
3588 1396 3691 1446 est.
3722 1408 3742 1442 ι

2165 1482 2625 1550 Quemadmodum
2664 1484 2806 1539 idem
2835 1499 3051 1554 quoque
3081 1484 3134 1537 in
3174 1482 3342 1536 altera
3381 1480 3602 1536 homilia
3651 1490 3675 1519 ο
3731 1496 3747 1533 :

2172 1594 2189 1627 ι
2218 1574 2389 1630 Homo
2427 1584 2510 1630 est
2536 1576 2715 1629 anima
2749 1583 2803 1630 et
2838 1590 2970 1631 caro
3006 1593 3018 1629 :
3051 1575 3129 1629 sic
3156 1582 3303 1629 esset
3326 1572 3576 1629 Christus
3604 1570 3751 1627 Deus

2165 1675 2221 1721 et
2241 1668 2403 1722 homo
2438 1668 2616 1721 :idem
2640 1666 2805 1732 Deus,
2834 1666 2925 1737 qui
2975 1667 3155 1730 homo,
3190 1674 3244 1721 et
3288 1665 3381 1734 qui
3410 1664 3552 1719 Deus
3604 1662 3752 1718 idem

2166 1758 2350 1821 homo,
2373 1774 2479 1812 non
2509 1757 2826 1813 confusione
2865 1766 3101 1822 naturae,
3126 1758 3221 1814 sed
3247 1756 3455 1811 unitate
3483 1770 3751 1826 personze.

2094 1845 2140 1907 Β
2166 1851 2408 1919 Denique
2447 1852 2540 1920 qui
2577 1850 2747 1907 Filius
2776 1852 2869 1907 Dei
2899 1852 3247 1922 generatione
3276 1856 3580 1905 coaeternus
3605 1863 3755 1904 sem-

2168 1958 2265 2014 per
2301 1958 2368 1998 ex
2398 1942 2579 2009 Patre,
2609 1944 2749 1999 idem
2781 1942 2949 1999 Filius
2968 1942 3204 1999 hominis
3227 1957 3347 1997 esse
3369 1940 3533 2012 coepit
3558 1955 3626 1995 ex
3649 1939 3761 1995 vir-

2169 2035 2312 2107 gine,
2344 2051 2408 2090 ac
2428 2036 2505 2091 sic
2527 2036 2689 2091 etiam
2717 2035 2840 2091 Filii
2861 2034 3129 2089 divinitati
3158 2041 3244 2089 est
3286 2032 3466 2088 addita
3507 2031 3761 2087 humani-

2171 2136 2272 2191 tas,
2306 2137 2362 2184 et
2400 2138 2580 2183 tamen
2606 2143 2711 2183 non
2750 2136 2833 2183 est
2857 2141 3209 2197 personarum
3230 2125 3372 2181 facta
3393 2125 3759 2196 quaternitas,

2170 2221 2266 2275 sed
2324 2228 2609 2291 permanet
2656 2219 2913 2273 Trinitas.
2971 2217 3088 2273 Non
3134 2230 3262 2289 ergo
3303 2217 3461 2272 nobis
3504 2217 3766 2289 subrepat

2170 2312 2525 2381 quorumdam
2555 2312 2822 2367 sententia
2850 2312 3031 2365 minus
3055 2318 3387 2366 attentorum
3420 2310 3476 2364 in
3518 2308 3762 2380 regulam

2172 2405 2293 2460 ﬁdei
2325 2416 2379 2460 et
2409 2406 2460 2460 in
2494 2406 2897 2475 Scripturarum
2932 2404 3153 2459 oracula
3192 2403 3518 2460 divinarum.
3560 2401 3761 2457 Dicunt.

2170 2502 2314 2557 enim
2348 2520 2359 2554 :
2393 2500 2489 2567 Qu‘
2523 2499 2664 2553 ﬁlius
2693 2507 2776 2554 est
2818 2498 3074 2563 hominis,
3107 2497 3281 2553 factus
3315 2506 3401 2553 est
3425 2496 3596 2551 Filius
3625 2496 3759 2562 Dei;

2170 2595 2263 2665 qui
2293 2597 2419 2648 vero
2446 2593 2615 2648 Filius
2645 2601 2728 2648 est
2753 2592 2869 2657 Dei,
2893 2610 2998 2648 non
3025 2602 3109 2648 est
3132 2593 3306 2665 factus
3334 2592 3476 2647 ﬁlius
3502 2591 3759 2648 hominis.

2172 2662 2285 2738 IIoe
2312 2684 2455 2752 quod
2477 2682 2740 2745 dicerent,
2758 2685 2903 2755 quod
2926 2700 3113 2738 verum
3145 2662 3226 2739 est
3259 2700 3367 2738 non
3390 2682 3761 2750 attenderunt,
3836 2708 3841 2711 ·

2171 2785 2226 2831 ει
2252 2791 2441 2831 verum
2488 2776 2632 2846 loqui
2683 2792 2789 2831 non
2818 2777 3121 2832 voluerunt.
3170 2777 3309 2845 Quid
3334 2776 3479 2831 enim
3516 2776 3765 2831 attendev

2170 2878 2319 2933 runt,
2352 2870 2454 2924 nisi
2498 2871 2787 2938 quamdam
2833 2871 3128 2925 humanam
3181 2879 3431 2925 naturam
3476 2869 3653 2940 potuit
3702 2869 3763 2923 in

2170 2963 2363 3017 melius
2390 2970 2749 3027 eonnnutare,
2780 2963 2833 3016 in
2867 2962 3105 3017 deterius
3151 2969 3329 3017 autem
3364 2962 3601 3016 divinam
3650 2977 3762 3016 non

2170 3054 2381 3123 potuit?
2418 3051 2534 3107 Hoc
2574 3068 2763 3107 verum
2802 3061 2905 3108 est.
2936 3052 3043 3108 Sed
3077 3054 3239 3108 etiam
3280 3053 3358 3108 sic
3384 3052 3528 3106 idem
3557 3066 3767 3122 nequa—

2173 3162 2333 3217 quam
2358 3148 2413 3200 in
2446 3146 2684 3201 deterius
2712 3146 2991 3201 divinitate
3038 3153 3265 3210 mutata,
3300 3144 3532 3199 Verbum
3578 3152 3765 3199 tamen

2175 3256 2303 3295 caro
2330 3239 2534 3295 factum
2563 3247 2664 3294 est.
2694 3238 2877 3309 Neque
2916 3239 3060 3294 enim
3094 3240 3170 3293 ait
3196 3237 3575 3307 Evangelium;
3634 3251 3766 3292 caro

2174 3333 2411 3386 Verbum
2441 3331 2583 3385 facta
2612 3340 2724 3397 est;
2755 3332 3123 3395 sed,Verbum
3146 3345 3275 3385 caro
3298 3329 3517 3384 factum.
3538 3328 3596 3384 Si
3626 3343 3762 3398 ergo

2176 3421 2413 3475 Verbum
2444 3420 2618 3485 Deus,
2650 3429 2704 3474 et
2743 3422 2904 3476 homo
2934 3435 3083 3482 caro,
3116 3420 3247 3490 quid
3293 3427 3379 3475 est
3424 3418 3592 3484 aliud,
3620 3419 3763 3475 Ver-

2175 3514 2302 3568 bum
2332 3513 2534 3568 factum
2559 3520 2643 3567 est
2672 3527 2819 3577 caro,
2848 3512 2954 3566 nisi
2982 3512 3073 3581 qui
3099 3512 3239 3565 Deus
3266 3519 3418 3576 erat,
3459 3509 3636 3565 factus
3680 3518 3772 3565 est

2177 3604 2360 3668 homo,
2389 3611 2445 3658 et
2478 3619 2575 3673 pro
2604 3604 2727 3669 hoc,
2751 3603 2895 3674 quod
2929 3612 3049 3659 erat
3091 3602 3187 3658 Dei
3235 3601 3424 3667 Filius,
3462 3600 3636 3658 factus
3681 3610 3773 3658 est

2177 3696 2413 3750 hominis
2438 3694 2600 3749 ﬁlius.

2250 3787 2428 3843 LVIII.
2447 3786 2777 3842 Athanasius
2797 3801 3011 3857 quoque
3034 3786 3086 3840 in
3100 3785 3445 3856 Expositione
3458 3784 3582 3840 ﬁdei
3598 3782 3772 3841 sumd:

2185 3898 2203 3930 ι
2240 3877 2297 3933 Si
2333 3880 2456 3950 quis
2499 3893 2627 3934 vero
2662 3879 2921 3933 adversus
2959 3877 3168 3932 divinas
3220 3875 3535 3945 Scripturas
3586 3876 3774 3944 docet,

2180 3970 2342 4024 alium
2375 3970 2560 4024 dicens
2581 3967 2777 4024 Filium
2807 3967 2921 4033 Dei,
2950 3975 3006 4022 et
3034 3966 3200 4020 alium
3229 3965 3321 4035 qui
3348 3981 3413 4021 ex
3459 3965 3626 4020 Maria
3661 3966 3777 4021 vir-

2180 4062 2306 4134 gine
2333 4062 2608 4116 hominem
2651 4060 2946 4115 secundum
2984 4059 3214 4129 gratiam
3262 4058 3595 4127 adoptatum,
3626 4057 3779 4112 sicut

2183 4164 2239 4211 et
2269 4169 2389 4219 nos,
2412 4153 2565 4223 quasi
2591 4161 2774 4207 essent
2804 4152 2908 4206 duo
2936 4150 3053 4216 ﬁlii,
3080 4164 3218 4203 unus
3263 4148 3557 4204 secundum
3609 4155 3778 4203 natu-

2186 4263 2329 4312 ram,
2356 4246 2448 4315 qui
2475 4261 2542 4301 ex
2568 4245 2708 4310 Deo;
2741 4253 2797 4298 et
2833 4242 3128 4298 secundum
3153 4241 3407 4313 gratiam,
3438 4238 3529 4309 qui
3556 4254 3621 4295 ex
3655 4238 3779 4294 Ma-

2186 4340 2266 4395 ria
2292 4356 2305 4392 :
2331 4348 2423 4392 aut
2447 4345 2708 4391 mutatam
2738 4335 2997 4391 deitatem
3019 4334 3071 4388 in
3107 4348 3329 4388 carnem
3357 4340 3414 4387 et
3455 4330 3778 4400 confusam;

2185 4438 2280 4484 aut
2306 4429 2615 4491 alienatam,
2642 4435 2734 4481 aut
2757 4424 3069 4497 passibilem
3098 4424 3308 4478 Domini
3337 4424 3621 4489 deitatem;
3674 4431 3779 4480 aut

2182 4522 2570 4576 inadorandam
2594 4520 2646 4575 in
2672 4519 2768 4573 lilii
2795 4518 2877 4571 sui
2909 4531 3149 4579 carnem,
3176 4516 3317 4570 hunc
3352 4517 3783 4574 auathematizat

488 4606 659 4662 stolus
685 4608 829 4663 dicat
862 4627 874 4661 :
918 4606 981 4662 Ut
1004 4610 1060 4663 in
1090 4610 1297 4664 nomine
1324 4610 1449 4664 Jesu
1475 4627 1624 4664 omne
1666 4629 1799 4682 genu
1835 4613 2079 4681 ﬂectatur
2108 4593 2156 4652 D
2184 4622 2370 4670 sancta
2399 4612 2667 4668 catholica
2690 4620 2745 4667 et
2769 4610 3062 4680 apostolica
3091 4608 3351 4663 Ecclesia.
3388 4628 3407 4661 ι

489 4699 795 4765 caelestium,
821 4702 1143 4755 terrestrium
1173 4711 1220 4755 et
1253 4701 1579 4771 infernarum
1618 4701 1839 4775 (Philip.
1864 4720 1900 4758 ιι
1924 4744 1937 4768 ,
1965 4703 2073 4776 10).

490 4790 557 4846 Et
587 4801 641 4846 tu
669 4792 798 4861 quid
827 4793 895 4846 sit
922 4791 1099 4858 Jesus,
1117 4792 1332 4847 dolosus
1356 4794 1602 4863 cognitor
1623 4794 1873 4863 requiris.
1894 4794 2077 4851 Omnis

490 4881 597 4952 iam
623 4882 804 4955 lingua
835 4886 1129 4955 conﬁtetur,
1163 4886 1289 4956 quia
1319 4885 1575 4939 Dominus
1617 4885 1771 4940 Iesus
1813 4888 1869 4941 in
1910 4888 2079 4959 gloria

491 4989 565 5037 est
593 4979 691 5034 Dei
719 4978 894 5035 Patris
925 4979 1239 5051 (ibid.,ll).
1271 4979 1338 5033 Et
1370 4988 1423 5034 tu
1454 4980 1628 5035 adhuc
1652 4981 1813 5034 modo
1835 4983 1964 5051 quid
1988 4983 2079 5049 sit,

492 5071 744 5140 nequiter
784 5070 1167 5140 perscrutaris.
1210 5069 1349 5124 Audi
1401 5070 1575 5125 adhuc
1621 5071 1749 5141 quid
1779 5071 1850 5126 sit
1876 5070 2075 5129 Jesus:

494 5167 682 5223 Paries
700 5166 919 5232 Filium,
937 5178 984 5222 et
1008 5167 1210 5222 vocabis
1231 5184 1419 5221 nomen
1443 5167 1555 5238 ejus
1576 5168 1793 5234 Iesum;
1814 5169 1923 5240 ipse
1944 5170 2082 5224 enim

494 5260 695 5315 salvum
740 5260 895 5330 faciet
942 5259 1192 5331 populum
1227 5275 1382 5314 suum
1407 5276 1440 5312 a
1476 5261 1699 5331 peccatis
1726 5276 1927 5315 eorum.
1966 5260 2083 5316 Non

570 5446 598 5476 α
638 5432 699 5490 S.
748 5433 1001 5490 Ambros.
1053 5436 1146 5491 lib.
1192 5451 1244 5501 v,
1274 5436 1339 5491 de
1378 5435 1529 5500 Fide,
1582 5451 1700 5506 cap.
1736 5437 1787 5504 I,
1818 5453 1967 5494 num.
2014 5436 2085 5493 20

497 5512 831 5632 ethsegermo
856 5578 958 5632 iste
988 5576 1044 5632 S.
1087 5577 1358 5633 Ambrosii
1400 5579 1713 5646 ignoratur;
1763 5594 1864 5634 nec
1904 5586 2085 5635 textus

501 5646 603 5702 iste
630 5649 901 5717 reperitur
927 5650 1066 5704 inter
1089 5663 1366 5703 sermones
1390 5650 1453 5704 de
1475 5648 1651 5703 Natali
1672 5649 1882 5704 Domini
1909 5648 2084 5705 eidem

503 5728 691 5789 sancto
719 5718 867 5772 Patri
893 5717 1027 5776 falso
1049 5721 1333 5789 ascriptos.

577 5798 599 5827 ο
643 5787 791 5853 Hanc
817 5806 1027 5862 quoque
1055 5787 1331 5847 homiliam
1368 5789 1512 5846 inter
1540 5803 1703 5861 opera
1726 5787 1781 5844 S.
1816 5789 2088 5849 Ambrosii

2256 4705 2390 4761 LIX.
2408 4705 2744 4777 Augustinus
2770 4717 2988 4772 quoque
3017 4702 3070 4756 in
3103 4700 3241 4755 libro
3265 4698 3340 4754 De
3371 4707 3560 4755 sancta
3581 4700 3785 4757 divini-

2186 4808 2298 4855 tate
2324 4798 2432 4871 [Ita
2463 4799 2578 4852 eod.
2599 4797 2744 4866 Leg.,
2761 4791 3049 4865 Trinitate]
3064 4800 3256 4862 quarto
3272 4792 3351 4846 sic
3371 4793 3572 4847 dicit°z
3602 4810 3620 4842 ι
3639 4791 3784 4849 Cum

2188 4900 2368 4944 autem
2414 4885 2688 4957 plenitudo
2742 4885 3000 4956 temporis
3039 4882 3212 4945 venit,
3247 4883 3408 4938 missa
3435 4893 3539 4948 est,
3561 4899 3669 4938 non
3717 4893 3787 4941 ut

2188 4985 2439 5055 impleret
2459 4983 2707 5054 angelos,
2732 4996 2832 5036 nec
2867 4988 2927 5034 ut
2951 4988 3096 5035 esset
3118 4979 3361 5049 angelus,
3394 4978 3500 5034 nisi
3525 4979 3578 5033 in
3605 4994 3789 5050 quan-

2190 5091 2304 5136 tum
2334 5074 2619 5131 consilium
2668 5073 2847 5127 Patris
2892 5072 3265 5137 annuntiabat,
3308 5072 3451 5141 quod
3504 5078 3561 5127 et
3610 5070 3789 5142 ipsius

2188 5179 2337 5235 erat;
2367 5184 2467 5224 nec
2490 5178 2548 5225 ut
2568 5177 2712 5224 esset
2736 5183 2857 5222 cum
2887 5165 3218 5231 hominibus,
3237 5170 3328 5219 aut
3353 5165 3406 5219 in
3435 5163 3785 5233 hominibus;

2190 5264 2294 5320 hoc
2330 5262 2474 5318 enim
2505 5270 2662 5316 antea
2698 5259 2863 5331 778
2890 5258 2944 5313 in
2978 5258 3224 5329 patribus
3249 5265 3305 5313 et
3337 5256 3636 5330 prophetis.
3670 5254 3790 5313 Sed

2194 5445 2434 5509 reperire
2456 5452 2562 5491 non
2590 5445 2885 5505 potuimus.

2262 5509 2288 5549 ἀ
2328 5508 2385 5566 S.
2417 5507 2749 5588 Athanasius
2776 5508 2841 5588 de
2868 5507 3083 5588 Incarn.
3109 5506 3207 5588 Dei
3228 5506 3392 5588 Verbi
3419 5513 3549 5588 tam.
3574 5504 3617 5561 II
3637 5503 3786 5575 Ope-

2190 5597 2332 5647 rum,
2360 5597 2483 5651 pag.
2519 5579 2541 5634 l
2566 5595 2580 5644 ;
2610 5579 2753 5649 quod
2778 5577 3108 5649 Opusculum
3135 5575 3210 5631 ibi
3235 5576 3381 5633 inter
3406 5576 3572 5633 dubia
3593 5592 3791 5634 moen-

2194 5659 2384 5847 :et{gé
2409 5723 2662 5799 August.,
2694 5721 2790 5778 lib.
2814 5735 2869 5776 tv
2893 5721 2963 5776 de
2989 5718 3275 5786 Trinitate,
3293 5734 3413 5792 cap.
3434 5718 3505 5775 20
3542 5733 3691 5787 num.
3708 5717 3785 5785 Ἦ

2218 5808 2252 5847 ιι
2298 5808 2352 5847 ιιι
2391 5833 2402 5847 .

2198 5807 2252 5849 ιιι
2279 5807 2402 5855 nne,
