4072 6346
351 290 452 346 IIS

1184 284 1597 342 DOGMATICA.
1639 314 1707 327 ——
1734 285 1861 340 LIB.
1906 284 2062 341 ADV.
2104 284 2429 341 HIERESIN
2464 285 2744 346 FELICIS.

3504 290 3604 347 114

347 416 406 462 ιιι
432 407 611 477 ipsum
644 400 879 458 Verbum
906 362 1035 458 caro
1064 402 1236 465 ﬁeret,
1268 402 1319 457 id
1345 411 1451 467 est,
1482 402 1642 456 homo
1686 401 1859 455 ﬁeret.
1896 421 1914 453 ι
1951 407 2002 467 Α
2027 398 2266 469 qualibet
2285 404 2595 470 praestantia
2621 402 2831 473 gratiae,
2859 403 3118 473 unigeniti
3148 419 3344 460 nomen
3372 408 3603 477 accepit,

344 497 493 555 Idem
533 497 698 552 etiam
743 496 795 550 in
834 496 1169 565 expositione
1194 494 1468 567 Evangelii
1498 493 1721 549 Joannis
1749 495 1802 548 in
1833 494 1929 548 ho-

344 586 497 643 milia
522 585 752 657 septima
780 586 859 643 sic
878 587 1010 643 dicit
1036 598 1061 626 ι
1090 608 1103 643 :
1148 609 1166 642 ‹
1202 588 1482 643 Perhibuit
1513 585 1747 641 Joannes
1777 587 1929 641 testi-

343 682 613 745 monium,
637 681 764 751 quia
794 680 943 736 vidit.
994 681 1162 749 Quale
1200 681 1567 738 testimonium
1614 679 1928 751 perhibuit?

343 772 474 843 quia
497 772 613 844 ipse
634 780 718 829 est
741 772 912 829 Filius
937 774 1031 829 Dei
1061 772 1243 845 (Joan.
1270 791 1310 839 ι,
1343 773 1455 845 54).
1482 772 1775 842 Oportebat
1798 785 1927 840 ergo

343 873 408 921 ut
432 865 523 921 ille
544 866 868 937 baptizaret,
887 868 980 939 qui
1004 876 1087 922 est
1110 868 1281 923 Filius
1306 869 1398 923 Dei
1426 869 1639 931 unicus,
1666 881 1771 921 non
1803 865 1927 918 ado-

343 966 550 1029 ptatus.
595 959 852 1029 Adoptati
907 960 999 1016 ﬁlii
1055 962 1291 1017 ministri
1336 971 1461 1017 sunt
1507 961 1673 1017 unici.
1725 959 1927 1017 Unicus

344 1048 511 1105 habet
536 1059 882 1121 potestatem,
916 1054 1154 1124 adoptati
1178 1055 1555 1110 ministerium.
1591 1075 1608 1107 ι

415 1142 532 1197 LX.
556 1144 752 1199 Beatus
776 1146 1108 1218 Augustinus
1136 1147 1191 1200 in
1215 1147 1431 1201 homilia
1454 1146 1521 1200 de
1549 1156 1736 1201 octava
1758 1142 1815 1199 S.
1832 1142 1928 1198 Pa-

341 1235 491 1291 schaa
520 1238 593 1291 δε
634 1257 653 1289 ι
692 1238 751 1293 Si
794 1241 908 1311 quis
954 1241 1081 1295 mihi
1130 1242 1520 1305 ministraverit,
1563 1239 1927 1308 honori/itabit

338 1344 462 1384 euut
494 1328 659 1384 Pater
681 1348 824 1387 meus
847 1331 1029 1404 (Joan.
1050 1349 1149 1398 xu,
1178 1333 1291 1406 26).
1319 1333 1436 1401 Quo
1459 1334 1683 1399 honore,
1715 1333 1819 1387 nisi
1869 1339 1926 1386 ut

340 1418 412 1472 sit
441 1434 566 1474 cum
596 1420 732 1477 Filio
762 1424 914 1494 ejus?
935 1423 1085 1490 Quod
1113 1425 1258 1479 enim
1285 1426 1532 1496 superius
1560 1425 1666 1479 ait:
1701 1422 1802 1478 Ubi
1830 1439 1922 1493 ego

337 1526 478 1577 sum,
506 1511 619 1566 illic
661 1526 708 1568 et
748 1517 986 1569 minister
1021 1532 1166 1570 meus
1196 1519 1327 1585 erit;
1358 1521 1462 1577 hoc
1486 1519 1807 1589 intelligitur
1831 1533 1925 1572 ex-

336 1602 609 1669 posuisse,
636 1620 758 1660 cum
800 1607 968 1662 dicit:
1002 1609 1385 1680 Honoriﬁcabit
1410 1630 1528 1666 eum
1562 1610 1724 1666 Pater
1752 1627 1919 1665 meus.

338 1691 475 1748 Nam
505 1711 666 1765 quem
699 1699 956 1769 majorem
983 1702 1245 1760 honorem
1292 1705 1537 1774 accipere
1575 1700 1774 1774 poterit
1822 1703 1920 1758 ad-

337 1795 578 1857 Optatus,
603 1806 764 1860 quam
795 1801 854 1847 ut
885 1794 978 1860 sit,
1003 1796 1094 1850 ubi
1125 1804 1209 1852 est
1236 1798 1471 1853 unicus?
1504 1819 1523 1851 ι

406 1878 545 1935 LXI.
587 1882 718 1937 Item
752 1886 942 1941 beatus
967 1886 1299 1945 Athanasius
1338 1890 1389 1944 in
1411 1890 1638 1960 epistola
1668 1891 1734 1946 ad
1756 1892 1917 1948 Pota-

335 1972 507 2028 mium
534 1976 845 2047 episcopum
875 1978 1018 2035 inter
1041 1990 1234 2037 ctetera
1258 1994 1279 2021 ο
1314 2000 1326 2036 :
1364 2001 1383 2033 ι
1414 1983 1608 2051 Qmero
1627 1984 1808 2055 itaque
1829 1985 1926 2041 abs

335 2072 411 2129 te,
427 2065 678 2135 quisquis
698 2067 945 2137 hujuses
966 2081 1238 2128 scrutator
1258 2076 1463 2139 arcani,
1490 2077 1759 2145 quomodo
1781 2077 1924 2133 Deus

334 2172 403 2212 ex
431 2159 600 2214 nihilo
629 2170 824 2216 cuncta
865 2164 1197 2230 condiderit;
1249 2168 1519 2236 quomodo
1558 2185 1662 2223 una
1692 2170 1926 2227 hominis

328 2256 487 2303 costa
517 2249 787 2322 integrum
820 2254 1095 2311 hominem
1142 2254 1363 2323 fecerit;
1415 2260 1647 2329 qualiter
1674 2270 1729 2316 et
1757 2260 1923 2334 Egy-

332 2340 573 2408 ptiorum
603 2358 771 2413 aquas
800 2345 853 2400 in
883 2348 1200 2417 sanguinem
1243 2353 1500 2417 verterit;
1542 2355 1810 2423 quomodo
1856 2356 1922 2412 de

234 2466 243 2479 .
335 2432 627 2490 durissima
656 2445 810 2505 petra
837 2436 1038 2507 liquida
1072 2438 1271 2495 fluenta
1308 2443 1654 2512 produxerit;
1685 2460 1788 2514 qua
1836 2462 1923 2501 ra-

332 2523 482 2579 tione
510 2525 598 2580 ille
620 2529 752 2597 ipse,
770 2545 931 2598 quem
953 2540 1261 2588 creaturam
1292 2542 1471 2604 putas,
1489 2550 1618 2592 caro
1646 2537 1716 2592 sit
1744 2533 1923 2594 factus

331 2634 400 2675 ex
443 2620 690 2691 virgine?
744 2622 1023 2690 Quomodo
1070 2628 1246 2697 potuit
1292 2628 1359 2683 de
1408 2630 1646 2699 quinque
1693 2632 1922 2701 panibus

333 2712 574 2782 quinque
615 2714 780 2770 millia
812 2718 1090 2773 hominum
1119 2728 1392 2783 saturare.
1421 2723 1506 2777 vel
1535 2725 1601 2778 ad
1630 2725 1921 2794 discipulos

332 2820 456 2859 cum
477 2822 709 2878 corpore
734 2810 937 2866 clausis
976 2812 1184 2869 foribus
1213 2814 1473 2871 introire?
1515 2815 1623 2871 Aut
1661 2818 1705 2871 si
1734 2817 1921 2875 fateris

331 2904 388 2951 et
417 2896 787 2970 intelligentiae
818 2910 924 2957 tuae
950 2903 1092 2959 vires
1119 2906 1401 2971 excedere,
1423 2914 1479 2961 et
1502 2908 1770 2962 credenda
1799 2922 1920 2965 esse

328 2987 514 3058 potius
542 3005 704 3059 quam
724 2992 1041 3063 explicanda
1074 2997 1358 3062 concedis;
1390 2999 1517 3066 quid
1548 2999 1776 3055 inveniri
1818 3000 1920 3054 ini-

330 3077 493 3187 quius
512 3089 711 3148 potest,
724 3098 884 3152 quam
910 3084 1225 3155 simpliciter
1246 3103 1333 3143 me
1359 3090 1581 3145 credere
1606 3090 1746 3145 nolle
1774 3092 1917 3161 quod
1941 3125 1987 3187 ο

330 3166 543 3238 lego,et
574 3176 954 3243 prtesumptive
983 3178 1208 3234 credere
1238 3180 1375 3235 velle
1403 3182 1543 3250 quod
1574 3198 1680 3237 non
1704 3184 1861 3253 lego?
1888 3206 1907 3239 ι

399 3258 559 3316 LXII.
582 3261 715 3318 Item
735 3265 787 3319 in
807 3266 1033 3336 epistola
1047 3272 1220 3325 sancti
1250 3270 1494 3343 Gregorii
1508 3272 1830 3329 Nazianzeni
1848 3275 1916 3331 ad

328 3349 640 3408 Clidonium
666 3356 902 3412 directa:
931 3378 950 3407 ι
981 3358 1038 3415 Si
1068 3362 1190 3431 quis
1218 3378 1283 3417 ex
1307 3378 1529 3435 operum
1557 3366 1911 3436 perfectione,

328 3455 419 3499 aut
435 3448 916 3517 postbaptismum,
933 3460 1024 3505 aut
1044 3461 1165 3522 post
1179 3457 1628 3511 resurrectionem
1642 3474 1672 3511 a
1688 3460 1916 3515 mortuis

328 3536 670 3608 redemptum
692 3540 980 3609 adoptione
999 3543 1131 3598 dicit
1144 3544 1238 3598 Dei
1264 3544 1457 3600 Filium
1480 3549 1761 3616 meruisse,
1777 3551 1916 3605 sicut

327 3633 559 3703 gentiles
586 3649 651 3688 ex
682 3636 1028 3709 inscriptione
1050 3640 1422 3710 introducunt,
1449 3647 1736 3702 anathema
1761 3650 1850 3704 sit.

400 3721 578 3780 LXIII.
598 3725 830 3785 Sanctus
848 3745 911 3786 ac
933 3734 1257 3789 venerabilis
1283 3734 1445 3791 Pater
1467 3737 1757 3809 Capreolus
1777 3739 1911 3796 Car-

330 3814 670 3887 thaginensis
700 3819 852 3876 urbis
887 3823 1175 3894 episcopus
1200 3826 1253 3880 in
1281 3828 1509 3897 epistola
1566 3829 1630 3884 ad
1682 3832 1913 3889 Vitalem

327 3915 383 3962 et
406 3907 782 3967 Constantium
808 3915 1139 3985 rescriptad:
1173 3936 1191 3967 ι
1219 3918 1370 3984 Quod
1400 3921 1544 3975 enim
1560 3921 1656 3986 ait,
1685 3923 1912 3977 ascendo

326 4000 399 4054 ad
425 3999 641 4058 Patrem
667 4021 855 4071 meum,
884 4008 1155 4078 pertinere
1183 4011 1397 4079 quidem
1424 4012 1637 4067 videtur
1667 4013 1735 4066 ad
1783 4013 1913 4069 Uni-

329 4093 574 4163 genitum
602 4093 796 4151 Filium
829 4116 842 4151 :
874 4100 1018 4167 quod
1045 4108 1228 4157 autem
1276 4103 1371 4165 ait,
1403 4104 1472 4156 ad
1508 4102 1673 4157 Deum
1717 4120 1911 4170 meum,

331 4184 601 4241 uertinere
628 4187 835 4242 videtur
858 4188 925 4243 ad
952 4190 1222 4245 hominem
1244 4192 1464 4247 factum.
1494 4192 1599 4249 Sed
1618 4194 1669 4247 in
1697 4192 1914 4251 Christo

338 4270 454 4330 ksu
487 4291 588 4331 nec
616 4277 778 4332 homo
804 4290 1019 4335 creatus
1045 4291 1225 4351 potest
1272 4283 1398 4347 dici,
1440 4299 1541 4339 nec
1592 4283 1780 4347 Filius,
1815 4299 1915 4341 nec

332 4367 640 4439 migenitus
666 4369 809 4426 Deus
833 4372 1019 4442 negari
1066 4374 1226 4427 homo
1267 4376 1467 4444 poterit
1516 4384 1693 4430 natus.
1739 4376 1914 4447 Atque

2026 501 2087 547 ut
2106 492 2247 562 quod
2271 502 2355 546 est
2378 493 2550 563 ipsum
2578 494 2672 548 Dei
2688 494 2924 549 Verbum
2945 503 3070 551 ante
3087 495 3298 561 saecula,
3320 497 3424 553 hoc
3446 498 3607 553 simul

2027 600 2151 640 cum
2174 594 2451 655 assumpto
2478 586 2693 641 homine
2714 587 3003 643 diceretur.
3038 588 3338 661 Singularis
3366 606 3494 661 ergo
3523 599 3608 647 est

2027 673 2116 728 illa
2139 676 2427 746 susceptio,
2452 693 2551 732 nec
2572 678 2876 734 hominibus
2896 681 3099 737 sanctis
3126 681 3412 751 aliquibus,
3435 698 3606 753 quan-

2028 766 2213 822 talibet
2232 767 2494 837 sapientia
2517 782 2580 821 ac
2601 769 2886 823 sanctitate
2900 773 3303 840 praestantibus,
3323 773 3431 827 ullo
3446 775 3606 829 modo

2024 870 2203 933 potest
2239 877 2358 917 esse
2386 862 2707 917 communis.
2753 884 2771 916 ι
2806 864 3025 919 Certum
3071 875 3154 921 est
3186 869 3364 938 itaque
3393 879 3609 924 sancto-

2028 970 2148 1009 rum
2178 953 2396 1010 Patrum
2438 957 2760 1011 sententiam
2797 958 3092 1028 Scripturis
3140 962 3452 1017 caelestibus
3480 978 3609 1018 con-

2025 1049 2229 1129 venire,
2256 1064 2375 1118 qtue
2397 1046 2838 1103 manifestissime
2871 1059 3209 1106 contestatur
3245 1050 3451 1125 [Forte,
3479 1069 3609 1110 con-

2028 1139 2339 1211 testantur],
2364 1149 2417 1195 et
2446 1141 2703 1195 divinitus
2734 1142 3028 1211 inSpirante
3067 1143 3403 1213 proclamant
3430 1144 3605 1218 nobis,

2026 1232 2166 1287 idem
2190 1233 2442 1288 omnibus
2475 1234 2740 1304 adoptivis
2769 1242 2977 1304 partem
3021 1235 3407 1304 cognoscenda:
3447 1244 3609 1304 atque

2027 1326 2298 1395 sapiendtc
2324 1327 2644 1392 divinitatis,
2676 1336 2837 1396 prout
2868 1327 3113 1382 voluntas
3141 1328 3419 1382 donaverit
3446 1327 3610 1400 largi-

2028 1413 2188 1477 toris,
2224 1410 2431 1466 infundi
2480 1429 2578 1482 per
2627 1415 2889 1485 gratiam;
2946 1413 3163 1470 Christo
3208 1429 3359 1479 vero,
3400 1415 3452 1469 id
3501 1424 3605 1481 est,

2026 1508 2219 1561 anima:
2270 1507 2386 1577 ejus
2431 1508 2649 1577 plenam
2696 1509 2862 1564 totius
2903 1508 3197 1563 divinitatis
3240 1507 3419 1563 inesse
3466 1509 3608 1563 noti-

2026 1606 2261 1762 tia$711.79
2311 1690 2472 1748 LXV.
2528 1690 2661 1747 Item
2718 1690 3085 1745 Ambrosiusf
3118 1705 3132 1743 :
3166 1709 3184 1740 ι
3221 1689 3415 1744 Filium
3466 1690 3608 1745 enim

1950 1772 1996 1833 Β
2024 1798 2180 1836 suum
2218 1785 2497 1855 proprium
2519 1790 2575 1837 et
2598 1784 2663 1838 de
2694 1798 2789 1837 sua
2822 1792 3016 1836 natura
3041 1781 3202 1836 Pater
3225 1783 3430 1852 genuit,
3462 1790 3517 1837 et
3540 1784 3606 1838 de

2026 1883 2218 1930 natura
2264 1876 2489 1946 virg'nis
2528 1876 2675 1931 fecit.
2722 1876 2991 1944 Quidquid
3020 1884 3198 1930 autem
3230 1874 3377 1941 fecit,
3411 1891 3607 1945 coope-

2026 1979 2181 2026 rante
2234 1970 2439 2040 Spiritu
2466 1978 2652 2025 sancto
2696 1968 2840 2023 fecit.
2891 1968 3083 2022 Filium
3107 1984 3234 2037 ergo
3257 1986 3412 2025 suum
3460 1968 3609 2025 solus

2026 2063 2242 2134 quidem
2296 2063 2459 2117 Pater
2481 2064 2685 2134 genuit,
2748 2061 2842 2116 sed
2876 2077 2982 2116 non
3013 2062 3159 2116 solus
3184 2061 3331 2116 fecit.
3365 2062 3423 2115 In
3470 2062 3607 2142 Filio

2025 2157 2169 2211 enim
2196 2156 2375 2227 genito
2427 2156 2593 2211 solius
2620 2163 2703 2211 est
2744 2164 2945 2210 aeterna
2984 2154 3261 2225 generatio
3298 2154 3506 2221 Patris;
3549 2162 3606 2209 et

2025 2249 2079 2303 in
2109 2249 2297 2304 eodem
2349 2248 2488 2302 Filio
2515 2248 2659 2304 facto
2717 2264 2822 2301 una
2848 2249 3012 2301 totius
3051 2257 3133 2302 est
3163 2247 3406 2316 Operatio
3429 2247 3607 2301 Trini-

2024 2341 2170 2395 tatis.
2204 2361 2223 2393 ›
2251 2340 2397 2395 Idem
2422 2340 2477 2394 in
2507 2339 2697 2394 eodem
2724 2339 2882 2403 libro,
2912 2340 2937 2378 ε
2964 2354 2977 2392 :
3005 2337 3253 2392 Paritura
3283 2352 3410 2408 ergo
3436 2337 3607 2393 Deum

2027 2433 2222 2508 [Edit.,
2274 2432 2585 2505 Dominum]
2643 2433 2797 2504 virgo
2845 2432 3033 2496 Maria,
3087 2439 3276 2485 sancto
3318 2432 3373 2484 in
3400 2446 3458 2485 se
3487 2429 3607 2501 Spi-

2024 2526 2130 2579 ritu
2177 2525 2559 2590 descendente,
2604 2531 2659 2578 et
2707 2524 2905 2577 virtute
2950 2522 3213 2577 Altissimi
3278 2530 3606 2591 cooperante

2022 2620 2286 2689 concepit.
2339 2619 2418 2674 Ac
2444 2634 2543 2688 per
2568 2619 2671 2674 hoc
2710 2618 2962 2689 intelligis
2992 2618 3135 2686 quod
3163 2617 3373 2672 Domini
3414 2616 3603 2671 Salva-

2022 2713 2263 2781 terisque
2311 2713 2481 2767 nostri
2512 2713 2637 2767 inde
2681 2719 2763 2765 est
2796 2712 2970 2780 origo,
3019 2710 3162 2765 unde
3200 2719 3523 2780 conceptus;
3554 2720 3607 2767 et

2020 2820 2145 2858 cum
2207 2802 2567 2857 descendente
2620 2802 2675 2858 in
2729 2802 2994 2872 virginem
3064 2802 3229 2855 totius
3275 2802 3604 2870 virginitatis

2023 2893 2217 2966 [Edit.,
2263 2890 2585 2963 divinitatis]
2613 2892 2942 2961 plenitudine
2969 2899 3127 2945 natus
3183 2891 3272 2955 sit,
3318 2890 3459 2945 ﬁlius
3486 2909 3605 2949 esse

2020 2985 2254 3040 heminis
2282 3001 2388 3040 non
2420 2993 2651 3055 poterat,
2705 2984 2808 3038 nisi
2859 2984 3009 3053 prius
3046 2984 3137 3038 Dei
3169 2983 3337 3039 Filius
3384 2984 3604 3052 fuisset;

2020 3085 2073 3129 et
2098 3077 2218 3131 ideo
2274 3074 2514 3148 [missus]
2542 3078 2608 3130 ad
2635 3075 3057 3129 annuntiandam
3114 3076 3255 3131 sacri
3291 3084 3443 3131 ortus
3466 3077 3604 3131 nati-

2019 3169 2239 3223 vitatem
2284 3166 2506 3237 angelus
2536 3168 2627 3222 Dei
2655 3184 2775 3226 cum
2816 3178 3155 3223 sacramento
3188 3169 3382 3241 [Edit.,
3417 3189 3604 3228 sacra-

2019 3261 2282 3337 mentum]
2331 3262 2704 3332 conceptionis
2761 3271 2885 3317 ante
2912 3262 3156 3327 dixisset,
3190 3265 3370 3333 partui
3406 3281 3603 3322 nomen

2018 3355 2271 3424 imposuit
2302 3355 2490 3410 dicens
2521 3372 2533 3408 :
2566 3372 2584 3406 t
2615 3354 2743 3409 Ideo
2766 3356 2972 3426 etquod
3004 3366 3246 3412 nascetur
3266 3375 3330 3412 ex
3358 3367 3426 3424 te,
3450 3375 3604 3414 voca-

2018 3447 2159 3500 bitur
2201 3445 2373 3500 Filius
2405 3446 2502 3500 Dei
2532 3446 2663 3517 (Luc
2716 3464 2751 3511 ι,
2796 3447 2886 3517 55)
2916 3467 2927 3501 :
2956 3449 3057 3504 hoc
3091 3458 3193 3514 est,
3248 3450 3389 3506 illius
3435 3450 3604 3507 Filius

2016 3540 2433 3609 nuncupabitur,
2484 3542 2625 3610 quod
2647 3550 2938 3613 generante
2986 3551 3036 3596 et
3066 3552 3356 3611 generatur
3386 3541 3584 3621 [Edit.,

2016 3649 2123 3703 quo
2162 3642 2455 3701 generante
2499 3644 2581 3688 est
2626 3633 2958 3705 generatus].
3008 3634 3104 3689 Dei
3139 3652 3267 3707 ergo
3312 3635 3482 3693 Filius
3501 3636 3595 3693 Je-

2016 3743 2108 3784 sus
2141 3728 2421 3794 Christus;
2453 3729 2579 3798 quia
2603 3737 2657 3783 et
2685 3744 2714 3783 a
2744 3730 3021 3785 divinitate
3052 3729 3287 3801 [genitus
3307 3741 3357 3785 et
3384 3746 3416 3785 a
3446 3731 3585 3787 divi-

2016 3818 2206 3891 nitate]
2256 3828 2567 3890 conceptus,
2621 3821 2865 3874 siautem
2921 3821 3013 3873 Dei
3050 3821 3241 3887 Filius,
3273 3837 3403 3894 ergo
3446 3822 3602 3878 indu-

2014 3911 2251 3965 bitanter
2273 3910 2434 3965 Deus.
2474 3932 2491 3963 ι
2543 3912 2687 3965 Idem
2712 3912 2826 3979 ipse
2857 3913 2909 3965 in
2940 3912 3077 3967 libro
3108 3914 3266 3967 tertio
3307 3915 3332 3953 ιι
3378 3932 3392 3969 :
3447 3932 3469 3967 ι
3511 3914 3601 3971 Ea:

2013 4003 2199 4073 quibus
2229 4004 2367 4057 enim
2396 4000 2659 4068 Christus,
2697 4004 2887 4073 inquit,
2917 4005 3203 4059 secundum
3249 4022 3483 4073 carnem,
3509 4008 3601 4078 qui

2014 4106 2088 4151 est
2126 4112 2281 4167 super
2322 4097 2499 4150 omnia
2545 4095 2684 4151 Deus
2724 4097 3022 4151 benedictus
3062 4099 3116 4151 in
3166 4098 3363 4152 uacula
3411 4098 3594 4170 (Rom.

2013 4206 2087 4250 ιχ,
2126 4190 2201 4263 5).
2254 4190 2389 4244 Eum
2420 4189 2626 4246 scilicet
2669 4205 2735 4245 ex
2762 4190 2869 4244 illis
2898 4188 3169 4244 Christum
3196 4198 3381 4244 natum
3411 4191 3489 4245 ait
3510 4206 3595 4246 se-

2014 4283 2247 4337 cundum
2276 4296 2517 4345 carnem,
2571 4282 2664 4351 qui
2698 4282 2769 4336 sit
2805 4297 2967 4352 super
3009 4283 3188 4337 omnia
3220 4282 3377 4337 Deus.
3430 4282 3588 4338 Citri-

2015 4386 2156 4430 stum
2200 4375 2387 4444 utique
2432 4375 2730 4430 secundum
2760 4390 2979 4431 carnem
3010 4385 3196 4431 natum
3227 4392 3294 4431 ex
3323 4376 3426 4431 illis
3474 4391 3587 4433 non

327 4457 452 4513 ideo
484 4473 585 4514 nec
616 4458 709 4515 Dei
748 4468 955 4517 tantum
997 4478 1098 4519 nec
1127 4464 1359 4521 hominis
1407 4474 1612 4521 tantum
1657 4482 1760 4522 vox
1810 4468 1911 4523 ista
1939 4490 1991 4549 ι)
2017 4482 2218 4537 negas;
2276 4467 2370 4522 sed
2416 4467 2577 4532 idem,
2607 4468 2699 4537 qui
2746 4482 2814 4523 ex
2849 4467 2954 4523 illis
3004 4478 3163 4524 natus
3195 4478 3298 4535 est,
3331 4469 3472 4525 Deus
3490 4476 3596 4525 est.

323 4551 831 4616 esseeonvincitur,
865 4569 1024 4623 quam
1056 4554 1199 4612 Deus
1243 4565 1297 4611 et
1344 4557 1505 4613 homo
1556 4574 1694 4615 unus
1749 4568 1911 4629 atque

324 4639 523 4695 unicus
562 4641 679 4712 ipse
714 4641 882 4699 Filius
920 4644 987 4699 ad
1023 4661 1150 4702 suos
1194 4647 1484 4718 discipulos
1536 4648 1911 4718 perferendam

322 4732 675 4803 inseparabili
738 4737 960 4794 omnino
1023 4747 1184 4809 atque
1254 4740 1570 4796 indivisibili
1635 4743 1914 4797 mandavit

322 4824 543 4881 affectu.
595 4848 615 4879 ι

393 4919 582 4977 LXIV.
613 4922 811 4980 Beatus
848 4924 1255 4997 Augustinuse:
1290 4945 1310 4978 ι
1344 4926 1534 4983 Nullus
1574 4935 1910 4996 sanctorum,

397 5049 424 5078 ι
465 5038 714 5115 sequens
739 5049 919 5096 textus
960 5042 1299 5115 in__cod.ms.
1334 5042 1558 5115 incuria.
1595 5042 1697 5115 abs
1724 5042 1907 5115 dubio,

322 5107 537 5164 librarii
559 5107 796 5166 emissus
821 5120 920 5174 est,
947 5112 1076 5168 solis
1102 5113 1304 5168 ultimis
1319 5113 1530 5169 duobus
1552 5114 1732 5168 verbis
1749 5110 1760 5165 Ξ
1780 5112 1909 5166 ado-

320 5182 578 5264 ριαηιιίᾒ(
604 5182 750 5264 μιε..
784 5182 1056 5264 adoptati)
1108 5185 1452 5264 ministerium
1496 5184 1741 5264 residuis.
1768 5182 1910 5239 Inte-

320 5267 478 5321 grum
508 5254 567 5307 Β.
600 5254 988 5322 Alcuiuusjam
1019 5269 1179 5323 supra
1219 5256 1457 5320 dederat,
1483 5271 1632 5310 num.
1664 5255 1749 5310 10.

394 5321 423 5361 ι’
465 5322 523 5379 S.
552 5325 715 5380 Αιιει..
748 5333 904 5378 tract.
936 5341 987 5377 LI
1014 5323 1068 5377 in
1096 5324 1274 5380 Joan..
1300 5343 1450 5380 num.
1488 5328 1573 5380 ll.

465 5340 523 5379 δ.
552 5340 715 5390 aug,
748 5340 904 5378 mret.
936 5341 987 5377 LI
1014 5340 1068 5377 ιιι
1096 5340 1274 5390 Joan.,
1300 5343 1450 5381 num.
1488 5340 1573 5381 λιιι.

397 5341 423 5361 υ
465 5341 523 5379 δ.
552 5341 715 5395 ang,
748 5341 904 5378 lt‘aCl.
936 5341 987 5377 ιι
1014 5341 1068 5377 ιιι
1096 5341 1274 5390 Joan.,
1300 5343 1450 5381 num.
1488 5341 1573 5381 Διι.

397 5403 419 5431 σε
455 5394 655 5467 Eazeor
694 5410 780 5449 me
821 5396 1071 5466 ignorare
1096 5397 1235 5451 hanc
1277 5395 1556 5453 Athanasii
1587 5398 1902 5467 epistolam,

320 5479 443 5533 qua:
469 5466 717 5521 fortassis
742 5481 865 5520 cum
895 5467 1077 5521 multis
1107 5466 1224 5521 aliis
1268 5468 1488 5523 interiit.
1542 5466 1729 5523 Exstat
1775 5484 1905 5523 vero

325 5536 565 5610 tjusdem
622 5536 1123 5610 Potantiiiepistola
1175 5538 1241 5610 ad
1294 5539 1686 5601 Athanasium.
1742 5555 1904 5610 quam

325 5552 353 5590 ς’
377 5552 565 5591 usuem
624 5552 852 5591 rotamu
898 5552 1123 5605 eprstora
1175 5552 1241 5591 aa
1294 5552 1648 5594 Athanaswm
1673 5582 1686 5601 .
1742 5555 1904 5610 quam

324 5552 409 5665 δι.
442 5607 503 5679 D_.
528 5607 718 5679 Lucas
737 5606 1011 5679 _d’Acbery
1042 5624 1073 5662 e
1098 5608 1217 5663 cod.
1249 5609 1371 5663 abb.
1400 5611 1457 5663 S.
1494 5610 1694 5664 Ebrulﬁ
1739 5612 1905 5665 edidit

324 5691 457 5750 inm.
479 5677 545 5750 ιιι
587 5677 855 5750 Spicilegii
890 5677 1040 5750 novae
1064 5679 1334 5745 editionis,
1363 5696 1483 5750 pag.
1513 5681 1637 5735 299.

393 5747 424 5792 (ι
461 5749 711 5826 Capreoli
737 5749 1017 5823 epistolam
1039 5751 1108 5808 ad
1129 5747 1379 5807 Vitalem'
1406 5747 1460 5808 ei
1491 5750 1902 5808 Constantinum

2016 4560 2154 4627 Quid
2186 4561 2404 4627 circuis,
2450 4561 2577 4630 quid
2602 4560 3014 4632 tergiversaris?
3038 4561 3310 4616 Christum
3340 4577 3407 4617 ex
3429 4562 3597 4618 Israel

2018 4660 2202 4706 natum
2223 4653 2514 4707 secundum
2537 4668 2756 4707 carnem
2781 4652 2946 4707 Deum
2975 4668 3097 4708 csse
3113 4653 3400 4724 Apostolus
3420 4653 3551 4709 dicit
3575 4670 3592 4721 ;

2017 4750 2075 4797 tu
2127 4744 2276 4808 doce,
2312 4744 2527 4813 quando
2582 4759 2691 4798 non
2730 4742 2915 4799 fuerit.
2981 4743 3066 4799 Ex
3113 4745 3299 4815 quibus
3325 4743 3587 4810 Christus,

2017 4834 2212 4904 inquit,
2240 4835 2525 4890 secundum
2548 4852 2778 4901 carnem,
2801 4838 2889 4907 qui
2911 4846 2985 4891 est
3012 4854 3167 4908 super
3180 4838 3353 4891 omnia
3372 4836 3537 4892 Deus.
3569 4856 3588 4890 ι

2016 4923 2159 4979 Idem
2190 4925 2243 4979 in
2273 4926 2460 4980 eodem
2490 4925 2628 4980 libro
2661 4928 2676 4966 ί
2712 4944 2724 4979 :
2760 4945 2778 4977 ι
2818 4927 2892 4981 De
2930 4927 3042 4981 Deo
3068 4936 3246 4983 autem
3274 4944 3338 4983 ac
3367 4929 3595 4984 Domino

2013 5038 2221 5163 grimus
2254 5038 2420 5121 edidit
2446 5037 2795 5105 Sirmondus;
2825 5050 2879 5095 et
2900 5040 3048 5095 locus
3070 5038 3592 5110 hicexstatOperum

2056 5110 2287 5163 irmondi
2317 5118 2444 5163 tom.
2469 5109 2510 5162 I.

2056 5108 2287 5163 irmondi
2317 5118 2444 5163 tom.
2469 5109 2510 5162 I.

2088 5190 2112 5219 θ
2149 5178 2206 5232 S.
2239 5178 2485 5249 August.,
2514 5179 2638 5234 libr.
2674 5179 2738 5235 de
2763 5180 3057 5236 Prmsentia
3094 5180 3210 5248 Dei,
3237 5196 3330 5237 seu
3360 5177 3589 5250 epistola

2013 5250 2135 5315 I87,
2169 5251 2234 5304 ad
2265 5250 2725 5319 Dardanum,cap.
2756 5252 2840 5316 l5,
2873 5268 3021 5307 nnm.
3058 5251 3147 5307 40.

2090 5321 2107 5360 τ
2167 5322 2320 5376 Hunc
2380 5329 2580 5375 textum
2644 5323 2696 5375 in
2741 5321 2799 5376 S.
2859 5322 3143 5378 Ambrosio
3196 5322 3432 5392 reperire
3481 5335 3593 5377 non

2010 5393 2314 5463 potuimus,
2346 5406 2519 5461 neque
2570 5394 2711 5463 apud
2756 5393 3094 5459 Cassianum,
3151 5392 3303 5462 cujus
3349 5399 3474 5447 sunt
3503 5403 3591 5449 se-

2046 5465 2248 5519 uentia.

2046 5482 2059 5506 ο
2200 5484 2208 5495 '
2236 5504 2248 5518 .

2009 5481 2280 5589 ngnlt‘liin
2334 5534 2391 5589 S.
2441 5533 2778 5599 Ambrosius,
2819 5534 2912 5589 sed
2941 5534 3231 5587 Cassianus
3285 5533 3401 5589 hinc
3423 5531 3589 5589 11³1³6⁸

2008 5605 2130 5661 libr.
2165 5622 2200 5659 ll
2230 5607 2295 5661 de
2324 5605 2695 5660 Incarnatione
2724 5606 2941 5666 Christi,
2968 5620 3085 5673 cap.
3119 5603 3170 5657 6.

2080 5679 2107 5717 ιι
2147 5676 2458 5740 Cassianus,
2492 5675 2612 5731 libr.
2649 5693 2707 5732 ιιι
2739 5678 2803 5731 de
2853 5676 3060 5730 lncarn.
3093 5688 3209 5743 cap.
3242 5675 3287 5731 Ι.

2086 5750 2101 5788 i
2145 5746 2277 5804 Ibid.
2310 5762 2429 5821 cap.
2452 5747 2505 5802 2.
