4072 6346
500 288 604 349 “5

1350 291 1412 346 ιι.
1448 289 1513 346 ιι.
1542 288 1769 347 me
1802 289 1937 349 seu
1976 290 2567 373 ammoneant:
2605 295 2784 354 rans
2818 296 2908 353 ιιι.

3654 304 3764 363 116

498 415 687 463 nostro
722 404 849 460 :Iesu
882 404 1103 461 Christo
1118 416 1249 460 eum
1268 405 1507 459 dicitur:
1538 403 1643 471 Qui
1676 415 1757 460 est
1790 421 1947 476 super
1969 421 2080 460 ont-
2102 411 2158 470 1
2183 423 2382 464 arcano
2409 411 2631 476 sciebat,
2662 413 2756 468 sed
2780 420 2989 467 tantum
3010 374 3158 481 quod
3174 414 3311 468 mori
3330 429 3494 485 posse
3512 417 3759 491 videbat,

494 504 587 556 nia
626 501 768 556 Deus
799 500 1094 555 benedictus
1137 500 1195 554 in
1229 499 1463 565 saecula;
1514 507 1569 554 et
1592 516 1683 555 res
1729 500 1910 555 statim
1956 515 2083 570 pro-
2180 500 2375 556 Filium
2404 502 2497 556 Dei
2524 510 2771 558 testatur.

494 593 655 649 batur
686 594 745 647 in
763 593 953 658 verbo,
988 600 1051 646 et
1090 591 1239 646 verbi
1286 607 1375 646 res
1424 592 1829 646 demonstratur
1872 591 1926 645 in
1984 606 2082 645 no-

2250 594 2453 650 LXVII.
2487 597 2562 650 De
2583 609 2832 653 sermone
2858 599 3031 653 sancti
3054 597 3414 669 Augustinid:
3440 620 3459 651 ι
3482 601 3629 669 Quid
3652 605 3760 661 sibi

490 685 659 749 mine,
706 684 834 754 quia
879 683 973 737 Dei
1001 697 1193 737 nomen
1234 681 1296 735 in
1324 681 1579 736 DeiFilio
1626 697 1732 735 non
1755 680 2079 752 signiﬁcatio
2176 687 2306 741 velit
2355 698 2411 743 et
2444 690 2714 757 quomodo
2756 690 3133 759 accipiendum
3176 692 3267 757 sit,
3318 694 3463 762 quod
3494 695 3759 753 Dominus

490 783 573 830 est
620 774 924 845 adoptionis
978 772 1220 838 indultae,
1272 774 1367 827 sed
1408 774 1613 827 veritas
1660 774 2077 843 proprietaqu
2170 783 2252 836 ait
2282 824 2296 847 ,
2323 781 2433 847 Qui
2484 782 2648 836 credit
2675 784 2728 836 in
2755 800 2856 849 me,
2876 800 3058 854 opera,
3096 801 3213 855 qua:
3268 787 3760 860 egofncio,etipse

484 873 717 921 naturae.
770 884 790 917 ι
834 865 890 919 In
922 864 1143 919 homilia
1182 864 1325 919 beati
1373 862 1598 919 Joannis
1642 865 1987 935 evangelista:
2011 878 2073 923 *ε

492 976 512 1009 ι
558 957 639 1012 Ad
687 973 1000 1012 mensuram
1047 957 1246 1028 quippe
1281 957 1373 1010 dat
1421 957 1605 1012 multis
1630 956 1776 1021 ﬁliis,
1836 958 1930 1013 sed
1960 974 2073 1013 non

485 1053 553 1107 ad
598 1067 909 1107 mensuram
960 1052 1159 1121 accipit
1204 1050 1400 1106 unicus
1444 1049 1636 1118 Filius,
1694 1052 1821 1122 quia
1856 1051 1934 1108 sic
1986 1058 2074 1107 est

483 1130 644 1199 verus
670 1145 851 1210 homo,
878 1153 933 1199 ut
965 1152 1020 1199 et
1050 1158 1213 1199 verus
1233 1143 1304 1198 sit
1331 1144 1491 1198 Deus.
1534 1165 1552 1196 ι

550 1255 736 1311 LXVI.
778 1257 974 1311 Beatus
998 1256 1290 1311 Cassianus
1323 1258 1378 1311 in
1405 1256 1545 1312 libro
1588 1257 1651 1312 de
1692 1258 2069 1313 Incarnatione

478 1352 693 1408 Domini
724 1353 753 1391 ι’
784 1371 796 1406 :
846 1371 864 1401 ι
901 1352 967 1405 Ει
990 1353 1108 1407 ideo
1134 1352 1411 1407 descendit
1432 1352 1667 1408 Verbum
1694 1351 1883 1417 Filius,
1916 1352 2070 1406 adest

475 1446 730 1515 majestas
759 1446 993 1517 Spiritus
1022 1447 1217 1512 sancti,
1277 1446 1452 1500 virtus
1509 1445 1799 1500 obumbrat
1846 1444 2061 1499 Patris:

473 1540 662 1608 utique
705 1539 841 1592 utin
874 1547 1212 1591 sacramento
1241 1552 1411 1592 sacrm
1437 1536 1807 1606 conceptionis
1839 1533 2060 1608 [omnis]

473 1638 616 1685 esset
665 1629 969 1698 cooperatio
1027 1628 1327 1683 Trinitatis.
1380 1627 1532 1693 Ideo,
1568 1628 1760 1697 inquit,
1820 1636 1868 1682 et
1923 1628 2062 1698 quod

2176 876 2329 945 faciet
2359 875 2538 945 (Joan.
2570 890 2682 942 xw,
2719 876 2829 947 12).
2852 892 2962 931 non
2998 887 3082 933 est
3105 877 3757 950 fadlecouprehendere.

2170 966 2242 1022 Et
2267 983 2390 1022 cum
2438 968 2541 1024 hoc
2567 968 2633 1022 ad
2664 968 3067 1039 intelligendum
3118 969 3493 1026 diﬂieilliuuin
3525 973 3617 1041 sit,
3660 976 3761 1028 ad-

2165 1059 2296 1130 jecit
2343 1062 2487 1116 aliud
2515 1060 2798 1116 diﬂicillius
2830 1072 2915 1116 :et
2938 1063 3144 1132 majora
3174 1063 3361 1117 horum
3386 1062 3565 1133 iaciat.
3594 1064 3762 1136 [Quid

2164 1162 2254 1209 est
2292 1154 2449 1226 hoc?]
2518 1155 2619 1221 Qui
2672 1154 2877 1210 faceret
2920 1171 3106 1226 opera,
3154 1172 3275 1225 quae
3312 1157 3561 1211 Christus
3603 1156 3756 1224 fecit,

2168 1263 2275 1302 non
2324 1248 2760 1315 inveniebamus;
2804 1250 2895 1318 qui
2925 1250 3089 1303 etiam
3121 1250 3325 1319 majora
3358 1248 3536 1313 faciet,
3568 1250 3759 1304 inven-

2162 1343 2277 1396 turi
2303 1358 2490 1398 sumus
2509 1344 2531 1383 ν
2577 1342 2681 1399 Sed
2707 1345 3018 1399 dixeramus
3048 1358 3297 1398 sermone
3325 1344 3573 1412 pristino,
3623 1344 3756 1413 quia

2166 1434 2339 1503 majus
2370 1434 2469 1489 fuit
2496 1438 2703 1491 umbrae
2754 1453 2865 1491 suae
2910 1436 3162 1498 transitu,
3193 1436 3335 1504 quod
3385 1435 3652 1507 [discipuli
3674 1436 3759 1493 fe-

2162 1537 2376 1594 cerunt,
2427 1543 2589 1597 quam
2621 1527 2848 1583 ﬁmbriae
2892 1542 3003 1581 suae
3030 1535 3200 1590 tactu,
3229 1526 3394 1597 quod]
3431 1527 3543 1596 ipse
3566 1526 3756 1582 Donni—

2164 1636 2266 1675 nus
2294 1619 2422 1674 fecit
2452 1635 2643 1676 sanare
2666 1620 2987 1689 languentes
3019 1637 3031 1670 :
3065 1627 3119 1672 ct
3146 1619 3273 1687 quia
3318 1619 3501 1687 plures
3529 1629 3752 1688 aposto-

471 1734 717 1777 nascetur
743 1723 797 1776 in
820 1732 867 1774 te
894 1719 1084 1793 [Edit.,
1116 1736 1180 1774 ea:
1212 1719 1282 1793 te]
1313 1729 1552 1774 sanctum
1581 1720 1851 1774 vocabitur
1881 1718 2058 1773 Filius
2086 1776 2133 1793 _
2165 1710 2251 1773 lis.
2278 1726 2436 1779 quam
2466 1712 2581 1779 ipso
2603 1725 2699 1779 per
2726 1726 2789 1764 os
2826 1710 3101 1778 Win!!!
3126 1709 3458 1778 [medicante
3495 1709 3751 1776 Domino,

471 1812 569 1865 Dei
589 1812 737 1884 (Luc.
769 1810 829 1881 ι).
853 1776 999 1866 Bene
1025 1776 1405 1874 addidit,ideo,
1423 1809 1807 1863 utostenderet
1828 1807 2054 1891 scilicet,
2086 1776 2135 1837 Ι
2164 1776 2527 1863 crediderunt,
2556 1776 2617 1855 ut
2656 1801 2771 1855 haec
2797 1776 3112 1854 viderentur
3131 1776 3296 1869 opera
3355 1797 3750 1872 [intelligenda]

470 1901 589 1956 ideo
613 1903 730 1956 haec
760 1908 1031 1964 secutura,
1057 1900 1179 1969 quia
1195 1898 1803 1967 fuerantillapraemissa
1824 1907 1906 1953 :et
1932 1900 2061 1968 quia

470 1990 610 2046 Deus
640 1991 1039 2060 supervenisset
1068 1991 1122 2043 in
1143 1990 1516 2059 conceptione.
1542 1990 1664 2043 ideo
1680 1989 1823 2044 Deus
1846 1988 2061 2045 futurus

467 2080 625 2155 [Ms.,
656 2080 919 2154 facturus]
947 2089 1091 2136 esset
1122 2081 1178 2134 in
1200 2088 1382 2151 partu.
1430 2078 1718 2135 Rationem
1740 2094 1869 2150 ergo
1894 2087 2061 2136 tanta

467 2176 543 2230 rei
595 2174 784 2246 puellie
844 2174 1075 2230 reddidit
1122 2172 1412 2238 nescienti,
1454 2172 1640 2227 dicens
1700 2171 1889 2240 utique
1930 2172 2060 2240 quia

466 2263 701 2336 Spiritus
745 2274 966 2320 sanctus
1003 2264 1351 2334 superveniat
1394 2262 1601 2335 [Edit.,
1666 2260 2057 2333 superveniet],

466 2365 516 2410 et
560 2358 683 2426 quia
732 2358 906 2411 virtus
953 2355 1217 2411 Altissimi
1257 2354 1621 2415 obumbrabit,
1668 2353 1876 2409 ideoet
1910 2352 2059 2423 quod

465 2455 716 2502 nascetur
761 2456 1029 2513 sanctum,
1076 2448 1362 2502 vocabitur
1418 2445 1589 2499 Filius
1635 2445 1751 2499 Dei.
1816 2443 1928 2499 Hoc
1975 2452 2059 2499 est

460 2538 643 2594 dicere
674 2556 687 2592 :
716 2537 793 2592 Ne
824 2539 1059 2607 ignores,
1085 2537 1278 2607 inquit,
1328 2539 1473 2592 hunc
1498 2544 1665 2591 tantae.
1702 2536 1783 2591 rei
1832 2551 2060 2606 appara-

458 2634 576 2681 tum
632 2626 759 2700 [hoc
775 2629 909 2683 tanti
948 2628 1192 2699 mysterii
1248 2626 1693 2697 sacramentum],
1735 2626 1855 2680 ideo
1888 2627 1943 2680 in
2002 2634 2058 2683 te

460 2727 577 2774 tota
626 2720 809 2774 veniet
838 2719 1113 2789 majestas,
1143 2720 1271 2789 quia
1295 2735 1363 2774 ex
1398 2729 1449 2773 te
1472 2726 1726 2773 nascetur
1763 2734 1923 2773 verus
1966 2719 2057 2774 Fi-

458 2810 564 2864 lius
612 2811 727 2865 Dei.
765 2810 906 2879 Quid
951 2812 1042 2867 hic
1073 2812 1212 2866 ultra
1264 2812 1464 2883 ambigi
1510 2818 1720 2881 petest,
1770 2810 1904 2879 quid
1940 2825 2056 2864 am-

459 2903 603 2972 plius
653 2904 795 2959 dici?
840 2905 1007 2959 Deum
1038 2905 1173 2960 dixit
1202 2912 1683 2975 superventurum,
1728 2902 1928 2957 Filium
1960 2902 2057 2959 Dei

464 2998 823 3051 nasciturum.
864 3018 882 3049 ι
928 2996 1071 3051 Idem
1110 2998 1164 3051 in
1212 2998 1400 3052 eodem
1435 3007 1455 3035 ε
1499 3016 1512 3050 :
1553 3015 1572 3047 ι
1618 2995 1761 3062 Quid
1808 3009 1938 3065 ergo
1980 2994 2057 3047 ait

459 3090 694 3145 Petrus?
721 3090 799 3144 Tu
814 3108 866 3145 es
878 3088 1117 3144 Christus
1141 3088 1315 3145 Filius
1338 3089 1435 3145 Dei
1456 3090 1552 3144 vivi
1570 3087 1913 3161 (Matth.xv1,
1938 3087 2047 3158 16).
2076 3128 2124 3193 c

458 3185 557 3241 Dic
571 3185 700 3239 mihi
715 3200 921 3255 quazso,
935 3184 1210 3247 hteretice,
1226 3184 1347 3253 quis
1361 3183 1449 3239 ille
1464 3182 1647 3247 fuerit,
1663 3183 1748 3236 cui
1762 3180 1959 3236 Petrus
1976 3180 2052 3234 ita

464 3277 777 3347 respondit?
796 3276 1003 3345 Negare
1027 3292 1131 3331 non
1154 3284 1309 3345 potes
1320 3275 1599 3330 Christum
1616 3273 2053 3329 fuisse.lnterro-

457 3384 525 3440 go
552 3384 706 3439 ergo,
729 3367 1009 3424 Christum
1029 3382 1188 3437 quem
1216 3367 1411 3422 vocas?
1438 3365 1719 3421 Hominem
1748 3380 1814 3419 an
1842 3363 2050 3419 Deum?

459 3457 748 3515 Hominem
776 3460 961 3528 utique
1000 3459 1206 3528 absque
1252 3457 1445 3524 dubio;
1470 3457 1597 3513 hinc
1615 3457 2051 3513 enimomnistua

457 3550 706 3617 hatresis,
747 3552 873 3621 quia
920 3567 1091 3623 negas
1119 3552 1266 3606 hunc
1291 3549 1568 3605 Christum
1616 3564 1805 3603 verum
1851 3547 2048 3601 Filium

453 3642 665 3698 Dei.....
706 3641 843 3709 Quid
869 3657 999 3712 ergo
1022 3644 1090 3697 ad
1132 3643 1248 3698 haec
1281 3642 1564 3714 respondit
1592 3640 1827 3695 Petrus?
1873 3638 2044 3705 Tues,

454 3734 650 3804 inquit,
708 3735 883 3789 Filius
916 3736 1015 3789 Dei
1060 3736 1177 3790 vivi.
1212 3735 1491 3790 Christum
1542 3734 1707 3797 hunc,
1755 3746 1918 3802 quem
1988 3738 2049 3785 tu

451 3825 687 3883 hominis
724 3836 932 3882 tantum
981 3827 1176 3883 Filium
1227 3828 1447 3893 asseris,
1488 3825 1575 3881 ille
1592 3831 1826 3880 testatur
1850 3822 2048 3878 Filium

452 3916 570 3974 Dei.
594 3919 693 3974 Cui
731 3920 812 3975 vis
840 3920 1146 3985 credamus,
1174 3920 1272 3975 tibi
1299 3935 1368 3972 an
1413 3918 1609 3972 Petro?
1652 3914 1883 3987 Opinor,
1938 3929 2048 3969 non

452 4026 513 4067 es
560 4020 670 4066 tam
720 4013 1023 4083 impudens,
1063 4020 1124 4068 ut
1170 4027 1484 4084 praeponere
1535 4020 1589 4065 te
1619 4010 1820 4064 audeas
1866 4008 2046 4079 primo

452 4106 839 4176 apostolorum.
884 4106 993 4163 Sed
1015 4108 1143 4177 quid
1184 4115 1292 4173 est,
1333 4105 1480 4176 quod
1520 4120 1628 4159 non
1658 4104 1859 4157 audeas
1881 4102 2047 4172 780

452 4197 544 4267 qui
575 4198 672 4252 Dei
716 4197 914 4252 Filium
940 4213 1139 4269 negare
1176 4197 1439 4267 potuisti?
1478 4195 1557 4249 Tu
1588 4212 1642 4249 es
1669 4210 1822 4264 ergo,
1848 4192 2041 4261 inquit,

453 4285 693 4342 Christus
749 4288 921 4342 Filius
956 4289 1049 4341 Dei
1089 4289 1205 4343 viri.
1249 4287 1502 4357 Nunquid
1542 4288 1645 4341 hoc
1670 4284 1908 4355 ambigui
1949 4293 2044 4337 aut

454 4380 673 4436 obscuri
736 4380 938 4449 aliquid
972 4379 1027 4433 in
1057 4396 1115 4434 se
1138 4380 1337 4434 habet?
1380 4378 1623 4448 Simplex
1654 4385 1737 4433 est
1762 4384 1820 4432 et
1847 4383 2039 4446 aperta

2160 1909 2283 1949 esse
2306 1892 2547 1961 majora;
2586 1908 2692 1946 non
2716 1908 2825 1962 quo
2847 1890 3018 1960 major
3038 1903 3181 1946 esset
3208 1892 3467 1960 magistro
3517 1892 3754 1961 discipu-

2158 1986 2267 2053 lus,
2318 1987 2401 2041 vel
2442 1986 2670 2040 Domino
2698 2001 2912 2050 servus,
2967 1984 3053 2039 vel
3098 1985 3385 2053 adoptatus
3436 1983 3748 2055 Unigenito,

2160 2079 2247 2134 vel
2299 2079 2462 2132 homo
2489 2077 2638 2143 Deo;
2699 2077 2793 2131 sed
2822 2077 2965 2145 quod
2994 2092 3094 2147 per
3121 2076 3245 2131 illos
3278 2077 3393 2146 ipse
3434 2077 3754 2147 dignaretur

2156 2170 2348 2226 eadem
2374 2169 2578 2237 majora
2630 2170 2834 2233 facere,
2880 2170 2971 2237 qui
3017 2168 3149 2223 dicit
3184 2169 3268 2225 eis
3290 2168 3394 2224 alio
3420 2168 3540 2227 loco
3570 2187 3583 2223 :
3624 2168 3752 2225 Sine

2154 2278 2243 2316 nte
2278 2261 2411 2315 nihil
2437 2261 2656 2331 potestis
2678 2260 2849 2330 facere
2877 2282 2894 2313 9
2943 2259 3123 2331 (Joan.
3154 2277 3247 2327 xv,
3279 2260 3354 2333 5).

2232 2352 2460 2407 LXVIII.
2489 2352 2744 2421 Ejusdem
2769 2353 2821 2407 in
2856 2352 3117 2409 Sermone
3139 2353 3260 2408 XXI
3279 2366 3301 2393 ε
3320 2373 3343 2407 ι
3368 2354 3497 2411 Post
3518 2357 3752 2426 promis-

2158 2445 2370 2501 sionem
2424 2444 2658 2515 Spiritus
2686 2446 2861 2500 sancti
2909 2462 2980 2501 ne
3032 2449 3319 2519 quisquam
3351 2459 3567 2519 putaret
3605 2450 3753 2520 quod

2156 2534 2236 2589 ita
2262 2551 2389 2590 eum
2420 2535 2682 2591 Dominus
2726 2536 2956 2592 datm-us
2978 2536 3178 2603 fuerat,
3253 2540 3397 2595 velut
3424 2556 3523 2610 pro
3547 2542 3749 2611 seipse,

2156 2639 2219 2684 ut
2268 2638 2453 2684 nonet
2491 2631 2604 2699 ipse
2652 2647 2775 2686 cum
2806 2632 2886 2686 eis
2912 2640 3057 2687 esset
3082 2632 3315 2700 futurus,
3354 2634 3550 2703 adjecit
3589 2644 3755 2703 atque

2158 2719 2276 2775 ait:
2336 2720 2459 2773 Non
2508 2721 2800 2792 relinquam
2850 2738 2935 2777 vos
2998 2724 3285 2793 orphanoa,
3336 2724 3485 2777 venio
3532 2724 3603 2779 ad
3662 2740 3752 2778 vos

2156 2811 2343 2884 (Joan.
2401 2829 2514 2879 xxv,
2575 2814 2686 2885 18).
2742 2812 2981 2882 Orphani
3006 2815 3197 2884 pupilli
3242 2822 3405 2880 sunt;
3436 2816 3564 2870 illud
3596 2816 3747 2871 enim

2154 2902 2408 2960 Graecum
2429 2906 2668 2975 ejusdem
2698 2906 2777 2960 rei
2806 2922 3002 2961 nomen
3030 2915 3140 2971 est,
3174 2908 3279 2962 hoc
3313 2907 3583 2963 Latinum.
3611 2908 3750 2962 Nam

2158 3007 2213 3053 et
2238 2997 2295 3053 in
2347 2999 2580 3069 psalmo,
2629 3000 2720 3053 ubi
2770 2999 3000 3071 legimus
3031 3019 3047 3054 ι
3074 2998 3288 3070 Pupilla
3316 3011 3375 3054 tu
3398 3002 3502 3056 eris
3532 3003 3753 3072 adjutor-

2152 3094 2333 3167 (Psal.
2359 3110 2411 3157 ι,
2446 3094 2559 3167 ti),
2588 3094 2811 3150 Gnaeus
2832 3095 2997 3150 habet
3022 3096 3283 3166 orphano.
3336 3095 3596 3162 Quamvis
3617 3111 3751 3165 ergo

2155 3204 2256 3244 nos
2280 3187 2452 3242 Filius
2472 3188 2568 3242 Dei
2598 3203 2697 3242 suo
2740 3186 2889 3241 Patri
2939 3187 3279 3256 adoptaverit
3302 3186 3463 3251 lilios,
3499 3195 3553 3240 et
3595 3202 3751 3241 eum-

2152 3282 2276 3336 dem
2296 3279 2514 3334 Patrem
2563 3295 2663 3334 uos
2704 3278 2937 3333 voluerit
2984 3279 3189 3333 habere
3231 3293 3330 3347 per
3357 3279 3610 3349 gratiam,
3650 3280 3750 3348 qui

2152 3370 2268 3440 ejus
2316 3370 2479 3425 Pater
2528 3378 2611 3425 est
2658 3386 2758 3439 per
2802 3380 3058 3425 naturam
3112 3370 3281 3442 [Hs.,
3320 3371 3746 3443 paternarum]:

2150 3474 2335 3519 tamen
2373 3464 2536 3518 etiam
2582 3464 2700 3532 ipse
2736 3477 2864 3532 erga
2893 3476 2993 3516 nos
3026 3469 3309 3531 paternum
3344 3463 3749 3530 quodammodo

2146 3556 2487 3612 demonstrat
2515 3552 2790 3619 alfectum,
2847 3566 2973 3608 eum
3012 3554 3144 3607 dicit
3178 3572 3191 3605 :
3238 3551 3365 3606 Non
3386 3553 3747 3625 derelinquere

2150 3666 2236 3704 vos
2268 3647 2552 3718 orphauos,
2600 3646 2807 3699 ueniam
2854 3646 2923 3699 ad
2950 3662 3058 3700 nos.
3088 3644 3227 3700 Hinc
3272 3654 3360 3700 est
3403 3646 3548 3714 quod
3579 3647 3745 3700 etiam

2148 3740 2335 3811 sponsi
2364 3738 2504 3793 ﬁlios
2542 3753 2643 3793 nos
2670 3737 2923 3808 appellat,
2970 3737 3063 3792 ubi
3125 3736 3256 3791 dicit
3287 3755 3300 3789 :
3332 3737 3527 3792 Veniet
3574 3737 3734 3802 hora,

2148 3844 2209 3891 at
2237 3833 2514 3889 auferatur
2539 3834 2606 3887 ab
2644 3832 2725 3887 eis
2753 3846 3005 3903 sponsus,
3030 3838 3090 3885 et
3112 3841 3243 3885 tunc
3273 3828 3597 3901 jejuaabunt
3647 3828 3743 3885 lilii

2147 3926 2337 3999 sponsi
2377 3946 2395 3978 ι
2434 3925 2655 3997 (Matth.
2697 3940 2777 3983 ix,
2806 3923 2919 3994 15).

2220 4016 2407 4073 LXIX.
2429 4017 2655 4072 Videtur
2682 4015 2832 4070 enim
2858 4013 3019 4082 hujus
3050 4013 3275 4069 haeresis
3292 4028 3416 4068 esse
3440 4026 3665 4068 causam
3690 4013 3742 4067 in

2147 4112 2331 4166 animo
2357 4110 2676 4173 errantium,
2720 4107 2867 4177 quod
2895 4115 3089 4176 putant
3110 4107 3164 4160 hi
3186 4106 3279 4175 qui
3305 4112 3557 4161 asserunt
3584 4104 3746 4160 Chri-

2146 4209 2291 4257 stum
2322 4199 2633 4269 adoptivum
2683 4212 2825 4263 esse,
2877 4212 3045 4251 unum
3091 4212 3212 4253 esse
3250 4197 3610 4266 assumpsisse
3645 4195 3745 4249 ali-

2144 4293 2355 4362 quidet
2378 4292 2664 4361 adeptasse
2700 4308 2714 4343 :
2753 4291 2820 4345 de
2849 4304 2958 4358 quo
2994 4304 3183 4343 errore
3220 4289 3277 4343 in
3316 4303 3415 4343 suo
3448 4287 3567 4342 loco
3605 4286 3743 4340 satis

2144 4384 2560 4455 respondimus;
2596 4389 2652 4437 et
2680 4397 2848 4436 unum
2875 4381 3150 4436 aestimant
3166 4379 3395 4450 gratiam
3416 4387 3474 4433 et
3495 4376 3745 4446 adoptio-

454 4471 742 4535 confessio,
792 4470 1067 4526 Christum
1112 4472 1209 4527 Dei
1259 4470 1456 4524 Filium
1502 4471 1801 4540 pnedicare
1844 4468 2037 4541 [Edit.,
2067 4492 2295 4563 Daem,
2345 4491 2470 4531 cum
2522 4475 2720 4547 legitur
2764 4474 3080 4544 Apostolum
3142 4472 3327 4527 dicere
3361 4468 3593 4525 :Cralia
3642 4468 3743 4522 Dei

456 4563 756 4637 praedicat].
801 4583 821 4616 ι
850 4563 1007 4631 Quod
1045 4564 1090 4618 si
1116 4572 1174 4618 tu
1215 4574 1476 4619 consueto
1516 4578 1668 4619 more
1720 4562 2039 4618 diverticula

456 4657 655 4710 latendi
694 4670 942 4725 qumreus
985 4656 1141 4720 dicis,
1180 4656 1287 4710 hoc
1313 4656 1626 4725 usurpative
1663 4654 1750 4710 vel
1778 4654 2039 4724 adoptive

456 4748 587 4812 dici,
638 4749 767 4817 quid
805 4749 1048 4803 dicturus
1102 4764 1162 4804 es
1209 4749 1275 4803 de
1315 4748 1487 4804 altero
1535 4748 1829 4805 multorum
1880 4749 2042 4805 simul

374 4875 378 4881 -
454 4845 826 4898 attestantium
852 4852 1015 4913 atque
1045 4843 1209 4898 etiam
1232 4842 1581 4898 clamantium
1619 4843 1929 4899 testimonio
1952 4843 2037 4897 di-

451 4936 727 4990 centium:
766 4934 896 4989 Vere
933 4934 1104 4991 Filius
1126 4937 1226 4993 Dei
1274 4952 1329 4992 es
1376 4944 1432 4989 tu
1482 4934 1694 5008 (Matth.
1747 4951 1862 4999 λιν,
1914 4934 2043 5005 53)?

454 5025 740 5082 Hominem
785 5027 1054 5096 videlicet,
1082 5045 1244 5099 quem
1273 5037 1596 5100 praesentem
1626 5029 1895 5091 viderunt,
1943 5028 2040 5082 de-

454 5128 837 5175 monstrantes.
865 5120 1006 5188 Quid
1053 5122 1216 5177 etiam
1240 5121 1544 5178 centurioni
1568 5120 1887 5191 respondes,
1949 5119 2042 5189 qui

456 5209 707 5266 videlicet
748 5211 1019 5266 hominem
1053 5211 1331 5267 Christum
1362 5212 1502 5267 mori
1560 5213 1750 5267 videns
1790 5213 1843 5266 in
1878 5225 2042 5267 cruce

450 5302 706 5359 clamavit
750 5304 980 5360 dicens:
1023 5302 1152 5359 Vere
1190 5304 1361 5360 Filius
1388 5304 1488 5359 Dei
1533 5315 1646 5359 erat
1680 5305 1777 5358 iste
1821 5303 2037 5374 (Matth.

451 5404 626 5462 xxv",
673 5395 786 5470 54).
832 5396 901 5451 Et
923 5397 1109 5468 utique
1148 5398 1253 5453 iste
1288 5397 1423 5452 nihil
1458 5398 1525 5453 de
1573 5397 1871 5453 divinitatis
1921 5396 2039 5468 ejus

536 5563 563 5631 fl
598 5550 763 5635 cujus
786 5553 1155 5635 htecjiomilia
1187 5554 1302 5635 sita
1328 5555 1591 5635 igqotum.
1618 5552 1779 5607 Forte
1804 5550 1863 5635 SA.
1899 5553 2037 5626 Aug.

456 5620 614 5703 pujus
638 5620 800 5703 dicta_
829 5625 882 5679 in
911 5626 1094 5681 Tract.
1150 5641 1240 5679 xw
1288 5620 1376 5678 in'
1400 5623 1579 5687 Joan.,
1610 5639 1757 5677 num.
1798 5623 1886 5688 10,
1918 5620 2040 5679 cuin

454 5689 547 5748 his
569 5696 917 5752 concordant.

534 5761 565 5806 δ
602 5761 922 5833 Cassianus,
952 5767 1074 5821 libr.
1106 5785 1144 5821 ιι
1171 5768 1263 5821 cit.
1293 5781 1412 5836 cap.
1446 5765 1497 5818 1.

2143 4586 2240 4642 pro
2274 4569 2511 4622 omnibus
2538 4568 2763 4639 gustavit
2804 4575 3021 4620 mortem
3066 4562 3254 4638 (Hebr.
3302 4580 3367 4628 ιι,
3415 4562 3493 4635 9).
3534 4562 3740 4616 Tamen

2143 4680 2255 4720 non
2292 4663 2433 4719 dixit
2467 4662 2778 4733 Apostolus,
2802 4662 3089 4730 adoptione
3108 4674 3209 4729 pro
3256 4657 3509 4712 omnibus
3558 4664 3742 4726 gusta-

2143 4758 2224 4811 vit
2258 4765 2513 4821 mortem,
2573 4756 2700 4825 quia
2742 4754 2897 4824 longe
2932 4752 3077 4807 aliud
3107 4759 3192 4805 est
3211 4750 3387 4821 gratia
3417 4747 3575 4819 [Hs.,
3622 4745 3737 4817 glo—

2145 4848 2249 4921 ria]
2291 4848 2473 4903 multis
2512 4847 2736 4911 inlocis,
2777 4854 2833 4899 et
2879 4844 3112 4914 adoptio.
3165 4840 3435 4897 Przevenit
3463 4838 3605 4894 enim
3635 4837 3738 4892 ali-

2144 4940 2344 5010 quibus
2382 4940 2436 4992 in
2465 4937 2598 4992 locis
2638 4935 3004 5005 adoptionem,
3048 4934 3189 4989 sicut
3217 4947 3318 4987 nos
3340 4946 3468 4987 cum
3494 4943 3740 4985 essemus

2145 5034 2244 5091 ﬁlii
2291 5035 2385 5088 irae
2431 5032 2727 5087 secundum
2774 5037 3046 5092 naturam,
3100 5025 3228 5081 fecit
3278 5040 3375 5080 nos
3424 5022 3597 5095 gratia
3641 5020 3738 5074 Dei

2144 5123 2286 5178 ﬁlios
2316 5123 2409 5177 Dei
2471 5136 2567 5191 per
2587 5118 2953 5188 adeptionem.
3006 5117 3293 5172 Praecessit
3317 5131 3416 5170 nos
3441 5113 3639 5184 gratia,
3679 5120 3741 5167 ut

2144 5230 2388 5271 essemus
2413 5212 2682 5283 adoptivi;
2725 5210 2974 5266 Christus
3015 5224 3146 5264 vero
3176 5226 3281 5263 non
3304 5209 3403 5263 fuit
3424 5217 3549 5262 ante
3572 5207 3738 5261 homo

2144 5306 2342 5372 factus,
2402 5312 2456 5359 et
2505 5311 2630 5375 post
2670 5317 2769 5374 per
2806 5302 3035 5376 gratiam
3084 5302 3367 5371 adoptivus
3405 5298 3575 5354 Filius
3601 5295 3729 5362 Dei;

2144 5398 2244 5455 sed
2270 5413 2396 5454 mox
2418 5396 2479 5453 in
2504 5404 2662 5453 utero
2684 5394 2911 5467 virginis
2938 5396 3080 5451 Deus
3119 5409 3281 5449 verus
3323 5401 3380 5448 et
3407 5392 3551 5447 Deus
3569 5389 3738 5446 homo

2224 5574 2246 5602 ο
2285 5562 2452 5626 Idem,
2494 5561 2617 5617 libr.
2652 5578 2735 5627 ιιι,
2767 5575 2885 5631 cap.
2940 5559 3025 5613 I2.

2218 5634 2243 5671 σ¹
2285 5634 2340 5688 S.
2382 5634 2542 5703 Aug,
2582 5626 2740 5688 tract.
2776 5626 2921 5688 nixu
2953 5627 3231 5703 in_Joan.,
3268 5626 3408 5703 n._I.

2227 5719 2248 5742 ⁴·
2288 5706 2343 5760 S.
2387 5698 2545 5776 Aug,
2590 5714 2905 5759 tract.txvv
2934 5700 3187 5764 ιιιείοθιι.ν
3221 5715 3278 5754 ιι.
3318 5698 3373 5753 1.
