4072 6346
313 262 416 318 M7

1161 262 1575 343 DQGMA'I‘ICA.
1616 296 1686 307 —
1724 264 1852 321 LIB.
1890 265 2052 336 ADV.
2095 264 2423 336 HERESIN
2461 266 2743 336 FELI‘CIS.

3491 268 3597 333 HS

310 383 615 448 conceptus
662 382 777 440 est;
837 382 893 430 et
940 376 1006 431 de
1035 384 1189 432 utero
1214 372 1441 450 virginis
1483 381 1625 437 Deus
1665 396 1825 436 verus
1848 391 1903 436 et
1927 380 1980 443 λ
2005 381 2275 451 quomodo
2306 381 2463 439 ﬁeret
2502 380 2644 453 quod
2690 384 2741 438 ei
2796 382 3097 450 nuntiabat,
3155 384 3597 456 quandoquidem

309 471 476 527 homo
499 482 663 524 veros
689 476 873 534 natos,
905 469 1045 525 sicut
1068 478 1289 526 sanctus
1304 470 1636 543 Augustinus
1658 473 1713 528 in
1736 474 1904 541 'libro,

309 581 473 636 quem
494 558 850 619 Enchiridion
892 562 972 618 illi
1001 564 1204 635 placuit
1227 567 1528 633 nominare,
1565 570 1908 639 apertissime

311 664 571 721 testatur,
626 655 811 710 dicens
834 667 863 697 ι
899 673 912 709 :
958 674 976 707 ‹
1006 654 1111 712 Hic
1145 658 1367 715 omnino
1399 656 1678 731 granditer
1705 669 1760 716 et
1796 662 1908 717 evi-

308 750 506 804 denter
550 748 651 803 Dei
680 748 853 819 gratia
882 752 1309 806 commendatur.
1354 749 1498 821 Quid
1518 754 1662 808 enim
1712 762 1906 809 natura

310 842 552 895 humana
572 841 636 894 ‘in
675 839 908 894 homine
948 840 1168 897 Christo
1196 843 1416 909 meruit,
1456 844 1603 898 utin
1645 846 1908 900 unitatem

306 950 562 1005 personae
602 934 747 988 unici
790 928 918 989 ἘΠῆ
977 934 1072 989 Dei
1120 936 1468 1007 singulariter
1512 946 1656 993 esset
1700 953 1908 993 assum-

308 1028 436 1097 pta?
472 1025 607 1093 Qum
636 1026 778 1080 bona
824 1026 1094 1093 voluntas,
1127 1027 1283 1097 cujus
1324 1029 1451 1085 boni
1500 1030 1763 1101 propositi
1796 1039 1909 1085 stu-

312 1118 484 1183 dium,
524 1133 646 1188 qua:
684 1117 829 1171 bona
857 1130 1022 1187 opera
1048 1128 1464 1187 praecesserunt,
1506 1120 1702 1192 quibus
1727 1136 1906 1177 mere-

310 1217 465 1276 retur
510 1210 615 1264 iste
652 1209 815 1263 homo
844 1218 953 1263 una
983 1207 1103 1264 ﬁeri
1146 1224 1379 1279 persona
1419 1226 1543 1267 cum
1589 1212 1736 1267 Deo?
1760 1212 1909 1266 Nun-

311 1303 445 1375 quid
493 1310 655 1356 antea
700 1300 804 1355 fuit
842 1301 1031 1368 homo,
1088 1311 1142 1356 et
1187 1302 1292 1358 hoc
1319 1302 1369 1357 ei
1400 1303 1672 1374 singulare
1708 1303 1910 1359 beneﬁ-

309 1395 460 1451 cium
498 1394 803 1464 praestitum
831 1400 933 1460 est,
972 1407 1098 1448 cum
1132 1394 1483 1466 singulariter
1501 1403 1909 1464 promereretur

306 1484 476 1559 781
522 1484 745 1542 Deum?
798 1485 1001 1557 Nempe
1028 1500 1094 1542 ex
1115 1503 1220 1558 quo
1256 1489 1423 1544 homo
1445 1503 1567 1544 esse
1588 1489 1774 1559 erepit,
1799 1504 1907 1544 non

308 1580 463 1637 aliud
494 1581 659 1652 coepit
680 1594 820 1647 esse,
853 1594 1015 1650 quam
1043 1578 1139 1636 Dei
1186 1578 1384 1645 Filius,
1438 1588 1494 1635 et
1530 1582 1634 1636 hoc
1677 1582 1903 1652 unicus;

307 1681 365 1730 et
385 1682 611 1746 propter
657 1674 828 1728 Deum
860 1672 1123 1739 Verbum,
1179 1674 1325 1743 quod
1352 1673 1444 1727 illo
1488 1683 1741 1744 suscepto
1773 1688 1904 1730 caro

2007 472 2096 526 illa
2124 468 2309 528 ’virum
2336 490 2442 529 non
2475 484 2847 547 cognosceret,
2880 475 3157 547 respondit
3188 476 3407 547 angelus
3434 495 3447 531 :
3477 476 3600 550 Spi-

2006 565 2142 620 ritus
2164 575 2376 621 sanctus
2406 569 2725 638 superveniet
2746 569 2799 621 in
2822 577 2888 633 te,
2934 578 2983 625 et
3016 570 3179 624 virtus
3209 567 3466 625 Altissimi
3502 570 3598 626 tb-

2007 659 2271 714 umbrabit
2296 661 2412 726 tibi,
2437 660 2654 731 ideoque
2676 672 2722 715 et
2745 662 2885 732 quod
2924 671 3166 717 nascetur
3189 678 3253 716 ea:
3277 672 3326 717 te
3355 672 3600 719 sanctum

2008 749 2276 805 vocabitur
2316 749 2490 806 Filius
2515 751 2613 806 Dei
2640 772 2659 804 ι
2698 750 2848 824 (Luc.
2875 770 2916 820 ι,
2943 753 3055 826 35).
3088 755 3156 809 Et
3178 764 3301 825 post
3341 770 3514 826 pauca
3545 754 3600 808 in

2008 842 2199 896 eodem
2256 843 2491 912 capitulo
2520 864 2527 873 ’
2561 862 2580 894 ι
2616 841 2876 910 Proinde,
2928 845 3069 900 sicut
3108 846 3452 911 confitemur,
3493 845 3601 901 Do—

2009 934 2189 989 minus
2210 943 2397 989 noster
2421 934 2579 990 Jesus
2602 932 2871 1000 Christus,
2899 937 2990 1005 qui
3026 937 3091 990 de
3112 938 3222 991 Deo
3248 937 3416 1003 "Deus,
3438 937 3602 993 homo

2004 1020 2189 1080 autem
2218 1034 2377 1081 natus
2396 1035 2487 1082 est
2513 1027 2579 1082 de
2608 1024 2816 1096 Spiritu
2865 1034 3055 1081 sancto
3084 1036 3138 1082 et
3164 1028 3375 1099 virgine
3405 1026 3599 1094 Maria,

2008 1127 2237 1189 utraque
2261 1119 2582 1184 substantia,
2637 1119 2816 1174 divina
2852 1118 3061 1174 scilicet
3116 1128 3276 1189 atque
3324 1120 3596 1186 humana;

2006 1210 2178 1267 Filius
2203 1221 2288 1268 est
2314 1214 2505 1268 unicus
2546 1211 2647 1268 Dei
2688 1212 2870 1267 Patris
2921 1213 3329 1285 omnipotentis,
3379 1213 3445 1268 de
3495 1227 3592 1284 quc

2006 1306 2253 1375 procedit
2305 1306 2541 1377 Spiritus
2570 1315 2811 1364 sanctus.
2851 1328 2869 1360 ι
2902 1304 3029 1363 Mox
3082 1308 3482 1378 subsequenter
3527 1307 3586 1362 de

2009 1401 2198 1455 eadem
2226 1401 2398 1472 gratia
2428 1410 2645 1458 secutus
2671 1403 2782 1457 ait:
2816 1422 2833 1454 ‹
2880 1402 2959 1459 Ac
2988 1404 3067 1458 sic
3098 1403 3153 1458 in
3180 1411 3386 1457 naturae
3408 1405 3572 1458 huma
3596 1432 3600 1445 ς

2009 1508 2092 1547 na:
2121 1493 2467 1563 susceptione
2506 1494 2662 1549 ﬁeret
2702 1495 3101 1564 quodammodo
3144 1495 3258 1564 ipsa
3309 1494 3483 1566 gratia
3522 1493 3599 1555 illi

2008 1586 2216 1641 homini
2247 1586 2532 1652 naturalis,
2590 1602 2710 1657 quae
2754 1587 2960 1641 nullum
2990 1595 3276 1658 peccatum
3300 1587 3475 1658 possit
3504 1586 3605 1642 ad-

2010 1678 2230 1732 mittere
2259 1696 2273 1732 :
2300 1692 2419 1747 quae
2440 1679 2611 1749 gratia
2638 1687 2927 1750 propterea
2957 1694 3055 1749 per
3077 1678 3336 1751 Spiritum
3357 1686 3602 1733 sanctum

308 1741 517 1825 factum
556 1779 661 1831 est,
690 1769 875 1837 utique
902 1769 1046 1823 Deus
1073 1782 1087 1821 :
1115 1776 1175 1822 ut
1197 1741 1665 1838 quemadmodum
1678 1770 1773 1823 est
1798 1784 1905 1823 una
1938 1741 1985 1811 Β
2012 1767 2192 1823 fuerat
2233 1741 2609 1841 sighiﬁcanda,
2640 1741 2789 1840 -quia
2815 1770 2928 1839 ipse
2953 1741 3170 1849 proprie
3199 1770 3279 1825 sic
3327 1777 3411 1824 est
3434 1768 3601 1833 Deus,

306 1879 545 1933 persona
592 1863 818 1933 quilibet
861 1863 1045 1926 homo,
1098 1864 1276 1916 anima
1306 1861 1513 1917 scilicet
1546 1862 1828 1917 rationalis
1854 1871 1911 1918 ct

305 1970 462 2019 caro,
488 1954 571 2011 ita
590 1953 667 2015 sit
694 1952 940 2010 Christus
961 1969 1068 2011 una
1084 1969 1336 2023 persona,
1374 1953 1611 2011 Verbum
1640 1962 1696 2009 et
1723 1953 1906 2011 homo.

308 2043 468 2103 Unde
507 2053 720 2099 naturae
772 2044 1021 2099 humanae
1068 2051 1219 2099 tanta
1266 2044 1457 2115 gloria,
1498 2044 1662 2100 nullis
1708 2059 1912 2115 praece-

306 2137 565 2191 dentibus
589 2136 819 2201 meritis,
848 2136 965 2191 sine
990 2136 1322 2192 dubitatione
1344 2138 1615 2208 gratuita,
1653 2138 1757 2195 nisi
1784 2139 1911 2217 quia

307 2244 509 2299 magna
533 2228 622 2283 hic
646 2236 701 2283 et
730 2226 843 2283 sola
863 2227 956 2281 Dei
979 2228 1174 2298 gratia,
1218 2228 1448 2283 ﬁdeliter
1480 2236 1533 2283 et
1574 2229 1755 2284 sobrie
1782 2244 1912 2284 eon-

304 2320 679 2376 siderantibus
729 2321 1007 2376 evidenter
1031 2321 1355 2386 ostenditur,
1394 2330 1455 2375 ut
1481 2321 1789 2391 intelligant
1816 2323 1913 2378 bo—

240 2433 251 2439 '
304 2414 490 2489 mines
512 2428 612 2483 per
641 2413 888 2467 eamdem
920 2412 1149 2482 gratiam
1182 2428 1239 2467 se
1260 2412 1551 2483 justiﬁcari
1580 2428 1610 2466 a
1645 2414 1909 2481 peccatis,

303 2517 411 2576 per
438 2518 603 2573 quam
630 2502 831 2557 factum
859 2510 940 2557 est
970 2498 1211 2559 uthomo
1230 2498 1709 2565 Christusﬁullum
1730 2511 1914 2571 posset

315 2593 527 2650 habere
552 2601 858 2664 peccatum.
899 2613 917 2644 ι

384 2684 552 2740 LXX.
575 2685 692 2741 Non
710 2701 835 2741 eum
857 2693 981 2740 ante
1006 2684 1144 2739 dixit
1163 2685 1248 2740 vel
1264 2693 1583 2754 conceptum
1604 2685 1686 2741 vel
1704 2696 1910 2753 natum,

310 2787 369 2843 et
394 2787 523 2832 tunc
556 2792 655 2851 per
680 2778 909 2849 gratiam
945 2776 1287 2846 adoptionem
1317 2778 1610 2846 accepisse,
1644 2786 1705 2841 ut
1742 2778 1913 2833 Filius

314 2868 411 2922 Dei
452 2877 624 2933 esset;
659 2868 753 2923 sed
784 2882 907 2921 mox
938 2865 993 2920 in
1023 2866 1140 2943 ipso
1177 2875 1443 2937 conceptu
1464 2876 1517 2921 et
1534 2868 1590 2921 in
1608 2868 1725 2937 ipso
1752 2876 1912 2937 partu

314 2957 489 3012 Deum
549 2972 669 3013 esse
714 2971 905 3013 verum
940 2966 995 3011 et
1042 2956 1325 3012 hominem
1378 2970 1567 3012 verum
1617 2967 1825 3025 natum,
1861 2967 1915 3013 et

310 3051 516 3106 Filium
544 3051 711 3107 Deum
741 3051 949 3124 [Forte.
983 3049 1109 3123 Dei]
1166 3065 1375 3117 verum,
1418 3051 1613 3107 ethoc
1667 3052 1907 3106 unicum.

314 3144 499 3211 Quare
536 3147 777 3210 unicum,
824 3146 867 3200 si
905 3144 1189 3213 adoptivus
1210 3151 1314 3209 est,
1345 3145 1484 3200 sicut
1512 3151 1566 3197 et
1610 3145 1756 3199 nos?
1786 3143 1913 3200 ‘Uti-

313 3258 425 3313 quc
459 3242 586 3312 quia
618 3240 825 3311 maiore
860 3240 1193 3311 proprietate
1243 3238 1412 3295 Filius
1462 3248 1545 3294 est
1592 3238 1720 3302 Dei,
1747 3255 1906 3310 quam

311 3350 438 3399 nos,
467 3334 558 3405 qui
585 3350 770 3389 sumus
784 3333 1149 3403 prmveniente
1172 3334 1343 3405 gratia
1381 3330 1620 3403 adoptivi
1644 3332 1765 3387 Filii
1794 3333 1909 3388 Dei.

311 3408 440 3479 Mox
467 3426 603 3479 idem
633 3424 797 3480 Pater
834 3425 888 3478 in
932 3424 1123 3483 eodem
1162 3424 1398 3494 capitulo
1443 3425 1765 3479 subsecutus
1798 3423 1910 3477 ait:

323 3533 342 3565 ‹
392 3512 489 3567 Sic
512 3523 563 3568 et
593 3512 707 3581 ejus
744 3522 987 3575 matrem
1024 3513 1247 3585 angelus
1293 3513 1567 3580 salutavit,
1620 3512 1835 3583 quando
1862 3513 1912 3568 ei

315 3590 562 3658 futurum
586 3605 855 3660 nuntiavit
884 3606 1030 3661 hunc
1052 3613 1267 3674 partum
1301 3623 1314 3658 :
1350 3604 1472 3669 Ave,
1524 3604 1720 3674 inquit,
1743 3605 1913 3675 gratia

314 3694 493 3765 plena.
551 3694 614 3749 Et
632 3696 799 3765 paulo
821 3704 945 3768 post
990 3714 1001 3749 :
1044 3694 1299 3750 Invenisti
1327 3737 1341 3760 ,
1373 3696 1467 3760 ait,
1510 3696 1738 3767 gratiam
1771 3696 1915 3766 apud

314 3776 489 3840 Deum
526 3786 678 3858 (Luc.
722 3788 879 3854 1,28,
916 3786 1035 3860 '50).
1070 3787 1142 3842 Et
1186 3787 1401 3858 quidem
1443 3786 1613 3857 gratia
1636 3785 1816 3856 plena,
1859 3794 1915 3841 et

314 3877 598 3935 invenisse
616 3882 849 3950 gratiam
874 3882 1013 3951 apud
1044 3881 1210 3935 Deum
1232 3878 1445 3941 dicitur,
1475 3886 1536 3932 ut
1562 3876 1776 3932 Domini
1808 3880 1912 3946 sui,

311 3967 432 4023 imo
478 3969 693 4024 Domini
737 3972 975 4025 omnium
1010 3979 1184 4025 mater
1225 3977 1389 4025 esset.
1442 3967 1519 4022 De
1566 3968 1682 4037 ipso
1732 3975 1913 4023 autem

314 4060 543 4117 Christo
588 4061 822 4119 ioannes
850 4067 1182 4137 evangelista
1223 4082 1346 4121 cum
1401 4063 1625 4121 dixisset
1658 4062 1749 4117 :Et
1784 4061 1914 4118 Vere

316 4153 442 4207 bum
474 4166 597 4209 caro
625 4156 823 4226 [aetum
839 4167 937 4224 est,
966 4168 1013 4212 et
1045 4158 1295 4213 habitavit
1316 4157 1371 4211 in
1395 4157 1563 4221 nobis,
1599 4164 1647 4209 et
1664 4155 1911 4221 vidimus,

314 4248 518 4316 inquit,
564 4249 784 4319 gloriam
817 4251 953 4321 ejus,
976 4251 1205 4323 gloriam
1236 4250 1388 4323 quasi
1443 4248 1699 4319 unigeniti
1737 4265 1769 4301 a
1808 4244 1917 4301 Ῥα-

313 4344 416 4400 tre,
472 4337 681 4407 plenum
719 4340 904 4409 gratia:
943 4350 990 4395 e't
1022 4342 1251 4395 veritatis
1284 4339 1473 4413 (Joan.
1508 4356 1550 4406 ι,
1584 4337 1706 4411 «14).
1754 4336 1913 4405 Quod

2010 1868 2070 1914 ut
2104 1860 2319 1915 dicatur
2342 1861 2506 1915 etiam
2529 1859 2627 1914 Dei
2654 1861 2875 1915 donum.
2906 1881 2928 1915 ι

2080 1948 2265 2017 LXXI.
2285 1950 2453 2022 Igitur
2482 1951 2529 2007 si
2552 1950 2727 2009 sancti
2744 1950 2968 2023 7[Forte,
2994 1952 3239 2025 sanctus]
3262 1952 3520 2024 Spiritus,
3534 1960 3606 2008 ut

2011 2042 2115 2097 iste
2142 2041 2521 2096 sanctissimus
2559 2041 2723 2098 Pater
2742 2051 3095 2113 protestatur,
3126 2044 3220 2098 Dei
3244 2045 3446 2099 donum
3498 2054 3599 2111 est,

2000 2134 2155 2199 totae
2175 2135 2279 2189 hoc
2309 2135 2450 2195 dono
2477 2150 2545 2189 ex
2571 2134 2740 2195 Maria
2769 2137 2981 2207 virgine
3027 2149 3187 2195 natus
3207 2149 3291 2195 est
3342 2140 3604 2197 Dominus

2012 2235 2197 2279 noster
2225 2223 2382 2280 Jesus
2403 2224 2671 2292 Christus,
2715 2241 2877 2299 quem
2929 2227 3219 2299 Apostolus
3252 2233 3481 2302 gratiam
3507 2232 3605 2287 Dei

2010 2333 2118 2373 non
2172 2317 2438 2373 dubitavit
2494 2320 2795 2386 nominare,
2846 2319 2990 2375 unde
3036 2320 3127 2375 hic
3171 2321 3389 2391 adoptio
3425 2332 3608 2392 potest

2012 2407 2294 2471 accedere,
2322 2408 2449 2462 dum
2465 2406 2552 2462 ille
2572 2416 2864 2480 conceptus
2884 2410 2949 2464 de
2970 2409 3081 2465 Deo
3107 2411 3161 2466 in
3174 2411 3342 2467 Deum
3358 2412 3609 2481 proﬁcie—

2006 2498 2140 2554 bat?
2158 2497 2291 2555 Cum
2316 2498 2460 2559 Deus
2480 2509 2565 2558 est
2595 2498 2831 2572 Spirhus
2853 2492 3093 2569 sanctus,
3137 2519 3245 2557 una
3273 2505 3389 2559 htec
3421 2503 3607 2577 [Forte

2013 2590 2361 2662 supplendum
2393 2592 2471 2664 in]
2502 2603 2690 2648 sancta
2718 2594 2984 2650 Trinitate
3022 2610 3254 2665 persona
3305 2596 3531 2667 aequalis
3552 2606 3608 2652 et

2015 2685 2494 2740 consubstantialis
2533 2687 2681 2744 Patri
2712 2694 2767 2740 et
2790 2687 2929 2743 Filio
2972 2703 3071 2759 per
3099 2689 3300 2743 omnia.
3353 2688 3464 2744 Nec
3510 2688 3608 2743 ali—

2008 2775 2144 2843 quid
2189 2784 2312 2830 ante
2349 2774 2452 2829 fuit
2479 2777 2641 2832 homo
2674 2777 2783 2845 ille,
2835 2786 3122 2849 antequam
3158 2768 3424 2845 Deus,ut
3477 2782 3608 2835 ado—

2015 2866 2155 2936 ptari
2182 2866 2354 2935 possit
2391 2866 2447 2921 in
2492 2865 2590 2921 Dei
2619 2866 2814 2921 Filium
2848 2887 2859 2921 :
2888 2869 3053 2922 veluti
3087 2852 3187 2924 nos
3232 2879 3357 2925 ante
3401 2870 3605 2926 fuimus

2017 2958 2110 3012 ﬁlii
2140 2958 2252 3023 irae,
2281 2960 2455 3029 gratia
2504 2958 2681 3014 divina
2718 2960 3080 3030 praeveniente
3132 2960 3262 3017 facti
3294 2978 3480 3017 sumus
3503 2978 3604 3033 per

2017 3048 2360 3119 adoptionem
2389 3050 2481 3105 ﬁlii
2517 3050 2647 3117 Dei;
2686 3050 2912 3108 sedfiste
2932 3054 3118 3107 statim
3157 3054 3253 3108 Dei
3283 3053 3451 3110 Filius
3472 3071 3603 3129 eon-

2016 3148 2207 3209 ceptus
2259 3148 2345 3196 est
2388 3142 2441 3195 in
2492 3151 2726 3211 utraque
2746 3151 2970 3210 namra,
3015 3144 3157 3200 sicut
3206 3138 3607 3203 evidentissime

2016 3234 2118 3289 istc
2169 3234 2426 3305 praefatus
2482 3235 2669 3291 doetor
2704 3244 2931 3292 testatus
2968 3244 3084 3304 eSt;
3118 3246 3178 3293 ut
3196 3238 3604 3296 eertissimein-

2016 3326 2290 3397 telligatur
2344 3342 2451 3381 non
2496 3328 2675 3382 omnia
2723 3329 2966 3399 adoptari
3017 3330 3070 3383 in
3112 3329 3310 3385 Filium
3342 3347 3461 3401 quae
3506 3346 3604 3403 per

2017 3419 2247 3491 gratiam
2286 3419 2595 3486 adveniant,
2651 3436 2753 3476 nec
2792 3421 2940 3476 idem
2971 3437 3091 3477 esse
3120 3423 3351 3493 gratiam
3380 3431 3435 3478 et
3470 3424 3603 3485 ado-

2017 3508 2255 3577 ptionem
2277 3521 2375 3576 per
2401 3508 2602 3562 omnia.
2630 3506 2769 3563 Nam
2798 3509 3023 3593 quilibet
3051 3511 3215 3565 homo
3242 3511 3378 3565 duos
3397 3510 3607 3564 habens

2018 3597 2158 3652 ﬁlios
2204 3614 2369 3652 unum
2408 3606 2585 3668 potest
2636 3614 2735 3670 per
2786 3602 3016 3672 gratiam
3047 3600 3149 3656 sibi
3202 3600 3383 3655 facere
3434 3600 3607 3656 haere-

2016 3690 2170 3755 dem;
2209 3705 2315 3745 non
2368 3701 2547 3745 tamen
2575 3691 2886 3762 adoptivum
2936 3700 3113 3763 potest
3161 3708 3283 3749 eum
3333 3691 3512 3748 facere
3551 3692 3607 3747 in

2019 3781 2212 3847 ﬁlium,
2268 3781 2359 3852 qui
2414 3781 2577 3854 782
2638 3784 2902 3839 naturalis
2948 3791 3033 3839 est
3068 3786 3116 3840 ei
3166 3784 3328 3840 ﬁlius.
3372 3783 3610 3840 Sanctus

2014 3870 2204 3941 itaque
2251 3871 2419 3926 David
2468 3872 2674 3927 multos
2730 3872 2921 3927 habuit
2977 3874 3256 3929 naturales
3306 3872 3463 3937 ﬁlios,
3509 3870 3606 3927 sed

2012 3960 2392 4016 tantummodo
2434 3959 2781 4017 Salomonem
2820 3963 3075 4033 singulari
3111 3965 3284 4035 gratia
3340 3963 3471 4018 fecit
3498 3961 3604 4019 sibi

2014 4050 2289 4106 haeredem
2326 4054 2507 4122 regni,
2565 4067 2670 4107 non
2701 4068 2798 4123 per
2848 4056 3190 4125 adoptionem
3238 4053 3427 4119 ﬁlium,
3477 4055 3604 4126 quia

2018 4143 2273 4213 prop-rius
2296 4143 2359 4197 rei
2380 4144 2591 4198 exstitit
2611 4143 2769 4200 ﬁlius.
2822 4146 2955 4200 Item
2982 4155 3160 4216 potest
3186 4146 3411 4217 quilibet
3439 4147 3605 4204 homo

2016 4246 2188 4290 unum
2208 4235 2418 4290 habere
2434 4236 2720 4308 proprium
2750 4237 2941 4303 ﬁlium,
2974 4247 3029 4294 et
3051 4240 3198 4294 hunc
3224 4239 3558 4309 unigenitum
3586 4258 3600 4305 ;

2017 4326 2472 4402 piures-veroper
2518 4333 2859 4403 adoptionem
2912 4334 3053 4390 ﬁlios
3108 4335 3312 4391 habere
3378 4342 3599 4406 potest:

313 4429 393 4481 ait
422 4447 433 4481 ;
474 4427 695 4483 Verbum
721 4450 842 4487 σανο
877 4434 1075 4504 facium
1101 4444 1195 4498 εει,
1214 4435 1326 4488 hoc
1349 4441 1432 4489 est
1451 4433 1669 4504 plenum
1702 4432 1909 4503 gratia.
1944 4457 1996 4519 υ
2018 4423 2169 4480 illum
2190 4436 2388 4489 tinum,
2417 4427 2509 4496 qui
2538 4436 2621 4482 est
2652 4427 2960 4499 unigenitus
2982 4437 3037 4483 et
3073 4430 3289 4495 unicus,
3332 4428 3601 4484 btcredem

315 4518 472 4585 Quod
497 4520 574 4574 ait
599 4518 1144 4596 :Gloriam-unigeniti
1182 4524 1421 4586 a’Patre,
1446 4523 1808 4594 boc‘plenum
1834 4530 1916 4578 est
1948 4517 1968 4519 θ
2019 4518 2120 4573 sibi
2158 4517 2375 4574 iaciens
2417 4520 2648 4589 quadam
2695 4519 2928 4575 naturali
2976 4520 3273 4575 directione
3296 4528 3351 4576 ct
3408 4521 3602 4591 gratia.

314 4612 589 4665 veritatis.
636 4614 856 4669 ‘Veritas
886 4616 1083 4687 quippe
1113 4617 1227 4686 ipsa
1263 4615 1695 4687 unigenitus'Dei
1745 4613 1915 4669 Filius
2017 4600 2164 4663 nulla
2218 4622 2350 4664 vero
2399 4611 2704 4687 adoptione,
2752 4612 2893 4666 sicut
2948 4622 3190 4667 caeteros.
3230 4613 3313 4666 ‘Ita
3361 4613 3605 4681 omnipo-

316 4698 425 4756 non
486 4704 683 4772 gratia,
737 4706 832 4761 sed
879 4716 1091 4763 natura.
1131 4707 1316 4763 Gratia
1366 4706 1595 4777 suscipit
1640 4705 1913 4761 hominem
2019 4711 2139 4757 tens
2164 4700 2330 4756 Pater
2354 4700 2641 4757 Dominum
2661 4712 2907 4757 nostrum
2948 4700 3131 4757 Iesum
3174 4700 3450 4758 Christum
3481 4704 3603 4759 uni-

316 4798 470 4847 tanta
500 4796 708 4851 unitate
733 4814 1000 4868 personae,
1042 4808 1100 4854 ut
1142 4800 1285 4855 idem
1308 4800 1421 4869 ipse
1450 4806 1594 4853 esset
1620 4798 1785 4852 etiam
1818 4797 1916 4850 ho-
2018 4794 2329 4849 Cumlhabet
2350 4793 2545 4848 Filium
2567 4801 2623 4848 et
2642 4794 3290 4865 unigenitum,~h:eredem
3304 4797 3601 4866 proprium,

314 4883 485 4939 minis
526 4885 716 4941 Filius.
772 4888 919 4943 Idem
948 4905 1179 4959 namque
1242 4888 1401 4944 .lcsus
1448 4887 1699 4943 Christus
1743 4885 1913 4941 Filius
2018 4889 2087 4943 ad
2114 4889 2273 4958 quem
2295 4886 2499 4942 dieium
2534 4894 2617 4940 est
2643 4904 2658 4918 -
2686 4883 2911 4940 Postulo
2934 4904 2965 4940 a
2987 4903 3090 4951 me,
3118 4897 3169 4941 et
3189 4887 3325 4941 dabo
3356 4887 3449 4941 tibi
3480 4905 3602 4959 gen-

314 4970 414 5032 Dei
464 4978 795 5049 unigenitus,
834 4982 971 5036 idem
1001 4984 1193 5038 unicus
1218 4981 1485 5038 Dominus
1527 4989 1713 5037 noster
1756 4987 1918 5034 natus
2020 4989 2093 5033 tes
2116 4978 2484 5033 hereditatem
2516 4987 2660 5031 tuam
2687 4987 2734 5031 et
2761 4978 3135 5048 possessionem
3163 4987 3305 5032 tuam
3355 4981 3602 5032 terminos

317 5078 402 5125 σοι
431 5071 501 5125 de
554 5071 763 5141 Spiritu
814 5084 1006 5132 sancto
1048 5091 1118 5131 ex
1147 5077 1357 5148 virgine
1382 5076 1571 5131 Maria.
1623 5075 1693 5130 Et
1720 5074 1916 5146 utique
2016 5076 2177 5123 terra:
2207 5066 2381 5141 (Ρεαι.
2422 5082 2481 5131 ιι,
2528 5065 2613 5138 ‘8).
2652 5064 2932 5121 Nos-vero
2984 5067 3296 5123 cohaeredes
3325 5069 3603 5138 unigenito

319 5162 561 5234 Spiritus
614 5177 837 5224 sanctus
872 5169 969 5225 Dei
1026 5170 1227 5226 donum
1260 5178 1363 5237 est,
1403 5171 1547 5241 quod
1596 5168 1814 5240 quidem
1857 5174 1914 5222 et
2016 5175 2119 5216 suo
2180 5159 2326 5222 fecit,
2360 5158 2503 5213 sicut
2524 5157 2602 5211 ait
2643 5156 2972 5227 Apostolus:
3000 5159 3249 5214 eredes
3277 5160 3396 5226 Dei,
3439 5161 3601 5219 colica.

318 5255 499 5327 ipsum
526 5262 838 5332 estzequale
878 5264 1137 5332 donanti;
1176 5273 1232 5321 et
1261 5266 1383 5321 ideo
1420 5265 1566 5320 Deus
1620 5270 1704 5319 est
1749 5261 1914 5316 etiam

317 5344 559 5418 Spiritus
578 5361 819 5419 sanctus,
872 5355 1032 5412 Patre
1056 5355 1309 5428 Filioque
1336 5373 1443 5412 non
1476 5357 1671 5412 minor.
1704 5354 1785 5408 Ex
1811 5353 1918 5408 hoc

315 5452 471 5509 erga,
502 5443 648 5512 quod
666 5444 743 5499 de
768 5444 973 5516 Spiritu
999 5459 1190 5503 sancto
1220 5459 1301 5503 est
1322 5449 1619 5504 secundum
1640 5445 1914 5501 hominem

316 5532 579 5589 nativitas
622 5535 848 5605 Christi,
898 5540 1025 5609 quid
1065 5541 1210 5597 aliud
1248 5557 1407 5611 quam
1451 5543 1565 5612 ipsa
1615 5540 1785 5611 gratia
1824 5538 1917 5592 de-

318 5634 679 5687 tnonmatur.
720 5632 864 5688 Cum
891 5635 1032 5689 enim
1061 5637 1217 5707 virgo
1248 5635 1585 5705 quaesivisset
1608 5634 1676 5688 ab
1699 5630 1908 5703 angelo,

2019 5252 2167 5308 πάθε
2204 5261 2391 5305 autem
2446 5249 2640 5304 Christi
2673 5248 2844 5321 (Rom.
2886 5265 3015 5315 vni,
3064 5250 3177 5322 ΓΙ).
3227 5250 3368 5306 Dicit
3418 5252 3601 5321 itaque

2021 5345 2311 5417 ApOStolus
2361 5352 2415 5398 et
2444 5343 2496 5397 in
2544 5342 2649 5397 alio
2669 5342 2788 5397 loco
2816 5341 3047 5397 :‘Gratia
3077 5346 3214 5399 enim
3258 5344 3473 5398 Domini
3509 5359 3601 5395 no-

2018 5440 2116 5494 stri
2160 5437 2288 5493 Iesu
2332 5436 2528 5491 Christi
2573 5444 2621 5490 et
2671 5436 2898 5490 charitas
2942 5435 3038 5489 Dei
3089 5447 3134 5490 et
3199 5435 3599 5491 communicatio

2017 5534 2185 5589 sancti
2227 5531 2458 5602 Spiritus
2484 5531 2550 5583 sit
2580 5545 2696 5582 cum
2722 5529 2957 5583 omnibus
3010 5529 3153 5582 nobis
3197 5529 3280 5600 (II
3322 5526 3441 5582 Cor.
3475 5541 3599 5595 ati',

2021 5626 2131 5699 i5).
2174 5623 2591 5680 Evidentissime
2615 5622 2795 5693 itaque
2847 5622 3029 5676 in‘hoc
3052 5621 3167 5676 loco
3190 5635 3435 5691 persona:
3465 5635 3595 5678 sano

390 5750 423 5782 ⁸
463 5740 522 5799 S.
576 5744 739 5819 Aug.,
772 5746 1055 5805 'Enchirid.
1123 5748 1188 5804 de
1238 5745 1359 5813 ﬁde,
1402 5758 1506 5816 spe
1548 5753 1603 5801 et
1650 5743 1915 5799 charitate
1952 5758 2069 5815 cap.
2104 5742 2373 5837 56etseq.
