4072 6346
521 264 624 328 ΗΘ

1371 284 1431 342 Β,
1472 286 1535 343 F.
1571 288 1792 348 ALBlNl
1832 291 1962 351 SEU
2001 292 2275 352 ALCUINI
2311 294 2595 358 OPERUM
2632 300 2810 362 PARS
2844 303 2930 362 Ill.

3671 302 3778 366 Δία

519 394 619 441 ctae.
658 385 941 449 Trinitatis
969 394 1263 468 assignavit
1302 396 1450 471 [Leg.
1504 401 1638 471 forte
1675 405 2081 479 designantur];
2114 412 2162 471 Α
2259 410 2465 470 LXXII.
2491 414 2624 473 Item
2642 417 2835 475 beatus
2857 418 3190 491 Augustinus
3210 412 3266 476 in
3287 417 3510 477 homilia
3537 420 3778 491 quadam

517 479 747 545 gratiam
776 498 904 539 vero
929 485 1048 542 Filii
1092 504 1335 558 persona:
1374 492 1632 561 adjunxit,
1672 506 1726 552 et
1777 501 2096 557 charitatem

514 580 759 634 personm
775 572 953 630 Patris
979 578 1290 649 assignavit,
1321 590 1371 638 et
1400 587 1940 645 communicationem
1970 590 2094 661 Spi-

514 661 641 717 ritui
685 675 873 724 sancto
924 671 1210 742 delegavit.
1269 674 1327 732 Si
1356 687 1574 749 propter
1625 684 1854 753 gratiam
1881 684 1970 740 isti
1994 703 2095 757 pu-

513 759 629 808 tant
678 755 847 814 Deum
879 763 1150 820 hominem
1184 772 1477 826 secundum
1531 774 1922 833 humanitatem
1971 795 2093 837 esse

513 844 854 915 adoptivum;
902 862 956 907 et
979 855 1270 925 Apostolus
1320 863 1553 930 gratiam
1578 865 1701 923 Filii
1721 885 1968 939 persona:
1997 888 2088 929 as-

510 935 758 1005 signavit,
793 950 906 997 tum
927 943 1048 1001 Filii
1076 963 1321 1018 personae
1342 953 1429 1009 ille
1456 956 1637 1025 homo,
1669 935 1761 1031 qui
1789 962 1855 1017 de
1883 964 2092 1036 virgine

506 1038 666 1086 natus
691 1042 795 1099 est,
829 1037 1113 1110 adoptivus
1136 1052 1239 1099 est.
1298 1046 1367 1101 Et
1404 1049 1525 1119 quis
1551 1052 1655 1108 hoc
1705 1057 1867 1112 audet
1909 1058 2088 1115 dicere

503 1122 589 1177 vel
624 1127 880 1185 credere?
925 1131 1091 1202 Igitur
1111 1152 1211 1193 nec
1246 1148 1471 1211 propter
1518 1147 1941 1217 assumptionem
1975 1151 2087 1223 [as-

502 1221 844 1296 sumptionis]
894 1230 1123 1296 gratiam
1177 1243 1355 1303 potest
1402 1237 1570 1295 Filius
1614 1242 1840 1311 virginis
1880 1221 2088 1316 adopti-

500 1323 600 1363 vus
628 1325 766 1368 esse.
828 1315 966 1382 Quid
991 1320 1154 1391 igitur
1181 1329 1470 1385 tenendum
1502 1340 1606 1397 est,
1637 1334 1741 1389 nisi
1771 1344 1831 1390 ut
1856 1315 2084 1394 omnino

497 1402 751 1496 proprius
803 1406 875 1460 sit
907 1407 1077 1468 Filius
1131 1413 1242 1471 Deo
1298 1418 1447 1475 Patri
1477 1422 1533 1476 in
1579 1432 1809 1496 utraque
1849 1429 2086 1484 natura?

500 1484 653 1545 Sicut
704 1491 847 1550 Deus
898 1513 1058 1557 verus
1084 1513 1186 1568 est,
1237 1509 1328 1577 qui
1352 1517 1513 1567 natus
1540 1528 1607 1568 ex
1632 1515 1973 1585 virgine;ita
2026 1526 2084 1576 et

496 1594 657 1637 verus
681 1583 850 1642 Filius
871 1589 941 1644 sit
962 1590 1072 1649 Deo
1094 1594 1241 1654 Patri
1265 1600 1320 1655 in
1344 1610 1577 1674 utraque
1603 1583 1818 1675 natura,
1844 1611 2082 1670 humana

523 1668 747 1729 imiliter
792 1686 847 1733 et
869 1680 1032 1737 divin.

564 1830 586 1851 ι
630 1808 765 1867 Vide
789 1827 948 1885 supra
968 1832 1120 1876 num.
1152 1822 1239 1879 64.

2105 1767 2157 1829 Β

2198 503 2469 562 Christum
2518 519 2697 565 autem
2744 527 2852 567 non
2879 511 3054 568 solum
3082 512 3382 569 secundum
3414 513 3773 581 divinitatem,

2196 597 2290 651 sed
2311 597 2476 653 etiam
2520 602 2816 657 secundum
2838 603 3226 659 humanitatem
3252 610 3425 658 totum
3448 602 3779 658 altissimum

2194 686 2363 743 Deum
2392 705 2535 746 verae
2561 691 2684 747 ﬁdei
2715 694 3018 750 confitetur.
3068 693 3239 749 Mater
3280 694 3423 749 enim
3465 693 3597 749 Sion
3638 693 3780 748 dicet

2191 777 2346 833 homo
2374 788 2421 834 et
2446 780 2601 835 homo
2631 781 2803 851 factus
2842 792 2916 837 est
2965 782 3021 836 in
3051 800 3134 848 ea,
3164 793 3210 837 et
3234 782 3341 852 ipse
3368 781 3608 853 fundavit
3658 797 3780 835 eam

2190 870 2489 927 Altissimus
2526 872 2698 944 (Psal.
2743 892 2965 942 ωςιχνι,
3005 875 3082 949 5).
3134 876 3201 930 Ει
3228 890 3443 941 revera,
3477 875 3598 946 quis
3643 890 3774 930 eum

2188 962 2528 1020 Altissimum
2576 967 2769 1022 audeat
2795 968 3080 1039 denegare.
3126 967 3259 1022 Item
3285 968 3400 1039 ipse
3442 967 3499 1022 in
3549 967 3783 1038 Exposi-

2192 1057 2337 1113 tione
2383 1073 2546 1130 super
2567 1059 2832 1116 Joannem
2868 1073 2895 1102 ι
2931 1080 2943 1114 :
2982 1079 3001 1112 ι
3049 1060 3237 1117 Nullus
3265 1071 3577 1117 sanctorum
3631 1076 3773 1133 qua-

2188 1148 2322 1205 libet
2347 1152 2658 1221 praestantia
2705 1153 2890 1224 gratia:
2914 1152 3179 1224 unigeniti
3206 1167 3403 1208 nomen
3455 1152 3687 1222 accepit,
3713 1160 3781 1208 ut

2188 1243 2331 1311 quod
2356 1250 2440 1300 est
2467 1244 2644 1314 ipsum
2667 1244 2761 1299 Dei
2794 1246 3033 1301 Verbum
3063 1254 3190 1300 ante
3216 1244 3436 1309 saecla,
3480 1245 3585 1300 hoc
3610 1242 3779 1301 simul

2187 1346 2307 1388 cum
2340 1345 2620 1405 assumpto
2666 1335 2885 1391 homine
2908 1335 3185 1392 diceretur
3202 1346 3259 1392 et
3283 1351 3411 1392 vere
3439 1343 3603 1391 esset.
3648 1333 3782 1392 Sin-

2185 1424 2386 1497 gularis
2433 1441 2564 1498 ergo
2593 1427 2683 1482 illa
2709 1430 2980 1501 susceptio
3005 1445 3106 1486 nec
3142 1445 3268 1486 cum
3302 1429 3616 1485 hominibus
3651 1444 3781 1484 san-

2184 1517 2308 1583 ctis,
2337 1518 2671 1588 quantalibet
2684 1520 2947 1590 sapientia
2967 1536 3031 1575 ac
3058 1521 3346 1577 sanctitate
3363 1519 3774 1592 praestantibus.

2182 1609 2292 1667 ullo
2322 1612 2483 1667 modo
2510 1620 2691 1684 potest
2709 1628 2832 1671 esse
2877 1615 3202 1671 communis.
3238 1634 3258 1667 ι

507 1929 3730 1996 -———____________________________

1384 2124 1546 2199 783
1629 2104 2105 2216 BEATI
2235 2112 2867 2221 ALCUINI

1987 2303 2266 2362 CONTRA

1121 2437 1563 2526 FELICEM
1641 2448 2463 2536 URGELLITANUM
2542 2457 3124 2540 EPISCOPUM

1834 2613 2047 2676 LIBRI
2092 2615 2427 2679 SEPTEM.

932 2800 958 2831 ι
998 2787 1330 2851 EPISTOLA
1367 2794 1596 2854 ALBlNl

915 2896 984 2935 ιι)
1022 2897 1248 2939 εειιεειι
1288 2902 1634 2946 ωειλετιεωί.

1105 2994 1285 3065 (Anno
1311 2998 1459 3072 793.)

2168 2815 2367 2874 magna
2400 2798 2724 2856 humilitatis
2759 2801 3032 2859 charitate
3058 2800 3324 2860 litterulas
3366 2811 3471 2861 tum
3499 2803 3757 2866 laudabI

2170 2893 2449 2965 sapientia:
2469 2892 2706 2966 dirigere
2728 2894 2952 2962 curavi;
2984 2909 3094 2952 non
3122 2898 3521 2955 contentiosum
3538 2900 3758 2973 discepo

2090 3015 2138 3080 ο
2170 2984 2392 3041 tationis
2437 2984 2621 3040 funem
2651 2984 2951 3053 trahentes,
3004 2987 3100 3042 sed
3155 2987 3423 3059 triplicem
3471 2990 3760 3049 charitan's

483 3073 741 3160 nonem,
760 3074 1015 3162 ιιῖςιεεεω.
1035 3092 1095 3162 κς
1142 3086 1418 3141 nom-Mem
1447 3088 1703 3162 ἀροτῆρα,
1752 3092 1981 3162 deum,
2011 3107 2062 3152 ε,
2100 3073 2137 3080 ⁷
2167 3075 2366 3132 Christi
2396 3077 2710 3133 resticulum
2736 3080 3016 3135 trahentes
3042 3120 3056 3146 ,
3083 3081 3176 3151 qui
3223 3081 3599 3153 exploratores
3622 3084 3757 3142 Jesu

549 3148 871 3231 universalis
888 3150 1140 3208 Ecclesia:
1168 3165 1575 3231 sanctorumque
1616 3148 2064 3223 Patrum—docui;

547 3235 671 3273 nam
692 3229 962 3291 sequatur.

546 3333 678 3389 Viro
707 3337 1018 3395 venerando
1037 3348 1093 3395 et
1112 3340 1165 3397 in
1189 3341 1393 3401 Christi
1416 3348 1683 3406 charitate
1705 3353 2059 3414 desiderando

472 3426 637 3484 Felici
664 3430 941 3502 episcopo,
974 3435 1195 3492 humilis
1219 3437 1383 3494 levita
1410 3440 1671 3501 Alcuinus
1697 3445 1948 3504 salutem.

542 3517 584 3574 Ι.
625 3518 744 3576 Non
775 3530 860 3577 est
888 3538 1020 3579 cura
1050 3524 1307 3585 fraterna:
1336 3532 1529 3590 salutis
1549 3538 1702 3606 parvi
1730 3541 2053 3609 pendenda:

470 3621 722 3681 nonest,
771 3618 1011 3686 quandiu
1064 3621 1288 3691 spiritus
1321 3626 1421 3682 hos
1469 3638 1621 3700 regat
1663 3641 1838 3699 artus,
1875 3634 2057 3693 divina

467 3707 835 3777 praeveniente
876 3712 1051 3781 gratia
1102 3715 1323 3773 cuilibet
1364 3722 1648 3777 conversio
1695 3724 2052 3796 desperanda.

470 3799 608 3854 Dum
636 3800 751 3857 haec
777 3801 851 3857 ita
873 3818 930 3859 se
959 3804 1181 3873 habent,
1212 3817 1268 3865 et
1292 3827 1322 3865 a
1346 3814 1562 3869 nemine
1584 3813 1731 3883 juste
1757 3821 2058 3879 contradici

469 3898 667 3959 potest,
706 3905 922 3964 semper
968 3904 1097 3951 sunt
1137 3912 1231 3953 seu
1274 3901 1564 3958 verborum
1593 3904 1880 3964 collatione
1917 3926 2055 3982 pra:-

469 3990 649 4037 seutes
672 3983 1020 4052 admonendi,
1053 4003 1149 4044 seu
1171 3989 1473 4050 litterarum
1494 3997 1781 4053 devotione
1803 4000 2053 4058 absentes

465 4073 811 4139 exhortandi,
841 4084 901 4131 ut
944 4077 1072 4133 hinc
1109 4081 1390 4139 charitatis
1417 4085 1651 4141 cilicium
1680 4102 1837 4144 suam
1866 4101 2050 4148 osten-

464 4163 558 4216 dat
576 4162 915 4222 devotionem
943 4208 958 4233 ,
989 4177 1046 4225 et
1065 4171 1190 4226 inde
1222 4173 1500 4232 humilitas
1519 4182 1825 4237 communis
1854 4182 2051 4241 frater-

463 4251 654 4307 nitatis
678 4268 831 4309 suam
861 4257 1200 4317 demonstret
1225 4263 1607 4325 obedientiam.
1648 4269 1725 4327 llli
1770 4271 2048 4347 Scriptura

2163 3168 2309 3223 Nave
2357 3167 2511 3237 [ϐοά.
2540 3186 2663 3235 ms.,
2692 3169 2821 3227 Jesu
2845 3172 3040 3237 nostri,
3071 3173 3336 3247 mendose]
3382 3176 3451 3232 de
3495 3178 3745 3249 peritura

2160 3258 2358 3314 Herico
2398 3256 2538 3331 [loco
2566 3258 2805 3333 Iericho]
2843 3260 3108 3327 salvavit;
3141 3262 3209 3319 de
3252 3265 3408 3336 cujus
3444 3267 3758 3336 perditione

2159 3364 2259 3405 nos
2287 3351 2494 3421 pariter
2539 3349 2726 3422 fugere
2778 3350 2976 3407 festiue
3027 3353 3345 3424 suppliciter
3379 3356 3661 3425 exhortor,
3697 3367 3759 3416 et

2158 3440 2295 3496 nihil
2323 3442 2389 3498 de
2409 3442 2753 3498 anathemate
2783 3441 2925 3497 illius
2955 3443 3285 3501 desiderare.
3315 3444 3453 3501 Nam
3483 3449 3753 3521 quidquid

2159 3534 2529 3591 doctrinarum
2573 3544 2727 3590 extra
2767 3534 3154 3592 ecclesiasticas
3196 3537 3321 3594 fidei
3356 3547 3412 3594 et
3438 3541 3751 3611 apostolica

2158 3624 2418 3681 doctrina:
2443 3641 2627 3681 muros
2653 3626 2944 3691 invenitur,
2974 3625 3399 3686 Hierichontina:
3423 3634 3748 3702 perditionis

2158 3716 2502 3775 anathemate
2539 3718 2862 3775 tradendum
2900 3727 3004 3776 est.
3037 3705 3398 3794 Quapropter,
3426 3725 3751 3783 charissima

2159 3803 2347 3872 frater,
2371 3814 2424 3863 te
2452 3823 2552 3879 per
2576 3809 2894 3882 sanguinem
2913 3811 3103 3868 salutis
3129 3823 3329 3869 nostra:
3352 3815 3633 3872 humiliter
3650 3817 3750 3874 ob-

2157 3912 2315 3955 secro
2340 3907 2401 3953 nt
2430 3914 2629 3957 caveas
2674 3902 2960 3973 diligenter
2986 3920 3057 3960 ne
3089 3904 3219 3975 quid
3268 3906 3410 3977 apud
3439 3914 3493 3963 te
3521 3910 3746 3966 exuvia-

2156 4005 2277 4045 rum
2302 3992 2528 4063 perdita:
2557 3992 2793 4049 civitatis
2816 3994 3147 4061 inveniatur,
3184 4011 3253 4051 ne
3277 4012 3405 4069 pars
3425 3999 3606 4069 populi
3646 4001 3743 4058 Dei

2153 4091 2377 4154 propter
2421 4084 2826 4154 improbitatem
2877 4088 3040 4144 unius
3087 4089 3361 4157 hominis,
3411 4092 3542 4149 licet
3577 4095 3649 4150 sit
3677 4095 3746 4151 de

2154 4176 2299 4231 tribu
2332 4173 2493 4242 Iuda,
2526 4175 2738 4248 fugiens
2778 4179 2962 4249 praelia
2992 4180 3243 4249 Domini,
3287 4192 3344 4240 et
3380 4187 3587 4241 corruit
3621 4185 3741 4260 [Ρη

2154 4263 2397 4339 corruat]
2421 4281 2606 4322 coram
2629 4267 2876 4325 hostibus
2900 4271 3034 4327 suis.
3061 4272 3335 4346 Recollige
3364 4276 3598 4347 teipsum
3617 4292 3744 4334 cum

462 4356 623 4399 sacra
651 4343 850 4401 clamat
881 4366 893 4401 :
929 4348 1035 4414 Qui
1064 4354 1249 4420 audit,
1290 4357 1433 4413 dicat
1469 4362 1612 4427 veni;
1644 4364 1770 4420 huic
1820 4343 2050 4441 evange-
2076 4383 2127 4443 ι)
2156 4362 2428 4417 consociis
2475 4363 2584 4419 tuis
2612 4364 2669 4418 in
2698 4372 2878 4421 castra
2906 4365 3072 4439 Regis
3099 4370 3341 4439 superni,
3388 4378 3444 4425 et
3470 4371 3516 4426 si
3545 4370 3744 4429 alicubi

460 4434 564 4491 lica
602 4440 897 4495 auctoritas
957 4443 1211 4502 intonat:
1247 4448 1352 4515 Qui
1414 4470 1503 4508 vos
1548 4458 1730 4525 audit,
1770 4478 1853 4517 me
1894 4434 2044 4520 audit

462 4524 613 4597 (Luc.
643 4544 700 4595 x,
754 4531 863 4603 16).
906 4534 1141 4604 Spiritus
1163 4540 1252 4594 ubi
1283 4542 1415 4610 vult,
1467 4548 1658 4617 spirat.
1710 4551 1864 4610 Unde
1891 4562 1947 4611 et
1978 4557 2045 4614 de

456 4628 809 4692 persecutore
840 4623 1004 4682 Saulo
1029 4627 1204 4687 factus
1229 4643 1314 4689 est
1340 4632 1538 4693 Paulus
1562 4643 1900 4711 prredicator.

529 4710 592 4767 Il.
635 4713 777 4770 Olim
804 4731 891 4772 me
920 4718 1097 4789 ipsum
1118 4762 1133 4789 ,
1163 4710 1577 4786 celeberrimam
1604 4740 1709 4789 tuae
1734 4737 2044 4798 sanctitatis

460 4802 686 4860 audiens
712 4804 912 4871 famam
937 4824 1038 4881 per
1064 4816 1351 4884 quemdam
1379 4836 1444 4875 ex
1490 4822 1595 4880 illis
1624 4827 1869 4897 partibus
1890 4846 2043 4901 pres-

455 4893 705 4967 byterum
727 4900 833 4955 tuis
850 4905 1234 4965 sacratissimis
1260 4910 1481 4983 [Supple
1496 4929 1515 4967 :
1540 4893 2041 4981 intercessionibus.

456 4985 634 5045 Codex
658 4991 821 5048 habet
839 4995 1087 5070 cess.]....
1111 5005 1496 5061 commendare
1517 5011 1702 5065 curavi
1724 5012 1776 5078 δ,
1800 5022 1855 5068 et
1882 5028 2044 5085 quem

455 5087 584 5136 tunc
632 5082 798 5141 solius
828 5085 983 5144 fama:
1013 5092 1201 5147 auditu
1230 5111 1415 5153 amare
1441 5103 1759 5170 gestiebam,
1790 5082 1935 5162 nunc
1986 5109 2042 5163 in

455 5170 659 5230 Christi
685 5176 951 5234 charitate
974 5190 1029 5237 et
1050 5185 1332 5245 catholicae
1352 5192 1503 5260 pacis
1529 5195 1737 5251 unitate
1758 5200 2040 5255 ardentius

452 5280 637 5323 amare
656 5269 851 5338 audeo,
871 5281 1067 5344 optans
1087 5276 1160 5332 illi
1183 5288 1401 5337 aeternae
1419 5282 1767 5344 beatitudinis
1788 5289 2035 5360 gloriam,

450 5370 572 5427 quae
611 5360 919 5421 nullatenus
968 5368 1188 5424 cuilibet
1238 5373 1355 5428 sine
1406 5377 1729 5435 universalis
1781 5381 2036 5441 Ecclesiae

450 5460 587 5515 pare
613 5458 667 5505 et
696 5456 985 5512 concordia
1013 5460 1231 5514 evenire
1249 5460 1411 5517 valet.
1447 5464 1599 5521 Unde
1627 5476 1681 5521 et
1710 5467 1810 5523 has
1828 5510 1843 5535 ,
1868 5487 2032 5530 vene.

451 5541 619 5593 rande
671 5539 832 5599 Pater
860 5554 917 5600 et
970 5548 1202 5603 amande
1240 5549 1431 5616 frater,
1478 5554 1881 5625 deprecatorias
1909 5577 2034 5619 cum

521 5647 798 5743 illicest
849 5656 1219 5743 titulus'hujus
1271 5660 1607 5743 epistolarin
1653 5668 1772 5723 cod.
1807 5669 2031 5743 Salisb.,

450 5716 714 5778 hactenus
746 5725 983 5783 incditaz.
1021 5716 1155 5785 Vide
1178 5716 1340 5801 supra
1385 5716 1951 5810 Mouitum'pr‘aeviu-m:

895 5914 927 5925 εκ

2154 4451 2305 4524 lapso
2355 4453 2494 4523 pede
2548 4454 2793 4510 titubasti
2819 4496 2836 4523 ,
2895 4455 3130 4513 reforma
3157 4474 3442 4529 gressum,
3489 4471 3547 4518 et
3572 4469 3654 4517 sta
3682 4461 3740 4520 in

2152 4542 2320 4613 gradu
2350 4551 2447 4599 tuo
2466 4584 2481 4608 ,
2510 4552 2566 4599 et
2606 4542 2824 4600 fortiter
2869 4546 3115 4617 prazliare
3143 4548 3282 4605 bella
3335 4550 3567 4607 Domini.
3600 4552 3741 4610 Ecce

2149 4632 2310 4691 Jesus
2328 4634 2474 4691 levat
2493 4635 2740 4707 clypeum
2762 4646 2889 4692 ante
2913 4646 2985 4694 te.
3014 4638 3310 4696 Revertere
3330 4651 3385 4697 et
3403 4657 3740 4714 persequem-

2152 4734 2234 4781 tes
2263 4734 2315 4782 te
2336 4727 2522 4783 hostes
2551 4727 2823 4783 trucidare
2849 4742 2955 4783 non
2984 4729 3193 4798 desine,
3222 4731 3392 4789 donec
3412 4732 3480 4788 ad
3498 4732 3738 4803 palmam

2151 4817 2392 4873 victoriae
2416 4818 2722 4888 pervenias.

2216 4925 2302 4981 ΙΙΙ.
2345 4925 2464 4981 Non
2504 4934 2586 4982 est
2639 4927 2951 4995 haereticus,
2979 4930 3084 4988 nisi
3113 4948 3181 4989 ex
3209 4936 3575 4993 contentione.
3613 4935 3733 4998 Noli

2148 5020 2476 5074 contendere
2506 5019 2740 5083 frustra;
2767 5019 2938 5077 claret
2950 5024 3097 5080 enim
3116 5027 3428 5098 evangelica
3440 5042 3538 5098 per
3560 5039 3734 5087 totum

2146 5109 2336 5164 orbem
2363 5109 2609 5166 doctrina
2642 5130 2654 5166 :
2684 5114 2825 5170 hanc
2855 5117 3187 5173 unanimiter
3217 5127 3495 5176 teneamus
3517 5130 3574 5177 et
3602 5122 3735 5180 ﬁde.

2146 5198 2273 5253 liter
2292 5200 2666 5269 praedicemus.
2694 5203 2834 5271 Quid
2859 5220 2958 5261 nos
2980 5207 3292 5267 homunculi
3318 5212 3373 5267 in
3398 5211 3505 5267 fine
3525 5214 3730 5282 sreculi,

2146 5289 2533 5362 refrigescentc
2559 5295 2830 5354 charitate
2856 5300 3170 5369 multorum,
3200 5305 3395 5360 melius
3417 5308 3733 5377 excogitare

2143 5382 2463 5450 poterimus,
2491 5399 2654 5454 quam
2685 5395 2745 5441 nt
2783 5396 2893 5444 tota
2919 5392 3088 5447 animi
3134 5395 3434 5452 intentione
3472 5399 3732 5468 apostoli-

2143 5489 2264 5528 cam
2292 5482 2349 5529 et
2374 5476 2744 5547 evangelicum
2784 5482 2931 5536 omni
2960 5483 3085 5538 fidei
3120 5484 3379 5541 firmitate
3412 5496 3468 5541 et
3497 5488 3731 5544 veritate

2143 5582 2435 5639 sequamur
2460 5568 2762 5627 doctrinam
2786 5613 2801 5640 ,
2832 5590 2937 5630 non
2988 5591 3124 5631 nova
3174 5578 3445 5650 ﬁngentes
3470 5581 3727 5647 nomina:

2216 5676 2243 5716 δ
2266 5678 2385 5734 Vid.
2414 5679 2574 5750 epist.
2604 5680 2662 5749 4,
2686 5683 2754 5742 ad
2775 5683 3009 5744 Felicem
3031 5689 3366 5761 episcopum.
