4072 6346
259 326 367 386 121

838 322 1256 383 DOGMA'I'ICA.
1294 356 1365 369 —
1397 326 1556 385 ADV.
1590 323 1884 383 FELICEM
1913 323 2093 381 LIBRI
2131 323 2240 384 VII.
2270 356 2340 368 —
2374 324 2590 382 EPIST.
2632 324 2956 384 PRJEVIE.

3411 332 3518 390 122

258 456 376 499 non
406 440 781 496 inconsuetum
810 436 938 507 quid
967 440 1304 505 proferentes
1323 479 1338 502 ,
1376 454 1482 494 non
1515 439 1717 494 nomini
1743 453 1839 493 no-
1870 443 1915 499 Α
1944 434 2129 498 frater,
2156 438 2394 493 omnium
2420 439 2649 495 ﬁliorum
2689 456 2823 510 quos
2850 441 3097 513 genuisti.
3122 443 3257 499 Tota
3281 457 3514 518 evange-

260 543 385 591 σιω
406 547 504 603 per
531 530 825 586 novitatem
855 527 1148 600 cujuslibet
1183 530 1442 585 doctrinm
1478 546 1670 585 vanam
1715 545 1845 585 cau-

262 630 451 678 tantes
469 620 708 684 laudem,
750 633 817 672 ne
847 618 1188 675 inveniamur
1232 619 1702 690 reprehensibiles,
1753 618 1842 673 ubi

260 712 564 769 laudabiles
589 725 709 765 esse
739 710 1187 768 desideravimus.
1218 713 1545 769 Convertere
1574 712 1627 766 in
1653 725 1746 781 spe
1775 710 1844 766 ad

261 800 435 873 m
464 800 672 855 Domini
722 801 819 858 Dei
866 805 941 859 tui
973 805 1369 860 sanctissimam
1398 803 1759 864 clementiam,
1790 809 1844 855 et

260 887 561 959 deprecare
594 904 721 948 etim
750 893 836 948 die
864 902 1130 962 noctuque
1155 933 1170 959 ,
1200 901 1262 947 ut
1286 902 1555 947 extremos
1581 892 1697 946 dies
1728 890 1844 945 rite

259 991 371 1038 tua:
399 982 455 1036 in
486 981 636 1039 viam
664 984 911 1039 veritatis
934 992 989 1038 et
1014 983 1135 1040 ﬁdei
1166 983 1445 1039 catholica:
1482 997 1670 1053 pacem
1714 996 1846 1037 con-

257 1080 474 1141 vertat,
515 1091 585 1130 ne
614 1076 659 1129 si
710 1083 763 1130 te
812 1075 899 1130 hic
948 1076 1207 1131 sanctitas
1245 1074 1564 1131 universalis
1589 1073 1844 1130 Ecclesiae

260 1176 524 1239 respuat,
566 1167 676 1225 illic
702 1176 755 1222 te
780 1167 833 1221 in
860 1176 1063 1222 aeterna
1104 1182 1237 1237 pace
1263 1168 1464 1222 habere
1486 1166 1839 1222 contradicat.

264 1260 542 1315 Memento
568 1258 891 1314 sententiam
932 1258 1144 1314 Domini
1177 1258 1267 1312 Dei
1299 1258 1519 1322 Christi,
1543 1266 1598 1313 et
1619 1257 1839 1327 privile—

261 1353 412 1421 gium
444 1367 654 1423 magna:
691 1351 1051 1416 auctoritatis,
1081 1350 1224 1420 quod
1254 1365 1364 1405 sua:
1391 1358 1593 1405 sancte
1621 1363 1842 1404 conces-

258 1444 335 1498 sit
365 1442 622 1499 Ecclesim
642 1442 827 1499 dicens
858 1460 869 1495 :
900 1440 1065 1495 Amen
1108 1440 1223 1495 dico
1254 1440 1415 1502 vobis,
1443 1440 1566 1510 quia
1595 1454 1842 1509 qurecun-

254 1550 361 1603 que
377 1533 722 1605 alligaveritis
744 1548 902 1603 super
932 1542 1146 1596 terram,
1171 1540 1320 1585 erunt
1336 1531 1495 1601 ligata
1518 1538 1567 1607 et
1589 1529 1642 1581 in
1664 1530 1838 1595 caelis;

257 1624 308 1680 et
334 1641 659 1697 quacunque
698 1623 953 1679 solveritis
974 1639 1129 1694 super
1152 1633 1366 1688 terram,
1400 1610 1604 1691 reliqua
1622 1618 1836 1692 (Matth.

256 1734 420 1782 xvtn,
456 1716 569 1787 l8.)
600 1717 740 1773 Ecce
764 1716 940 1788 qualis
967 1717 1257 1772 auctoritas
1297 1722 1497 1771 sancte
1524 1713 1625 1769 Dei
1657 1712 1840 1769 Eccle-

1948 529 2050 584 lica
2073 530 2270 584 clamat
2295 533 2609 596 auctoritas,
2624 534 2804 586 omnia
2827 533 3187 604 apostolorum
3204 546 3512 605 protestan-

1950 629 2036 675 tur
2075 620 2239 683 dicta,
2284 622 2467 676 mundi
2499 622 2724 678 latitudo
2747 625 2939 691 credit,
2972 626 3212 681 Romana
3258 630 3516 699 praedicat

1947 709 2206 775 Ecclesia,
2235 710 2508 766 Christum
2538 710 2719 768 Jesum
2748 729 2933 769 verum
2961 730 3078 771 esse
3108 716 3202 773 Dei
3232 719 3427 774 Filium
3455 726 3512 775 et

1945 804 2222 875 proprium
2252 822 2265 834 ·
2287 806 2415 874 quid
2436 805 2597 860 vultis
2620 806 2668 860 ei
2699 822 2891 862 nomen
2920 810 3151 879 adoptivi
3190 810 3513 883 imponere?

1947 895 2084 963 Quid
2125 906 2208 951 est
2246 898 2527 969 adoptivus
2555 897 2723 965 ﬁlius,
2775 900 2879 955 nisi
2908 899 3075 957 falsus
3129 901 3311 958 ﬁlius?
3363 904 3432 960 Et
3467 905 3511 961 si

1947 987 2191 1043 Christus
2217 987 2373 1044 Jesus
2401 988 2566 1045 falsus
2592 999 2674 1045 est
2700 989 2809 1045 Deo
2830 990 2977 1046 Patri
3020 992 3217 1059 Filius,
3265 1003 3320 1050 et
3348 995 3514 1066 (quod

1947 1080 2166 1149 impium
2189 1089 2272 1135 est
2295 1080 2495 1153 dicere)
2523 1080 2689 1136 falsus
2708 1089 2854 1137 estet
2880 1082 3040 1148 Deus,
3059 1082 3190 1140 falsa
3213 1094 3296 1141 est
3317 1094 3372 1141 et
3397 1094 3506 1142 tota

1945 1182 2141 1226 nostrte
2158 1171 2349 1226 salutis
2375 1173 2737 1244 dispensatio;
2789 1174 2913 1244 quia
2940 1215 2955 1239 ,
3010 1175 3055 1229 si
3103 1176 3384 1247 adaptivus
3430 1184 3516 1235 est

1946 1262 2086 1317 ﬁlius
2112 1263 2166 1317 in
2188 1263 2544 1329 humanitate,
2574 1265 2856 1334 adoptivus
2878 1274 2933 1320 et
2962 1266 3103 1321 Deus
3122 1267 3285 1323 homo
3316 1268 3401 1325 ille
3420 1269 3512 1339 qui

1944 1360 2106 1407 natus
2147 1362 2231 1407 est
2281 1369 2346 1408 ex
2384 1354 2623 1425 Virgine.
2664 1355 2732 1410 Et
2757 1357 2885 1425 quid
2932 1366 3015 1412 est
3053 1359 3195 1428 quod
3227 1358 3511 1416 Psalmista

1944 1446 2127 1499 canit:
2155 1444 2356 1500 Veritas
2402 1447 2466 1501 de
2502 1457 2641 1502 terra
2693 1459 2806 1503 orta
2836 1459 2908 1504 est
2930 1449 3099 1522 (Psal.
3134 1468 3353 1517 untv,
3390 1452 3514 1524 I2)?

1944 1534 2075 1601 Quis
2103 1544 2187 1590 est
2205 1537 2295 1605 qui
2320 1538 2386 1591 ad
2417 1539 2695 1594 dexteram
2720 1539 2815 1597 Dei
2845 1541 3016 1606 sedet,
3060 1550 3115 1596 et
3141 1552 3400 1599 venturus
3425 1552 3511 1600 est

1944 1627 1996 1681 in
2027 1626 2195 1698 gloria
2216 1626 2467 1697 judicare
2524 1630 2675 1685 vivos
2729 1640 2784 1686 et
2838 1634 3115 1688 mortuos?
3168 1632 3242 1689 0!
3293 1635 3514 1705 quantis

1945 1725 2255 1773 sanctorum
2276 1717 2498 1774 Patrum
2522 1721 2782 1790 exemplis
2811 1722 2950 1777 hanc
2978 1722 3137 1778 ﬁdem
3162 1722 3394 1793 probate
3415 1738 3512 1794 po-

256 1808 388 1873 siae,
420 1822 551 1862 ecce
576 1806 754 1877 qualis
778 1814 955 1861 terror
994 1805 1368 1861 recedentibus
1392 1805 1459 1859 ab
1488 1819 1572 1859 ea.
1621 1802 1836 1858 Scimus
1871 1790 1913 1851 Β
1942 1807 2038 1871 tui,
2063 1808 2204 1876 quod
2242 1806 2489 1863 Christus
2515 1807 2671 1866 Jesus
2696 1826 2859 1866 verus
2887 1820 2970 1866 est
2999 1813 3106 1867 Deo
3131 1790 3276 1868 Patri
3304 1790 3509 1880 Filius;

257 1898 404 1953 enim
431 1912 598 1951 unam
625 1912 743 1953 esse
766 1905 1009 1952 sanctam
1056 1895 1152 1951 Dei
1197 1895 1526 1959 Ecclesiam,
1559 1895 1625 1949 de
1648 1909 1752 1964 qua
1782 1894 1838 1948 in

258 1986 522 2059 Symbolo
559 1986 829 2043 catholico
857 1988 1147 2043 decantare
1186 1986 1419 2041 solemus
1460 2002 1472 2038 :
1519 1981 1687 2037 Unam
1714 2000 1840 2038 san-

255 2091 398 2134 ctam
421 2078 736 2133 catholicam
763 2088 811 2133 et
834 2077 1173 2149 apostolicam
1202 2074 1513 2131 Ecclesium.
1556 2074 1632 2130 De
1655 2090 1759 2143 qua
1782 2081 1839 2129 et

253 2170 375 2240 ipse
404 2168 650 2240 Sponsus
669 2169 972 2225 decantavit
998 2186 1011 2222 :
1049 2165 1165 2222 Una
1190 2177 1263 2222 est
1288 2166 1527 2221 columba
1554 2183 1690 2232 mea,
1722 2182 1839 2236 per-

254 2262 397 2331 fecta
419 2278 559 2329 mea,
587 2261 933 2318 immaculata
969 2276 1109 2327 mea,
1134 2261 1294 2315 electa
1319 2259 1554 2331 genitrici
1578 2276 1708 2314 sure.
1746 2258 1839 2313 Vi-

253 2352 449 2407 derunt
507 2369 624 2407 eam
680 2352 845 2422 ﬁlia,
906 2362 955 2408 et
1007 2352 1361 2407 beatissimam
1418 2350 1835 2421 prtrdicaverunt

254 2441 441 2514 (Cant.
465 2460 542 2509 Vl,
572 2445 653 2517 8.)

326 2537 417 2592 IV.
453 2536 596 2593 Ecce
623 2536 1000 2593 schismaticus
1022 2550 1175 2591 error
1199 2542 1411 2606 partem
1441 2533 1640 2604 rumpit
1660 2531 1726 2587 ab
1747 2546 1833 2598 ea,

253 2636 313 2681 et
331 2626 620 2682 charitatis
652 2627 914 2683 unitatem
958 2626 1264 2681 maculavit.
1294 2624 1461 2696 Igitur
1486 2625 1539 2678 in
1566 2621 1720 2678 nobis
1750 2621 1835 2677 vel

254 2719 313 2773 in
344 2717 500 2773 vobis
528 2717 790 2773 remansit
827 2716 1088 2773 Ecclesia.
1134 2717 1261 2770 Duae
1296 2715 1438 2770 enim
1468 2722 1650 2783 partes
1685 2720 1832 2778 sunt,

252 2819 310 2865 et
337 2826 448 2865 non
474 2818 561 2866 est
575 2811 798 2865 unitatis
825 2808 1133 2866 concordia.
1159 2808 1289 2874 Nos,
1318 2816 1431 2863 toto
1448 2808 1648 2862 mundo
1673 2814 1832 2871 teste,

254 2902 562 2957 clamamus
587 2901 863 2957 Christum
902 2915 1091 2956 verum
1139 2900 1232 2956 Dei
1278 2914 1398 2955 esse
1445 2898 1613 2953 tilium
1640 2938 1655 2962 ,
1696 2897 1837 2952 sicut

248 2993 494 3051 Joannes
518 2994 632 3050 Deo
656 2994 881 3050 dilectus
919 2994 1211 3065 discipulus
1248 3002 1370 3063 post
1397 2991 1562 3048 multa
1594 2991 1835 3046 testimo-

251 3093 346 3148 nia
376 3106 499 3162 quae
525 3090 579 3146 in
617 3089 905 3161 Evangelio
931 3104 1029 3144 suo
1062 3090 1127 3143 de
1156 3087 1414 3158 unigeniti
1444 3085 1723 3141 nativitate
1747 3098 1833 3139 se-

248 3183 493 3239 cundum
514 3197 733 3238 carnem
756 3180 1043 3253 protestari
1068 3179 1225 3245 solet,
1259 3180 1361 3234 hoc
1384 3178 1587 3233 addidit
1613 3195 1625 3230 :
1658 3175 1709 3229 Μ
1718 3175 1829 3229 ulta

246 3276 463 3347 quidem
490 3286 537 3330 et
562 3274 670 3329 alia
698 3276 847 3346 signa
883 3273 1004 3345 fecit
1027 3273 1181 3328 Iesus
1212 3272 1267 3324 in
1299 3278 1571 3339 conspectu
1604 3268 1833 3338 discipu-

250 3367 427 3422 lorum
449 3370 589 3439 ejus,
626 3384 742 3439 qua!
769 3385 872 3422 non
906 3375 1025 3421 sunt
1073 3365 1265 3435 scripta
1310 3363 1363 3417 in
1392 3362 1524 3415 libro
1553 3361 1668 3416 hoc.
1704 3358 1831 3415 Haec

254 3469 438 3512 autem
481 3459 677 3529 scripta
717 3467 855 3524 sunt,
897 3466 953 3512 ut
980 3456 1206 3511 credatis
1248 3455 1370 3526 quia
1401 3454 1555 3509 Jesus
1592 3450 1832 3507 Christus

252 3546 304 3602 Γ
306 3548 434 3602 ilius
462 3547 559 3602 Dei
582 3547 804 3620 [Supple
823 3546 943 3620 est],
976 3556 1023 3601 et
1048 3556 1103 3600 ut
1130 3546 1394 3600 credentes
1418 3545 1573 3598 vitam
1598 3542 1831 3597 habeatis

250 3642 309 3695 in
332 3642 543 3696 nomine
576 3642 739 3711 ipsius
770 3640 951 3711 (Joan.
981 3655 1072 3709 xx,
1106 3638 1193 3701 ‘50,
1226 3638 1338 3706 51),
1389 3636 1525 3703 Quid
1557 3644 1677 3706 post
1722 3635 1831 3691 tale

253 3732 555 3787 tonitruum
582 3734 867 3799 dubitatis,
900 3733 1163 3804 ﬁngentes
1197 3731 1533 3786 nativitatem
1566 3728 1681 3801 [F.,
1708 3737 1832 3800 post

249 3824 590 3880 nativitatem
598 3831 615 3897 j
649 3824 791 3880 illius
821 3840 1016 3879 novum
1046 3823 1352 3894 adoptionis
1371 3836 1588 3886 nomen,
1608 3821 1749 3890 quod
1772 3820 1828 3875 in

250 3921 369 3969 tota
388 3913 603 3970 Veteris
625 3915 865 3985 Novique
887 3914 1217 3970 Testamenti
1247 3912 1387 3967 serie
1408 3927 1511 3967 non
1535 3911 1823 3967 invenitur.

248 4003 602 4078 Cognoscite,
627 4007 730 4061 viri
780 4006 1009 4072 fratres,
1047 4020 1208 4077 quam
1252 4019 1478 4074 parvum
1507 4009 1588 4057 est
1610 3999 1827 4057 Christo

249 4094 387 4161 Deo,
412 4112 518 4151 non
550 4097 750 4152 habere
778 4096 980 4152 electos
1031 4096 1083 4150 in
1132 4097 1235 4149 hoc
1264 4093 1485 4157 mundo,
1523 4107 1684 4163 quam
1726 4108 1825 4148 vos

246 4199 487 4259 paucos;
515 4188 763 4244 latiorem
793 4204 898 4243 non
926 4188 1126 4242 habere
1149 4184 1469 4248 Ecclesiam,
1497 4198 1661 4253 quam
1683 4183 1824 4237 intra

249 4281 519 4352 angustiae
544 4289 738 4335 vestra:
783 4278 1041 4334 terminos
1094 4277 1271 4331 sitam.
1331 4274 1433 4330 Ubi
1468 4284 1551 4329 est
1583 4282 1824 4343 potestas

246 4371 414 4428 Petro
440 4371 669 4442 principi
698 4370 1059 4441 apostolorum
1088 4367 1214 4421 data
1243 4380 1257 4420 :
1296 4364 1373 4420 Tu
1425 4381 1478 4420 es
1526 4363 1713 4420 Petrus
1731 4406 1746 4431 ,
1772 4373 1821 4419 et

245 4477 408 4533 super
440 4462 575 4515 hanc
624 4470 822 4532 petram
872 4458 1140 4530 aediﬁcabo
1198 4455 1486 4511 Ecclesiam
1530 4473 1732 4522 meam,
1768 4463 1823 4512 et

246 4561 449 4609 caetera
478 4566 649 4621 usque
679 4567 695 4606 :
725 4551 966 4605 caelorum
1017 4548 1232 4621 (Matth.
1284 4562 1396 4611 xvi,
1428 4546 1540 4618 l8)?
1570 4545 1823 4618 Nunquid

246 4647 365 4702 lucc
386 4654 627 4718 potestas
655 4645 722 4700 ab
754 4660 819 4699 eo
846 4644 1023 4699 ablata
1062 4649 1167 4706 est,
1215 4649 1271 4695 et
1296 4639 1392 4695 tibi
1441 4638 1658 4705 tradita,
1690 4654 1823 4709 qua-

246 4746 409 4793 tenus
430 4752 593 4807 super
611 4745 664 4791 te
682 4737 736 4790 in
760 4734 865 4790 ﬁne
889 4733 1088 4795 saeculi,
1110 4741 1165 4787 et
1186 4732 1239 4786 in
1262 4728 1457 4801 angulo
1477 4727 1661 4783 mundi
1683 4745 1822 4784 nova

244 4826 547 4882 adiﬁcetur
572 4825 831 4890 Ecclesia,
871 4834 926 4879 et
952 4822 1262 4893 apostolicis
1304 4818 1687 4875 inconveniens
1713 4828 1823 4875 tra-

248 4920 580 4975 ditionibus?
603 4920 809 4976 Caveas
838 4919 1145 4989 diligenter,
1178 4914 1349 4970 frater
1374 4913 1678 4968 venerande
1697 4954 1711 4978 ,
1754 4927 1824 4966 ne

248 5009 363 5065 haec
408 5009 694 5066 aedificatio
745 5017 831 5064 tua
863 5023 1027 5078 super
1051 5022 1271 5063 arenam
1308 5005 1421 5071 ﬁat,
1460 5010 1516 5057 et
1560 5004 1630 5059 sit
1671 5002 1824 5057 labor

250 5109 374 5156 tuus
396 5101 455 5156 in
480 5101 641 5156 domo
662 5100 835 5155 aliena
868 5118 880 5153 :
913 5098 1086 5169 Surge
1111 5139 1125 5164 ,
1155 5098 1253 5164 ﬁli,
1281 5114 1443 5171 surge
1476 5106 1530 5152 et
1555 5103 1822 5151 revertere

246 5191 315 5245 ad
365 5191 586 5247 Patrem
640 5199 818 5257 tuum,
870 5200 924 5246 et
967 5192 1021 5245 in
1070 5191 1332 5262 gremium
1385 5198 1584 5245 sancte
1630 5186 1819 5241 matris

245 5280 525 5339 Ecclesiae.
550 5284 644 5339 Pia
666 5293 750 5340 est
774 5293 975 5349 mater;
1008 5292 1061 5338 te
1089 5283 1263 5353 ipsum
1291 5281 1560 5353 recollige,
1583 5292 1818 5348 ovesque

246 5382 367 5433 tuas
404 5386 584 5434 tecum
631 5377 685 5432 in
730 5376 869 5432 ovile
917 5375 1152 5441 Christi,
1195 5390 1330 5446 quas
1360 5375 1472 5445 ipse
1515 5372 1585 5428 ob
1624 5374 1820 5427 trinam

245 5469 601 5525 confessionis
641 5469 868 5541 gloriam
911 5469 1070 5523 beato
1098 5466 1259 5522 Petro
1287 5468 1508 5537 principi
1548 5463 1820 5536 apostolo-

246 5577 363 5616 rum
416 5563 719 5633 pascendas
753 5562 1187 5626 commendavit,
1218 5574 1504 5630 congrega.
1565 5556 1818 5627 Nunquid

245 5657 332 5726 qui
377 5657 593 5723 dormit,
640 5672 743 5710 non
788 5655 1024 5727 adjiciet,
1053 5665 1107 5709 ut
1139 5662 1373 5723 resurgat
1407 5649 1578 5722 (Psal.
1609 5666 1698 5711 xu,
1725 5648 1819 5719 9)?

247 5747 360 5804 Noli
416 5747 741 5807 erubescere
782 5748 1055 5816 converti;
1110 5747 1220 5806 noli
1248 5743 1527 5817 despicere
1571 5741 1816 5811 animas,

1938 1906 1994 1952 et
2018 1913 2139 1953 mox
2180 1914 2209 1953 a
2238 1901 2589 1969 conceptione
2624 1900 2904 1971 virginalis
2926 1903 3065 1958 uteri
3091 1919 3252 1961 verus
3280 1920 3512 1976 concep—

1938 2002 2030 2081 tus
2060 2002 2143 2049 est
2178 1994 2353 2060 Deus,
2400 2011 2563 2050 verus
2590 2002 2646 2050 et
2685 2007 2839 2051 natus
2864 1996 3026 2051 Deus.
3056 1994 3159 2052 Sed
3208 1998 3340 2052 mihi
3381 2012 3511 2069 pro-

1936 2084 2170 2151 positum
2209 2082 2308 2137 fuit
2352 2084 2788 2154 deprecatorias,
2829 2086 3093 2140 charitate
3131 2094 3381 2157 cogente,
3409 2101 3511 2157 pro

1938 2176 2112 2230 salute
2149 2181 2241 2228 tua
2288 2185 2610 2246 tuorumque
2648 2183 2753 2232 tua:
2798 2177 3070 2232 sanctitati
3097 2177 3326 2250 dirigere
3369 2178 3512 2235 litte-

1938 2265 2106 2320 rulas.

2008 2357 2071 2411 V.
2104 2356 2343 2412 Plurima
2366 2358 2419 2412 in
2450 2358 2668 2429 scriptis
2697 2358 2805 2413 tuis
2816 2356 2966 2427 justa
2992 2368 3049 2416 et
3079 2374 3209 2416 vera
3230 2360 3512 2418 inveniun-

1937 2457 2045 2503 tur.
2079 2448 2222 2505 Cave
2260 2465 2327 2504 ne
2356 2451 2409 2504 in
2456 2451 2559 2506 hoc
2587 2451 2704 2505 solo
2751 2449 2903 2524 [Ms.,
2956 2453 3174 2518 saeculo,
3226 2450 3508 2525 mendose]

1936 2541 2240 2611 adoptionis
2260 2542 2477 2597 nomine
2492 2557 2523 2595 a
2552 2543 2802 2598 sensibus
2820 2553 3134 2599 sanctorum
3156 2543 3379 2600 Patrum
3402 2543 3510 2600 dis-

1937 2633 2139 2688 sentias
2163 2650 2177 2699 ;
2208 2634 2314 2688 noli
2345 2634 2420 2687 tui
2442 2648 2636 2689 sensus
2660 2649 2783 2689 cum
2803 2637 2990 2705 paucis
3010 2650 3130 2691 esse
3156 2643 3386 2700 amator,
3414 2633 3507 2690 sed

1936 2740 2059 2780 cum
2097 2723 2344 2794 plurimis
2371 2725 2620 2780 veritatis
2660 2734 2915 2780 assertor.
2966 2724 3055 2779 Me
3099 2725 3244 2779 enim
3284 2724 3510 2781 habebis

1936 2816 1990 2870 in
2010 2814 2210 2871 Christi
2248 2815 2510 2871 charitate
2534 2824 2638 2871 tute
2658 2815 2846 2871 salutis
2868 2815 3100 2879 ﬁdelem,
3128 2823 3388 2885 quantum
3414 2830 3510 2869 va-

1935 2903 2038 2969 leo,
2069 2912 2508 2974 cooperatorem;
2535 2912 2589 2959 et
2611 2905 2657 2959 si
2684 2913 2860 2959 tecum
2882 2904 3133 2974 loquerer
3152 2945 3167 2971 ,
3198 2918 3306 2958 non
3331 2902 3509 2975 despi-

1935 3009 2118 3049 ceretn
2146 3005 2324 3050 tecum
2354 2995 2561 3049 discere
2591 3010 2710 3065 quae
2734 3010 2862 3049 vera
2891 3003 3016 3050 sunt
3049 3002 3104 3049 et
3128 2993 3250 3049 ﬁdei
3278 2993 3510 3049 catholi-

1935 3101 2013 3141 cae
2040 3095 2421 3142 consentanea.
2450 3085 2622 3143 Nolim
2646 3096 2698 3142 te
2726 3088 2952 3158 perdere
2978 3086 3215 3142 laborem
3245 3086 3509 3159 religiosa

1936 3181 2093 3243 vitm,
2136 3194 2295 3250 quem
2343 3195 2442 3251 pro
2489 3180 2690 3236 Christi
2738 3182 2955 3237 nomine
2985 3182 3053 3237 ab
3093 3182 3311 3236 ineunte
3352 3188 3509 3235 aetate

1936 3270 2275 3335 sustinuisti,
2317 3285 2386 3326 ne
2432 3271 2646 3325 dicatur
2674 3272 2808 3337 tibi,
2859 3280 3009 3326 tanta
3046 3270 3342 3342 patiebaris
3391 3271 3509 3325 sine

1935 3376 2119 3416 causa.
2162 3361 2329 3427 Veni,
2380 3359 2567 3428 frater,
2618 3364 2776 3429 veni,
2816 3362 3064 3418 Christus
3100 3371 3153 3416 te
3189 3370 3373 3428 vocat;
3406 3360 3509 3417 Ec-

1934 3452 2098 3507 clesia
2135 3462 2189 3507 te
2225 3453 2515 3519 desiderat,
2548 3468 2737 3509 omnes
2772 3455 2947 3510 sancti
2973 3462 3026 3509 te
3051 3454 3223 3509 civem
3250 3449 3507 3522 concupi-

1932 3551 2109 3599 scunt.
3246 3604 3265 3612 _

2002 3634 2089 3689 Vl.
2128 3628 2291 3706 785
2321 3635 2436 3691 Etsi
2473 3636 2606 3691 mihi
2635 3650 2741 3692 non
2768 3644 2911 3692 esset
2945 3636 2998 3691 in
3039 3642 3218 3692 mente
3245 3635 3508 3708 exemplis

1931 3736 2107 3784 tecum
2135 3745 2317 3801 agere,
2344 3732 2439 3786 sed
2465 3732 2736 3801 precibus,
2765 3740 2944 3785 tamen
2968 3744 3037 3785 ex
3062 3730 3308 3800 plurimis
3334 3745 3505 3802 pauca

1928 3836 2242 3890 proponam,
2264 3831 2324 3877 ut
2350 3823 2396 3885 si
2418 3838 2552 3878 mete
2580 3822 2863 3892 parvitatis
2887 3822 3080 3876 litteris
3105 3837 3210 3878 non
3234 3821 3467 3878 ﬂecteris
3486 3861 3503 3889 ,

1928 3920 2237 3969 sanctorum
2284 3912 2504 3968 Patrum
2540 3911 2824 3969 catholicis
2866 3912 3114 3968 sensibus
3144 3913 3199 3967 in
3248 3913 3390 3968 viam
3417 3912 3505 3969 de.

1928 4003 2144 4059 ducaris
2171 4004 2437 4060 veritatis.

1997 4093 2196 4151 Beatus
2221 4095 2474 4161 Hilarius,
2518 4095 2710 4153 doctor
2755 4094 3040 4161 mirabilis,
3070 4103 3125 4151 et
3146 4095 3292 4151 omni
3322 4093 3506 4151 Eccle-

1927 4187 2021 4242 sia;
2049 4187 2144 4242 Dei
2197 4186 2479 4243 laudabilis
2533 4190 2586 4243 in
2615 4205 2667 4242 Vl
2712 4187 2851 4243 libro
2892 4187 3071 4258 operis
3118 4185 3502 4257 pulcherrimi,

1925 4293 2086 4348 quem
2106 4279 2172 4335 de
2198 4278 2474 4334 catholica!
2497 4280 2618 4335 ﬁdei
2641 4278 2973 4349 professione
2985 4278 3171 4344 edidit,
3186 4286 3308 4349 post
3336 4276 3506 4333 multa

1924 4368 2168 4423 veritatis
2210 4369 2518 4424 tesimonia
2559 4370 2633 4424 ita
2680 4369 2860 4424 intulit
2906 4367 3126 4441 (Lib.n
3173 4367 3240 4423 de
3285 4366 3503 4434 Trinit.,

1925 4474 1980 4513 n.
2010 4459 2101 4530 23)
2132 4477 2144 4513 :
2184 4476 2201 4509 ι
2231 4458 2547 4530 Assignetur
2568 4475 2698 4516 sane
2721 4459 2823 4516 hoc
2846 4459 3237 4515 communionis
3266 4458 3319 4514 in
3342 4458 3505 4515 Chri—

1924 4556 2009 4604 sto
2036 4563 2251 4615 nomen,
2283 4557 2341 4604 ut
2372 4547 2539 4604 Filius
2564 4550 2657 4613 sit,
2679 4549 2727 4604 si
2768 4549 2835 4605 de
2880 4562 3149 4620 quoquam
3172 4547 3376 4604 dictum
3418 4562 3510 4603 reo

1922 4640 2199 4710 periatur:
2240 4638 2342 4693 Hic
2378 4648 2455 4693 est
2504 4637 2676 4693 Filius
2704 4655 2850 4692 meus
2885 4636 3097 4710 (Matth.
3145 4651 3227 4702 ttt,
3256 4634 3368 4708 l7).
3408 4634 3505 4691 Sin

1925 4745 2054 4786 vero
2088 4732 2363 4802 proprium
2410 4744 2474 4786 ac
2521 4729 2795 4800 singulare
2837 4730 2887 4783 ei
2928 4739 3046 4784 est:
3082 4726 3186 4782 llic
3213 4737 3288 4784 est
3328 4724 3505 4782 Filius

1924 4839 2094 4889 meus,
2117 4823 2246 4893 quid
2274 4822 2598 4878 calumniam
2638 4821 2748 4876 Deo
2783 4820 2930 4875 Patri
2976 4819 3219 4891 proferre
3257 4820 3321 4875 de
3368 4818 3506 4875 Filio

1925 4914 2272 4984 proprietatis
2293 4914 2621 4970 asserimus?
2640 4913 2792 4968 Anne
2821 4914 2916 4967 tibi
2939 4913 2993 4967 in
3021 4927 3088 4968 eo
3113 4912 3257 4984 quod
3285 4911 3500 4978 dicitur,

1928 5004 2012 5057 hic
2034 5014 2128 5068 est,
2162 5021 2269 5062 non
2298 5004 2401 5060 hoc
2421 5005 2709 5076 signiﬁcari
2732 5005 2975 5060 videtur?
3006 5004 3155 5061 Alios
3175 5004 3391 5075 quidem
3413 5019 3506 5061 co.-

1929 5096 2269 5167 gnominatos
2290 5097 2357 5151 ab
2388 5112 2452 5152 eo
2504 5098 2558 5151 in
2590 5096 2751 5162 ﬁlios,
2784 5097 2877 5152 sed
2900 5096 2988 5152 hic
3014 5095 3184 5153 Filius
3202 5112 3357 5153 meus
3380 5104 3504 5154 est:

1928 5186 2124 5242 donavi
2157 5188 2458 5258 adoptionis
2478 5188 2723 5260 plurimis
2751 5204 2965 5256 nomen,
2992 5191 3089 5245 sed
3126 5191 3226 5246 iste
3256 5190 3387 5246 mihi
3414 5188 3505 5243 Fi-

1929 5279 2033 5333 lius
2056 5288 2137 5334 est
2163 5294 2177 5333 :
2206 5294 2274 5333 ne
2303 5294 2510 5348 quaeras
2529 5281 2715 5346 alium,
2744 5296 2810 5335 ne
2835 5296 2942 5335 non
2972 5282 3116 5336 hunc
3139 5295 3258 5335 esse
3280 5280 3498 5343 credas;

1930 5371 2072 5425 hunc
2125 5387 2224 5441 ego
2272 5380 2526 5443 tanquam
2575 5372 2735 5443 digno
2782 5370 3159 5445 [Hit.,digito]
3190 5370 3397 5432 indice,
3437 5380 3501 5421 ac

1927 5464 2076 5519 verbi
2104 5465 2492 5534 signiﬁcatione
2513 5467 2779 5537 contingo,
2812 5482 2916 5537 qua
2951 5466 3106 5521 dico:
3144 5474 3192 5519 et
3220 5478 3362 5517 meus
3398 5468 3500 5526 est,

1926 5566 1972 5609 et
2003 5557 2085 5609 It.c
2109 5566 2204 5618 est,
2225 5556 2390 5613 Filius
2405 5568 2505 5613 est.
2523 5558 2661 5625 Quid
2681 5566 2800 5628 post
2824 5559 2939 5613 haec
2969 5553 3317 5627 intelligentia
3334 5550 3498 5627 [Hil.,

1927 5646 2309 5719 intelligentiae]
2339 5649 2689 5718 poteritesse,
2715 5663 2782 5703 ne
2829 5662 2935 5702 non
2985 5661 3104 5701 esse
3142 5642 3428 5703 credatur?
3473 5660 3493 5697 ι

1925 5737 2059 5795 Item
2086 5738 2200 5809 ipse
2225 5739 2281 5795 in
2324 5739 2514 5797 eodem
2559 5738 2697 5797 libro
2722 5737 2907 5811 (lbid.,
2933 5751 3081 5793 num.
3112 5735 3203 5811 56)
3230 5754 3244 5795 τ
3281 5756 3299 5791 t
3328 5733 3503 5796 Gew
