4072 6346
491 235 596 293 ηδ

1348 226 1410 280 Β.
1449 223 1512 279 F.
1555 220 1777 277 ALBINI
1819 218 1950 275 SEU
1983 212 2256 272 ALCUINI
2297 210 2584 268 OPEBUM
2613 211 2792 268 PARS
2820 211 2909 267 lll.

3668 206 3780 264 124

490 348 624 409 ι*έῆ
650 346 936 421 professio,
965 343 1092 414 quid
1129 338 1262 414 (Hs.
1283 380 1299 405 ,
1335 332 1620 408 quidquid]
1670 334 1830 387 habet
1859 328 2036 384 meriti
2057 369 2070 392 ,
2104 334 2150 387 Α
2175 325 2337 421 libro,
2370 311 2591 421 homilia
2621 323 2688 377 M
2721 324 2926 421 (Tract.
2956 335 3072 421 sitv,
3205 320 3326 391 ll),
3350 319 3518 421 dicit:
3553 338 3574 373 ι
3607 318 3783 421 fater

493 452 586 500 aut
608 455 730 513 quae
755 435 1100 494 revolationis
1135 439 1218 488 est
1263 428 1454 500 gloria,
1477 427 1525 482 si
1553 441 1621 482 ex
1661 424 1948 494 adoptione
1993 427 2079 476 est

491 537 670 595 ﬁlius?
697 541 792 590 aut
812 533 954 588 unde
975 539 1060 586 est
1077 529 1134 584 in
1157 528 1318 582 beato
1336 524 1499 580 Petro
1519 519 1809 584 confessio,
1835 520 1942 574 hoc
1970 516 2078 571 ﬁlio

493 628 762 686 diderenti
793 623 957 698 [Hil.,
987 617 1298 691 deferenlij,
1325 615 1472 689 quod
1513 622 1599 672 est
1639 628 1926 670 commune
1951 626 2077 666 san-

495 731 707 778 ctorum
721 718 748 772 ?
775 733 800 772 ι

566 810 675 866 VII.
715 809 847 866 [ten
868 808 1058 864 beatus
1075 803 1404 860 Athanasius
1428 801 1484 856 in
1509 797 1739 871 epistola
1771 797 1836 853 ad
1869 797 2083 867 Epicte-

498 915 631 972 tum,
661 906 718 961 in
745 903 980 973 capitulo
1007 900 1070 967 -5,
1109 901 1194 955 sic
1225 901 1344 955 ait:
1401 917 1420 948 ι
1453 895 1735 964 Quomodo
1788 900 1969 946 autem
2027 897 2085 946 et

497 998 770 1067 ambigere
797 995 997 1050 audent
1011 993 1230 1064 quidam
1255 989 1570 1052 Christiani,
1603 989 1670 1050 si,
1693 987 1784 1057 qui
1813 1001 1881 1038 ex
1914 983 2082 1038 Maria

497 1087 761 1161 processit
781 1085 878 1140 Dei
905 1084 1094 1149 Filius,
1130 1083 1222 1153 qui
1251 1081 1318 1136 de
1347 1080 1648 1136 substantia
1673 1087 1731 1132 et
1754 1086 1948 1131 natura
1987 1075 2085 1129 Dei

497 1188 602 1246 est,
633 1178 928 1236 secundum
959 1190 1181 1232 carnem
1219 1183 1403 1230 autem
1443 1189 1510 1227 ex
1543 1173 1751 1226 semine
1801 1170 1991 1232 David,
2019 1183 2084 1222 ex

499 1287 664 1328 carne
709 1278 889 1326 autem
933 1276 1135 1326 sanam
1187 1267 1390 1321 Mariae.
1453 1264 1685 1331 Quidam
1743 1271 1922 1316 autem
1969 1261 2089 1331 plus

501 1363 775 1422 temerarii
793 1360 928 1418 facti
953 1367 1101 1424 sunt,
1134 1367 1193 1413 ut
1213 1359 1455 1413 dicerent
1475 1356 1773 1419 Christum,
1804 1356 1894 1424 qui
1923 1367 2090 1408 carne

501 1469 697 1526 passus
743 1461 828 1510 est
869 1462 925 1507 et
949 1451 1263 1514 cruciﬁxus,
1291 1466 1398 1504 non
1431 1464 1554 1504 esse
1583 1449 1870 1502 Dominum
1903 1445 2092 1500 Salva-

504 1558 697 1612 torem,
721 1555 782 1602 et
803 1546 974 1602 Deum
1003 1545 1198 1600 Fili-um
1242 1544 1442 1599 Patris.
1470 1543 1576 1597 Aut
1623 1542 1894 1612 quomodo
1929 1540 2092 1595 Chri-

2178 417 2350 487 diligit
2382 415 2430 469 F
2433 416 2584 470 ilium
2607 457 2622 481 ,
2665 425 2711 470 et
2735 416 2913 470 omnia
2939 414 3083 469 dedit
3121 414 3177 466 in
3227 429 3389 466 manu
3413 413 3552 483 ejus.
3605 411 3781 472 Pater

2177 511 2352 582 diligit
2378 509 2592 574 Filium,
2623 509 2722 563 sed
2749 507 3022 578 quomodo
3049 506 3212 560 Pater
3252 505 3470 570 Filium,
3505 520 3613 561 non
3641 518 3789 576 quo—

2179 604 2339 659 modo
2364 603 2624 657 Dominus
2643 617 2862 657 servum
2887 617 2903 667 ;
2943 596 3217 672 quomodo
3239 597 3486 664 unicum,
3501 613 3611 654 non
3637 611 3791 670 quo-

2179 696 2341 752 modo
2375 697 2709 766 adoptatum.
2755 713 2775 747 ι

2252 809 2320 864 Χ.
2361 809 2496 864 item
2521 809 2712 864 beatus
2737 807 3035 879 Gregorius
3071 807 3125 862 in
3150 803 3436 861 Moralium
3457 803 3600 861 libro
3639 819 3785 862 xvnt

2185 899 2329 973 (cap.
2371 900 2460 965 5‘2,
2493 915 2548 954 n.
2580 899 2670 962 85)
2697 900 2808 953 ait:
2850 917 2870 950 ‹
2913 898 3072 953 Aliud
3095 906 3181 952 est
3223 899 3368 951 enim
3403 904 3561 952 natos
3603 897 3791 952 homi—

2183 1007 2282 1047 nes
2309 993 2540 1064 gratiam
2571 991 2874 1061 adoptionis
2912 989 3191 1059 accipere;
3230 988 3373 1042 aliud
3395 1003 3564 1042 unum
3598 988 3756 1062 sing".

2185 1084 2372 1138 lariter
2399 1100 2498 1154 per
2543 1083 2843 1138 divinitatis
2869 1082 3168 1152 potentiam
3195 1079 3369 1134 Deum
3400 1093 3466 1134 ex
3500 1078 3619 1149 ipso
3650 1094 3754 1135 eo!
3779 1112 3793 1121 -

2186 1185 2340 1247 ceptu
2369 1177 2651 1247 prodiisse.
2684 1176 2794 1230 Nec
2815 1176 3020 1246 aequari
3071 1183 3251 1245 potest
3300 1173 3483 1244 gloriae
3512 1171 3795 1242 Unigcnizi

2188 1269 2382 1323 habite
2429 1285 2526 1338 per
2571 1277 2823 1322 naturam
2871 1267 2974 1321 alia
3003 1308 3017 1333 ,
3066 1273 3285 1338 accepta
3339 1281 3435 1336 per
3476 1265 3729 1336 gratiam.
3767 1285 3787 1316 ι

2188 1361 2318 1416 item
2351 1362 2464 1432 ipse
2495 1362 2548 1416 in
2573 1362 2751 1431 primo
2797 1363 2936 1417 libro
2976 1368 3133 1434 (cap.
3191 1362 3323 1430 l8):
3369 1380 3387 1411 ι
3427 1361 3563 1428 Quia
3626 1359 3670 1414 si
3731 1367 3786 1413 et

2191 1453 2472 1522 adoptivus
2529 1454 2756 1524 quisque
2788 1453 2928 1507 ﬁlius
2981 1453 3047 1508 ad
3081 1452 3483 1523 percipiendam
3525 1451 3790 1506 divinita-

2193 1552 2301 1598 tem
2329 1542 2564 1613 proﬁcit,
2595 1559 2960 1613 nequaquam,
2989 1551 3049 1597 ut
3079 1543 3224 1598 Deus
3269 1551 3435 1610 esset,
3468 1543 3800 1598 naturaliter

505 1640 664 1698 stiani
689 1639 876 1696 volunt
895 1637 1185 1703 nominari,
1214 1636 1307 1706 qui
1349 1635 1556 1697 dicunt,
1587 1634 1642 1688 in
1667 1633 1940 1688 hominem
1969 1647 2096 1686 san-
2196 1635 2421 1704 accepit.
2455 1653 2473 1686 ι
2507 1634 2642 1688 ltcm
2665 1635 2778 1703 ipse
2823 1634 2874 1688 in
2901 1633 3092 1688 eodem
3111 1633 3254 1688 libro
3280 1652 3292 1686 :
3329 1652 3347 1684 ‹
3384 1648 3592 1701 omnes,
3615 1634 3708 1704 qui
3737 1635 3795 1688 in

507 1739 675 1797 ctum,
717 1730 879 1785 sicuti
909 1729 963 1784 in
987 1744 1154 1783 omnm
1183 1726 1570 1798 prophetarum
1595 1727 1811 1780 venisse
1835 1725 2090 1788 Verbum,
2126 1709 2174 1770 Β
2201 1725 2304 1780 ﬁde
2327 1725 2438 1780 Deo
2467 1733 2787 1790 nascuntur,
2817 1732 3069 1794 superat;
3103 1724 3228 1794 quia
3276 1735 3384 1779 non
3431 1739 3576 1791 eum,
3603 1733 3663 1778 ut
3688 1739 3799 1779 cae-

511 1833 567 1878 et
601 1837 709 1877 non
729 1823 906 1893 ipsum
934 1821 1208 1877 hominem
1233 1818 1458 1884 factum,
1485 1827 1788 1874 sumentem
1830 1831 1896 1871 ex
1928 1815 2098 1868 Maria

510 1915 738 1984 corpus?
775 1934 792 1965 ι
828 1914 964 1968 Item
993 1913 1109 1982 ipse
1155 1920 1282 1982 post
1322 1925 1496 1981 pauca
1534 1911 1595 1964 in
1629 1909 1823 1964 eadem
1847 1906 2095 1978 epistola,

513 2005 749 2074 capitulo
769 2004 804 2058 6
831 2023 846 2057 :
893 2023 913 2055 ι
947 2016 974 2044 ι
1012 2003 1126 2058 Non
1156 2017 1255 2072 per
1279 2003 1626 2073 adoptionem
1644 2004 1759 2058 hmo
1779 2004 1923 2055 tacta
1949 2011 2097 2065 sunt,

513 2099 676 2163 absit,
697 2098 839 2153 sicut
873 2097 1310 2162 aestimaverunt;
1341 2097 1439 2151 sed
1473 2097 1621 2151 sicut
1647 2105 1732 2150 est
1759 2096 1978 2160 veritas,
2005 2096 2103 2148 ho-

519 2192 664 2246 mine
712 2188 856 2246 facto
897 2189 1182 2244 Salva-tore
1225 2189 1392 2243 totius
1444 2188 1680 2242 hominis
1747 2188 1894 2241 salus
1957 2186 2102 2241 facta

513 2291 614 2335 est.
641 2279 699 2334 Si
727 2281 873 2334 enim
922 2281 1210 2350 adoptione
1257 2287 1376 2334 erat
1414 2279 1467 2334 in
1496 2295 1723 2348 corpore
1751 2279 1974 2333 verbum
2017 2293 2104 2333 se-

514 2371 746 2426 cundum
774 2369 930 2434 illos;
959 2370 1105 2439 quod
1133 2377 1321 2424 autem
1361 2369 1647 2439 adoptione
1675 2369 1895 2434 dicitur,
1924 2370 2098 2439 phan—

516 2461 655 2516 tasia
679 2468 762 2515 est
787 2476 809 2514 ς
833 2459 1102 2529 reperitur
1128 2466 1185 2513 et
1205 2460 1453 2529 putative
1473 2459 1638 2513 salus.
1671 2477 1690 2510 ι

555 2551 722 2606 ..νιιι
747 2550 888 2606 item
915 2551 1106 2605 beatus
1127 2549 1364 2621 Cyriilus
1393 2550 1448 2604 in
1463 2550 1695 2620 epistola
1727 2551 1790 2604 ad
1814 2550 2107 2606 monachos

517 2641 721 2699 directa
749 2651 940 2698 contra
964 2641 1340 2696 Nestorianam
1387 2642 1640 2696 hteresim
1665 2642 1808 2697 inter
1836 2642 2000 2696 multa
2030 2643 2107 2696 sic

519 2733 597 2790 ait
625 2747 642 2788 :
675 2752 698 2788 ς
724 2733 935 2788 Dich-
963 2742 1050 2789 est
1075 2734 1218 2788 enim
1249 2732 1315 2786 ad
1337 2748 1481 2794 eum,
1515 2733 1650 2788 Sede
1677 2751 1710 2787 a
1739 2734 1936 2787 dextris
1951 2736 2104 2799 meis,

523 2823 691 2879 donec
709 2839 904 2894 pom
942 2827 1182 2880 inimicos
1207 2815 1322 2878 tuos
1351 2823 1639 2879 scabello-sn
1681 2825 1868 2894 pedum
1897 2835 2107 2879 tuorum

520 2912 696 2987 (Psol.
750 2915 902 2989 cur);
961 2918 1152 2972 adoret
1193 2917 1356 2971 etiam
1407 2931 1506 2971 nos
1553 2931 1909 2985 supernorum
1951 2917 2098 2986 Spiri-

522 3015 676 3063 tuum
717 3009 1020 3066 multitudo.
1073 3010 1298 3075 Quando
1335 3011 1503 3076 enim,
1555 3011 1766 3079 inquit,
1819 3010 2108 3064 introducit

521 3103 918 3173 primumdum
967 3105 1024 3156 in
1069 3104 1244 3158 orbem
1293 3114 1558 3158 terrarum
1607 3105 1736 3158 dicit
1763 3120 1780 3156 :
1812 3113 1860 3157 et
1891 3104 2104 3156 adorent
2127 3068 2182 3132 ἐ

523 3209 642 3250 eunt
675 3210 850 3248 annos
873 3194 1046 3264 «geli
1067 3194 1166 3248 Dei
1198 3193 1384 3266 (Hebr.
1405 3211 1492 3258 ru,
1517 3194 1594 3266 6).
1621 3193 1727 3248 Sed
1749 3209 1844 3248 nos
1867 3194 2105 3264 quidem,

525 3289 628 3342 etsi
655 3296 846 3342 sancte
879 3288 1027 3342 uncti
1064 3301 1253 3342 sumus
1295 3288 1522 3358 Spiritu,
1553 3288 1857 3358 adoptionis
1891 3287 2109 3356 quidem

531 3379 769 3434 ditanurr
795 3380 991 3450 διήιξε,
1015 3393 1383 3450 vocamu-rque
1420 3381 1583 3434 etiam
1609 3380 1714 3444 dii;
1759 3389 1960 3434 nostra:
1981 3394 2112 3434 vero

525 3477 737 3528 natura
757 3483 1070 3525 mnsuram
1117 3486 1222 3524 non
1244 3471 1578 3542 ignoremus.
1611 3470 1811 3526 Sumus
1865 3485 1930 3525 ex
1967 3478 2110 3524 terra

531 3569 587 3616 et
615 3560 924 3616 habitamus
954 3561 1094 3616 inter
1120 3575 1335 3627 servos;
1367 3569 1423 3615 at
1473 3561 1561 3617 ille
1587 3569 1672 3616 est
1697 3576 1803 3616 non
1834 3562 1886 3615 in
1917 3562 2114 3632 quibus

529 3667 663 3717 nos,
699 3652 1024 3708 suam
1052 3660 1110 3708 et
1136 3665 1297 3708 venis
1335 3652 1503 3708 Filius
1553 3661 1609 3708 et
1661 3653 1903 3708 omnium
1929 3651 2116 3708 Domi-

534 3759 656 3800 nus.
689 3765 717 3798 1

581 3836 691 3891 .11.
727 3835 864 3892 hem
909 3837 1258 3893 beatissimus
1295 3837 1626 3908 Augustinus
1674 3837 1727 3891 in
1765 3833 2116 3906 Expositione

529 3928 890 3998 Pssimormn,
919 3929 977 3985 in
1003 3932 1216 4002 psahno
1254 3945 1514 3986 tum“.
1545 3949 1563 3980 ι
1601 3930 1733 3997 Quis
1781 3930 1836 3984 in
1894 3929 2118 3984 nubibus

533 4025 823 4094 aequabitur
849 4024 1199 4090 Domino,aut
1217 4027 1333 4096 quis
1356 4025 1543 4079 similis
1574 4027 1673 4079 erit
1694 4023 1798 4078 Deo
1819 4025 1952 4078 inter
1981 4023 2119 4092 ﬁiios

535 4115 676 4170 Dei?
707 4115 804 4172 ille
831 4118 1046 4183 unicus,
1079 4133 1182 4172 nos
1227 4117 1411 4182 multi;
1453 4117 1546 4173 ille
1575 4133 1712 4172 unus
1737 4158 1751 4182 ,
1797 4132 1896 4171 nos
1945 4116 1998 4170 in
2031 4115 2121 4170 illo

534 4223 731 4275 unum;
779 4208 872 4264 ille
897 4218 1082 4276 natus,
1111 4224 1212 4265 nos
1231 4209 1500 4280 adoptati;
1533 4209 1622 4262 ille
1647 4209 1714 4262 ab
1740 4217 1941 4263 aeterno
1975 4208 2124 4277 geni-

537 4308 626 4355 tus
775 4309 1047 4366 naturam,
1071 4315 1170 4355 nos
1201 4317 1231 4354 a
1271 4310 1514 4372 tempore
1543 4300 1670 4356 facti
1715 4313 1814 4370 per
1859 4299 2120 4370 gratiam;

2201 1825 2367 1882 teros,
2397 1817 2636 1888 adOptio,
2665 1819 2758 1872 sed
2781 1826 2972 1872 natura
3001 1816 3148 1872 illum
3176 1815 3472 1871 divinitatis
3500 1816 3726 1872 exaltat.
3765 1837 3785 1870 ι

2199 1907 2328 1962 item
2353 1910 2469 1978 ipse
2483 1910 2535 1968 iu
2563 1909 2784 1964 homilia
2807 1910 2873 1964 de
2892 1909 3210 1966 Pentecoste
3231 1907 3501 1980 ait(liom.
3516 1909 3604 1974 50,
3629 1926 3683 1962 n.
3702 1909 3794 1981 9):

2207 2020 2224 2050 ε
2257 2001 2508 2070 Peusate,
2549 2003 2746 2059 fratres
2787 2003 3115 2068 charissimi,
3143 2013 3264 2076 post
3307 2004 3643 2059 nativitatem
3670 2006 3798 2062 uui-

2202 2098 2368 2165 geniti
2399 2099 2539 2163 Filii,
2569 2099 2745 2169 qualis
2790 2100 2861 2153 sit
2903 2099 3164 2156 hodierna
3215 2101 3529 2157 solemnitas
3568 2101 3636 2156 de
3681 2101 3802 2156 Ad-

2203 2196 2363 2241 ventu
2397 2187 2631 2258 Spiritus
2683 2190 2874 2244 sancti.
2930 2189 3084 2245 Sicut
3111 2192 3256 2246 enim
3288 2192 3375 2246 illa
3403 2233 3418 2258 ,
3474 2193 3550 2248 sic
3582 2201 3637 2248 et
3691 2194 3800 2248 ista

2204 2293 2418 2350 quoque
2443 2289 2527 2334 est
2553 2281 2919 2348 honorabilis;
2957 2281 3031 2335 ibi
3059 2283 3205 2337 enim
3229 2282 3371 2339 Deus
3392 2283 3444 2338 in
3475 2299 3533 2339 se
3562 2285 3805 2342 creando

2206 2372 2441 2441 suscepit
2473 2373 2744 2427 hominem
2772 2391 2785 2439 ;
2825 2374 2914 2428 hic
2943 2373 3195 2429 homines
3230 2374 3465 2445 desuper
3491 2376 3803 2434 venientem

2207 2471 2561 2531 susceperunt
2589 2463 2757 2517 Deum
2785 2481 2797 2516 :
2829 2464 2901 2518 ibi
2944 2463 3086 2519 Deus
3129 2465 3454 2520 naturaliter
3507 2463 3682 2520 factus
3711 2473 3809 2522 est

2205 2553 2386 2616 homo,
2411 2553 2499 2608 hic
2519 2553 2764 2610 homines
2807 2570 2907 2624 per
2935 2555 3280 2626 adoptionem
3313 2555 3442 2612 facti
3470 2565 3595 2612 sunt
3634 2557 3731 2612 dii.
3774 2575 3797 2612 ι

2206 2645 2342 2698 Audi
2369 2645 2618 2714 denique,
2652 2646 2794 2716 quod
2821 2645 3014 2701 beatus
3039 2645 3333 2718 Gregorius
3379 2647 3431 2702 in
3477 2649 3667 2704 eodem
3695 2646 3810 2704 Ho-

2207 2735 2479 2790 miliarum
2503 2735 2660 2800 libro,
2687 2751 2810 2790 cum
2855 2737 2921 2791 de
2969 2753 3107 2808 agno
3136 2736 3378 2808 paschali
3415 2745 3676 2794 tractaret
3720 2738 3808 2794 di-

2208 2839 2336 2881 cens
2365 2845 2376 2880 :
2415 2844 2434 2876 ‹
2468 2823 2589 2880 Νοη
2623 2827 2898 2881 comedetis
2950 2845 3014 2882 ea:
3052 2845 3110 2881 eo
3151 2829 3369 2882 crudum
3396 2827 3546 2899 quid,
3572 2845 3664 2882 nec
3707 2845 3803 2882 co-

2209 2926 2346 2968 ctum
2374 2931 2509 2986 aqua
2533 2915 2729 2989 (Exod.
2765 2931 2863 2979 xu,
2899 2917 2974 2984 9).
2997 2917 3066 2972 Et
3089 2917 3249 2988 paulo
3273 2927 3394 2988 post
3414 2917 3594 2972 intulit
3619 2916 3806 2988 (Hom.

2210 3007 2302 3072 22,
2331 3023 2384 3060 n.
2427 3007 2530 3079 8):
2566 3027 2585 3057 ‹
2645 3007 2976 3077 Redemptor
3031 3019 3211 3062 autem
3266 3017 3448 3063 noster
3489 3023 3589 3062 nec
3634 3022 3810 3078 purus

2212 3102 2374 3156 homo
2395 3099 2788 3155 existimandus
2807 3109 2907 3166 est,
2937 3115 3110 3170 neque
3133 3115 3230 3171 per
3257 3101 3552 3154 humanam
3587 3099 3807 3168 sapien-

2213 3174 2366 3255 tiam,
2391 3191 2623 3260 qualiter
2643 3189 3070 3246 Deusincarnari
3093 3191 3381 3260 potuisset,
3397 3189 3746 3260 cogitandus;
3787 3207 3806 3240 ι

2212 3293 2267 3338 et
2286 3293 2406 3354 post
2431 3301 2640 3354 pauca:
2676 3304 2694 3337 ι
2733 3285 2833 3352 Qui
2873 3286 3036 3356 igitur
3077 3285 3348 3355 paschalis
3377 3284 3557 3355 gaudii
3600 3281 3814 3338 festivi-

2214 3386 2378 3432 tatem
2403 3377 2682 3432 ccle‘brare
2711 3375 3006 3442 desiderat,
3038 3392 3235 3446 agnum
3275 3390 3376 3430 nec
3402 3391 3544 3446 aqua
3568 3385 3770 3446 coquat
3796 3416 3813 3442 ,

2214 3483 2393 3537 neque
2432 3469 2657 3522 crudum
2697 3468 2979 3548 comedat,
3029 3468 3080 3522 id
3111 3478 3218 3532 est,
3253 3475 3313 3521 ut
3335 3483 3434 3538 per
3489 3467 3812 3523 dissolutam

2215 3560 2519 3626 scientiam,
2551 3560 2782 3628 qualiter
2804 3559 2948 3614 Deus
2981 3559 3256 3615 incarnari
3303 3560 3500 3629 potuit,
3525 3560 3772 3631 cogitans
3799 3599 3817 3626 ,

2216 3663 2392 3720 neque
2437 3651 2491 3704 in
2554 3666 2679 3706 cum
2719 3659 2980 3724 tanquam
3022 3653 3077 3706 in
3121 3651 3395 3707 hominem
3451 3667 3650 3724 purum
3696 3666 3819 3708 cre-

2217 3740 2307 3796 dat
2335 3741 2387 3795 ὶ).
2424 3761 2440 3794 ι

2287 3845 2378 3902 XI.
2419 3845 2552 3903 [tem
2600 3847 2944 3905 Chromatius
2999 3858 3199 3905 sanctae
3263 3849 3521 3905 Romanae
3589 3849 3824 3908 antistes

2219 3941 2473 3996 Ecclesiae
2492 3942 2543 3996 in
2575 3940 2755 3996 libello
2791 3957 2951 4011 quem
2980 3944 3046 3998 de
3065 3951 3193 3998 octo
3208 3941 3644 3998 .Beatitudinibus
3681 3941 3824 3997 scri-

2221 4033 2351 4102 psit,
2383 4034 2455 4087 ita
2486 4033 2652 4087 dicit:
2688 4052 2705 4084 (
2745 4044 2765 4071 ο
2805 4031 2864 4086 In
2898 4034 3154 4104 mysterio
3182 4034 3325 4089 enim
3375 4033 3631 4104 baptismi
3651 4042 3706 4088 et
3727 4033 3768 4087 F
3771 4035 3822 4089 i-

2221 4124 2326 4178 lius
2353 4139 2577 4178 manens
2603 4123 2818 4180 videtur
2866 4124 2919 4178 in
2970 4139 3216 4194 corpore,
3238 4133 3293 4179 et
3328 4124 3563 4194 Spiritus
3593 4133 3820 4180 sanctus

2225 4216 2280 4270 iu
2311 4214 2487 4285 specie
2512 4213 2772 4270 columbae
2800 4213 3100 4280 descendit,
3132 4224 3187 4270 et
3215 4232 3317 4272 vox
3369 4215 3551 4271 Patris
3579 4215 3644 4271 de
3666 4216 3824 4272 cadis

2227 4305 2479 4371 auditur,
2535 4312 2595 4360 ut
2632 4303 2912 4360 Trinitatis
2943 4306 3119 4361 unitas
3159 4306 3505 4371 declaretur;
3547 4306 3674 4376 quia
3719 4321 3827 4361 nec

539 4393 627 4448 ille
655 4394 770 4448 sine
789 4393 908 4447 uno
947 4395 1192 4463 peccato,
1224 4409 1322 4449 nos
1355 4409 1455 4466 per
1489 4392 1639 4448 illum
1669 4393 1886 4446 liberati
1919 4407 1949 4445 a
1998 4405 2124 4461 pcc-
2151 4429 2204 4492 υ
2227 4394 2389 4450 Pater
2414 4397 2531 4452 sine
2555 4395 2695 4478 .Filio
2720 4396 2944 4467 intelligi
2985 4407 3180 4467 potest,
3215 4413 3314 4452 nec
3342 4397 3510 4452 Filius
3558 4397 3674 4453 sine
3699 4396 3824 4466 Spi—

540 4493 682 4540 cato.
725 4505 742 4537 ι
771 4485 906 4538 Item
941 4485 1062 4555 ipse
1087 4486 1140 4539 in
1171 4487 1505 4556 expositione
1533 4483 1698 4556 786
1735 4483 2010 4555 Evangelii
2038 4500 2123 4537 se—
2153 4483 2190 4492 ’⁷
2223 4487 2335 4542 ritu
2361 4496 2548 4542 sancto
2576 4489 2849 4557 cognosci.
2884 4489 3017 4544 Vide
3055 4490 3216 4559 igitur
3245 4489 3406 4559 quale
3430 4488 3608 4544 Patris
3638 4489 3705 4544 de
3731 4488 3826 4542 Fi-

539 4576 776 4632 cundum
799 4567 1058 4630 Joannem
1075 4577 1134 4631 in
1161 4575 1377 4632 homilia
1401 4575 1433 4630 7
1465 4578 1636 4649 (num.
1668 4575 1722 4646 4)
1749 4575 1824 4628 ait
1857 4593 1868 4626 :
1906 4592 1922 4625 ι
1952 4573 2123 4644 Opor-
2159 4583 2162 4586 '

541 4670 690 4725 tehat
723 4671 868 4724 enim
913 4677 979 4724 ut
1001 4669 1092 4724 i’l'le
1119 4670 1422 4741 'baptizaret
1451 4671 1542 4741 qui
1601 4679 1683 4723 est
1713 4668 1905 4722 unicus
1957 4666 2125 4720 Filius

541 4762 658 4826 Dei,
685 4777 794 4817 non
837 4762 1157 4832 adoptivus;
1200 4763 1435 4834 adoptivi
1495 4771 1676 4818 autem
1717 4761 1950 4816 ministri
2001 4767 2129 4814 sunt

541 4855 728 4920 unici;
781 4855 977 4910 unicus
1026 4855 1168 4910 enim
1239 4857 1403 4910 habet
1455 4862 1776 4927 potestatem
1838 4851 2128 4921 adoptandi

545 4945 729 5021 [Aug.,
760 4947 1020 5021 adoptati]
1049 4949 1435 5004 ministerium.
1473 4969 1490 5001 ι
1527 4948 1660 5004 Item
1691 4949 1805 5020 ipse
1853 4946 1907 5001 in
1938 4946 2129 5001 eodem

620 5154 646 5183 ι
681 5139 740 5197 ln
779 5143 902 5199 edd.
925 5151 1110 5198 tenus
1132 5143 1207 5198 ita
1258 5151 1453 5198 sonat:
1495 5163 1513 5195 ι
1545 5141 1672 5201 Haec
1702 5152 1883 5199 autem
1934 5161 2041 5201 non
2073 5142 2131 5200 ﬁ—

547 5215 727 5271 ctione
745 5214 889 5269 fa-cta
917 5223 1062 5280 sunt,
1103 5215 1555 5286 quemadmodum
1588 5216 1824 5270 nonnulli
1851 5216 2131 5270 existima-

548 5296 696 5350 runt,
727 5288 893 5351 absit;
930 5287 1024 5341 sed
1069 5286 1352 5341 Salvatore
1379 5301 1506 5341 vere
1530 5286 1750 5342 homine
1777 5286 1922 5340 facto
1948 5328 1961 5349 ,
2007 5287 2133 5340 hinc

547 5359 712 5412 totius
741 5358 972 5414 hominis
1016 5357 1166 5412 salus
1208 5366 1496 5413 mnsecuta
1523 5366 1626 5412 est.
1661 5358 1794 5411 Nam
1844 5357 1887 5411 si
1919 5357 2136 5410 ﬁctione

551 5428 810 5486 duntaxat
841 5428 1074 5484 Verbum
1105 5429 1156 5482 in
1189 5444 1417 5496 corpore
1453 5427 1576 5495 fuit,
1607 5439 1664 5482 ut
1693 5428 1766 5482 illi
1803 5435 2085 5480 autumant
2119 5466 2134 5493 ,

551 5507 607 5554 et
647 5501 693 5553 si
723 5500 864 5569 quod
898 5499 1097 5553 dicitur
1127 5498 1344 5553 ﬁctione
1371 5513 1491 5554 esse
1518 5541 1531 5561 ,
1590 5499 1874 5568 phantasia
1904 5506 1987 5551 est.
2007 5538 2019 5559 ,
2051 5512 2139 5569 se-

553 5567 818 5640 quitur'ut
841 5571 1131 5625 secundum
1163 5569 1536 5638 impiissimum
1567 5567 2139 5640 Manichazum,spec_ie

555 5637 764 5698 tantum
791 5651 948 5696 terius
990 5640 1136 5696 salus
1169 5648 1224 5696 et
1240 5637 1580 5696 resurrectio
1611 5641 1888 5695 hominum
1919 5638 2034 5692 ﬁeri
2058 5637 2141 5691 di-

552 5713 715 5775 citur.
755 5733 772 5764 ι
824 5712 955 5768 Vide
997 5727 1118 5785 qua:
1165 5713 1222 5769 in
1267 5710 1412 5768 hunc
1453 5711 1634 5770 locum
1677 5711 1734 5768 S.
1775 5709 2056 5768 Athanasii
2107 5724 2141 5766 a

2227 4581 2298 4636 lio
2317 4583 2684 4638 testimonium
2711 4584 2777 4638 sit
2800 4583 3022 4639 dicentis
3039 4602 3050 4636 :
3070 4582 3172 4637 Hic
3186 4592 3260 4638 est
3285 4581 3462 4637 Filius
3483 4599 3654 4638 meus.
3681 4581 3830 4638 Suus

2227 4675 2412 4745 utique
2439 4691 2548 4730 non
2575 4691 2675 4745 per
2701 4674 3046 4746 adoptionem
3077 4675 3268 4747 gratia:
3289 4715 3305 4741 ,
3339 4690 3514 4745 neque
3567 4689 3665 4744 per
3698 4672 3829 4730 reli-

2228 4766 2445 4838 gionem
2471 4775 2738 4822 creatum
2759 4807 2775 4832 ,
2833 4774 2892 4819 ut
2923 4766 3162 4822 haeretici
3186 4765 3410 4832 volunt,
3467 4766 3561 4822 sed
3591 4765 3672 4822 sui
3701 4780 3812 4837 pr.»

2229 4860 2462 4930 prietate
2489 4858 2725 4928 generis,
2752 4865 2806 4914 et
2832 4857 3058 4913 veritate
3083 4866 3310 4913 natum.
3343 4857 3495 4912 Multi
3521 4857 3672 4912 enim
3701 4871 3826 4912 san‘

2231 4958 2440 5006 ctorum
2465 4947 2588 5003 Filii
2617 4947 2715 5002 Dei
2761 4947 3037 5015 dicuntur,
3059 4955 3116 5004 et
3142 4955 3286 5014 sunt,
3317 4947 3414 5004 sed
3449 4946 3543 5004 hic
3575 4946 3695 5002 sine
3724 4945 3828 5001 du-

2234 5148 2292 5206 S.
2316 5146 2540 5226 Paulino
2562 5145 2895 5226 Aquileiensi
2916 5160 3131 5226 quoque
3168 5144 3500 5226 descriptum
3525 5141 3713 5226 critico
3762 5155 3828 5194 ac

2233 5219 2443 5276 erudite
2469 5212 2721 5273 observat
2745 5217 2812 5271 cl.
2847 5212 3150 5280 Madrisius,
3178 5212 3423 5282 OperfS.
3460 5212 3667 5282 Paulini
3697 5226 3824 5282 pag.

2237 5233 2443 5276 erudite.
2469 5233 2721 5273 onservat
2745 5233 2812 5271 et.
2848 5233 3150 5280 maurtsms,
3178 5233 3222 5270 U
3241 5233 3340 5268 ter.
3367 5233 3423 5268 δ.
3461 5233 3605 5267 rauu

2237 5291 2358 5354 164,
2387 5298 2500 5342 not.
2535 5287 2878 5360 (Patrologim
2915 5297 3060 5340 tomo
3098 5233 3282 5350 XCl'k,
3312 5285 3414 5340 col.
3457 5281 3605 5360 @359),

2311 5364 2338 5403 ι)
2375 5361 2516 5414 Edit.
2545 5355 2562 5413 ’τ
2598 5379 2614 5409 ‹
2649 5358 2720 5414 Ut
2739 5355 2914 5428 neque
2930 5374 3028 5428 per
3049 5361 3340 5413 humanam
3363 5355 3682 5425 sapientiam
3703 5367 3833 5423 pro-

2239 5433 2557 5488 funditatem
2584 5431 2726 5486 illius
2748 5430 3135 5486 incarnationis
3161 5437 3445 5498 penetrare
3469 5434 3708 5498 appetat,
3731 5438 3831 5480 nc-

2239 5521 2342 5575 que
2369 5504 2420 5575 in
2450 5519 2572 5575 eum
2603 5511 2860 5575 tanquam
2885 5501 2936 5554 in
2965 5496 3235 5575 hominem
3259 5513 3455 5575 purum
3483 5496 3689 5552 credat.
3728 5512 3749 5547 ι

2315 5585 2335 5613 ο
2375 5574 2508 5629 Vide
2535 5573 2679 5627 hunc
2707 5561 2882 5627 l'ocum
2910 5585 3123 5642 quoque
3167 5561 3500 5639 descriptum
3527 5582 3690 5640 supra
3717 5561 3824 5620 col.

2239 5645 2331 5713 97,
2359 5661 2416 5701 ιι.
2441 5643 2532 5712 26,
2555 5659 2678 5699 cum
2704 5651 2829 5700 nota
2855 5643 2930 5697 ibi
2950 5641 3153 5697 addita.
