4072 6346
578 346 680 403 I27

578 472 676 529 ego
702 453 855 527 quasi
901 453 1075 508 victus
1114 465 1219 505 non
1270 448 1521 504 haberem
1571 443 1699 513 quid
1747 439 2143 511 responderem.
2179 440 2226 499 Α

577 552 747 623 Igitur
768 547 995 619 plurima
1024 543 1259 615 copioso,
1302 540 1393 595 sed
1421 554 1524 593 non
1553 534 1873 592 scholastico
1902 546 2149 587 sermone

580 622 889 697 sanctorum
915 639 1130 692 Patrum
1158 632 1396 702 exempla
1437 629 1691 701 prrefatus
1714 627 2015 695 disputator
2041 622 2150 678 col—

578 731 747 801 ligere
792 728 1013 790 studuit,
1049 739 1277 795 quorum
1323 722 1568 791 quaedam
1614 716 1967 793 sibimetipsi
1996 714 2151 769 valde

585 819 854 873 adversari
885 818 1160 879 vi'lentur;
1192 814 1436 884 quaedam
1475 810 1606 865 nihil
1632 809 1744 863 suis
1770 807 1952 861 favere
1994 805 2153 875 parti-

582 912 684 966 bus
711 909 1111 979 intelliguntur;
1145 903 1387 974 quaedam
1414 916 1579 971 pravo
1600 914 1780 959 sensu,
1813 896 1970 950 aliter
1991 909 2150 963 quam

584 1002 652 1056 ab
673 1001 752 1054 eis
776 999 945 1069 posita
976 1003 1121 1059 sunt,
1151 995 1505 1062 interpretare
1532 991 1742 1045 nititur.
1784 988 1851 1041 Et
1878 986 1959 1039 ‘:.is
1985 985 2154 1038 tribus

578 1090 755 1146 modis
806 1087 1192 1143 sententiarum
1241 1084 1384 1137 illius
1430 1081 1786 1136 numerositas
1828 1076 2149 1131 contexitur.

579 1179 677 1234 Cui
701 1193 888 1233 revera
914 1176 1081 1231 multo
1116 1175 1304 1230 melius
1328 1180 1473 1227 esset
1508 1178 1767 1240 perpetuo
1794 1167 2155 1223 conticescere

579 1272 816 1335 silentio,
847 1285 1009 1339 quam
1032 1267 1184 1323 malae
1208 1264 1488 1336 pravitatis
1513 1263 1755 1317 doctrina
1785 1274 1978 1315 nomen
2001 1272 2153 1311 suum

578 1364 740 1419 latius
782 1363 1139 1424 innotescere,
1165 1368 1219 1413 et
1256 1374 1361 1414 non
1389 1355 1711 1412 necessariis
1755 1368 1811 1407 se
1853 1353 2156 1406 immiscere

579 1455 982 1525 quaestionibus.
1008 1452 1149 1520 Quid
1179 1451 1321 1506 enim
1348 1449 1571 1520 prodest
1596 1445 1850 1501 Ecclesiae
1877 1444 1970 1498 Dei
1995 1442 2155 1497 Chri-

578 1552 722 1600 stum
771 1542 1041 1613 appellare
1078 1540 1379 1611 adoptivum
1421 1538 1607 1602 filium,
1657 1537 1737 1590 vel
1764 1536 1930 1590 Deum
1956 1547 2158 1587 nuncu-

580 1632 854 1702 pativum?
884 1631 980 1687 Vel
1008 1646 1127 1700 qute
1156 1644 1316 1683 aures
1341 1627 1602 1684 catholica
1635 1626 1737 1679 fide
1779 1624 2003 1679 erudita:
2043 1624 2158 1678 hzec

579 1722 797 1778 nomina
825 1721 1053 1776 libenter
1087 1718 1273 1774 audire
1311 1718 1587 1789 patiuntur
1614 1717 1680 1771 de
1705 1716 1927 1770 Domino
1971 1723 2157 1769 nostro

580 1810 710 1869 Jesu
732 1811 949 1868 Christo
990 1811 1352 1879 omnipotente
1377 1810 1485 1863 Deo
1515 1816 1571 1861 et
1606 1821 1733 1860 vero
1755 1805 1891 1859 Filio
1917 1804 2033 1868 Dei,
2065 1804 2156 1874 qui
2189 1802 2233 1861 Β

579 1911 665 1960 est
711 1906 869 1959 tertia
900 1916 925 1944 ει
955 1903 1009 1957 in
1063 1910 1249 1959 sancta
1300 1901 1561 1955 Trinitate
1600 1914 1856 1970 persona,
1904 1906 1958 1953 et
1991 1897 2156 1967 judex

580 2006 838 2053 venturus
883 1997 1126 2051 vivorum
1173 2003 1229 2049 et
1274 1992 1645 2049 mortuorum?
1700 1991 1870 2047 Unam
1926 2004 2157 2060 namque

580 2091 939 2147 substantiam
961 2090 1317 2161 praedicamus
1337 2089 1390 2142 in
1414 2087 1595 2153 Patre,
1618 2095 1672 2141 et
1691 2086 1848 2151 Filio,
1877 2095 1932 2140 et
1954 2085 2158 2155 Spiritu

578 2188 789 2246 sancto,
819 2188 872 2235 ει
919 2188 1031 2235 ῐνθε
1058 2194 1334 2249 personas.
1367 2178 1539 2233 Unam
1571 2193 1699 2233 VBI‘O
1724 2192 2009 2247 personam
2042 2190 2159 2231 cre-

580 2274 777 2340 dimus,
810 2282 865 2330 et
903 2274 1037 2329 duas
1077 2273 1406 2328 substantias
1448 2273 1503 2327 in
1551 2271 1766 2327 Christo
1795 2273 1904 2327 Deo
1933 2272 2160 2325 Domino

583 2373 790 2431 nostro,
833 2366 1190 2436 eumdemque
1232 2374 1398 2421 totum
1440 2366 1606 2420 Deum
1645 2366 2067 2435 omnipotentem
2108 2372 2162 2419 et

582 2454 682 2512 Dei
705 2455 900 2510 Filium
923 2471 1110 2511 verum
1130 2464 1185 2511 et
1208 2455 1504 2527 proprium.
1536 2454 1849 2524 Quicunque
1873 2468 2001 2510 vero
2022 2455 2163 2509 hanc

584 2545 746 2602 fidem
780 2562 881 2602 nec
904 2547 1069 2603 corde
1106 2548 1299 2612 credit,
1329 2563 1430 2603 nec
1469 2562 1563 2602 ore
1591 2546 1903 2611 conﬁtetur,
1935 2545 2161 2600 nullate-

582 2652 687 2693 nus
735 2637 1033 2693 catholicus
1096 2637 1394 2694 credendus
1448 2647 1560 2703 est,
1611 2640 1705 2694 sed
1764 2639 2160 2694 schismaticus.

583 2726 775 2783 Vestra
804 2743 935 2783 vero
981 2737 1167 2785 sancta
1212 2729 1459 2786 voluntas
1510 2739 1668 2800 atque
1710 2747 1739 2784 a
1778 2731 1886 2786 Deo
1914 2731 2164 2787 ordinata

583 2829 824 2889 potestas
851 2820 1171 2876 catholicam
1206 2829 1367 2890 atque
1395 2821 1744 2891 apostolicam
1776 2822 1935 2877 fidem
1966 2824 2166 2893 ubique

584 2909 867 2977 defendat;
924 2926 986 2966 ac
1034 2911 1201 2967 veluti
1248 2912 1414 2967 armis
1462 2911 1747 2981 imperium
1799 2915 2165 2970 Christianum

584 2999 798 3055 fortiter
826 3000 1055 3055 dilatare
1081 3000 1312 3065 laborat,
1343 3003 1417 3057 ita
1446 3010 1502 3058 et
1524 3004 1831 3073 apostolica:
1866 3004 1989 3060 fidei
2026 3005 2167 3060 veri-

583 3100 753 3148 tatem
791 3092 1101 3157 defendere,
1132 3094 1326 3150 docere
1359 3105 1415 3150 et
1457 3112 1755 3168 propagare
1781 3100 2009 3164 studeat,
2050 3100 2165 3170 ipso

585 3187 876 3242 auxiliante
904 3186 960 3241 in
983 3184 1135 3255 cujus
1164 3196 1429 3258 potestate
1451 3198 1576 3244 sunt
1600 3191 1781 3246 omnia
1812 3207 1973 3262 regna
1996 3200 2165 3247 terra-

587 3294 726 3344 rum,
775 3290 1037 3349 quatenus
1086 3295 1208 3333 cum
1257 3279 1534 3350 multiplici
1578 3281 1777 3337 laboris
1816 3283 2062 3338 mercede
2096 3283 2165 3339 ad

585 3374 829 3444 perpetui
866 3373 1016 3445 regni
1046 3373 1430 3428 beatitudinem
1456 3374 1737 3443 pervenire
1760 3376 2038 3430 merearis.

659 3463 1007 3536 Omnipotens
1035 3465 1176 3519 Deus
1201 3465 1269 3520 ad
1308 3464 1689 3520 exaltationem
1718 3476 1772 3522 et
1795 3466 2163 3524 defensionem

588 3564 790 3611 sanetae
817 3571 927 3611 sum
954 3556 1207 3613 Ecclesiae
1230 3564 1285 3613 et
1318 3558 1387 3613 ad
1410 3557 1703 3615 Christiani
1731 3559 1943 3629 Imperii
1974 3575 2160 3630 pacem

588 3656 644 3703 et
688 3647 984 3718 profectum
1022 3658 1257 3705 vestram
1302 3651 1500 3723 regalis
1534 3652 1715 3724 gloria:
1747 3655 2041 3724 potentiam
2068 3669 2166 3708 au-

586 3755 735 3812 gere,
765 3749 1046 3813 protegere
1078 3752 1132 3797 et
1159 3757 1485 3801 conservare
1517 3754 1717 3801 aeterna
1750 3747 1949 3814 pietate
1978 3746 2165 3817 digne-

588 3840 697 3900 tur,
725 3831 941 3890 domine
967 3834 1462 3893 desiderantissime
1489 3845 1650 3906 atque
1679 3835 2007 3894 beatissime.

658 4097 685 4126 ι
722 4081 963 4138 Tertia...
988 4100 1230 4155 persona.
1256 4083 1371 4140 Non
1392 4085 1601 4147 ordine,
1627 4085 1719 4139 sed
1740 4099 1985 4148 numero,
2009 4082 2163 4154 quasi

588 4170 695 4211 una
738 4170 804 4209 ex
835 4155 1034 4217 tribus;
1066 4154 1256 4209 ordine
1283 4156 1425 4210 enim
1461 4157 1618 4210 tertia
1648 4156 1702 4209 in
1747 4156 1925 4217 rigore
1954 4155 2156 4209 theolo-

590 4227 712 4296 gico
746 4224 1004 4280 dicendus
1031 4232 1113 4280 est
1141 4223 1375 4295 Spiritus
1400 4234 1619 4281 sanctus
1644 4226 1734 4295 qui
1761 4223 1976 4280 aPatre
2004 4225 2167 4280 Filio.

593 4310 701 4405 ηυξ
728 4296 988 4405 esset;

634 4365 691 4447 ,θ’
731 4365 881 4419 Hanc
908 4380 1134 4447 quoque
1166 4366 1535 4435 praafationem
1578 4367 1836 4425 debemus
1859 4366 2101 4433 Baluzio,
2126 4365 2166 4420 l.

598 4435 717 4502 cit.,
746 4449 869 4505 pag.
895 4435 999 4489 416
1686 4474 1687 4477 γ

1426 332 1489 389 Β.
1530 332 1591 387 F.
1628 327 1853 386 ALBINI
1889 326 2021 385 SEU
2060 319 2333 381 ALCUINI
2368 315 2655 378 OPERUM
2689 314 2869 372 PARS
2905 314 2989 373 III.

2190 3150 2236 3213 C

3714 318 3819 377 I28

2809 430 2839 471 δ
2870 425 3269 484 PR/EFATIO

2425 544 2493 601 IN
2531 543 2775 600 LIBROS
2800 542 2887 597 VII
2920 539 3286 597 ADVERSUS
3321 539 3637 599 FELICEM.

2708 653 2775 691 AD
2814 650 3060 690 CAROLUI
3098 649 3338 690 IAGNUI.

2320 728 2429 783 llos
2468 727 2702 797 quinque
2731 740 2896 795 panes
2933 732 2987 779 et
3011 724 3144 778 duos
3181 721 3469 793 pisciculos
3497 734 3518 762 ο
3552 723 3714 779 simul
3740 739 3826 781 sev

2248 821 2495 891 ptenario
2530 834 2754 873 numero
2807 824 3172 878 consecratos,
3224 815 3289 870 de
3343 816 3649 885 apostolica:
3702 816 3824 871 fidet

2249 928 2377 982 pera
2409 911 2643 982 prolatos
2671 917 2864 964 vestra:
2880 908 3232 963 sanctissimae
3245 906 3557 961 auctoritati
3579 904 3793 962 direxid
3818 948 3832 975 ,

2253 1004 2466 1059 domine
2514 1003 2583 1057 mi
2633 1000 2818 1064 David,
2861 1009 2918 1054 ut
2955 1000 3048 1054 Dei
3075 998 3276 1055 Christi
3300 1000 3674 1054 benedictione
3696 998 3832 1053 mul-

2254 1093 2497 1163 tiplicati,
2523 1107 2619 1161 per
2648 1105 2744 1144 vos
2768 1090 3025 1144 esurienti
3054 1088 3249 1159 populo
3277 1097 3332 1143 et
3369 1090 3422 1143 in
3445 1089 3672 1143 desertis
3696 1088 3826 1144 locis

2253 1185 2516 1240 habitanti
2562 1184 2630 1237 ad
2668 1182 2971 1237 satietatem
3023 1180 3287 1236 catholice
3332 1180 3725 1235 ministrentur.
3770 1179 3833 1234 In

2254 1276 2357 1331 hoc
2387 1289 2614 1344 namque
2642 1272 2900 1343 opusculo
2944 1271 3221 1327 catholic:e
3274 1270 3397 1325 fidei
3441 1271 3723 1324 veritatem
3763 1285 3832 1324 ex

2256 1378 2565 1423 sanctorum
2608 1365 2828 1420 Patrum
2869 1364 3035 1436 789
3059 1363 3378 1419 certissimis
3415 1364 3645 1432 probare
3676 1362 3832 1416 testi-

2256 1459 2451 1513 moniis
2487 1458 2637 1513 nisus
2677 1473 2816 1521 sum,
2866 1456 2920 1510 id
2957 1464 3059 1519 est,
3102 1455 3244 1510 beati
3295 1453 3627 1524 Hieronymi,
3672 1461 3838 1522 atque

2259 1552 2429 1606 sancti
2476 1549 2795 1620 Augustini,
2843 1547 3088 1617 Gregorii
3138 1563 3291 1617 papae
3337 1546 3598 1611 Romani,
3644 1544 3835 1599 Hilarii

2258 1642 2612 1698 Pictavieusis
2645 1640 2902 1709 episcopi,
2948 1638 3141 1693 Leonis
3167 1652 3380 1707 quoque
3414 1653 3587 1707 papte,
3616 1644 3671 1691 et
3703 1636 3839 1691 Ful-

2260 1735 2423 1806 gentii
2451 1733 2709 1803 episcopi,
2744 1729 3013 1785 Ambrosii
3047 1745 3263 1799 quoque
3289 1728 3699 1783 Mediolanensis
3725 1727 3843 1798 epi-

2260 1825 2439 1894 scepi;
2466 1823 2560 1878 sed
2583 1831 2635 1876 et
2657 1822 2933 1876 fortissimi
2955 1829 3141 1875 contra
3162 1818 3464 1874 Nestorium
3490 1817 3673 1872 militis
3690 1817 3841 1874 beati

2258 1914 2471 1985 Cyrilli;
2503 1914 2642 1967 Petri
2686 1913 2849 1967 etiam
2900 1909 3267 1966 Ravennensis
3315 1909 3573 1979 episcopi,
3602 1916 3659 1963 et
3694 1906 3845 1964 beati

2258 2004 2414 2059 Beda:
2446 2002 2782 2074 presbyteri,
2828 2000 3181 2075 Gregoriique
3217 1997 3572 2063 Nazianzcni;
3606 2012 3706 2053 nec
3733 2012 3846 2054 non

2259 2104 2313 2151 et
2338 2095 2524 2150 Isidori
2554 2094 2922 2164 Hi~paniensis
2948 2101 3004 2146 et
3027 2090 3251 2146 Juvenci
3280 2088 3521 2161 ejusdem
3547 2090 3849 2159 provincia

2260 2185 2584 2241 scholastici.
2625 2183 2682 2238 Si
2712 2198 2840 2254 ergo
2880 2198 2965 2237 me
2994 2182 3114 2252 quis
3147 2181 3543 2251 reprehendere
3576 2180 3726 2245 velit,
3756 2179 3850 2236 vel

2262 2292 2411 2333 meos
2441 2292 2632 2331 sensus
2661 2276 2904 2346 improbo
2933 2274 3092 2343 dente
3119 2274 3340 2337 rodere,
3368 2272 3562 2327 horum
3599 2270 3851 2326 testimo-

2261 2370 2367 2424 niis
2388 2377 2697 2423 sanctorum
2716 2367 2932 2422 Patrum
2954 2366 3231 2421 convictus
3252 2363 3469 2418 veritati
3492 2363 3852 2419 succumbere

2263 2477 2483 2517 necesse
2513 2462 2647 2526 erit;
2674 2475 2775 2516 nec
2801 2474 2984 2514 errare
3009 2458 3278 2529 putandus
3308 2466 3421 2521 est,
3448 2457 3538 2526 qui
3568 2470 3689 2511 cum
3721 2453 3854 2510 tali-

2261 2552 2362 2607 bus
2399 2553 2537 2606 intra
2578 2550 2858 2607 catholicte
2908 2549 3030 2604 fidei
3078 2557 3260 2603 castra
3295 2556 3557 2602 moratur.
3599 2544 3855 2616 Origenis

2264 2660 2475 2715 quoque
2497 2645 2743 2715 quaedam
2782 2643 2865 2699 vel
2890 2644 3131 2699 Cassiani
3157 2642 3398 2713 exempla
3424 2641 3603 2711 posui,
3641 2640 3767 2695 licet
3792 2639 3854 2695 in

2265 2733 2583 2803 quibusdam
2604 2733 2739 2787 locis
2760 2716 3163 2803 Scripturarnnt
3187 2746 3405 2786 suarum
3429 2746 3459 2784 a
3483 2729 3586 2785 fide
3609 2729 3856 2784 orbitare

2265 2828 2577 2893 vidcantur;
2608 2835 2786 2881 tamen
2828 2841 2890 2881 ea
2938 2826 3112 2896 posui,
3175 2825 3230 2879 in
3283 2824 3478 2894 quibus
3516 2822 3855 2893 pnescriptis

2267 2919 2575 2974 doctoribus
2622 2925 2981 2973 consentanea
3029 2917 3228 2972 dixisse
3256 2916 3583 2986 probantur,
3617 2927 3855 2983 sequens

2267 3008 2507 3079 exempla
2537 3007 2835 3063 beatissimi
2873 3006 3108 3063 doctoris
3158 3004 3493 3076 Hieronymi,
3544 3004 3633 3072 qui
3677 3000 3858 3058 multa

2267 3114 2333 3153 ex
2364 3099 2595 3169 Origene
2628 3098 2934 3153 testimonia
2980 3096 3093 3152 suis
3139 3096 3377 3151 inserere
3416 3093 3691 3163 opusculis
3721 3108 3860 3148 con-

2268 3190 2463 3255 suevit,
2490 3199 2922 3257 caeterorumque
2946 3201 3052 3242 non
3083 3187 3363 3241 abhorruit
3388 3186 3665 3240 doctorum
3700 3183 3854 3238 dicta

2268 3297 2567 3347 assumere,
2598 3281 2723 3336 licet
2750 3281 2804 3335 in
2835 3279 3155 3350 quibusdam
3182 3285 3433 3332 notentur
3463 3291 3651 3332 errare
3675 3274 3859 3331 sensi-

2264 3376 2385 3432 bus.
2415 3374 2548 3430 Nam
2587 3382 2643 3429 et
2667 3375 2854 3428 beatus
2882 3372 3079 3427 Paulus
3116 3386 3213 3426 vas
3248 3370 3527 3425 electionis
3559 3377 3615 3423 et
3657 3368 3861 3423 doctor

2265 3469 2503 3540 gentium
2558 3468 2801 3537 quaedam
2855 3462 3160 3520 testimonia
3210 3463 3275 3517 de
3323 3476 3654 3531 paganorum
3698 3458 3862 3516 libris

2266 3560 2511 3633 proferre
2559 3560 2838 3630 probatur,
2888 3566 3065 3612 ratum
3118 3563 3309 3627 putans
3338 3571 3530 3610 aurum
3556 3570 3588 3610 e
3612 3564 3864 3610 stercore

2270 3653 2475 3717 tulisse,
2531 3652 2872 3722 lavatumque
2921 3651 3215 3707 Dominicis
3263 3650 3505 3706 intulisse
3562 3650 3859 3706 thesauris.

2269 3744 2433 3813 Cujus
2457 3746 2701 3817 exempla
2730 3753 3018 3816 sequentes
3037 3761 3174 3816 pene
3195 3758 3384 3801 omnes
3408 3744 3578 3800 sancti
3603 3744 3865 3800 doctores

2270 3836 2335 3891 de
2352 3837 2792 3907 philOSOphorum
2816 3836 2895 3892 vel
2915 3843 3197 3907 poetarum
3217 3835 3494 3906 gentilium
3513 3834 3666 3890 libris
3685 3834 3864 3890 multa

2270 3927 2382 3983 suis
2404 3927 2681 3983 inseruere
2718 3928 3008 3999 opusculis.
3039 3927 3289 3999 Explicit.

2308 4100 2365 4171 .c
2408 4088 2608 4171 Allumt
2654 4089 3002 4171 adnquinque
3052 4103 3219 4171 panes
3245 4088 3674 4171 hordeaceos_et
3720 4087 3866 4143 duos

2269 4160 2445 4241 pisces
2488 4159 2779 4241 Evangelii
2813 4159 2870 4214 S.
2913 4159 3139 4241 ,ποθ-[πξῇ
3186 4175 3306 4230 cap.
3358 4175 3433 4223 vr,
3482 4159 3680 4241 quibus
3727 4173 3866 4215 suos

2270 4229 2477 4299 septem
2515 4229 2680 4285 libros
2715 4230 2974 4285 adversus
2999 4229 3232 4285 Felicem
3257 4229 3559 4299 comparat.

2275 4372 2287 4381 _
2337 4298 2367 4381 ᾗ
2408 4300 2610 4381 Dirce}.
2642 4300 2745 4381 Per
2758 4299 3183 4381 Candidum,nuti
3206 4301 3280 4354 ait
3302 4302 3357 4355 in
3381 4298 3538 4369 epist.
3568 4300 3637 4354 ad
3663 4297 3858 4365 ﬁliam,

2273 4372 2436 4437 infra,
2461 4372 2517 4426 in
2546 4372 2653 4427 fine
2682 4370 2840 4439 hujus
2869 4370 3134 4441 opusculi.

615 4554 3806 4584 ———-—-—_—_———————————————————————-e

1924 4662 2160 4725 LIBER
2203 4660 2518 4723 PRIMUS.

666 4854 710 4913 I.
751 4853 953 4926 Scripsi
979 4853 1258 4926 epistolam
1287 4854 1496 4926 pridem
1526 4852 1693 4910 Felici
1720 4850 1969 4923 episeopo
1994 4848 2173 4906 chari-
2201 4855 2249 4910 υ
2275 4848 2415 4905 serie
2456 4846 2727 4919 prolixum
2777 4842 2935 4900 nobis
2989 4842 3220 4914 dirigere
3268 4840 3474 4898 studuit
3528 4858 3543 4896 :
3594 4839 3651 4898 in
3705 4836 3866 4910 cujus

600 4949 727 5004 tatis
757 4948 984 5013 calamo,
1013 4961 1118 5003 non
1149 4947 1508 5003 contentionis
1534 4945 1772 5010 stimulo,
1800 4942 2051 4999 fraternae
2088 4957 2175 4998 sa-

599 5039 724 5096 lutis
749 5040 1033 5107 desiderio,
1059 5057 1163 5097 non
1213 5040 1481 5095 mordacis
1528 5035 1963 5109 reprehensionis
2001 5035 2172 5107 stylo;

608 5133 819 5201 cupiens
846 5146 969 5186 eum
990 5134 1260 5204 corrigere
1289 5133 1342 5187 in
1368 5131 1568 5187 Christi
1595 5130 1900 5193 dilectione,
1931 5143 2090 5195 quem
2120 5127 2176 5181 in

602 5222 877 5293 cujusdam
920 5224 1151 5278 nominis
1178 5224 1417 5277 novitate
1445 5223 1511 5277 de
1558 5222 1773 5277 Christo
1804 5235 1867 5274 ac
1900 5217 2178 5275 catholica:

599 5314 747 5385 pacis
774 5314 979 5369 unitate
1001 5316 1253 5371 recedere
1280 5323 1466 5369 notum
1500 5312 1748 5368 habetur.
1778 5311 1883 5366 Sed
1910 5322 1969 5366 ut
2014 5325 2179 5381 agno-

601 5422 712 5474 sco,
744 5423 849 5463 non
871 5423 936 5463 eo
955 5408 1236 5462 charitatis
1259 5406 1452 5471 oflicio,
1478 5406 1560 5460 vel
1583 5404 1902 5461 humilitatis
1922 5402 2180 5473 obsequio

602 5515 735 5556 me'e
779 5501 1041 5557 litterulas
1077 5500 1365 5570 diligentia:
1407 5500 1630 5568 recepit,
1677 5515 1783 5567 quo
1811 5514 1897 5552 me
1918 5498 2175 5559 scribere,

603 5590 694 5658 qui
726 5605 901 5646 meam
950 5590 1166 5659 pietatis
1214 5590 1407 5643 intuitu
1443 5588 1634 5659 legerit
1668 5588 1968 5658 epistolam,
2016 5603 2175 5658 agno-

606 5697 757 5737 scere
782 5682 1002 5752 poterit.
1022 5680 1155 5737 Nam
1178 5683 1315 5737 idem
1339 5680 1593 5753 przefatus
1614 5682 1761 5737 Felix
1791 5698 1915 5737 mox
1941 5682 2179 5739 libellum

606 5785 713 5830 non
742 5770 1017 5846 epistolari
1043 5772 1307 5831 brevitate
1346 5773 1702 5843 succinctum,
1732 5774 1829 5833 sed
1867 5790 2180 5832 sermonum

2278 4940 2544 5013 principio
2573 4939 2639 4993 de
2676 4934 3014 4993 confessione
3042 4949 3183 4990 verae
3213 4932 3335 4988 fidei
3362 4933 3605 5003 quaedam
3630 4947 3700 4988 ex
3728 4946 3864 4986 san-

2277 5042 2487 5090 ctorum
2521 5031 2740 5088 Patrum
2782 5026 3061 5083 catholicis
3102 5026 3348 5081 sensibus
3378 5024 3446 5080 ab
3478 5024 3669 5080 eodem
3718 5023 3864 5078 bene

2277 5123 2487 5194 prolata
2515 5122 2781 5192 legebam;
2814 5119 2907 5174 sed
2937 5134 3060 5174 mox
3092 5118 3145 5173 in
3175 5116 3524 5188 sequentibus
3545 5113 3864 5184 multiplici-

2280 5224 2364 5270 ter
2383 5213 2595 5284 pristini
2622 5212 2824 5266 erroris
2840 5210 3193 5265 assertionem
3216 5209 3539 5264 confirmare
3554 5205 3862 5269 nitebatur;

2280 5322 2382 5362 nec
2401 5305 2571 5361 solum
2607 5304 2825 5373 antiqua
2866 5320 2971 5358 non
3017 5303 3315 5367 destruere,
3368 5300 3461 5356 sed
3512 5298 3677 5354 etiam
3717 5309 3867 5352 nova

2284 5399 2530 5470 quaedam
2579 5397 2795 5462 addere,
2849 5397 3030 5467 pejora
3081 5393 3354 5465 prioribus
3403 5404 3687 5461 aggressus
3730 5394 3865 5443 est:

2285 5497 2425 5551 sicut
2446 5494 2588 5549 enim
2615 5490 2809 5545 fabulae
2837 5489 3035 5549 ferunt,
3062 5487 3309 5557 hydram,
3333 5499 3436 5539 una
3458 5489 3603 5538 secta
3628 5479 3865 5546 cervice,

2286 5585 2525 5643 centenis
2568 5582 2858 5655 pullulasse
2895 5579 3187 5649 capitibus;
3220 5578 3297 5631 sic
3332 5592 3397 5630 ex
3430 5589 3535 5628 uno
3565 5569 3869 5642 serpentini

2286 5680 2477 5751 capitis
2503 5692 2689 5732 errore
2714 5672 2987 5743 multiplex
3008 5684 3184 5741 prava:
3215 5669 3472 5723 doctrinm
3496 5679 3649 5735 seges
3680 5662 3869 5718 inhor-

2287 5750 2414 5827 ruit.
2447 5766 2559 5825 Nec
2591 5765 2693 5823 sibi
2728 5761 3024 5820 sufﬁciebat
3049 5758 3419 5818 tantummodo
3448 5755 3746 5822 Christum,
3773 5750 3870 5828 qui
