4072 6346
959 298 1376 359 DOGMA'I‘ICA.
1405 326 1478 340 --
1511 296 1670 353 ων.
1711 292 2009 352 FELICEM
2046 292 2227 351 LIBRI
2263 293 2372 351 VII.
2412 322 2484 337 -ι
2518 292 2647 352 LIB.
2686 297 2727 353 Ι.

3354 299 3457 357 150

199 431 270 488 de
294 425 518 498 Virgine
558 428 719 479 natus
756 424 860 486 est,
888 433 1087 491 negare
1129 416 1406 489 proprium
1435 426 1555 470 esse
1587 411 1784 467 Filium
1809 412 1861 474 Α
1888 416 2021 473 tum,
2050 406 2469 498 nuncupativum
2496 406 2663 462 Deum
2692 404 2953 463 aﬁirmat?
2979 407 3132 476 Quod
3153 408 3245 480 qui
3266 409 3460 480 pradi-

198 521 320 587 Dei,
348 518 445 575 sed
471 518 638 573 etiam
670 514 816 571 hunc
858 512 1102 568 eumdem
1132 524 1251 564 .non
1291 505 1560 564 consentit
1595 519 1783 560 verum

199 624 327 668 esse
355 608 564 672 Deum;
591 604 686 661 sed
709 617 850 657 novo
880 609 937 656 et
974 600 1214 656 inaudito
1252 606 1451 653 sancta
1480 597 1572 650 Dei
1599 594 1784 651 Eccle-

200 704 300 760 sia
323 701 544 757 nomine
573 696 982 763 nuncupativum
1002 692 1167 747 Deum
1190 691 1471 746 nominare
1507 688 1657 744 illum
1676 702 1783 742 non

198 796 381 857 timet,
410 789 654 847 dividens
681 786 956 843 Christum
979 785 1034 838 in
1060 783 1195 838 duos
1222 782 1383 846 ﬁlios,
1404 796 1567 835 unum
1597 794 1785 834 vocans

200 884 501 957 proprium,
530 878 753 933 alterum
774 875 1072 945 adoptivum
1100 882 1187 927 :et
1210 873 1263 925 in
1294 872 1424 926 duos
1448 869 1591 935 deos,
1622 884 1785 922 unum

201 991 381 1034 serum
404 973 595 1036 Deum,
627 968 851 1024 alterum
883 964 1290 1036 nuncupativum
1309 962 1496 1017 Deum.
1522 960 1699 1030 Atque
1718 957 1786 1013 ad

201 1065 674 1126 conﬁrmationem
713 1060 874 1131 hujus
911 1057 1114 1113 erroris
1152 1056 1318 1113 mul‘a
1364 1054 1577 1126 collegit
1618 1067 1787 1125 pravo

204 1174 369 1219 sensu
399 1154 730 1218 testimonia,
757 1166 877 1222 qua
896 1149 964 1204 ad
988 1163 1131 1205 vera
1154 1147 1276 1203 ﬁdei
1307 1147 1652 1216 agnitionem,
1667 1144 1788 1215 Spi-

202 1254 313 1310 ritu
339 1256 531 1306 sancto
567 1246 827 1309 dictante,
856 1259 886 1297 a
916 1240 1227 1298 doctoribus
1262 1237 1397 1295 Novi
1445 1238 1530 1294 vel
1576 1237 1788 1294 Veteris

203 1340 545 1401 Testamenti
560 1337 769 1410 prolata
792 1343 939 1391 sunt.

271 1433 336 1488 Il.
380 1429 628 1502 Speravi,
654 1427 813 1497 juxta
846 1426 1168 1482 sententiam
1205 1424 1588 1496 sapientissimi
1634 1424 1788 1481 Salo-

202 1525 560 1590 monis,‘dare
588 1522 636 1578 ei
655 1520 994 1576 occasionem
1020 1518 1297 1590 sapientia
1318 1533 1416 1589 per
1436 1518 1644 1573 litteras
1665 1532 1788 1588 pre-

201 1616 474 1681 catorias;
498 1614 592 1686 qui
614 1613 690 1668 ait
719 1627 735 1667 :
765 1612 844 1667 Da
870 1609 1468 1681 occasionem’sapienti
1493 1617 1549 1664 et
1575 1610 1789 1681 sapien-

206 1712 310 1767 tior
353 1710 461 1765 erit
512 1706 704 1779 (Prov.
741 1722 827 1771 Ix,
866 1703 954 1776 9).
985 1704 1149 1770 Item,
1190 1711 1313 1773 post
1356 1719 1529 1775 pauca
1567 1702 1786 1773 :Argue

202 1803 504 1874 sapientem
536 1807 592 1855 ct
641 1798 935 1870 sapientior
964 1798 1069 1852 erit
1108 1815 1121 1850 :
1154 1796 1248 1852 sed
1289 1804 1348 1849 ut
1374 1810 1588 1860 vereor,
1616 1798 1787 1868 magis

202 1891 361 1962 hujus
383 1889 666 1948 sententia
683 1888 961 1958 sequentia
983 1886 1124 1941 illius
1139 1887 1320 1941 sensui
1338 1886 1513 1956 aptari
1531 1895 1785 1957 possunt:

204 1984 381 2056 Argue
410 1980 655 2052 (inquit)
700 1979 942 2044 stultum,
966 1986 1029 2033 .et
1070 1977 1244 2033 oderit
1284 1985 1356 2033 te.
1399 1976 1531 2031 lllud
1574 1992 1789 2047 quoque

205 2090 311 2130 non
339 2072 540 2142 injuste
565 2073 633 2127 de
669 2071 760 2126 tali
803 2079 1191 2141 prasumptore
1225 2068 1327 2123 dici
1364 2075 1546 2138 potest
1574 2086 1586 2121 :
1616 2059 1789 2140 Magis

204 2168 407 2239 expedit
432 2182 572 2221 ursa:
596 2166 760 2236 captis
796 2162 985 2219 catulis
1006 2179 1296 2227 occurrere,
1316 2179 1475 2234 quam
1499 2162 1646 2233 fatuo
1667 2178 1791 2216 con-

206 2260 390 2330 ﬁdenti
412 2258 467 2313 in
490 2256 716 2312 stultitia
740 2272 838 2310 sua
853 2252 1037 2327 (Prov.
1053 2268 1189 2317 xvu,
1214 2251 1323 2324 l2).
1351 2252 1514 2323 790
1532 2251 1601 2307 Et
1624 2253 1783 2307 item:

206 2350 266 2409 Si
294 2350 596 2405 contuderis
637 2346 856 2403 stultum
882 2347 937 2399 in
965 2344 1096 2415 pila,
1124 2343 1275 2415 quasi
1311 2344 1545 2413 ptisanas
1574 2343 1791 2413 feriente

205 2441 428 2511 desuper
451 2439 581 2512 pilo,
608 2455 711 2493 non
729 2438 1001 2508 auferetur
1020 2434 1195 2490 abillo
1221 2434 1442 2489 stultitia
1470 2434 1584 2504 ejus
1607 2432 1786 2506 (Prov.

207 2550 376 2597 xxvn,
401 2532 517 2599 22).
549 2532 785 2587 Stultitia
805 2544 1001 2600 magna
1022 2537 1105 2584 est
1127 2528 1400 2585 hominem
1423 2526 1475 2581 in
1499 2541 1596 2582 sua
1624 2526 1792 2582 solius

207 2622 478 2680 conﬁdere
501 2622 800 2687 sententia,
826 2629 882 2677 et
904 2628 1213 2676 sanctorum
1251 2618 1474 2674 Patrum
1507 2617 1591 2672 vel
1625 2617 1791 2672 totius

206 2715 459 2773 Ecclesia
474 2714 767 2770 catholicos
788 2728 1045 2783 spernere
1060 2728 1273 2768 sensus.
1292 2711 1481 2767 Nonne
1494 2711 1608 2766 hac
1623 2710 1792 2766 omni-

208 2808 303 2864 bus
329 2808 603 2864 hareticis
622 2821 785 2863 causa
812 2805 915 2860 fuit
941 2805 1282 2876 perditionis,
1309 2805 1453 2876 quod
1479 2820 1590 2860 sua
1617 2804 1790 2875 magis

208 2901 494 2956 voluerunt
534 2907 804 2955 amatores
842 2914 963 2954 esse
992 2898 1295 2963 sententia,
1320 2914 1487 2968 quam
1516 2897 1791 2953 veritatis?

206 2990 319 3047 Hoc
348 2991 528 3046 solum
566 2991 612 3046 si
655 2990 883 3061 sapienti
915 2990 1094 3045 animo
1134 2989 1221 3044 vel
1251 2989 1440 3044 humili
1486 2989 1791 3061 intelligen-

209 3083 281 3137 tia
326 3081 673 3137 considerare
719 3079 993 3145 voluisset,
1017 3080 1302 3150 prafatum
1344 3080 1522 3135 virum
1556 3080 1791 3136 Felicem

208 3175 275 3228 ab
320 3187 511 3229 errore
553 3186 805 3228 revocare
852 3172 1157 3237 debuisset,
1204 3172 1347 3241 quod
1396 3180 1507 3227 tota
1549 3172 1790 3228 Ecclesia

208 3264 407 3321 Christi
435 3264 505 3318 ab
528 3264 681 3318 initio
707 3263 1010 3334 apostolica
1039 3264 1439 3334 pradicationis
1467 3267 1570 3321 hoc
1595 3281 1792 3321 nomen

209 3357 514 3427 adoptionis
557 3357 613 3411 in
648 3355 881 3419 Christo,
934 3355 1020 3410 vel
1076 3357 1452 3427 nuncupativa
1497 3357 1794 3413 divinitatis

209 3462 488 3517 nunquam
513 3446 784 3510 habuerit,
814 3460 1090 3515 nunquam
1110 3445 1440 3516 praedicavit.
1468 3444 1598 3515 Qua
1621 3448 1794 3502 nomi-

208 3553 277 3593 na
305 3551 412 3591 nec
441 3537 496 3590 in
538 3534 861 3607 Evangeliis,
896 3549 997 3590 nec
1039 3536 1094 3590 in
1123 3536 1486 3606 apostolorum
1517 3536 1791 3607 Epistolis,

212 3631 318 3685 imo
364 3643 471 3684 nec
514 3629 569 3683 in
614 3628 944 3700 propheticis
990 3629 1153 3683 totius
1198 3629 1408 3685 Veteris
1462 3630 1794 3687 Testamenti

211 3720 432 3792 scriptis
452 3719 650 3774 alicubi
681 3720 1058 3785 inveniuntur;
1087 3720 1181 3775 sed
1203 3735 1303 3776 nec
1329 3722 1384 3777 in
1412 3721 1638 3792 alicujus
1671 3739 1796 3779 san-

213 3822 427 3868 ctorum
448 3811 670 3866 Patrum
693 3820 750 3868 et
777 3812 1058 3868 doctorum
1097 3813 1583 3870 ecclesiasticorum
1620 3815 1793 3883 libris,

214 3921 314 3961 nec
342 3907 397 3961 in
441 3906 685 3977 symbolo
726 3906 1043 3977 apostolico,
1073 3907 1159 3963 vel
1199 3906 1403 3963 Nicani
1446 3908 1681 3975 concilii,
1712 3908 1797 3964 vel

215 4000 377 4055 etiam
406 3998 462 4053 in
484 3996 711 4068 alicujus
739 3998 930 4070 synodi
965 3997 1350 4065 aﬁirmatione,
1384 4007 1478 4053 aut
1514 3999 1569 4053 in
1615 3998 1795 4070 aliqua

213 4092 496 4149 catholica
527 4090 647 4146 ﬁdei
684 4091 1023 4147 auctoritate.
1074 4091 1142 4146 Et
1188 4092 1387 4146 mirum
1429 4099 1513 4147 est
1564 4107 1661 4147 cur
1689 4107 1797 4147 non

215 4185 444 4239 timeant
470 4182 607 4237 tales
630 4182 878 4238 doctores
906 4197 1043 4238 nova
1066 4180 1289 4248 inferre,
1320 4190 1375 4236 et
1404 4182 1677 4253 incognita
1702 4198 1797 4237 an-

214 4278 378 4349 tiquis
426 4275 795 4346 temporibus,
845 4276 973 4330 dum
1023 4275 1271 4347 egregius
1317 4275 1506 4330 doctor
1556 4275 1798 4344 gentium

213 4384 406 4425 omnes
443 4368 709 4423 novitates
749 4382 958 4430 vocum,
1002 4375 1057 4423 et
1099 4369 1343 4422 inventas
1378 4368 1591 4423 noviter
1624 4374 1800 4424 sectas

214 4460 437 4515 omnino
485 4457 711 4513 ﬁrmiter
747 4457 1028 4529 prohibeat
1061 4473 1091 4512 a
1118 4473 1389 4528 quoquam
1418 4457 1685 4514 catholico
1708 4473 1797 4513 re-

214 4553 317 4622 cipi
343 4549 398 4620 (1
434 4549 569 4604 Tim.
598 4565 673 4611 vt,
701 4548 823 4621 20);
858 4552 911 4605 in
936 4557 1164 4615 tantum,
1211 4560 1272 4606 ut
1313 4551 1476 4606 etiam
1519 4551 1723 4623 angelis
1745 4558 1802 4607 et

214 4643 361 4698 omni
410 4642 618 4697 homini
648 4642 935 4697 anathema
983 4643 1241 4699 indixisse
1288 4657 1395 4697 non
1428 4641 1718 4708 dubitaret,
1754 4642 1801 4698 si

213 4734 373 4790 aliter
419 4734 766 4805 pradicasset
813 4750 976 4804 quam
1028 4735 1096 4790 ab
1142 4733 1232 4790 illo
1276 4735 1626 4805 pradicatum
1656 4740 1804 4789 esset

215 4822 361 4897 (Gal.
394 4842 439 4891 ι,
468 4825 547 4895 8).
573 4824 847 4881 lnvenitur
869 4840 1001 4880 vero
1020 4825 1074 4880 in
1103 4826 1220 4896 ejus
1244 4826 1623 4895 praedicatione
1652 4822 1804 4880 Chri-

216 4925 383 4983 stum,
422 4917 514 4988 qui
541 4917 765 4973 traditus
794 4925 879 4974 est
902 4932 933 4971 a
958 4917 1071 4973 Deo
1098 4917 1257 4973 Patre
1281 4918 1349 4973 ad
1369 4917 1676 4987 passionem
1704 4931 1803 4987 pro

216 5010 375 5065 nobis
399 5007 583 5079 (Rom.
615 5024 731 5073 vm,
767 5008 880 5081 32),
904 5010 1180 5080 proprium
1226 5007 1421 5066 Filium
1449 5008 1544 5063 Dei
1584 5008 1710 5073 dici,
1750 5015 1805 5062 et

218 5116 491 5173 nusquam
545 5099 894 5171 adoptivum:
926 5109 981 5156 et
1025 5100 1195 5166 illum,
1234 5101 1326 5171 qui
1357 5100 1425 5155 de
1451 5099 1611 5154 Patre
1648 5106 1807 5154 natus

216 5200 321 5257 est,
346 5205 519 5262 super
555 5190 737 5246 omnia
769 5190 937 5251 Deum
975 5191 1316 5247 benedictum
1341 5189 1513 5262 (Rom.
1545 5206 1620 5254 Ix,
1650 5188 1727 5263 5),
1753 5197 1809 5246 et

217 5296 493 5353 numnam
513 5281 661 5337 inter
684 5280 866 5335 omnia
888 5280 1309 5350 nuncupzttivum
1334 5280 1524 5335 Deum.
1557 5278 1808 5349 Nunquid

217 5387 325 5429 non
349 5371 515 5427 aliter
552 5371 809 5443 pradicat
850 5387 1012 5442 quam
1063 5380 1245 5428 tantus
1277 5372 1571 5443 apostolus,
1597 5371 1809 5427 Christo

220 5468 274 5522 in
318 5482 381 5523 se
424 5465 695 5537 loquente,
734 5465 1065 5537 pradicavit,
1102 5464 1195 5535 qui
1235 5463 1511 5520 Christum
1562 5463 1727 5518 Deum
1756 5469 1812 5519 et

220 5558 524 5624 hominem,
552 5574 712 5630 quem
742 5558 831 5613 ille
857 5556 953 5612 Dei
972 5556 1167 5611 Filium
1187 5556 1463 5625 proprium
1494 5553 1809 5618 nominavit,

224 5650 544 5723 adoptivum
565 5650 762 5706 asserit
787 5668 799 5704 :
826 5649 908 5705 vel
928 5649 1022 5721 qui
1048 5648 1216 5704 Deum
1237 5647 1580 5703 benedictum
1609 5649 1675 5703 de
1693 5645 1813 5716 Spi-

228 5744 334 5803 ritu
360 5752 557 5803 sancto
581 5752 637 5802 et
666 5744 826 5803 beata
853 5742 1022 5803 Maria
1047 5742 1268 5814 Virgine
1293 5749 1612 5813 conceptum
1636 5746 1691 5797 et
1711 5753 1809 5799 na-

1884 506 1973 554 cat
1998 497 2135 554 sciat
2161 512 2220 551 se
2257 497 2560 552 certissime
2596 498 2893 567 apostolico
2920 500 3250 554 anathemati
3278 498 3461 569 subja-

1884 604 2027 647 cere.
2046 588 2300 658 Quisquis
2320 589 2479 659 hujus
2498 588 2802 657 apostolica
2823 590 3158 645 auctoritatis
3176 603 3462 645 censuram

1884 696 1992 737 non
2043 679 2259 744 metuit,
2304 694 2411 734 non
2459 679 2762 745 dormiens,
2806 682 2904 734 sed
2952 679 3171 735 omnino
3217 688 3462 737 mortuus

1884 771 2235 827 astimandus
2258 779 2357 826 est.
2390 769 2592 824 Tamen
2615 770 2707 841 qui
2728 771 3144 840 quatriduanum
3163 773 3377 828 vocavit
3397 773 3463 829 de

1885 872 2233 919 monumento
2259 862 2327 917 ad
2353 862 2539 926 vitam,
2574 870 2765 932 potens
2794 869 2878 917 est
2899 863 3161 918 suscitare
3187 871 3242 918 et
3276 862 3457 931 illum;

1885 956 2001 1027 ipse
2028 956 2173 1012 enim
2208 957 2284 1011 ait
2314 976 2327 1011 :
2359 955 2461 1023 Qui
2502 956 2665 1012 credit
2709 958 2764 1011 in
2809 973 2921 1021 me,
2948 959 3104 1013 etiam
3139 958 3186 1013 si
3227 969 3463 1013 mortuus

1886 1047 2068 1118 fuerit,
2093 1049 2259 1103 vivet:
2285 1057 2333 1103 et
2361 1048 2527 1103 omnis
2552 1049 2641 1119 qui
2666 1049 2809 1113 vivit,
2841 1058 2888 1103 et
2935 1050 3095 1103 credit
3119 1050 3176 1104 in
3212 1066 3313 1115 me,
3358 1066 3463 1105 non

1885 1140 2138 1193 morietur
2163 1140 2219 1193 in
2238 1149 2487 1194 aeternum
2514 1138 2705 1211 (Joan.
2734 1155 2811 1203 ιι,
2837 1138 2925 1202 25,
2956 1138 3075 1209 26).
3104 1139 3234 1207 Quis
3264 1147 3348 1195 est
3371 1139 3466 1210 qui

1886 1230 2040 1295 vivit,
2065 1231 2171 1286 nisi
2192 1231 2282 1286 ille
2305 1231 2372 1287 de
2399 1247 2506 1303 quo
2528 1231 2818 1303 Apostolus
2844 1232 2941 1299 ait,
2970 1230 3072 1299 Qui
3093 1231 3227 1288 vivit
3253 1233 3308 1288 in
3334 1232 3463 1300 ﬁde,

1885 1321 2057 1379 Filius
2078 1323 2175 1379 Dei
2204 1331 2288 1379 est
2304 1324 2328 1379 ?

1956 1462 2042 1518 III.
2072 1463 2188 1519 Duo
2214 1470 2340 1519 sunt
2361 1463 2557 1535 quippe
2578 1478 2699 1533 qua
2723 1463 2777 1518 in
2805 1475 2991 1518 errore
3020 1461 3299 1518 hominum
3326 1460 3463 1518 diﬁl-

1887 1553 2086 1610 cillime
2137 1553 2464 1618 tolerantur,
2510 1551 2858 1624 praesumptio
2911 1551 3225 1623 priusquam
3265 1551 3467 1606 veritas

1886 1654 2107 1718 pateat:
2140 1655 2197 1702 et
2237 1663 2359 1702 cum
2396 1648 2508 1719 jam
2551 1647 2812 1717 patuerit,
2845 1653 3181 1717 prasumpta
3226 1646 3466 1706 defensio

1888 1736 2159 1792 falsitatis.
2192 1737 2272 1793 Ex
2310 1738 2396 1794 his
2424 1738 2632 1793 duobus
2664 1738 2897 1794 canosis
2931 1737 3120 1792 rivulis
3144 1737 3320 1793 omnis
3353 1738 3466 1793 ha-

1889 1828 2180 1884 reticorum
2206 1826 2444 1899 pravitas
2470 1826 2746 1882 emanavit
2777 1845 2789 1881 :
2821 1825 2866 1881 A
2896 1826 3089 1896 quibus
3115 1827 3259 1883 vitiis
3304 1828 3466 1884 nimis

1889 1919 2124 1975 inimicis
2148 1920 2445 1975 inventioni
2485 1921 2753 1986 veritatis,
2780 1929 2834 1975 et
2866 1921 3144 1977 catholica
3168 1921 3291 1977 ﬁdei
3317 1923 3468 1978 inda-

1888 2011 2113 2082 gationi,
2137 2012 2251 2067 sive
2274 2011 2691 2068 considerationi
2713 2019 3019 2067 sanctarum
3043 2012 3466 2083 Scripturarum,

1888 2101 1934 2157 si
1958 2117 2066 2168 me,
2094 2109 2154 2157 ut
2175 2117 2368 2172 precor
2391 2109 2446 2156 et
2470 2116 2648 2173 spero,
2674 2102 2815 2159 Deus
2840 2101 3135 2159 defenderit
3160 2110 3321 2174 atque
3350 2119 3468 2157 mu-

1888 2192 2052 2248 nierit
2084 2200 2237 2248 scuto
2263 2193 2419 2248 bona
2456 2193 2749 2249 voluntatis
2793 2208 2921 2259 sua,
2950 2202 3005 2250 et
3034 2193 3205 2266 gratia
3254 2194 3469 2250 miseri-

1889 2283 2087 2341 cordia
2114 2300 2223 2340 sua
2247 2283 2598 2353 adjuvaverit,
2629 2301 2738 2341 non
2761 2300 2857 2343 ero
2879 2286 3059 2358 segnis
3081 2302 3202 2342 cum
3227 2301 3473 2358 quaren-

1890 2377 2034 2432 tibus
2064 2392 2307 2447 quaerere
2352 2377 2595 2432 veritatis
2640 2377 2988 2445 soliditatem,
3036 2387 3093 2435 et
3136 2394 3259 2436 cum
3288 2377 3474 2434 defen-

1890 2470 2142 2525 dentibus
2170 2468 2459 2526 defendere
2492 2470 2772 2527 catholica
2799 2470 2923 2527 ﬁdei
2968 2470 3331 2527 sanctitatem.
3364 2469 3476 2527 Nec

1888 2561 2131 2631 trepidus
2176 2576 2271 2617 ero
2314 2563 2382 2618 ad
2426 2561 2805 2634 proferendam
2840 2564 3160 2620 sententiam
3189 2579 3387 2630 meam,
3419 2564 3475 2619 in

1891 2670 1998 2726 qua
2026 2656 2196 2727 magis
2222 2655 2413 2711 amabo
2442 2656 2635 2727 inspici
2656 2673 2686 2711 a
2711 2659 2895 2724 rectis,
2920 2674 3083 2729 quam
3105 2658 3305 2715 timebo
3332 2673 3477 2715 mor-

1891 2750 2005 2805 deri
2034 2766 2065 2804 a
2095 2750 2387 2819 perversis.
2418 2750 2603 2805 Nullus
2627 2752 2772 2806 enim
2799 2752 3157 2823 reprehensor
3180 2751 3477 2808 formidan-

1892 2840 1991 2895 dus
2019 2849 2102 2895 est
2124 2840 2352 2896 amatori
2385 2841 2645 2897 veritatis.
2668 2842 2877 2897 Etenim
2900 2852 2995 2897 aut
3021 2842 3270 2898 inimicus
3295 2858 3479 2913 repre-

1890 2930 2159 2986 hensuros
2189 2939 2291 2997 est,
2328 2940 2422 2985 aut
2446 2932 2689 2988 amicus?
2714 2931 2770 2989 Si
2795 2947 2924 3005 ergo
2954 2932 3205 2989 inimicus
3232 2934 3474 3001 insultat,

1891 3019 2148 3077 ferendus
2180 3030 2292 3088 est;
2324 3022 2533 3078 amicus
2562 3032 2741 3080 autem
2779 3025 2824 3080 si
2850 3034 3017 3092 errat,
3067 3025 3337 3081 docendus
3363 3034 3477 3092 est;

1814 3124 1865 3190 ο
1894 3112 1940 3167 si
1964 3112 2123 3169 docet
2146 3129 2264 3183 qua
2291 3124 2436 3169 recta
2479 3121 2625 3181 sunt,
2659 3115 2976 3171 audiendus.
3018 3115 3308 3172 Gratanter
3333 3115 3478 3171 enim

1897 3207 2123 3279 suscipit
2152 3208 2366 3266 oculum
2409 3209 2772 3266 columbinum
2802 3211 3168 3282 pulcherrima
3206 3220 3262 3269 et
3298 3212 3482 3268 mode.

1895 3300 2132 3354 stissima
2159 3300 2427 3363 charitas;
2459 3299 2673 3355 dentem
2706 3309 2885 3357 autem
2916 3301 3167 3357 caninum
3195 3302 3279 3358 vel
3314 3301 3484 3357 evitat

1896 3392 2209 3447 cautissima
2232 3392 2507 3447 humilitas
2522 3432 2537 3458 ,
2554 3391 2639 3447 vel
2660 3393 2897 3448 retundit
2912 3393 3237 3450 solidissima
3258 3395 3479 3451 veritas.

1968 3503 2055 3557 1V.
2090 3501 2196 3557 Sed
2222 3510 2432 3574 tempus
2457 3510 2541 3559 est
2566 3511 2627 3558 ut
2655 3503 3006 3560 discutiamus
3031 3519 3312 3560 sermones
3338 3520 3479 3575 pra-

1894 3592 1994 3649 fati
2023 3594 2147 3660 viri,
2172 3602 2228 3648 ct
2250 3594 2548 3650 sententias
2573 3603 2771 3650 sancta
2797 3593 3112 3665 Scriptura,
3141 3601 3277 3666 quas
3298 3595 3368 3650 ad
3394 3595 3480 3651 sui

1897 3702 2091 3743 sensus
2125 3687 2314 3742 nititur
2356 3687 2573 3743 trahere
2621 3689 3010 3755 testimonium,
3060 3688 3219 3746 aliter
3264 3698 3485 3747 sanctos

1898 3778 2145 3834 doctores
2174 3779 2503 3836 intellexisse
2526 3781 2895 3835 ostendamus.
2922 3780 2981 3836 In
3010 3781 3278 3852 principio
3302 3781 3486 3851 itaque

1896 3866 2063 3922 libelli
2085 3868 2169 3923 sui
2191 3868 2455 3924 unitatem
2481 3878 2679 3924 sancta
2702 3869 2959 3925 Ecclesia
2983 3871 3186 3941 Optime
3205 3871 3484 3941 exposuit;

1898 3958 1993 4013 sed
2020 3958 2225 4012 utinam
2264 3958 2317 4013 in
2342 3959 2796 4028 consequentibus
2818 3961 3063 4015 eamdem
3087 3968 3332 4016 servaret
3359 3975 3489 4015 con-

1900 4052 2137 4107 cordiam
2170 4066 2332 4122 quam
2373 4051 2427 4105 in
2456 4052 2720 4123 principio
2765 4052 2931 4108 tantis
2956 4052 3206 4110 laudibus
3243 4053 3487 4110 exaltare

1899 4146 2119 4202 studuit.
2141 4146 2270 4213 Sed,
2290 4154 2349 4202 ut
2364 4146 2539 4213 video,
2560 4146 2794 4219 gladium
2813 4147 2968 4203 melle
2991 4148 3147 4203 litum
3177 4148 3483 4215 abscondit,

1899 4249 1961 4295 ut.
1988 4239 2201 4296 facilius
2241 4240 2472 4309 decipiat
2498 4239 2768 4297 incautius
2800 4240 3039 4313 legentes
3070 4240 3234 4296 libelli
3263 4241 3483 4297 seriem.

1973 4357 2129 4430 791
2161 4357 2300 4411 Dic“
2323 4358 2541 4428 itaque:
2576 4376 2597 4409 σ
2630 4356 2913 4414 Credimus
2937 4366 2994 4414 et
3017 4358 3339 4415 conﬁtemur
3364 4374 3489 4416 san-

1826 4458 2046 4549 Dctam
2092 4450 2389 4549 Ecclesiam
2431 4451 2776 4549 catholicam,
2809 4460 2923 4509 toto
2971 4453 3055 4549 in.
3068 4452 3200 4549 orbe
3237 4451 3490 4549 diffusam

1899 4560 2001 4617 per
2039 4544 2405 4616 apostolorum
2448 4545 2908 4617 pradicationem.
2934 4546 2988 4601 in
3016 4545 3231 4603 Christo
3261 4544 3490 4601 Domino

1899 4635 2047 4692 velut
2092 4637 2262 4693 solida
2310 4644 2466 4707 petra
2515 4635 2821 4709 fundatam,
2865 4644 3020 4692 extra
3068 4652 3231 4707 quam
3283 4635 3490 4691 nullum

1903 4727 2109 4783 salvum
2160 4726 2279 4783 ﬁeri
2323 4742 2480 4798 posse
2525 4728 2830 4795 credimus,
2877 4728 3083 4784 nullum
3133 4727 3343 4783 salvum
3384 4726 3490 4783 nisi

1902 4833 2027 4875 eum
2072 4817 2165 4888 qui
2210 4816 2352 4872 intra
2396 4817 2655 4873 terminos
2698 4816 2824 4872 ﬁdei
2864 4817 3004 4888 ejus,
3049 4823 3107 4873 et
3158 4817 3214 4874 in
3260 4830 3488 4873 concor-

1906 4909 1995 4966 dia
2033 4908 2314 4963 charitatis
2358 4923 2528 4979 usque
2576 4909 2631 4963 in
2681 4907 2922 4964 debitum
2964 4908 3128 4964 ﬁnem
3173 4906 3493 4964 inconcusse

1906 5005 2267 5077 permanserit
2307 5023 2319 5059 :
2362 5019 2523 5060 unam
2568 5004 2855 5072 videlicet,
2900 5019 3008 5060 non
3054 5004 3321 5071 divisam;
3362 5004 3492 5061 sim-

1906 5096 2134 5169 plicem,
2189 5110 2296 5151 non
2345 5096 2609 5162 scissam,
2664 5095 2761 5153 sed
2810 5096 2866 5152 in
2909 5096 3223 5164 catholicis,
3281 5112 3388 5153 non
3437 5096 3491 5151 in

1903 5189 2206 5251 hareticis;
2262 5189 2316 5245 in
2362 5188 2608 5245 ﬁdelibus
2654 5189 2921 5245 charitate
2965 5190 3242 5255 connexis,
3288 5205 3394 5246 non
3436 5188 3492 5243 in

1910 5281 2289 5339 schismaticis.
2328 5301 2347 5335 ι
2384 5280 2796 5353 Elegantissime
2835 5282 2981 5339 enim
3007 5282 3336 5355 praecipuam
3361 5294 3491 5335 san-

1911 5382 2011 5431 cta
2035 5373 2130 5429 Dei
2153 5373 2407 5429 Ecclesia
2443 5373 2707 5429 unitatem
2749 5382 2863 5430 toto
2901 5375 3036 5431 orbe
3062 5372 3307 5430 diﬁ'usam
3342 5383 3493 5425 asse-

1910 5467 2003 5532 rit,
2034 5464 2128 5522 sed
2149 5464 2326 5521 minus
2352 5465 2586 5537 seipsum
2615 5481 2849 5538 suosque
2876 5480 3137 5538 sequaces
3161 5461 3489 5525 considerat,

1912 5561 2005 5632 qui
2037 5560 2091 5616 in
2112 5574 2221 5615 uno
2250 5566 2519 5614 terrarum
2548 5558 2742 5629 angulo
2769 5559 3016 5629 quadam
3062 5561 3261 5611 sancta
3308 5551 3467 5609 Eccle

1912 5651 2026 5715 sia,
2071 5648 2226 5718 cujus
2272 5645 2609 5704 latitudinem
2657 5647 2862 5713 laudat,
2891 5644 3132 5701 inaudita
3179 5642 3400 5699 nomina
3426 5640 3494 5697 de

1913 5741 2129 5818 Christo
2166 5741 2276 5799 Deo
2305 5754 2429 5813 cum
2466 5739 2653 5814 paucis
2700 5738 2812 5793 suis
2855 5734 3178 5818 sequacibus
3221 5739 3489 5794 susurrat.
