  <div class='ocr_page' id='page_1' title='image "/cluster/home/n/w/nwhite01/storage/ocr_20150623/101/hvd.32044004824769/071.png"; bbox 0 0 4072 6346; ppageno 0'>
   <div class='ocr_carea' id='block_1_1' title="bbox 604 303 701 360">
    <p class='ocr_par' dir='ltr' id='par_1_1' title="bbox 604 303 701 360">
     <span class='ocr_line' id='line_1_1' title="bbox 604 303 701 360; baseline -0.021 0"><span class='ocrx_word' id='word_1_1' title='bbox 604 303 701 360; x_wconf 63' lang='grc'><strong>151</strong></span> 
     </span>
    </p>
   </div>
   <div class='ocr_carea' id='block_1_2' title="bbox 1465 287 3038 351">
    <p class='ocr_par' dir='ltr' id='par_1_2' title="bbox 1465 287 3038 351">
     <span class='ocr_line' id='line_1_2' title="bbox 1465 287 3038 351; baseline 0.002 -3"><span class='ocrx_word' id='word_1_2' title='bbox 1465 293 1525 348; x_wconf 78' lang='grc' dir='ltr'><strong>Β.</strong></span> <span class='ocrx_word' id='word_1_3' title='bbox 1567 295 1628 349; x_wconf 78' lang='lat' dir='ltr'><strong>F.</strong></span> <span class='ocrx_word' id='word_1_4' title='bbox 1671 287 1896 349; x_wconf 75' lang='grc' dir='ltr'>ΑιΒιΝι</span> <span class='ocrx_word' id='word_1_5' title='bbox 1933 293 2066 351; x_wconf 79' lang='lat' dir='ltr'><strong>SEU</strong></span> <span class='ocrx_word' id='word_1_6' title='bbox 2103 289 2375 349; x_wconf 60' lang='lat' dir='ltr'><strong>ALCE‘INI</strong></span> <span class='ocrx_word' id='word_1_7' title='bbox 2415 290 2699 349; x_wconf 68' lang='lat' dir='ltr'><strong>OPERUM</strong></span> <span class='ocrx_word' id='word_1_8' title='bbox 2735 291 2920 350; x_wconf 73' lang='lat' dir='ltr'><strong>PARS</strong></span> <span class='ocrx_word' id='word_1_9' title='bbox 2953 293 3038 351; x_wconf 69' lang='lat' dir='ltr'><strong>ﬂ.</strong></span> 
     </span>
    </p>
   </div>
   <div class='ocr_carea' id='block_1_3' title="bbox 596 404 3856 485">
    <p class='ocr_par' dir='ltr' id='par_1_3' title="bbox 596 404 3856 485">
     <span class='ocr_line' id='line_1_3' title="bbox 596 404 3856 485; baseline 0.001 -19"><span class='ocrx_word' id='word_1_10' title='bbox 596 411 762 485; x_wconf 66' lang='lat' dir='ltr'><strong>igitur</strong></span> <span class='ocrx_word' id='word_1_11' title='bbox 787 411 832 465; x_wconf 88' lang='lat' dir='ltr'><strong>si</strong></span> <span class='ocrx_word' id='word_1_12' title='bbox 865 417 1052 466; x_wconf 87' lang='lat' dir='ltr'><strong>sancta</strong></span> <span class='ocrx_word' id='word_1_13' title='bbox 1080 409 1174 463; x_wconf 84' lang='lat' dir='ltr'><strong>Dei</strong></span> <span class='ocrx_word' id='word_1_14' title='bbox 1199 407 1434 462; x_wconf 81' lang='lat' dir='ltr'><strong>Ecclesia</strong></span> <span class='ocrx_word' id='word_1_15' title='bbox 1466 407 1518 458; x_wconf 91' lang='lat' dir='ltr'><strong>in</strong></span> <span class='ocrx_word' id='word_1_16' title='bbox 1549 413 1664 459; x_wconf 86' lang='lat' dir='ltr'><strong>toto</strong></span> <span class='ocrx_word' id='word_1_17' title='bbox 1687 406 1818 459; x_wconf 87' lang='lat' dir='ltr'><strong>orbe</strong></span> <span class='ocrx_word' id='word_1_18' title='bbox 1846 413 1930 459; x_wconf 85' lang='lat' dir='ltr'><strong>est</strong></span> <span class='ocrx_word' id='word_1_19' title='bbox 1957 404 2163 467; x_wconf 68' lang='lat' dir='ltr'><strong>dilfnsa,</strong></span> <span class='ocrx_word' id='word_1_20' title='bbox 2198 415 2246 473; x_wconf 64' lang='grc' dir='ltr'><strong>Α</strong></span> <span class='ocrx_word' id='word_1_21' title='bbox 2273 405 2550 476; x_wconf 79' lang='lat' dir='ltr'><strong>largiente,</strong></span> <span class='ocrx_word' id='word_1_22' title='bbox 2578 420 2684 474; x_wconf 80' lang='lat' dir='ltr'><strong>par</strong></span> <span class='ocrx_word' id='word_1_23' title='bbox 2711 413 2872 474; x_wconf 76' lang='lat' dir='ltr'><strong>atque</strong></span> <span class='ocrx_word' id='word_1_24' title='bbox 2897 407 3054 477; x_wconf 77' lang='lat' dir='ltr'><strong>quies</strong></span> <span class='ocrx_word' id='word_1_25' title='bbox 3077 407 3274 464; x_wconf 75' lang='lat' dir='ltr'><strong>collata</strong></span> <span class='ocrx_word' id='word_1_26' title='bbox 3295 407 3479 472; x_wconf 74' lang='lat' dir='ltr'><strong>fuerit,</strong></span> <span class='ocrx_word' id='word_1_27' title='bbox 3501 411 3562 466; x_wconf 81' lang='lat' dir='ltr'><strong>in.</strong></span> <span class='ocrx_word' id='word_1_28' title='bbox 3583 418 3706 467; x_wconf 69' lang='lat' dir='ltr'><strong>toto</strong></span> <span class='ocrx_word' id='word_1_29' title='bbox 3725 413 3856 468; x_wconf 64' lang='lat' dir='ltr'><strong>Orbi:</strong></span> 
     </span>
    </p>
   </div>
   <div class='ocr_carea' id='block_1_4' title="bbox 597 498 2170 574">
    <p class='ocr_par' dir='ltr' id='par_1_4' title="bbox 597 498 2170 574">
     <span class='ocr_line' id='line_1_4' title="bbox 597 498 2170 574; baseline -0.005 -16"><span class='ocrx_word' id='word_1_30' title='bbox 597 518 728 574; x_wconf 82' lang='lat' dir='ltr'><strong>ergo</strong></span> <span class='ocrx_word' id='word_1_31' title='bbox 763 517 1102 572; x_wconf 85' lang='lat' dir='ltr'><strong>nequaquam</strong></span> <span class='ocrx_word' id='word_1_32' title='bbox 1132 502 1186 554; x_wconf 88' lang='lat' dir='ltr'><strong>in</strong></span> <span class='ocrx_word' id='word_1_33' title='bbox 1231 500 1336 554; x_wconf 88' lang='lat' dir='ltr'><strong>illis</strong></span> <span class='ocrx_word' id='word_1_34' title='bbox 1364 507 1475 567; x_wconf 76' lang='lat' dir='ltr'><strong>est;</strong></span> <span class='ocrx_word' id='word_1_35' title='bbox 1508 500 1636 567; x_wconf 87' lang='lat' dir='ltr'><strong>quia</strong></span> <span class='ocrx_word' id='word_1_36' title='bbox 1679 499 1755 552; x_wconf 86' lang='lat' dir='ltr'><strong>illi</strong></span> <span class='ocrx_word' id='word_1_37' title='bbox 1802 513 1907 552; x_wconf 89' lang='lat' dir='ltr'><strong>non</strong></span> <span class='ocrx_word' id='word_1_38' title='bbox 1950 507 2074 552; x_wconf 85' lang='lat' dir='ltr'><strong>sunt</strong></span> <span class='ocrx_word' id='word_1_39' title='bbox 2117 498 2170 551; x_wconf 89' lang='lat' dir='ltr'><strong>in</strong></span> 
     </span>
    </p>
   </div>
   <div class='ocr_carea' id='block_1_5' title="bbox 597 589 2172 654">
    <p class='ocr_par' dir='ltr' id='par_1_5' title="bbox 597 589 2172 654">
     <span class='ocr_line' id='line_1_5' title="bbox 597 589 2172 654; baseline -0.002 -7"><span class='ocrx_word' id='word_1_40' title='bbox 597 598 712 648; x_wconf 90' lang='lat' dir='ltr'><strong>toto</strong></span> <span class='ocrx_word' id='word_1_41' title='bbox 738 593 870 647; x_wconf 90' lang='lat' dir='ltr'><strong>orbe</strong></span> <span class='ocrx_word' id='word_1_42' title='bbox 895 607 910 645; x_wconf 92' lang='lat'><strong>:</strong></span> <span class='ocrx_word' id='word_1_43' title='bbox 940 592 985 646; x_wconf 88' lang='lat' dir='ltr'><strong>si</strong></span> <span class='ocrx_word' id='word_1_44' title='bbox 1012 603 1142 645; x_wconf 89' lang='lat' dir='ltr'><strong>vero</strong></span> <span class='ocrx_word' id='word_1_45' title='bbox 1167 591 1218 643; x_wconf 91' lang='lat' dir='ltr'><strong>in</strong></span> <span class='ocrx_word' id='word_1_46' title='bbox 1247 589 1349 644; x_wconf 83' lang='lat' dir='ltr'><strong>illis</strong></span> <span class='ocrx_word' id='word_1_47' title='bbox 1368 597 1470 654; x_wconf 90' lang='lat' dir='ltr'><strong>est,</strong></span> <span class='ocrx_word' id='word_1_48' title='bbox 1493 591 1658 644; x_wconf 81' lang='lat' dir='ltr'><strong>etiam</strong></span> <span class='ocrx_word' id='word_1_49' title='bbox 1682 597 1808 644; x_wconf 91' lang='lat' dir='ltr'><strong>tunc</strong></span> <span class='ocrx_word' id='word_1_50' title='bbox 1833 591 1886 644; x_wconf 87' lang='lat' dir='ltr'><strong>in</strong></span> <span class='ocrx_word' id='word_1_51' title='bbox 1909 598 2019 643; x_wconf 82' lang='lat' dir='ltr'><strong>toto</strong></span> <span class='ocrx_word' id='word_1_52' title='bbox 2039 591 2172 644; x_wconf 85' lang='lat' dir='ltr'><strong>orbe</strong></span> 
     </span>
    </p>
   </div>
   <div class='ocr_carea' id='block_1_6' title="bbox 596 682 2171 754">
    <p class='ocr_par' dir='ltr' id='par_1_6' title="bbox 596 682 2171 754">
     <span class='ocr_line' id='line_1_6' title="bbox 596 682 2171 754; baseline -0.003 -14"><span class='ocrx_word' id='word_1_53' title='bbox 596 695 704 740; x_wconf 77' lang='lat' dir='ltr'><strong>non</strong></span> <span class='ocrx_word' id='word_1_54' title='bbox 724 694 830 750; x_wconf 86' lang='lat' dir='ltr'><strong>est,</strong></span> <span class='ocrx_word' id='word_1_55' title='bbox 856 685 979 754; x_wconf 81' lang='lat' dir='ltr'><strong>quia</strong></span> <span class='ocrx_word' id='word_1_56' title='bbox 1021 682 1096 737; x_wconf 73' lang='lat' dir='ltr'><strong>illi</strong></span> <span class='ocrx_word' id='word_1_57' title='bbox 1139 683 1409 736; x_wconf 85' lang='lat' dir='ltr'><strong>contraria</strong></span> <span class='ocrx_word' id='word_1_58' title='bbox 1434 683 1527 736; x_wconf 90' lang='lat' dir='ltr'><strong>toti</strong></span> <span class='ocrx_word' id='word_1_59' title='bbox 1558 683 1678 736; x_wconf 83' lang='lat' dir='ltr'><strong>orbi</strong></span> <span class='ocrx_word' id='word_1_60' title='bbox 1718 683 1924 753; x_wconf 84' lang='lat' dir='ltr'><strong>ﬁngunt</strong></span> <span class='ocrx_word' id='word_1_61' title='bbox 1955 686 2171 736; x_wconf 80' lang='lat' dir='ltr'><strong>nomina</strong></span> 
     </span>
    </p>
   </div>
   <div class='ocr_carea' id='block_1_7' title="bbox 595 773 2173 847">
    <p class='ocr_par' dir='ltr' id='par_1_7' title="bbox 595 773 2173 847">
     <span class='ocr_line' id='line_1_7' title="bbox 595 773 2173 847; baseline -0.001 -14"><span class='ocrx_word' id='word_1_62' title='bbox 595 777 664 834; x_wconf 79' lang='lat' dir='ltr'><strong>de</strong></span> <span class='ocrx_word' id='word_1_63' title='bbox 684 775 1016 832; x_wconf 81' lang='lat' dir='ltr'><strong>humanitate</strong></span> <span class='ocrx_word' id='word_1_64' title='bbox 1039 773 1238 830; x_wconf 90' lang='lat' dir='ltr'><strong>Christi</strong></span> <span class='ocrx_word' id='word_1_65' title='bbox 1270 775 1365 829; x_wconf 85' lang='lat' dir='ltr'><strong>Dei</strong></span> <span class='ocrx_word' id='word_1_66' title='bbox 1406 777 1596 841; x_wconf 78' lang='lat' dir='ltr'><strong>nostri,</strong></span> <span class='ocrx_word' id='word_1_67' title='bbox 1645 777 1736 847; x_wconf 92' lang='lat' dir='ltr'><strong>qui</strong></span> <span class='ocrx_word' id='word_1_68' title='bbox 1767 786 1851 830; x_wconf 89' lang='lat' dir='ltr'><strong>est</strong></span> <span class='ocrx_word' id='word_1_69' title='bbox 1875 785 2035 846; x_wconf 84' lang='lat' dir='ltr'><strong>caput</strong></span> <span class='ocrx_word' id='word_1_70' title='bbox 2071 775 2173 831; x_wconf 84' lang='lat' dir='ltr'><strong>Ec-</strong></span> 
     </span>
    </p>
   </div>
   <div class='ocr_carea' id='block_1_8' title="bbox 595 867 2173 937">
    <p class='ocr_par' dir='ltr' id='par_1_8' title="bbox 595 867 2173 937">
     <span class='ocr_line' id='line_1_8' title="bbox 595 867 2173 937; baseline -0.002 -13"><span class='ocrx_word' id='word_1_71' title='bbox 595 869 788 924; x_wconf 75' lang='lat' dir='ltr'><strong>clesize.</strong></span> <span class='ocrx_word' id='word_1_72' title='bbox 817 867 984 921; x_wconf 86' lang='lat' dir='ltr'><strong>Porro</strong></span> <span class='ocrx_word' id='word_1_73' title='bbox 1013 881 1110 921; x_wconf 89' lang='lat' dir='ltr'><strong>nos</strong></span> <span class='ocrx_word' id='word_1_74' title='bbox 1140 867 1279 920; x_wconf 91' lang='lat' dir='ltr'><strong>intra</strong></span> <span class='ocrx_word' id='word_1_75' title='bbox 1311 867 1568 922; x_wconf 88' lang='lat' dir='ltr'><strong>terminos</strong></span> <span class='ocrx_word' id='word_1_76' title='bbox 1586 867 1890 937; x_wconf 67' lang='lat' dir='ltr'><strong>apostolica:</strong></span> <span class='ocrx_word' id='word_1_77' title='bbox 1915 869 2173 922; x_wconf 74' lang='lat' dir='ltr'><strong>doctrinm</strong></span> 
     </span>
    </p>
   </div>
   <div class='ocr_carea' id='block_1_9' title="bbox 594 958 2172 1014">
    <p class='ocr_par' dir='ltr' id='par_1_9' title="bbox 594 958 2172 1014">
     <span class='ocr_line' id='line_1_9' title="bbox 594 958 2172 1014; baseline -0.001 0"><span class='ocrx_word' id='word_1_78' title='bbox 594 967 649 1014; x_wconf 88' lang='lat' dir='ltr'><strong>et</strong></span> <span class='ocrx_word' id='word_1_79' title='bbox 670 965 867 1013; x_wconf 69' lang='lat' dir='ltr'><strong>sancta:</strong></span> <span class='ocrx_word' id='word_1_80' title='bbox 889 958 1146 1013; x_wconf 72' lang='lat' dir='ltr'><strong>Romanae</strong></span> <span class='ocrx_word' id='word_1_81' title='bbox 1162 959 1416 1014; x_wconf 69' lang='lat' dir='ltr'><strong>Ecclesiae</strong></span> <span class='ocrx_word' id='word_1_82' title='bbox 1445 959 1670 1014; x_wconf 80' lang='lat' dir='ltr'><strong>ﬁrmiter</strong></span> <span class='ocrx_word' id='word_1_83' title='bbox 1689 967 1895 1014; x_wconf 88' lang='lat' dir='ltr'><strong>stamus</strong></span> <span class='ocrx_word' id='word_1_84' title='bbox 1923 977 1933 1012; x_wconf 92' lang='lat'><strong>:</strong></span> <span class='ocrx_word' id='word_1_85' title='bbox 1959 959 2172 1014; x_wconf 83' lang='lat' dir='ltr'><strong>illorum</strong></span> 
     </span>
    </p>
   </div>
   <div class='ocr_carea' id='block_1_10' title="bbox 593 1050 2170 1120">
    <p class='ocr_par' dir='ltr' id='par_1_10' title="bbox 593 1050 2170 1120">
     <span class='ocr_line' id='line_1_10' title="bbox 593 1050 2170 1120; baseline 0.001 -18"><span class='ocrx_word' id='word_1_86' title='bbox 593 1050 1026 1120; x_wconf 73' lang='lat' dir='ltr'><strong>probatissimam</strong></span> <span class='ocrx_word' id='word_1_87' title='bbox 1060 1059 1347 1119; x_wconf 71' lang='lat' dir='ltr'><strong>sequentes</strong></span> <span class='ocrx_word' id='word_1_88' title='bbox 1387 1052 1784 1118; x_wconf 74' lang='lat' dir='ltr'><strong>auctoritatem,</strong></span> <span class='ocrx_word' id='word_1_89' title='bbox 1811 1058 1866 1104; x_wconf 92' lang='lat' dir='ltr'><strong>et</strong></span> <span class='ocrx_word' id='word_1_90' title='bbox 1893 1050 2170 1105; x_wconf 82' lang='lat' dir='ltr'><strong>sanctissi-</strong></span> 
     </span>
    </p>
   </div>
   <div class='ocr_carea' id='block_1_11' title="bbox 593 1141 2173 1206">
    <p class='ocr_par' dir='ltr' id='par_1_11' title="bbox 593 1141 2173 1206">
     <span class='ocr_line' id='line_1_11' title="bbox 593 1141 2173 1206; baseline 0 -12"><span class='ocrx_word' id='word_1_91' title='bbox 593 1141 694 1194; x_wconf 85' lang='lat' dir='ltr'><strong>mis</strong></span> <span class='ocrx_word' id='word_1_92' title='bbox 716 1141 1038 1195; x_wconf 67' lang='lat' dir='ltr'><strong>inhaerentes</strong></span> <span class='ocrx_word' id='word_1_93' title='bbox 1059 1141 1340 1206; x_wconf 77' lang='lat' dir='ltr'><strong>doctrinis,</strong></span> <span class='ocrx_word' id='word_1_94' title='bbox 1365 1141 1496 1195; x_wconf 86' lang='lat' dir='ltr'><strong>nihil</strong></span> <span class='ocrx_word' id='word_1_95' title='bbox 1519 1143 1640 1196; x_wconf 88' lang='lat' dir='ltr'><strong>novi</strong></span> <span class='ocrx_word' id='word_1_96' title='bbox 1669 1141 2173 1206; x_wconf 70' lang='lat' dir='ltr'><strong>infcrentes,‘nulla-</strong></span> 
     </span>
    </p>
   </div>
   <div class='ocr_carea' id='block_1_12' title="bbox 591 1234 2171 1305">
    <p class='ocr_par' dir='ltr' id='par_1_12' title="bbox 591 1234 2171 1305">
     <span class='ocr_line' id='line_1_12' title="bbox 591 1234 2171 1305; baseline 0.004 -20"><span class='ocrx_word' id='word_1_97' title='bbox 591 1247 696 1302; x_wconf 77' lang='lat' dir='ltr'><strong>que</strong></span> <span class='ocrx_word' id='word_1_98' title='bbox 745 1234 1083 1303; x_wconf 87' lang='lat' dir='ltr'><strong>recipientes,</strong></span> <span class='ocrx_word' id='word_1_99' title='bbox 1119 1235 1220 1289; x_wconf 83' lang='lat' dir='ltr'><strong>nisi</strong></span> <span class='ocrx_word' id='word_1_100' title='bbox 1263 1252 1382 1305; x_wconf 71' lang='lat' dir='ltr'><strong>qum</strong></span> <span class='ocrx_word' id='word_1_101' title='bbox 1421 1236 1476 1290; x_wconf 87' lang='lat' dir='ltr'><strong>in</strong></span> <span class='ocrx_word' id='word_1_102' title='bbox 1521 1236 1734 1290; x_wconf 86' lang='lat' dir='ltr'><strong>illorum</strong></span> <span class='ocrx_word' id='word_1_103' title='bbox 1770 1237 2049 1291; x_wconf 87' lang='lat' dir='ltr'><strong>catholicis</strong></span> <span class='ocrx_word' id='word_1_104' title='bbox 2094 1238 2171 1291; x_wconf 91' lang='lat' dir='ltr'><strong>in-</strong></span> 
     </span>
    </p>
   </div>
   <div class='ocr_carea' id='block_1_13' title="bbox 594 1325 2168 1395">
    <p class='ocr_par' dir='ltr' id='par_1_13' title="bbox 594 1325 2168 1395">
     <span class='ocr_line' id='line_1_13' title="bbox 594 1325 2168 1395; baseline 0.003 -18"><span class='ocrx_word' id='word_1_105' title='bbox 594 1325 880 1379; x_wconf 89' lang='lat' dir='ltr'><strong>veniuntur</strong></span> <span class='ocrx_word' id='word_1_106' title='bbox 908 1326 1143 1395; x_wconf 86' lang='lat' dir='ltr'><strong>scriptis.</strong></span> <span class='ocrx_word' id='word_1_107' title='bbox 1177 1326 1244 1380; x_wconf 90' lang='lat' dir='ltr'><strong>Et</strong></span> <span class='ocrx_word' id='word_1_108' title='bbox 1267 1327 1387 1395; x_wconf 88' lang='lat' dir='ltr'><strong>quis</strong></span> <span class='ocrx_word' id='word_1_109' title='bbox 1417 1328 1716 1380; x_wconf 84' lang='lat' dir='ltr'><strong>censendus</strong></span> <span class='ocrx_word' id='word_1_110' title='bbox 1753 1335 1835 1381; x_wconf 89' lang='lat' dir='ltr'><strong>est</strong></span> <span class='ocrx_word' id='word_1_111' title='bbox 1865 1329 2168 1393; x_wconf 66' lang='lat' dir='ltr'><strong>haereticus,</strong></span> 
     </span>
    </p>
   </div>
   <div class='ocr_carea' id='block_1_14' title="bbox 591 1416 2172 1486">
    <p class='ocr_par' dir='ltr' id='par_1_14' title="bbox 591 1416 2172 1486">
     <span class='ocr_line' id='line_1_14' title="bbox 591 1416 2172 1486; baseline 0.001 -15"><span class='ocrx_word' id='word_1_112' title='bbox 591 1431 662 1471; x_wconf 81' lang='lat' dir='ltr'><strong>an</strong></span> <span class='ocrx_word' id='word_1_113' title='bbox 688 1416 776 1470; x_wconf 89' lang='lat' dir='ltr'><strong>ille</strong></span> <span class='ocrx_word' id='word_1_114' title='bbox 800 1417 890 1486; x_wconf 89' lang='lat' dir='ltr'><strong>qui</strong></span> <span class='ocrx_word' id='word_1_115' title='bbox 917 1427 1230 1472; x_wconf 87' lang='lat' dir='ltr'><strong>sanctorum</strong></span> <span class='ocrx_word' id='word_1_116' title='bbox 1258 1418 1476 1472; x_wconf 84' lang='lat' dir='ltr'><strong>Patrum</strong></span> <span class='ocrx_word' id='word_1_117' title='bbox 1521 1427 1576 1474; x_wconf 88' lang='lat' dir='ltr'><strong>et</strong></span> <span class='ocrx_word' id='word_1_118' title='bbox 1619 1421 1784 1474; x_wconf 84' lang='lat' dir='ltr'><strong>totius</strong></span> <span class='ocrx_word' id='word_1_119' title='bbox 1827 1419 2080 1476; x_wconf 64' lang='lat' dir='ltr'><strong>Ecclesiae</strong></span> <span class='ocrx_word' id='word_1_120' title='bbox 2105 1420 2172 1474; x_wconf 89' lang='lat' dir='ltr'><strong>ab</strong></span> 
     </span>
    </p>
   </div>
   <div class='ocr_carea' id='block_1_15' title="bbox 591 1507 2173 1580">
    <p class='ocr_par' dir='ltr' id='par_1_15' title="bbox 591 1507 2173 1580">
     <span class='ocr_line' id='line_1_15' title="bbox 591 1507 2173 1580; baseline 0.003 -17"><span class='ocrx_word' id='word_1_121' title='bbox 591 1507 746 1564; x_wconf 90' lang='lat' dir='ltr'><strong>initio</strong></span> <span class='ocrx_word' id='word_1_122' title='bbox 768 1510 1037 1563; x_wconf 86' lang='lat' dir='ltr'><strong>nascentis</strong></span> <span class='ocrx_word' id='word_1_123' title='bbox 1065 1507 1192 1564; x_wconf 88' lang='lat' dir='ltr'><strong>ﬁdei</strong></span> <span class='ocrx_word' id='word_1_124' title='bbox 1231 1510 1526 1566; x_wconf 87' lang='lat' dir='ltr'><strong>catholicos</strong></span> <span class='ocrx_word' id='word_1_125' title='bbox 1554 1511 1795 1580; x_wconf 87' lang='lat' dir='ltr'><strong>sequitur</strong></span> <span class='ocrx_word' id='word_1_126' title='bbox 1823 1526 2034 1576; x_wconf 86' lang='lat' dir='ltr'><strong>sensus,</strong></span> <span class='ocrx_word' id='word_1_127' title='bbox 2080 1522 2173 1567; x_wconf 82' lang='lat' dir='ltr'><strong>aut</strong></span> 
     </span>
    </p>
   </div>
   <div class='ocr_carea' id='block_1_16' title="bbox 591 1602 2173 1675">
    <p class='ocr_par' dir='ltr' id='par_1_16' title="bbox 591 1602 2173 1675">
     <span class='ocr_line' id='line_1_16' title="bbox 591 1602 2173 1675; baseline 0.003 -18"><span class='ocrx_word' id='word_1_128' title='bbox 591 1602 679 1658; x_wconf 88' lang='lat' dir='ltr'><strong>ille</strong></span> <span class='ocrx_word' id='word_1_129' title='bbox 705 1603 796 1672; x_wconf 87' lang='lat' dir='ltr'><strong>qui</strong></span> <span class='ocrx_word' id='word_1_130' title='bbox 825 1603 884 1658; x_wconf 81' lang='lat' dir='ltr'><strong>in</strong></span> <span class='ocrx_word' id='word_1_131' title='bbox 910 1603 1096 1660; x_wconf 87' lang='lat' dir='ltr'><strong>ultimo</strong></span> <span class='ocrx_word' id='word_1_132' title='bbox 1128 1612 1368 1674; x_wconf 85' lang='lat' dir='ltr'><strong>tempore</strong></span> <span class='ocrx_word' id='word_1_133' title='bbox 1409 1606 1590 1659; x_wconf 87' lang='lat' dir='ltr'><strong>mundi</strong></span> <span class='ocrx_word' id='word_1_134' title='bbox 1632 1621 1770 1659; x_wconf 83' lang='lat' dir='ltr'><strong>nova</strong></span> <span class='ocrx_word' id='word_1_135' title='bbox 1799 1607 2044 1675; x_wconf 68' lang='lat' dir='ltr'><strong>quaedam</strong></span> <span class='ocrx_word' id='word_1_136' title='bbox 2078 1623 2173 1660; x_wconf 88' lang='lat' dir='ltr'><strong>no-</strong></span> 
     </span>
    </p>
   </div>
   <div class='ocr_carea' id='block_1_17' title="bbox 592 1691 2168 1764">
    <p class='ocr_par' dir='ltr' id='par_1_17' title="bbox 592 1691 2168 1764">
     <span class='ocr_line' id='line_1_17' title="bbox 592 1691 2168 1764; baseline 0.003 -18"><span class='ocrx_word' id='word_1_137' title='bbox 592 1692 758 1756; x_wconf 88' lang='lat' dir='ltr'><strong>mina,</strong></span> <span class='ocrx_word' id='word_1_138' title='bbox 787 1691 1028 1751; x_wconf 85' lang='lat' dir='ltr'><strong>inaudita</strong></span> <span class='ocrx_word' id='word_1_139' title='bbox 1056 1693 1250 1763; x_wconf 85' lang='lat' dir='ltr'><strong>priscis</strong></span> <span class='ocrx_word' id='word_1_140' title='bbox 1280 1694 1631 1763; x_wconf 82' lang='lat' dir='ltr'><strong>temporibus,</strong></span> <span class='ocrx_word' id='word_1_141' title='bbox 1666 1695 1816 1764; x_wconf 76' lang='lat' dir='ltr'><strong>lingit</strong></span> <span class='ocrx_word' id='word_1_142' title='bbox 1863 1695 1928 1749; x_wconf 85' lang='lat' dir='ltr'><strong>de</strong></span> <span class='ocrx_word' id='word_1_143' title='bbox 1972 1694 2168 1750; x_wconf 78' lang='lat' dir='ltr'><strong>Christi</strong></span> 
     </span>
    </p>
   </div>
   <div class='ocr_carea' id='block_1_18' title="bbox 2276 499 3858 574">
    <p class='ocr_par' dir='ltr' id='par_1_18' title="bbox 2276 499 3858 574">
     <span class='ocr_line' id='line_1_18' title="bbox 2276 499 3858 574; baseline 0.006 -23"><span class='ocrx_word' id='word_1_144' title='bbox 2276 506 2564 562; x_wconf 85' lang='lat' dir='ltr'><strong>terrarum,</strong></span> <span class='ocrx_word' id='word_1_145' title='bbox 2592 499 2799 553; x_wconf 89' lang='lat' dir='ltr'><strong>cunctis</strong></span> <span class='ocrx_word' id='word_1_146' title='bbox 2831 500 2886 552; x_wconf 85' lang='lat' dir='ltr'><strong>in</strong></span> <span class='ocrx_word' id='word_1_147' title='bbox 2914 500 3138 556; x_wconf 79' lang='lat' dir='ltr'><strong>urbibus</strong></span> <span class='ocrx_word' id='word_1_148' title='bbox 3163 517 3264 556; x_wconf 89' lang='lat' dir='ltr'><strong>seu</strong></span> <span class='ocrx_word' id='word_1_149' title='bbox 3301 502 3436 557; x_wconf 86' lang='lat' dir='ltr'><strong>locis</strong></span> <span class='ocrx_word' id='word_1_150' title='bbox 3475 502 3742 568; x_wconf 63' lang='lat' dir='ltr'><strong>ﬁdelium,</strong></span> <span class='ocrx_word' id='word_1_151' title='bbox 3759 519 3858 574; x_wconf 76' lang='lat' dir='ltr'><strong>pel</strong></span> 
     </span>
    </p>
   </div>
   <div class='ocr_carea' id='block_1_19' title="bbox 2273 587 3862 664">
    <p class='ocr_par' dir='ltr' id='par_1_19' title="bbox 2273 587 3862 664">
     <span class='ocr_line' id='line_1_19' title="bbox 2273 587 3862 664; baseline 0.006 -22"><span class='ocrx_word' id='word_1_152' title='bbox 2273 589 2536 643; x_wconf 75' lang='lat' dir='ltr'><strong>unitatem</strong></span> <span class='ocrx_word' id='word_1_153' title='bbox 2564 587 2708 653; x_wconf 85' lang='lat' dir='ltr'><strong>ﬁdei,</strong></span> <span class='ocrx_word' id='word_1_154' title='bbox 2729 604 2827 659; x_wconf 83' lang='lat' dir='ltr'><strong>per</strong></span> <span class='ocrx_word' id='word_1_155' title='bbox 2855 591 3195 645; x_wconf 69' lang='lat' dir='ltr'><strong>concordiae:</strong></span> <span class='ocrx_word' id='word_1_156' title='bbox 3220 592 3526 659; x_wconf 67' lang='lat' dir='ltr'><strong>claritatis,</strong></span> <span class='ocrx_word' id='word_1_157' title='bbox 3553 593 3680 664; x_wconf 75' lang='lat' dir='ltr'><strong>quia</strong></span> <span class='ocrx_word' id='word_1_158' title='bbox 3708 595 3862 651; x_wconf 80' lang='lat' dir='ltr'><strong>deest</strong></span> 
     </span>
    </p>
   </div>
   <div class='ocr_carea' id='block_1_20' title="bbox 2272 682 3855 751">
    <p class='ocr_par' dir='ltr' id='par_1_20' title="bbox 2272 682 3855 751">
     <span class='ocr_line' id='line_1_20' title="bbox 2272 682 3855 751; baseline 0.004 -16"><span class='ocrx_word' id='word_1_159' title='bbox 2272 682 2364 750; x_wconf 80' lang='lat' dir='ltr'><strong>qui</strong></span> <span class='ocrx_word' id='word_1_160' title='bbox 2395 689 2592 746; x_wconf 75' lang='lat' dir='ltr'><strong>tentet;</strong></span> <span class='ocrx_word' id='word_1_161' title='bbox 2626 690 2682 736; x_wconf 86' lang='lat' dir='ltr'><strong>et</strong></span> <span class='ocrx_word' id='word_1_162' title='bbox 2706 682 2784 736; x_wconf 87' lang='lat' dir='ltr'><strong>ita</strong></span> <span class='ocrx_word' id='word_1_163' title='bbox 2810 689 3034 751; x_wconf 75' lang='lat' dir='ltr'><strong>apparet</strong></span> <span class='ocrx_word' id='word_1_164' title='bbox 3060 691 3124 735; x_wconf 89' lang='lat' dir='ltr'><strong>ut</strong></span> <span class='ocrx_word' id='word_1_165' title='bbox 3149 683 3372 738; x_wconf 72' lang='lat' dir='ltr'><strong>nimium</strong></span> <span class='ocrx_word' id='word_1_166' title='bbox 3402 700 3578 740; x_wconf 69' lang='lat' dir='ltr'><strong>circae</strong></span> <span class='ocrx_word' id='word_1_167' title='bbox 3608 693 3668 742; x_wconf 84' lang='lat' dir='ltr'><strong>et</strong></span> <span class='ocrx_word' id='word_1_168' title='bbox 3692 701 3855 742; x_wconf 73' lang='lat' dir='ltr'><strong>manu</strong></span> 
     </span>
    </p>
   </div>
   <div class='ocr_carea' id='block_1_21' title="bbox 2272 773 3852 847">
    <p class='ocr_par' dir='ltr' id='par_1_21' title="bbox 2272 773 3852 847">
     <span class='ocr_line' id='line_1_21' title="bbox 2272 773 3852 847; baseline 0.004 -20"><span class='ocrx_word' id='word_1_169' title='bbox 2272 775 2498 845; x_wconf 81' lang='lat' dir='ltr'><strong>palpans</strong></span> <span class='ocrx_word' id='word_1_170' title='bbox 2526 773 2818 842; x_wconf 74' lang='lat' dir='ltr'><strong>iudicetur,</strong></span> <span class='ocrx_word' id='word_1_171' title='bbox 2857 776 2948 845; x_wconf 76' lang='lat' dir='ltr'><strong>qui</strong></span> <span class='ocrx_word' id='word_1_172' title='bbox 2981 791 3099 829; x_wconf 84' lang='lat' dir='ltr'><strong>eam</strong></span> <span class='ocrx_word' id='word_1_173' title='bbox 3147 777 3348 847; x_wconf 72' lang='lat' dir='ltr'><strong>ubique</strong></span> <span class='ocrx_word' id='word_1_174' title='bbox 3385 787 3706 846; x_wconf 60' lang='lat' dir='ltr'><strong>praestem</strong></span> <span class='ocrx_word' id='word_1_175' title='bbox 3749 791 3852 840; x_wconf 71' lang='lat' dir='ltr'><strong>uel</strong></span> 
     </span>
    </p>
   </div>
   <div class='ocr_carea' id='block_1_22' title="bbox 2272 867 3858 942">
    <p class='ocr_par' dir='ltr' id='par_1_22' title="bbox 2272 867 3858 942">
     <span class='ocr_line' id='line_1_22' title="bbox 2272 867 3858 942; baseline 0.004 -21"><span class='ocrx_word' id='word_1_176' title='bbox 2272 867 2462 921; x_wconf 75' lang='lat' dir='ltr'><strong>cernit.</strong></span> <span class='ocrx_word' id='word_1_177' title='bbox 2493 885 2512 919; x_wconf 81' lang='grc'>›</span> <span class='ocrx_word' id='word_1_178' title='bbox 2542 867 2760 921; x_wconf 83' lang='lat' dir='ltr'><strong>Dicitis:</strong></span> <span class='ocrx_word' id='word_1_179' title='bbox 2809 869 2934 938; x_wconf 59' lang='lat' dir='ltr'><strong>om</strong></span> <span class='ocrx_word' id='word_1_180' title='bbox 2971 867 3112 922; x_wconf 67' lang='lat' dir='ltr'><strong>deest</strong></span> <span class='ocrx_word' id='word_1_181' title='bbox 3149 869 3244 938; x_wconf 77' lang='lat' dir='ltr'><strong>qui</strong></span> <span class='ocrx_word' id='word_1_182' title='bbox 3286 878 3466 924; x_wconf 79' lang='lat' dir='ltr'><strong>tentet.</strong></span> <span class='ocrx_word' id='word_1_183' title='bbox 3497 870 3684 926; x_wconf 79' lang='lat' dir='ltr'><strong>Videte</strong></span> <span class='ocrx_word' id='word_1_184' title='bbox 3726 886 3858 942; x_wconf 71' lang='lat' dir='ltr'><strong>ergo</strong></span> 
     </span>
    </p>
   </div>
   <div class='ocr_carea' id='block_1_23' title="bbox 2272 959 3856 1031">
    <p class='ocr_par' dir='ltr' id='par_1_23' title="bbox 2272 959 3856 1031">
     <span class='ocr_line' id='line_1_23' title="bbox 2272 959 3856 1031; baseline 0.003 -18"><span class='ocrx_word' id='word_1_185' title='bbox 2272 973 2406 1031; x_wconf 80' lang='lat' dir='ltr'><strong>rogo</strong></span> <span class='ocrx_word' id='word_1_186' title='bbox 2450 961 2822 1031; x_wconf 78' lang='lat' dir='ltr'><strong>vosmetipsos,</strong></span> <span class='ocrx_word' id='word_1_187' title='bbox 2878 973 2950 1014; x_wconf 80' lang='lat' dir='ltr'><strong>ne</strong></span> <span class='ocrx_word' id='word_1_188' title='bbox 2990 959 3132 1016; x_wconf 66' lang='lat' dir='ltr'><strong>forte</strong></span> <span class='ocrx_word' id='word_1_189' title='bbox 3180 962 3298 1016; x_wconf 86' lang='lat' dir='ltr'><strong>sitis</strong></span> <span class='ocrx_word' id='word_1_190' title='bbox 3349 969 3649 1018; x_wconf 76' lang='lat' dir='ltr'><strong>tentatas-es</strong></span> <span class='ocrx_word' id='word_1_191' title='bbox 3691 963 3856 1028; x_wconf 51' lang='lat' dir='ltr'><strong>illi“</strong></span> 
     </span>
    </p>
   </div>
   <div class='ocr_carea' id='block_1_24' title="bbox 2272 1051 3862 1123">
    <p class='ocr_par' dir='ltr' id='par_1_24' title="bbox 2272 1051 3862 1123">
     <span class='ocr_line' id='line_1_24' title="bbox 2272 1051 3862 1123; baseline 0.003 -17"><span class='ocrx_word' id='word_1_192' title='bbox 2272 1051 2580 1106; x_wconf 78' lang='lat' dir='ltr'><strong>scindentes</strong></span> <span class='ocrx_word' id='word_1_193' title='bbox 2602 1052 2842 1106; x_wconf 67' lang='lat' dir='ltr'><strong>unicam</strong></span> <span class='ocrx_word' id='word_1_194' title='bbox 2860 1051 3085 1116; x_wconf 77' lang='lat' dir='ltr'><strong>Christi,</strong></span> <span class='ocrx_word' id='word_1_195' title='bbox 3114 1067 3274 1120; x_wconf 83' lang='lat' dir='ltr'><strong>quam</strong></span> <span class='ocrx_word' id='word_1_196' title='bbox 3302 1053 3504 1107; x_wconf 73' lang='lat' dir='ltr'><strong>milites</strong></span> <span class='ocrx_word' id='word_1_197' title='bbox 3527 1053 3580 1107; x_wconf 83' lang='lat' dir='ltr'><strong>in</strong></span> <span class='ocrx_word' id='word_1_198' title='bbox 3607 1054 3862 1123; x_wconf 62' lang='lat' dir='ltr'><strong>passion</strong></span> 
     </span>
    </p>
   </div>
   <div class='ocr_carea' id='block_1_25' title="bbox 2274 1141 3864 1215">
    <p class='ocr_par' dir='ltr' id='par_1_25' title="bbox 2274 1141 3864 1215">
     <span class='ocr_line' id='line_1_25' title="bbox 2274 1141 3864 1215; baseline 0.003 -20"><span class='ocrx_word' id='word_1_199' title='bbox 2274 1141 2418 1196; x_wconf 79' lang='lat' dir='ltr'><strong>illius</strong></span> <span class='ocrx_word' id='word_1_200' title='bbox 2459 1159 2566 1196; x_wconf 87' lang='lat' dir='ltr'><strong>non</strong></span> <span class='ocrx_word' id='word_1_201' title='bbox 2606 1144 2722 1198; x_wconf 85' lang='lat' dir='ltr'><strong>ausi</strong></span> <span class='ocrx_word' id='word_1_202' title='bbox 2774 1151 2900 1196; x_wconf 71' lang='lat' dir='ltr'><strong>sunt</strong></span> <span class='ocrx_word' id='word_1_203' title='bbox 2943 1144 3202 1198; x_wconf 81' lang='lat' dir='ltr'><strong>dividere.</strong></span> <span class='ocrx_word' id='word_1_204' title='bbox 3242 1145 3307 1198; x_wconf 76' lang='lat' dir='ltr'><strong>Et</strong></span> <span class='ocrx_word' id='word_1_205' title='bbox 3356 1145 3496 1199; x_wconf 76' lang='lat' dir='ltr'><strong>bene</strong></span> <span class='ocrx_word' id='word_1_206' title='bbox 3531 1144 3698 1215; x_wconf 69' lang='lat'><strong>7.92</strong></span> <span class='ocrx_word' id='word_1_207' title='bbox 3731 1145 3864 1200; x_wconf 59' lang='lat' dir='ltr'><strong>sub»</strong></span> 
     </span>
    </p>
   </div>
   <div class='ocr_carea' id='block_1_26' title="bbox 2266 1234 3862 1310">
    <p class='ocr_par' dir='ltr' id='par_1_26' title="bbox 2266 1234 3862 1310">
     <span class='ocr_line' id='line_1_26' title="bbox 2266 1234 3862 1310; baseline 0.004 -24"><span class='ocrx_word' id='word_1_208' title='bbox 2266 1234 2518 1303; x_wconf 69' lang='lat' dir='ltr'><strong>junxistis</strong></span> <span class='ocrx_word' id='word_1_209' title='bbox 2546 1253 2558 1310; x_wconf 62' lang='grc' dir='ltr'><strong>ι</strong></span> <span class='ocrx_word' id='word_1_210' title='bbox 2596 1255 2614 1287; x_wconf 77' lang='grc' dir='ltr'><strong>ι</strong></span> <span class='ocrx_word' id='word_1_211' title='bbox 2649 1245 2706 1289; x_wconf 85' lang='grc' dir='ltr'><strong>ιιι</strong></span> <span class='ocrx_word' id='word_1_212' title='bbox 2735 1235 2960 1290; x_wconf 79' lang='lat' dir='ltr'><strong>nimium</strong></span> <span class='ocrx_word' id='word_1_213' title='bbox 2994 1253 3170 1291; x_wconf 67' lang='lat' dir='ltr'><strong>caecus</strong></span> <span class='ocrx_word' id='word_1_214' title='bbox 3197 1247 3252 1292; x_wconf 89' lang='lat' dir='ltr'><strong>et</strong></span> <span class='ocrx_word' id='word_1_215' title='bbox 3275 1252 3434 1292; x_wconf 84' lang='lat' dir='ltr'><strong>manu</strong></span> <span class='ocrx_word' id='word_1_216' title='bbox 3463 1239 3686 1308; x_wconf 80' lang='lat' dir='ltr'><strong>palpans</strong></span> <span class='ocrx_word' id='word_1_217' title='bbox 3710 1237 3862 1307; x_wconf 52' lang='lat' dir='ltr'><strong>juris</strong></span> 
     </span>
    </p>
   </div>
   <div class='ocr_carea' id='block_1_27' title="bbox 2273 1325 3863 1396">
    <p class='ocr_par' dir='ltr' id='par_1_27' title="bbox 2273 1325 3863 1396">
     <span class='ocr_line' id='line_1_27' title="bbox 2273 1325 3863 1396; baseline 0.003 -19"><span class='ocrx_word' id='word_1_218' title='bbox 2273 1334 2440 1388; x_wconf 86' lang='lat' dir='ltr'><strong>cetur,</strong></span> <span class='ocrx_word' id='word_1_219' title='bbox 2477 1327 2568 1395; x_wconf 89' lang='lat' dir='ltr'><strong>qui</strong></span> <span class='ocrx_word' id='word_1_220' title='bbox 2595 1342 2714 1380; x_wconf 90' lang='lat' dir='ltr'><strong>cam</strong></span> <span class='ocrx_word' id='word_1_221' title='bbox 2759 1325 2956 1396; x_wconf 89' lang='lat' dir='ltr'><strong>ubique</strong></span> <span class='ocrx_word' id='word_1_222' title='bbox 2982 1337 3308 1396; x_wconf 75' lang='lat' dir='ltr'><strong>praesentem</strong></span> <span class='ocrx_word' id='word_1_223' title='bbox 3335 1343 3451 1382; x_wconf 80' lang='lat' dir='ltr'><strong>Ion.</strong></span> <span class='ocrx_word' id='word_1_224' title='bbox 3478 1330 3666 1383; x_wconf 82' lang='lat' dir='ltr'><strong>cernit.</strong></span> <span class='ocrx_word' id='word_1_225' title='bbox 3706 1349 3726 1380; x_wconf 73' lang='grc' dir='ltr'><strong>ι</strong></span> <span class='ocrx_word' id='word_1_226' title='bbox 3772 1329 3863 1382; x_wconf 61' lang='grc' dir='ltr'><strong>ἳὶ-</strong></span> 
     </span>
    </p>
   </div>
   <div class='ocr_carea' id='block_1_28' title="bbox 2273 1416 3857 1474">
    <p class='ocr_par' dir='ltr' id='par_1_28' title="bbox 2273 1416 3857 1474">
     <span class='ocr_line' id='line_1_28' title="bbox 2273 1416 3857 1474; baseline 0.003 -5"><span class='ocrx_word' id='word_1_227' title='bbox 2273 1416 2430 1470; x_wconf 82' lang='lat' dir='ltr'><strong>detur</strong></span> <span class='ocrx_word' id='word_1_228' title='bbox 2468 1419 2614 1470; x_wconf 81' lang='lat' dir='ltr'><strong>enim</strong></span> <span class='ocrx_word' id='word_1_229' title='bbox 2650 1432 2680 1470; x_wconf 87' lang='lat' dir='ltr'><strong>a</strong></span> <span class='ocrx_word' id='word_1_230' title='bbox 2709 1427 2892 1472; x_wconf 84' lang='lat' dir='ltr'><strong>vestra</strong></span> <span class='ocrx_word' id='word_1_231' title='bbox 2929 1419 3168 1472; x_wconf 75' lang='lat' dir='ltr'><strong>caecitate</strong></span> <span class='ocrx_word' id='word_1_232' title='bbox 3214 1417 3362 1471; x_wconf 80' lang='lat' dir='ltr'><strong>illam</strong></span> <span class='ocrx_word' id='word_1_233' title='bbox 3399 1435 3518 1473; x_wconf 84' lang='lat' dir='ltr'><strong>esse</strong></span> <span class='ocrx_word' id='word_1_234' title='bbox 3557 1420 3857 1474; x_wconf 69' lang='lat' dir='ltr'><strong>absentiam.</strong></span> 
     </span>
    </p>
   </div>
   <div class='ocr_carea' id='block_1_29' title="bbox 2273 1507 3863 1580">
    <p class='ocr_par' dir='ltr' id='par_1_29' title="bbox 2273 1507 3863 1580">
     <span class='ocr_line' id='line_1_29' title="bbox 2273 1507 3863 1580; baseline 0.002 -19"><span class='ocrx_word' id='word_1_235' title='bbox 2273 1507 2340 1561; x_wconf 79' lang='lat' dir='ltr'><strong>Et</strong></span> <span class='ocrx_word' id='word_1_236' title='bbox 2365 1508 2408 1562; x_wconf 88' lang='lat' dir='ltr'><strong>si</strong></span> <span class='ocrx_word' id='word_1_237' title='bbox 2434 1508 2628 1577; x_wconf 82' lang='lat' dir='ltr'><strong>ubique</strong></span> <span class='ocrx_word' id='word_1_238' title='bbox 2654 1517 2754 1572; x_wconf 87' lang='lat' dir='ltr'><strong>est,</strong></span> <span class='ocrx_word' id='word_1_239' title='bbox 2786 1509 2932 1577; x_wconf 72' lang='lat' dir='ltr'><strong>agite</strong></span> <span class='ocrx_word' id='word_1_240' title='bbox 2967 1511 3220 1578; x_wconf 74' lang='lat' dir='ltr'><strong>precibus</strong></span> <span class='ocrx_word' id='word_1_241' title='bbox 3241 1510 3386 1580; x_wconf 66' lang='lat' dir='ltr'><strong>apud</strong></span> <span class='ocrx_word' id='word_1_242' title='bbox 3405 1509 3648 1564; x_wconf 73' lang='lat' dir='ltr'><strong>Demnet</strong></span> <span class='ocrx_word' id='word_1_243' title='bbox 3682 1511 3863 1566; x_wconf 79' lang='lat' dir='ltr'><strong>humi-</strong></span> 
     </span>
    </p>
   </div>
   <div class='ocr_carea' id='block_1_30' title="bbox 2274 1600 3864 1670">
    <p class='ocr_par' dir='ltr' id='par_1_30' title="bbox 2274 1600 3864 1670">
     <span class='ocr_line' id='line_1_30' title="bbox 2274 1600 3864 1670; baseline 0.003 -16"><span class='ocrx_word' id='word_1_244' title='bbox 2274 1600 2426 1656; x_wconf 78' lang='lat' dir='ltr'><strong>litate</strong></span> <span class='ocrx_word' id='word_1_245' title='bbox 2450 1602 2588 1668; x_wconf 87' lang='lat' dir='ltr'><strong>apud</strong></span> <span class='ocrx_word' id='word_1_246' title='bbox 2615 1602 2881 1664; x_wconf 75' lang='lat' dir='ltr'><strong>homines,</strong></span> <span class='ocrx_word' id='word_1_247' title='bbox 2909 1609 2969 1653; x_wconf 77' lang='lat' dir='ltr'><strong>ut</strong></span> <span class='ocrx_word' id='word_1_248' title='bbox 2994 1609 3050 1654; x_wconf 84' lang='lat' dir='ltr'><strong>et</strong></span> <span class='ocrx_word' id='word_1_249' title='bbox 3073 1602 3346 1656; x_wconf 74' lang='lat' dir='ltr'><strong>vobiscum</strong></span> <span class='ocrx_word' id='word_1_250' title='bbox 3373 1600 3492 1664; x_wconf 81' lang='lat' dir='ltr'><strong>ﬁat,</strong></span> <span class='ocrx_word' id='word_1_251' title='bbox 3521 1617 3640 1670; x_wconf 69' lang='lat' dir='ltr'><strong>quae</strong></span> <span class='ocrx_word' id='word_1_252' title='bbox 3667 1602 3720 1656; x_wconf 78' lang='lat' dir='ltr'><strong>in</strong></span> <span class='ocrx_word' id='word_1_253' title='bbox 3747 1611 3864 1658; x_wconf 67' lang='lat' dir='ltr'><strong>tuo</strong></span> 
     </span>
    </p>
   </div>
   <div class='ocr_carea' id='block_1_31' title="bbox 2273 1691 3860 1760">
    <p class='ocr_par' dir='ltr' id='par_1_31' title="bbox 2273 1691 3860 1760">
     <span class='ocr_line' id='line_1_31' title="bbox 2273 1691 3860 1760; baseline 0.001 -13"><span class='ocrx_word' id='word_1_254' title='bbox 2273 1692 2493 1754; x_wconf 71' lang='lat' dir='ltr'><strong>ludo,</strong></span> <span class='ocrx_word' id='word_1_255' title='bbox 2526 1691 2652 1744; x_wconf 89' lang='lat' dir='ltr'><strong>licet</strong></span> <span class='ocrx_word' id='word_1_256' title='bbox 2675 1692 2923 1760; x_wconf 83' lang='lat' dir='ltr'><strong>sparsim,</strong></span> <span class='ocrx_word' id='word_1_257' title='bbox 2955 1691 3122 1760; x_wconf 82' lang='lat' dir='ltr'><strong>fulget</strong></span> <span class='ocrx_word' id='word_1_258' title='bbox 3148 1701 3201 1746; x_wconf 92' lang='lat' dir='ltr'><strong>et</strong></span> <span class='ocrx_word' id='word_1_259' title='bbox 3229 1692 3444 1760; x_wconf 87' lang='lat' dir='ltr'><strong>proﬁcit</strong></span> <span class='ocrx_word' id='word_1_260' title='bbox 3473 1710 3486 1745; x_wconf 94' lang='lat'><strong>:</strong></span> <span class='ocrx_word' id='word_1_261' title='bbox 3519 1707 3586 1746; x_wconf 79' lang='lat' dir='ltr'><strong>ne</strong></span> <span class='ocrx_word' id='word_1_262' title='bbox 3610 1693 3729 1748; x_wconf 78' lang='lat' dir='ltr'><strong>sitis</strong></span> <span class='ocrx_word' id='word_1_263' title='bbox 3759 1709 3860 1748; x_wconf 81' lang='lat' dir='ltr'><strong>ex-</strong></span> 
     </span>
    </p>
   </div>
   <div class='ocr_carea' id='block_1_32' title="bbox 567 1769 3866 1857">
    <p class='ocr_par' dir='ltr' id='par_1_32' title="bbox 567 1769 3866 1857">
     <span class='ocr_line' id='line_1_32' title="bbox 567 1769 3866 1857; baseline 0.003 -16"><span class='ocrx_word' id='word_1_264' title='bbox 567 1784 806 1842; x_wconf 72' lang='lat' dir='ltr'><strong>-Domini</strong></span> <span class='ocrx_word' id='word_1_265' title='bbox 838 1786 1171 1841; x_wconf 79' lang='lat' dir='ltr'><strong>humanitate</strong></span> <span class='ocrx_word' id='word_1_266' title='bbox 1208 1787 1292 1841; x_wconf 86' lang='lat' dir='ltr'><strong>vel</strong></span> <span class='ocrx_word' id='word_1_267' title='bbox 1332 1788 1610 1842; x_wconf 81' lang='lat' dir='ltr'><strong>divinitate</strong></span> <span class='ocrx_word' id='word_1_268' title='bbox 1640 1788 1778 1842; x_wconf 88' lang='lat' dir='ltr'><strong>illius</strong></span> <span class='ocrx_word' id='word_1_269' title='bbox 1824 1790 1914 1857; x_wconf 90' lang='lat' dir='ltr'><strong>qui</strong></span> <span class='ocrx_word' id='word_1_270' title='bbox 1954 1805 2020 1842; x_wconf 77' lang='lat' dir='ltr'><strong>ex</strong></span> <span class='ocrx_word' id='word_1_271' title='bbox 2052 1790 2171 1842; x_wconf 78' lang='lat' dir='ltr'><strong>Vir-</strong></span> <span class='ocrx_word' id='word_1_272' title='bbox 2203 1769 2248 1831; x_wconf 66' lang='grc' dir='ltr'><strong>Β</strong></span> <span class='ocrx_word' id='word_1_273' title='bbox 2279 1791 2450 1837; x_wconf 86' lang='lat' dir='ltr'><strong>torres</strong></span> <span class='ocrx_word' id='word_1_274' title='bbox 2473 1783 2614 1837; x_wconf 68' lang='lat' dir='ltr'><strong>illius</strong></span> <span class='ocrx_word' id='word_1_275' title='bbox 2640 1783 2880 1847; x_wconf 73' lang='lat' dir='ltr'><strong>taminia,</strong></span> <span class='ocrx_word' id='word_1_276' title='bbox 2910 1792 2965 1836; x_wconf 72' lang='grc' dir='ltr'><strong>α</strong></span> <span class='ocrx_word' id='word_1_277' title='bbox 2993 1784 3154 1836; x_wconf 63' lang='grc' dir='ltr'><strong>δὶίι-Ὶιί</strong></span> <span class='ocrx_word' id='word_1_278' title='bbox 3183 1798 3219 1837; x_wconf 67' lang='lat'><strong>3-</strong></span> <span class='ocrx_word' id='word_1_279' title='bbox 3241 1783 3486 1838; x_wconf 55' lang='grc' dir='ltr'>εωίεθιθ</span> <span class='ocrx_word' id='word_1_280' title='bbox 3513 1783 3866 1852; x_wconf 50' lang='lat' dir='ltr'><strong>“mammis</strong></span> 
     </span>
    </p>
   </div>
   <div class='ocr_carea' id='block_1_33' title="bbox 589 1877 2170 1951">
    <p class='ocr_par' dir='ltr' id='par_1_33' title="bbox 589 1877 2170 1951">
     <span class='ocr_line' id='line_1_33' title="bbox 589 1877 2170 1951; baseline 0.003 -21"><span class='ocrx_word' id='word_1_281' title='bbox 589 1877 711 1948; x_wconf 79' lang='lat' dir='ltr'><strong>gine</strong></span> <span class='ocrx_word' id='word_1_282' title='bbox 739 1885 897 1932; x_wconf 90' lang='lat' dir='ltr'><strong>natus</strong></span> <span class='ocrx_word' id='word_1_283' title='bbox 917 1880 1031 1932; x_wconf 89' lang='lat' dir='ltr'><strong>est?</strong></span> <span class='ocrx_word' id='word_1_284' title='bbox 1053 1878 1305 1950; x_wconf 77' lang='lat' dir='ltr'><strong>Legimus</strong></span> <span class='ocrx_word' id='word_1_285' title='bbox 1330 1895 1564 1948; x_wconf 84' lang='lat' dir='ltr'><strong>namque</strong></span> <span class='ocrx_word' id='word_1_286' title='bbox 1592 1879 1892 1936; x_wconf 83' lang='lat' dir='ltr'><strong>Orientales</strong></span> <span class='ocrx_word' id='word_1_287' title='bbox 1917 1881 2170 1951; x_wconf 86' lang='lat' dir='ltr'><strong>synodos,</strong></span> 
     </span>
    </p>
   </div>
   <div class='ocr_carea' id='block_1_34' title="bbox 590 1967 2172 2040">
    <p class='ocr_par' dir='ltr' id='par_1_34' title="bbox 590 1967 2172 2040">
     <span class='ocr_line' id='line_1_34' title="bbox 590 1967 2172 2040; baseline 0.005 -22"><span class='ocrx_word' id='word_1_288' title='bbox 590 1982 709 2035; x_wconf 72' lang='lat' dir='ltr'><strong>qua:</strong></span> <span class='ocrx_word' id='word_1_289' title='bbox 734 1983 766 2020; x_wconf 89' lang='lat' dir='ltr'><strong>a</strong></span> <span class='ocrx_word' id='word_1_290' title='bbox 794 1968 995 2022; x_wconf 89' lang='lat' dir='ltr'><strong>sanctis</strong></span> <span class='ocrx_word' id='word_1_291' title='bbox 1023 1967 1276 2022; x_wconf 87' lang='lat' dir='ltr'><strong>Patribus</strong></span> <span class='ocrx_word' id='word_1_292' title='bbox 1307 1979 1644 2040; x_wconf 69' lang='lat' dir='ltr'><strong>congregans</strong></span> <span class='ocrx_word' id='word_1_293' title='bbox 1669 1979 1812 2034; x_wconf 90' lang='lat' dir='ltr'><strong>sunt,</strong></span> <span class='ocrx_word' id='word_1_294' title='bbox 1846 1971 2172 2040; x_wconf 81' lang='lat' dir='ltr'><strong>temporibus</strong></span> 
     </span>
    </p>
   </div>
   <div class='ocr_carea' id='block_1_35' title="bbox 590 2057 2170 2128">
    <p class='ocr_par' dir='ltr' id='par_1_35' title="bbox 590 2057 2170 2128">
     <span class='ocr_line' id='line_1_35' title="bbox 590 2057 2170 2128; baseline 0.004 -16"><span class='ocrx_word' id='word_1_295' title='bbox 590 2057 818 2114; x_wconf 75' lang='lat' dir='ltr'><strong>diversis</strong></span> <span class='ocrx_word' id='word_1_296' title='bbox 847 2066 1040 2116; x_wconf 84' lang='lat' dir='ltr'><strong>contra</strong></span> <span class='ocrx_word' id='word_1_297' title='bbox 1065 2059 1244 2114; x_wconf 90' lang='lat' dir='ltr'><strong>varios</strong></span> <span class='ocrx_word' id='word_1_298' title='bbox 1291 2060 1714 2128; x_wconf 67' lang='lat' dir='ltr'><strong>bmresiarchas;</strong></span> <span class='ocrx_word' id='word_1_299' title='bbox 1760 2071 1814 2116; x_wconf 87' lang='lat' dir='ltr'><strong>et</strong></span> <span class='ocrx_word' id='word_1_300' title='bbox 1843 2063 2042 2116; x_wconf 77' lang='lat' dir='ltr'><strong>nullan</strong></span> <span class='ocrx_word' id='word_1_301' title='bbox 2093 2063 2170 2118; x_wconf 86' lang='lat' dir='ltr'><strong>in-</strong></span> 
     </span>
    </p>
   </div>
   <div class='ocr_carea' id='block_1_36' title="bbox 589 2149 2171 2223">
    <p class='ocr_par' dir='ltr' id='par_1_36' title="bbox 589 2149 2171 2223">
     <span class='ocr_line' id='line_1_36' title="bbox 589 2149 2171 2223; baseline 0.004 -23"><span class='ocrx_word' id='word_1_302' title='bbox 589 2149 836 2204; x_wconf 81' lang='lat' dir='ltr'><strong>venimus</strong></span> <span class='ocrx_word' id='word_1_303' title='bbox 879 2165 1106 2219; x_wconf 86' lang='lat' dir='ltr'><strong>usquam</strong></span> <span class='ocrx_word' id='word_1_304' title='bbox 1162 2151 1345 2206; x_wconf 88' lang='lat' dir='ltr'><strong>dicere</strong></span> <span class='ocrx_word' id='word_1_305' title='bbox 1395 2151 1480 2206; x_wconf 87' lang='lat' dir='ltr'><strong>vel</strong></span> <span class='ocrx_word' id='word_1_306' title='bbox 1531 2151 1820 2217; x_wconf 75' lang='lat' dir='ltr'><strong>aliirmare,</strong></span> <span class='ocrx_word' id='word_1_307' title='bbox 1862 2155 2171 2223; x_wconf 72' lang='lat' dir='ltr'><strong>adoptivum</strong></span> 
     </span>
    </p>
   </div>
   <div class='ocr_carea' id='block_1_37' title="bbox 592 2237 2173 2310">
    <p class='ocr_par' dir='ltr' id='par_1_37' title="bbox 592 2237 2173 2310">
     <span class='ocr_line' id='line_1_37' title="bbox 592 2237 2173 2310; baseline 0.005 -18"><span class='ocrx_word' id='word_1_308' title='bbox 592 2237 784 2304; x_wconf 85' lang='lat' dir='ltr'><strong>ﬁlium,</strong></span> <span class='ocrx_word' id='word_1_309' title='bbox 830 2239 918 2295; x_wconf 87' lang='lat' dir='ltr'><strong>vel</strong></span> <span class='ocrx_word' id='word_1_310' title='bbox 956 2243 1376 2310; x_wconf 84' lang='lat' dir='ltr'><strong>nuncupativum</strong></span> <span class='ocrx_word' id='word_1_311' title='bbox 1406 2242 1574 2297; x_wconf 83' lang='lat' dir='ltr'><strong>Deum</strong></span> <span class='ocrx_word' id='word_1_312' title='bbox 1608 2246 1878 2300; x_wconf 82' lang='lat' dir='ltr'><strong>Christum</strong></span> <span class='ocrx_word' id='word_1_313' title='bbox 1917 2260 2058 2301; x_wconf 86' lang='lat' dir='ltr'><strong>esse.</strong></span> <span class='ocrx_word' id='word_1_314' title='bbox 2090 2246 2173 2300; x_wconf 90' lang='lat' dir='ltr'><strong>Si-</strong></span> 
     </span>
    </p>
   </div>
   <div class='ocr_carea' id='block_1_38' title="bbox 591 2327 2171 2406">
    <p class='ocr_par' dir='ltr' id='par_1_38' title="bbox 591 2327 2171 2406">
     <span class='ocr_line' id='line_1_38' title="bbox 591 2327 2171 2406; baseline 0.011 -27"><span class='ocrx_word' id='word_1_315' title='bbox 591 2327 701 2380; x_wconf 91' lang='lat' dir='ltr'><strong>mul</strong></span> <span class='ocrx_word' id='word_1_316' title='bbox 743 2337 799 2382; x_wconf 89' lang='lat' dir='ltr'><strong>et</strong></span> <span class='ocrx_word' id='word_1_317' title='bbox 838 2329 1212 2386; x_wconf 85' lang='lat' dir='ltr'><strong>Occidentales</strong></span> <span class='ocrx_word' id='word_1_318' title='bbox 1262 2334 1494 2403; x_wconf 85' lang='lat' dir='ltr'><strong>synodos</strong></span> <span class='ocrx_word' id='word_1_319' title='bbox 1529 2337 1922 2406; x_wconf 76' lang='lat' dir='ltr'><strong>perspeximus,</strong></span> <span class='ocrx_word' id='word_1_320' title='bbox 1970 2355 2071 2392; x_wconf 86' lang='lat' dir='ltr'><strong>nec</strong></span> <span class='ocrx_word' id='word_1_321' title='bbox 2118 2341 2171 2398; x_wconf 79' lang='lat' dir='ltr'><strong>in</strong></span> 
     </span>
    </p>
   </div>
   <div class='ocr_carea' id='block_1_39' title="bbox 590 2415 2171 2501">
    <p class='ocr_par' dir='ltr' id='par_1_39' title="bbox 590 2415 2171 2501">
     <span class='ocr_line' id='line_1_39' title="bbox 590 2415 2171 2501; baseline 0.011 -31"><span class='ocrx_word' id='word_1_322' title='bbox 590 2415 694 2473; x_wconf 91' lang='lat' dir='ltr'><strong>illis</strong></span> <span class='ocrx_word' id='word_1_323' title='bbox 715 2420 819 2476; x_wconf 88' lang='lat' dir='ltr'><strong>tale</strong></span> <span class='ocrx_word' id='word_1_324' title='bbox 850 2421 1052 2491; x_wconf 81' lang='lat' dir='ltr'><strong>aliquid</strong></span> <span class='ocrx_word' id='word_1_325' title='bbox 1081 2425 1422 2482; x_wconf 87' lang='lat' dir='ltr'><strong>invenimus:</strong></span> <span class='ocrx_word' id='word_1_326' title='bbox 1454 2429 1546 2482; x_wconf 87' lang='lat' dir='ltr'><strong>sed</strong></span> <span class='ocrx_word' id='word_1_327' title='bbox 1578 2444 1676 2483; x_wconf 89' lang='lat' dir='ltr'><strong>nec</strong></span> <span class='ocrx_word' id='word_1_328' title='bbox 1705 2430 1758 2484; x_wconf 92' lang='lat' dir='ltr'><strong>in</strong></span> <span class='ocrx_word' id='word_1_329' title='bbox 1781 2430 1959 2501; x_wconf 87' lang='lat' dir='ltr'><strong>aliqua</strong></span> <span class='ocrx_word' id='word_1_330' title='bbox 1986 2447 2171 2488; x_wconf 84' lang='lat' dir='ltr'><strong>earum</strong></span> 
     </span>
    </p>
   </div>
   <div class='ocr_carea' id='block_1_40' title="bbox 587 2511 2173 2593">
    <p class='ocr_par' dir='ltr' id='par_1_40' title="bbox 587 2511 2173 2593">
     <span class='ocr_line' id='line_1_40' title="bbox 587 2511 2173 2593; baseline 0.01 -31"><span class='ocrx_word' id='word_1_331' title='bbox 587 2523 707 2578; x_wconf 70' lang='lat' dir='ltr'><strong>qum</strong></span> <span class='ocrx_word' id='word_1_332' title='bbox 739 2511 792 2564; x_wconf 92' lang='lat' dir='ltr'><strong>in</strong></span> <span class='ocrx_word' id='word_1_333' title='bbox 828 2511 1110 2582; x_wconf 85' lang='lat' dir='ltr'><strong>Hispania,</strong></span> <span class='ocrx_word' id='word_1_334' title='bbox 1142 2515 1222 2569; x_wconf 86' lang='lat' dir='ltr'><strong>vel</strong></span> <span class='ocrx_word' id='word_1_335' title='bbox 1253 2516 1442 2581; x_wconf 83' lang='lat' dir='ltr'><strong>Callia,</strong></span> <span class='ocrx_word' id='word_1_336' title='bbox 1489 2519 1572 2573; x_wconf 89' lang='lat' dir='ltr'><strong>vel</strong></span> <span class='ocrx_word' id='word_1_337' title='bbox 1616 2520 1734 2576; x_wconf 89' lang='lat' dir='ltr'><strong>istis</strong></span> <span class='ocrx_word' id='word_1_338' title='bbox 1768 2523 2008 2591; x_wconf 88' lang='lat' dir='ltr'><strong>partibus</strong></span> <span class='ocrx_word' id='word_1_339' title='bbox 2051 2539 2173 2593; x_wconf 87' lang='lat' dir='ltr'><strong>pro-</strong></span> 
     </span>
    </p>
   </div>
   <div class='ocr_carea' id='block_1_41' title="bbox 590 2600 2170 2682">
    <p class='ocr_par' dir='ltr' id='par_1_41' title="bbox 590 2600 2170 2682">
     <span class='ocr_line' id='line_1_41' title="bbox 590 2600 2170 2682; baseline 0.011 -29"><span class='ocrx_word' id='word_1_340' title='bbox 590 2600 841 2670; x_wconf 71' lang='lat' dir='ltr'><strong>mulgatae</strong></span> <span class='ocrx_word' id='word_1_341' title='bbox 878 2612 1020 2668; x_wconf 88' lang='lat' dir='ltr'><strong>sunt,</strong></span> <span class='ocrx_word' id='word_1_342' title='bbox 1062 2604 1175 2658; x_wconf 65' lang='lat' dir='ltr'><strong>haec</strong></span> <span class='ocrx_word' id='word_1_343' title='bbox 1213 2607 1450 2673; x_wconf 88' lang='lat' dir='ltr'><strong>nomina,</strong></span> <span class='ocrx_word' id='word_1_344' title='bbox 1487 2625 1606 2680; x_wconf 75' lang='lat' dir='ltr'><strong>quae</strong></span> <span class='ocrx_word' id='word_1_345' title='bbox 1633 2628 1804 2682; x_wconf 86' lang='lat' dir='ltr'><strong>nuper</strong></span> <span class='ocrx_word' id='word_1_346' title='bbox 1827 2629 1966 2668; x_wconf 88' lang='lat' dir='ltr'><strong>nova</strong></span> <span class='ocrx_word' id='word_1_347' title='bbox 2003 2623 2170 2670; x_wconf 84' lang='lat' dir='ltr'><strong>teme-</strong></span> 
     </span>
    </p>
   </div>
   <div class='ocr_carea' id='block_1_42' title="bbox 590 2690 2174 2774">
    <p class='ocr_par' dir='ltr' id='par_1_42' title="bbox 590 2690 2174 2774">
     <span class='ocr_line' id='line_1_42' title="bbox 590 2690 2174 2774; baseline 0.01 -29"><span class='ocrx_word' id='word_1_348' title='bbox 590 2690 725 2746; x_wconf 89' lang='lat' dir='ltr'><strong>ritas</strong></span> <span class='ocrx_word' id='word_1_349' title='bbox 753 2693 990 2762; x_wconf 87' lang='lat' dir='ltr'><strong>protulit,</strong></span> <span class='ocrx_word' id='word_1_350' title='bbox 1021 2698 1401 2765; x_wconf 87' lang='lat' dir='ltr'><strong>comperimus.</strong></span> <span class='ocrx_word' id='word_1_351' title='bbox 1447 2699 1554 2754; x_wconf 88' lang='lat' dir='ltr'><strong>Sed</strong></span> <span class='ocrx_word' id='word_1_352' title='bbox 1603 2702 1797 2772; x_wconf 89' lang='lat' dir='ltr'><strong>ubique</strong></span> <span class='ocrx_word' id='word_1_353' title='bbox 1842 2720 1939 2774; x_wconf 90' lang='lat' dir='ltr'><strong>per</strong></span> <span class='ocrx_word' id='word_1_354' title='bbox 1985 2720 2174 2761; x_wconf 85' lang='lat' dir='ltr'><strong>omnes</strong></span> 
     </span>
    </p>
   </div>
   <div class='ocr_carea' id='block_1_43' title="bbox 588 2783 2172 2866">
    <p class='ocr_par' dir='ltr' id='par_1_43' title="bbox 588 2783 2172 2866">
     <span class='ocr_line' id='line_1_43' title="bbox 588 2783 2172 2866; baseline 0.008 -28"><span class='ocrx_word' id='word_1_355' title='bbox 588 2783 824 2854; x_wconf 84' lang='lat' dir='ltr'><strong>synodos</strong></span> <span class='ocrx_word' id='word_1_356' title='bbox 845 2793 901 2840; x_wconf 89' lang='lat' dir='ltr'><strong>et</strong></span> <span class='ocrx_word' id='word_1_357' title='bbox 916 2784 1119 2843; x_wconf 83' lang='lat' dir='ltr'><strong>libellos</strong></span> <span class='ocrx_word' id='word_1_358' title='bbox 1138 2800 1448 2845; x_wconf 88' lang='lat' dir='ltr'><strong>sanctorum</strong></span> <span class='ocrx_word' id='word_1_359' title='bbox 1470 2791 1752 2848; x_wconf 90' lang='lat' dir='ltr'><strong>doctorum</strong></span> <span class='ocrx_word' id='word_1_360' title='bbox 1775 2810 1988 2866; x_wconf 87' lang='lat' dir='ltr'><strong>semper</strong></span> <span class='ocrx_word' id='word_1_361' title='bbox 2007 2813 2172 2850; x_wconf 86' lang='lat' dir='ltr'><strong>unum</strong></span> 
     </span>
    </p>
   </div>
   <div class='ocr_carea' id='block_1_44' title="bbox 586 2874 2170 2954">
    <p class='ocr_par' dir='ltr' id='par_1_44' title="bbox 586 2874 2170 2954">
     <span class='ocr_line' id='line_1_44' title="bbox 586 2874 2170 2954; baseline 0.006 -22"><span class='ocrx_word' id='word_1_362' title='bbox 586 2874 779 2932; x_wconf 87' lang='lat' dir='ltr'><strong>Filium</strong></span> <span class='ocrx_word' id='word_1_363' title='bbox 810 2877 901 2932; x_wconf 91' lang='lat' dir='ltr'><strong>Dei</strong></span> <span class='ocrx_word' id='word_1_364' title='bbox 923 2881 1197 2950; x_wconf 90' lang='lat' dir='ltr'><strong>proprium</strong></span> <span class='ocrx_word' id='word_1_365' title='bbox 1230 2882 1480 2954; x_wconf 78' lang='lat' dir='ltr'><strong>legimus,</strong></span> <span class='ocrx_word' id='word_1_366' title='bbox 1508 2895 1562 2939; x_wconf 89' lang='lat' dir='ltr'><strong>et</strong></span> <span class='ocrx_word' id='word_1_367' title='bbox 1587 2901 1752 2939; x_wconf 90' lang='lat' dir='ltr'><strong>unum</strong></span> <span class='ocrx_word' id='word_1_368' title='bbox 1783 2886 1954 2941; x_wconf 92' lang='lat' dir='ltr'><strong>Deum</strong></span> <span class='ocrx_word' id='word_1_369' title='bbox 1983 2903 2170 2942; x_wconf 88' lang='lat' dir='ltr'><strong>verum</strong></span> 
     </span>
    </p>
   </div>
   <div class='ocr_carea' id='block_1_45' title="bbox 587 2967 2167 3047">
    <p class='ocr_par' dir='ltr' id='par_1_45' title="bbox 587 2967 2167 3047">
     <span class='ocr_line' id='line_1_45' title="bbox 587 2967 2167 3047; baseline 0.008 -24"><span class='ocrx_word' id='word_1_370' title='bbox 587 2968 646 3024; x_wconf 89' lang='lat' dir='ltr'><strong>in</strong></span> <span class='ocrx_word' id='word_1_371' title='bbox 688 2967 896 3026; x_wconf 90' lang='lat' dir='ltr'><strong>duabus</strong></span> <span class='ocrx_word' id='word_1_372' title='bbox 944 2975 1151 3030; x_wconf 88' lang='lat' dir='ltr'><strong>naturis</strong></span> <span class='ocrx_word' id='word_1_373' title='bbox 1203 2977 1484 3045; x_wconf 79' lang='lat' dir='ltr'><strong>praedicari</strong></span> <span class='ocrx_word' id='word_1_374' title='bbox 1519 2997 1529 3029; x_wconf 90' lang='lat'><strong>:</strong></span> <span class='ocrx_word' id='word_1_375' title='bbox 1563 2986 1619 3033; x_wconf 93' lang='lat' dir='ltr'><strong>et</strong></span> <span class='ocrx_word' id='word_1_376' title='bbox 1668 2994 1837 3034; x_wconf 86' lang='lat' dir='ltr'><strong>unum</strong></span> <span class='ocrx_word' id='word_1_377' title='bbox 1877 2980 2167 3047; x_wconf 83' lang='lat' dir='ltr'><strong>Christum,</strong></span> 
     </span>
    </p>
   </div>
   <div class='ocr_carea' id='block_1_46' title="bbox 590 3062 2166 3137">
    <p class='ocr_par' dir='ltr' id='par_1_46' title="bbox 590 3062 2166 3137">
     <span class='ocr_line' id='line_1_46' title="bbox 590 3062 2166 3137; baseline 0.008 -23"><span class='ocrx_word' id='word_1_378' title='bbox 590 3076 698 3116; x_wconf 90' lang='lat' dir='ltr'><strong>non</strong></span> <span class='ocrx_word' id='word_1_379' title='bbox 747 3062 880 3118; x_wconf 88' lang='lat' dir='ltr'><strong>duos</strong></span> <span class='ocrx_word' id='word_1_380' title='bbox 935 3064 1203 3132; x_wconf 87' lang='lat' dir='ltr'><strong>cbristos;</strong></span> <span class='ocrx_word' id='word_1_381' title='bbox 1250 3083 1348 3122; x_wconf 89' lang='lat' dir='ltr'><strong>nee</strong></span> <span class='ocrx_word' id='word_1_382' title='bbox 1394 3069 1528 3123; x_wconf 88' lang='lat' dir='ltr'><strong>duos</strong></span> <span class='ocrx_word' id='word_1_383' title='bbox 1571 3070 1731 3135; x_wconf 87' lang='lat' dir='ltr'><strong>deos,</strong></span> <span class='ocrx_word' id='word_1_384' title='bbox 1767 3087 1928 3124; x_wconf 89' lang='lat' dir='ltr'><strong>unum</strong></span> <span class='ocrx_word' id='word_1_385' title='bbox 1956 3087 2166 3137; x_wconf 85' lang='lat' dir='ltr'><strong>verum,</strong></span> 
     </span>
    </p>
   </div>
   <div class='ocr_carea' id='block_1_47' title="bbox 587 3155 2170 3238">
    <p class='ocr_par' dir='ltr' id='par_1_47' title="bbox 587 3155 2170 3238">
     <span class='ocr_line' id='line_1_47' title="bbox 587 3155 2170 3238; baseline 0.009 -31"><span class='ocrx_word' id='word_1_386' title='bbox 587 3155 817 3212; x_wconf 87' lang='lat' dir='ltr'><strong>alterum</strong></span> <span class='ocrx_word' id='word_1_387' title='bbox 857 3161 1311 3228; x_wconf 87' lang='lat' dir='ltr'><strong>nuncupativum;</strong></span> <span class='ocrx_word' id='word_1_388' title='bbox 1338 3178 1437 3218; x_wconf 87' lang='lat' dir='ltr'><strong>nec</strong></span> <span class='ocrx_word' id='word_1_389' title='bbox 1465 3163 1598 3218; x_wconf 88' lang='lat' dir='ltr'><strong>duos</strong></span> <span class='ocrx_word' id='word_1_390' title='bbox 1630 3164 1790 3229; x_wconf 90' lang='lat' dir='ltr'><strong>ﬁlios,</strong></span> <span class='ocrx_word' id='word_1_391' title='bbox 1835 3181 2000 3220; x_wconf 83' lang='lat' dir='ltr'><strong>unum</strong></span> <span class='ocrx_word' id='word_1_392' title='bbox 2047 3184 2170 3238; x_wconf 88' lang='lat' dir='ltr'><strong>pro-</strong></span> 
     </span>
    </p>
   </div>
   <div class='ocr_carea' id='block_1_48' title="bbox 587 3249 2172 3326">
    <p class='ocr_par' dir='ltr' id='par_1_48' title="bbox 587 3249 2172 3326">
     <span class='ocr_line' id='line_1_48' title="bbox 587 3249 2172 3326; baseline 0.008 -25"><span class='ocrx_word' id='word_1_393' title='bbox 587 3249 788 3320; x_wconf 88' lang='lat' dir='ltr'><strong>prium,</strong></span> <span class='ocrx_word' id='word_1_394' title='bbox 825 3250 1054 3304; x_wconf 90' lang='lat' dir='ltr'><strong>alterum</strong></span> <span class='ocrx_word' id='word_1_395' title='bbox 1092 3252 1439 3321; x_wconf 85' lang='lat' dir='ltr'><strong>adoptivum:</strong></span> <span class='ocrx_word' id='word_1_396' title='bbox 1475 3255 1570 3309; x_wconf 80' lang='lat' dir='ltr'><strong>sed-</strong></span> <span class='ocrx_word' id='word_1_397' title='bbox 1611 3271 1821 3326; x_wconf 88' lang='lat' dir='ltr'><strong>sempcr</strong></span> <span class='ocrx_word' id='word_1_398' title='bbox 1871 3273 2038 3312; x_wconf 86' lang='lat' dir='ltr'><strong>unum</strong></span> <span class='ocrx_word' id='word_1_399' title='bbox 2079 3259 2172 3313; x_wconf 85' lang='lat' dir='ltr'><strong>Fi-</strong></span> 
     </span>
    </p>
   </div>
   <div class='ocr_carea' id='block_1_49' title="bbox 581 3339 2171 3415">
    <p class='ocr_par' dir='ltr' id='par_1_49' title="bbox 581 3339 2171 3415">
     <span class='ocr_line' id='line_1_49' title="bbox 581 3339 2171 3415; baseline 0.006 -20"><span class='ocrx_word' id='word_1_400' title='bbox 581 3339 715 3395; x_wconf 66' lang='lat' dir='ltr'><strong>ium</strong></span> <span class='ocrx_word' id='word_1_401' title='bbox 736 3344 1012 3414; x_wconf 85' lang='lat' dir='ltr'><strong>proprium</strong></span> <span class='ocrx_word' id='word_1_402' title='bbox 1036 3343 1130 3397; x_wconf 91' lang='lat' dir='ltr'><strong>Dei</strong></span> <span class='ocrx_word' id='word_1_403' title='bbox 1155 3343 1351 3409; x_wconf 82' lang='lat' dir='ltr'><strong>Patris,</strong></span> <span class='ocrx_word' id='word_1_404' title='bbox 1381 3346 1733 3415; x_wconf 81' lang='lat' dir='ltr'><strong>eamdemque</strong></span> <span class='ocrx_word' id='word_1_405' title='bbox 1762 3347 1931 3402; x_wconf 88' lang='lat' dir='ltr'><strong>Deum</strong></span> <span class='ocrx_word' id='word_1_406' title='bbox 1959 3364 2171 3413; x_wconf 88' lang='lat' dir='ltr'><strong>verum,</strong></span> 
     </span>
    </p>
   </div>
   <div class='ocr_carea' id='block_1_50' title="bbox 586 3433 2174 3507">
    <p class='ocr_par' dir='ltr' id='par_1_50' title="bbox 586 3433 2174 3507">
     <span class='ocr_line' id='line_1_50' title="bbox 586 3433 2174 3507; baseline 0.008 -22"><span class='ocrx_word' id='word_1_407' title='bbox 586 3433 725 3485; x_wconf 89' lang='lat' dir='ltr'><strong>sicut</strong></span> <span class='ocrx_word' id='word_1_408' title='bbox 759 3433 810 3486; x_wconf 93' lang='lat' dir='ltr'><strong>in</strong></span> <span class='ocrx_word' id='word_1_409' title='bbox 843 3434 1188 3502; x_wconf 88' lang='lat' dir='ltr'><strong>sequentibus</strong></span> <span class='ocrx_word' id='word_1_410' title='bbox 1225 3436 1548 3505; x_wconf 79' lang='lat' dir='ltr'><strong>evangelieis</strong></span> <span class='ocrx_word' id='word_1_411' title='bbox 1591 3437 1673 3490; x_wconf 86' lang='lat' dir='ltr'><strong>vel</strong></span> <span class='ocrx_word' id='word_1_412' title='bbox 1722 3439 2030 3507; x_wconf 86' lang='lat' dir='ltr'><strong>apostolicis</strong></span> <span class='ocrx_word' id='word_1_413' title='bbox 2078 3441 2174 3496; x_wconf 91' lang='lat' dir='ltr'><strong>do-</strong></span> 
     </span>
    </p>
   </div>
   <div class='ocr_carea' id='block_1_51' title="bbox 587 3523 2172 3593">
    <p class='ocr_par' dir='ltr' id='par_1_51' title="bbox 587 3523 2172 3593">
     <span class='ocr_line' id='line_1_51' title="bbox 587 3523 2172 3593; baseline 0.005 -17"><span class='ocrx_word' id='word_1_414' title='bbox 587 3523 797 3587; x_wconf 86' lang='lat' dir='ltr'><strong>ctrinis,</strong></span> <span class='ocrx_word' id='word_1_415' title='bbox 841 3525 951 3578; x_wconf 89' lang='lat' dir='ltr'><strong>sive</strong></span> <span class='ocrx_word' id='word_1_416' title='bbox 982 3533 1288 3579; x_wconf 89' lang='lat' dir='ltr'><strong>sanctorum</strong></span> <span class='ocrx_word' id='word_1_417' title='bbox 1336 3525 1556 3579; x_wconf 80' lang='lat' dir='ltr'><strong>Patrum</strong></span> <span class='ocrx_word' id='word_1_418' title='bbox 1605 3528 1944 3593; x_wconf 86' lang='lat' dir='ltr'><strong>testimoniis,</strong></span> <span class='ocrx_word' id='word_1_419' title='bbox 1993 3530 2172 3584; x_wconf 89' lang='lat' dir='ltr'><strong>divina</strong></span> 
     </span>
    </p>
   </div>
   <div class='ocr_carea' id='block_1_52' title="bbox 586 3617 2170 3688">
    <p class='ocr_par' dir='ltr' id='par_1_52' title="bbox 586 3617 2170 3688">
     <span class='ocr_line' id='line_1_52' title="bbox 586 3617 2170 3688; baseline 0.004 -19"><span class='ocrx_word' id='word_1_420' title='bbox 586 3617 880 3685; x_wconf 89' lang='lat' dir='ltr'><strong>opitulante</strong></span> <span class='ocrx_word' id='word_1_421' title='bbox 927 3619 1122 3688; x_wconf 86' lang='lat' dir='ltr'><strong>gratia,</strong></span> <span class='ocrx_word' id='word_1_422' title='bbox 1175 3619 1405 3687; x_wconf 88' lang='lat' dir='ltr'><strong>probare</strong></span> <span class='ocrx_word' id='word_1_423' title='bbox 1455 3621 1787 3676; x_wconf 82' lang='lat' dir='ltr'><strong>curabimus.</strong></span> <span class='ocrx_word' id='word_1_424' title='bbox 1845 3620 1957 3675; x_wconf 84' lang='lat' dir='ltr'><strong>Non</strong></span> <span class='ocrx_word' id='word_1_425' title='bbox 2003 3623 2170 3687; x_wconf 91' lang='lat' dir='ltr'><strong>enim,</strong></span> 
     </span>
    </p>
   </div>
   <div class='ocr_carea' id='block_1_53' title="bbox 587 3707 2173 3780">
    <p class='ocr_par' dir='ltr' id='par_1_53' title="bbox 587 3707 2173 3780">
     <span class='ocr_line' id='line_1_53' title="bbox 587 3707 2173 3780; baseline 0.006 -21"><span class='ocrx_word' id='word_1_426' title='bbox 587 3707 750 3761; x_wconf 90' lang='lat' dir='ltr'><strong>veluti</strong></span> <span class='ocrx_word' id='word_1_427' title='bbox 774 3721 870 3762; x_wconf 90' lang='lat' dir='ltr'><strong>vos</strong></span> <span class='ocrx_word' id='word_1_428' title='bbox 893 3709 1090 3772; x_wconf 88' lang='lat' dir='ltr'><strong>dicitis,</strong></span> <span class='ocrx_word' id='word_1_429' title='bbox 1125 3710 1498 3764; x_wconf 71' lang='lat' dir='ltr'><strong>transierimus</strong></span> <span class='ocrx_word' id='word_1_430' title='bbox 1530 3712 1754 3780; x_wconf 83' lang='lat' dir='ltr'><strong>lapides,</strong></span> <span class='ocrx_word' id='word_1_431' title='bbox 1782 3713 1833 3766; x_wconf 90' lang='lat' dir='ltr'><strong>id</strong></span> <span class='ocrx_word' id='word_1_432' title='bbox 1863 3723 1966 3779; x_wconf 87' lang='lat' dir='ltr'><strong>est,</strong></span> <span class='ocrx_word' id='word_1_433' title='bbox 1989 3715 2173 3770; x_wconf 88' lang='lat' dir='ltr'><strong>catho-</strong></span> 
     </span>
    </p>
   </div>
   <div class='ocr_carea' id='block_1_54' title="bbox 589 3797 2171 3867">
    <p class='ocr_par' dir='ltr' id='par_1_54' title="bbox 589 3797 2171 3867">
     <span class='ocr_line' id='line_1_54' title="bbox 589 3797 2171 3867; baseline 0.005 -17"><span class='ocrx_word' id='word_1_434' title='bbox 589 3797 718 3852; x_wconf 89' lang='lat' dir='ltr'><strong>licos</strong></span> <span class='ocrx_word' id='word_1_435' title='bbox 760 3813 949 3854; x_wconf 89' lang='lat' dir='ltr'><strong>sensus</strong></span> <span class='ocrx_word' id='word_1_436' title='bbox 989 3800 1054 3854; x_wconf 90' lang='lat' dir='ltr'><strong>de</strong></span> <span class='ocrx_word' id='word_1_437' title='bbox 1095 3801 1386 3857; x_wconf 88' lang='lat' dir='ltr'><strong>stabilitate</strong></span> <span class='ocrx_word' id='word_1_438' title='bbox 1429 3801 1520 3856; x_wconf 88' lang='lat' dir='ltr'><strong>Dei</strong></span> <span class='ocrx_word' id='word_1_439' title='bbox 1561 3803 1836 3867; x_wconf 59' lang='lat' dir='ltr'><strong>Ecclesia),</strong></span> <span class='ocrx_word' id='word_1_440' title='bbox 1876 3805 1969 3860; x_wconf 83' lang='lat' dir='ltr'><strong>sed</strong></span> <span class='ocrx_word' id='word_1_441' title='bbox 2023 3805 2171 3859; x_wconf 91' lang='lat' dir='ltr'><strong>illum</strong></span> 
     </span>
    </p>
   </div>
   <div class='ocr_carea' id='block_1_55' title="bbox 586 3887 2172 3962">
    <p class='ocr_par' dir='ltr' id='par_1_55' title="bbox 586 3887 2172 3962">
     <span class='ocr_line' id='line_1_55' title="bbox 586 3887 2172 3962; baseline 0.003 -20"><span class='ocrx_word' id='word_1_442' title='bbox 586 3887 832 3957; x_wconf 76' lang='lat' dir='ltr'><strong>eligimus</strong></span> <span class='ocrx_word' id='word_1_443' title='bbox 859 3888 1085 3960; x_wconf 80' lang='lat' dir='ltr'><strong>lapidem</strong></span> <span class='ocrx_word' id='word_1_444' title='bbox 1115 3893 1228 3961; x_wconf 90' lang='lat' dir='ltr'><strong>qui,</strong></span> <span class='ocrx_word' id='word_1_445' title='bbox 1263 3893 1520 3962; x_wconf 69' lang='lat' dir='ltr'><strong>praecisus</strong></span> <span class='ocrx_word' id='word_1_446' title='bbox 1550 3893 1614 3947; x_wconf 89' lang='lat' dir='ltr'><strong>de</strong></span> <span class='ocrx_word' id='word_1_447' title='bbox 1642 3903 1822 3948; x_wconf 90' lang='lat' dir='ltr'><strong>monte</strong></span> <span class='ocrx_word' id='word_1_448' title='bbox 1857 3895 1972 3949; x_wconf 88' lang='lat' dir='ltr'><strong>sine</strong></span> <span class='ocrx_word' id='word_1_449' title='bbox 2002 3895 2172 3948; x_wconf 90' lang='lat' dir='ltr'><strong>mani-</strong></span> 
     </span>
    </p>
   </div>
   <div class='ocr_carea' id='block_1_56' title="bbox 588 3979 2172 4052">
    <p class='ocr_par' dir='ltr' id='par_1_56' title="bbox 588 3979 2172 4052">
     <span class='ocr_line' id='line_1_56' title="bbox 588 3979 2172 4052; baseline 0.002 -19"><span class='ocrx_word' id='word_1_450' title='bbox 588 3979 706 4044; x_wconf 89' lang='lat' dir='ltr'><strong>bus,</strong></span> <span class='ocrx_word' id='word_1_451' title='bbox 744 3980 981 4049; x_wconf 85' lang='lat' dir='ltr'><strong>implevit</strong></span> <span class='ocrx_word' id='word_1_452' title='bbox 1008 3982 1194 4036; x_wconf 90' lang='lat' dir='ltr'><strong>orbem</strong></span> <span class='ocrx_word' id='word_1_453' title='bbox 1228 3991 1492 4036; x_wconf 89' lang='lat' dir='ltr'><strong>terrarum</strong></span> <span class='ocrx_word' id='word_1_454' title='bbox 1521 3996 1534 4036; x_wconf 89' lang='lat'><strong>:</strong></span> <span class='ocrx_word' id='word_1_455' title='bbox 1574 3999 1735 4052; x_wconf 84' lang='lat' dir='ltr'><strong>super</strong></span> <span class='ocrx_word' id='word_1_456' title='bbox 1775 3983 1916 4037; x_wconf 83' lang='grc' dir='ltr'>ιιιιιιε</span> <span class='ocrx_word' id='word_1_457' title='bbox 1941 3982 2172 4037; x_wconf 81' lang='lat' dir='ltr'><strong>:ediﬁca-</strong></span> 
     </span>
    </p>
   </div>
   <div class='ocr_carea' id='block_1_57' title="bbox 587 4073 2172 4143">
    <p class='ocr_par' dir='ltr' id='par_1_57' title="bbox 587 4073 2172 4143">
     <span class='ocr_line' id='line_1_57' title="bbox 587 4073 2172 4143; baseline 0.004 -19"><span class='ocrx_word' id='word_1_458' title='bbox 587 4083 728 4134; x_wconf 90' lang='lat' dir='ltr'><strong>mus,</strong></span> <span class='ocrx_word' id='word_1_459' title='bbox 756 4079 810 4124; x_wconf 88' lang='lat' dir='ltr'><strong>ct</strong></span> <span class='ocrx_word' id='word_1_460' title='bbox 833 4073 1142 4141; x_wconf 77' lang='lat' dir='ltr'><strong>angularem</strong></span> <span class='ocrx_word' id='word_1_461' title='bbox 1171 4075 1418 4143; x_wconf 87' lang='lat' dir='ltr'><strong>ponimus</strong></span> <span class='ocrx_word' id='word_1_462' title='bbox 1449 4075 1500 4127; x_wconf 93' lang='lat' dir='ltr'><strong>in</strong></span> <span class='ocrx_word' id='word_1_463' title='bbox 1535 4075 1862 4128; x_wconf 84' lang='lat' dir='ltr'><strong>sublimitate</strong></span> <span class='ocrx_word' id='word_1_464' title='bbox 1890 4084 2172 4132; x_wconf 65' lang='lat' dir='ltr'><strong>structura:</strong></span> 
     </span>
    </p>
   </div>
   <div class='ocr_carea' id='block_1_58' title="bbox 585 4165 2168 4239">
    <p class='ocr_par' dir='ltr' id='par_1_58' title="bbox 585 4165 2168 4239">
     <span class='ocr_line' id='line_1_58' title="bbox 585 4165 2168 4239; baseline 0.004 -24"><span class='ocrx_word' id='word_1_465' title='bbox 585 4169 785 4216; x_wconf 64' lang='lat' dir='ltr'><strong>nostra:</strong></span> <span class='ocrx_word' id='word_1_466' title='bbox 817 4178 828 4214; x_wconf 85' lang='lat'><strong>:</strong></span> <span class='ocrx_word' id='word_1_467' title='bbox 858 4179 1016 4232; x_wconf 85' lang='lat' dir='ltr'><strong>quem</strong></span> <span class='ocrx_word' id='word_1_468' title='bbox 1048 4174 1227 4218; x_wconf 88' lang='lat' dir='ltr'><strong>vestra</strong></span> <span class='ocrx_word' id='word_1_469' title='bbox 1273 4166 1548 4220; x_wconf 88' lang='lat' dir='ltr'><strong>temeritas</strong></span> <span class='ocrx_word' id='word_1_470' title='bbox 1585 4181 1705 4220; x_wconf 90' lang='lat' dir='ltr'><strong>cum</strong></span> <span class='ocrx_word' id='word_1_471' title='bbox 1741 4165 1938 4221; x_wconf 65' lang='lat' dir='ltr'><strong>Judaris</strong></span> <span class='ocrx_word' id='word_1_472' title='bbox 1982 4182 2168 4239; x_wconf 86' lang='lat' dir='ltr'><strong>repro—</strong></span> 
     </span>
    </p>
   </div>
   <div class='ocr_carea' id='block_1_59' title="bbox 586 4251 2170 4327">
    <p class='ocr_par' dir='ltr' id='par_1_59' title="bbox 586 4251 2170 4327">
     <span class='ocr_line' id='line_1_59' title="bbox 586 4251 2170 4327; baseline 0.005 -20"><span class='ocrx_word' id='word_1_473' title='bbox 586 4251 700 4318; x_wconf 88' lang='lat' dir='ltr'><strong>bat,</strong></span> <span class='ocrx_word' id='word_1_474' title='bbox 727 4256 980 4322; x_wconf 86' lang='lat' dir='ltr'><strong>potestati</strong></span> <span class='ocrx_word' id='word_1_475' title='bbox 1013 4255 1154 4310; x_wconf 87' lang='lat' dir='ltr'><strong>iilius</strong></span> <span class='ocrx_word' id='word_1_476' title='bbox 1199 4255 1542 4327; x_wconf 81' lang='lat' dir='ltr'><strong>derogantes,</strong></span> <span class='ocrx_word' id='word_1_477' title='bbox 1574 4259 1814 4314; x_wconf 82' lang='lat' dir='ltr'><strong>nolentes</strong></span> <span class='ocrx_word' id='word_1_478' title='bbox 1853 4259 2047 4315; x_wconf 82' lang='lat' dir='ltr'><strong>cadere</strong></span> <span class='ocrx_word' id='word_1_479' title='bbox 2076 4277 2170 4315; x_wconf 89' lang='lat' dir='ltr'><strong>su-</strong></span> 
     </span>
    </p>
   </div>
   <div class='ocr_carea' id='block_1_60' title="bbox 586 4345 2172 4417">
    <p class='ocr_par' dir='ltr' id='par_1_60' title="bbox 586 4345 2172 4417">
     <span class='ocr_line' id='line_1_60' title="bbox 586 4345 2172 4417; baseline 0.004 -18"><span class='ocrx_word' id='word_1_480' title='bbox 586 4359 686 4417; x_wconf 85' lang='lat' dir='ltr'><strong>per</strong></span> <span class='ocrx_word' id='word_1_481' title='bbox 716 4345 885 4410; x_wconf 72' lang='grc' dir='ltr'>ιιιωι,</span> <span class='ocrx_word' id='word_1_482' title='bbox 916 4354 978 4399; x_wconf 89' lang='grc' dir='ltr'><strong>ιιι</strong></span> <span class='ocrx_word' id='word_1_483' title='bbox 1001 4347 1308 4416; x_wconf 73' lang='lat' dir='ltr'><strong>confringat</strong></span> <span class='ocrx_word' id='word_1_484' title='bbox 1343 4350 1594 4402; x_wconf 86' lang='lat' dir='ltr'><strong>duritiam</strong></span> <span class='ocrx_word' id='word_1_485' title='bbox 1635 4352 1814 4404; x_wconf 83' lang='lat' dir='ltr'><strong>cordis</strong></span> <span class='ocrx_word' id='word_1_486' title='bbox 1842 4351 2006 4406; x_wconf 88' lang='lat' dir='ltr'><strong>vestri</strong></span> <span class='ocrx_word' id='word_1_487' title='bbox 2033 4370 2045 4404; x_wconf 92' lang='lat'><strong>:</strong></span> <span class='ocrx_word' id='word_1_488' title='bbox 2077 4352 2172 4406; x_wconf 88' lang='lat' dir='ltr'><strong>sed</strong></span> 
     </span>
    </p>
   </div>
   <div class='ocr_carea' id='block_1_61' title="bbox 585 4438 2244 4533">
    <p class='ocr_par' dir='ltr' id='par_1_61' title="bbox 585 4438 2244 4533">
     <span class='ocr_line' id='line_1_61' title="bbox 585 4438 2244 4533; baseline 0.004 -41"><span class='ocrx_word' id='word_1_489' title='bbox 585 4438 931 4507; x_wconf 76' lang='lat' dir='ltr'><strong>exspectatis,</strong></span> <span class='ocrx_word' id='word_1_490' title='bbox 955 4439 1125 4494; x_wconf 86' lang='lat' dir='ltr'><strong>donec</strong></span> <span class='ocrx_word' id='word_1_491' title='bbox 1153 4440 1314 4494; x_wconf 80' lang='lat' dir='ltr'><strong>cadat</strong></span> <span class='ocrx_word' id='word_1_492' title='bbox 1339 4455 1500 4510; x_wconf 82' lang='lat' dir='ltr'><strong>super</strong></span> <span class='ocrx_word' id='word_1_493' title='bbox 1526 4457 1618 4495; x_wconf 85' lang='lat' dir='ltr'><strong>vos</strong></span> <span class='ocrx_word' id='word_1_494' title='bbox 1646 4444 1696 4496; x_wconf 88' lang='lat' dir='ltr'><strong>in</strong></span> <span class='ocrx_word' id='word_1_495' title='bbox 1720 4443 1942 4512; x_wconf 81' lang='lat' dir='ltr'><strong>judicio,</strong></span> <span class='ocrx_word' id='word_1_496' title='bbox 1961 4453 2016 4497; x_wconf 88' lang='lat' dir='ltr'><strong>et</strong></span> <span class='ocrx_word' id='word_1_497' title='bbox 2034 4459 2166 4500; x_wconf 89' lang='lat' dir='ltr'><strong>con-</strong></span> <span class='ocrx_word' id='word_1_498' title='bbox 2195 4474 2244 4533; x_wconf 69' lang='grc' dir='ltr'><strong>ι)</strong></span> 
     </span>
    </p>
   </div>
   <div class='ocr_carea' id='block_1_62' title="bbox 487 4529 2165 4588">
    <p class='ocr_par' dir='ltr' id='par_1_62' title="bbox 487 4529 2165 4588">
     <span class='ocr_line' id='line_1_62' title="bbox 487 4529 2165 4588; baseline 0.002 -4"><span class='ocrx_word' id='word_1_499' title='bbox 487 4585 489 4588; x_wconf 78' lang='grc'><strong>,</strong></span> <span class='ocrx_word' id='word_1_500' title='bbox 587 4536 728 4584; x_wconf 74' lang='lat' dir='ltr'><strong>terat</strong></span> <span class='ocrx_word' id='word_1_501' title='bbox 776 4529 1057 4584; x_wconf 76' lang='lat' dir='ltr'><strong>audaciam</strong></span> <span class='ocrx_word' id='word_1_502' title='bbox 1107 4538 1362 4585; x_wconf 86' lang='lat' dir='ltr'><strong>vestram.</strong></span> <span class='ocrx_word' id='word_1_503' title='bbox 1422 4530 1646 4586; x_wconf 76' lang='lat' dir='ltr'><strong>Dixistis</strong></span> <span class='ocrx_word' id='word_1_504' title='bbox 1694 4535 1942 4587; x_wconf 81' lang='lat' dir='ltr'><strong>veritatis</strong></span> <span class='ocrx_word' id='word_1_505' title='bbox 1991 4549 2165 4588; x_wconf 86' lang='lat' dir='ltr'><strong>voce:</strong></span> 
     </span>
    </p>
   </div>
   <div class='ocr_carea' id='block_1_63' title="bbox 589 4617 2169 4693">
    <p class='ocr_par' dir='ltr' id='par_1_63' title="bbox 589 4617 2169 4693">
     <span class='ocr_line' id='line_1_63' title="bbox 589 4617 2169 4693; baseline 0.005 -21"><span class='ocrx_word' id='word_1_506' title='bbox 589 4617 810 4673; x_wconf 74' lang='lat' dir='ltr'><strong>Necesse</strong></span> <span class='ocrx_word' id='word_1_507' title='bbox 833 4631 909 4673; x_wconf 77' lang='lat' dir='ltr'><strong>est</strong></span> <span class='ocrx_word' id='word_1_508' title='bbox 935 4629 989 4673; x_wconf 84' lang='lat' dir='ltr'><strong>ut</strong></span> <span class='ocrx_word' id='word_1_509' title='bbox 1018 4619 1272 4674; x_wconf 77' lang='lat' dir='ltr'><strong>scandala</strong></span> <span class='ocrx_word' id='word_1_510' title='bbox 1294 4623 1520 4686; x_wconf 71' lang='lat' dir='ltr'><strong>ueniant,</strong></span> <span class='ocrx_word' id='word_1_511' title='bbox 1543 4633 1600 4677; x_wconf 88' lang='lat' dir='ltr'><strong>et</strong></span> <span class='ocrx_word' id='word_1_512' title='bbox 1622 4624 1870 4678; x_wconf 83' lang='lat' dir='ltr'><strong>tacuistis</strong></span> <span class='ocrx_word' id='word_1_513' title='bbox 1892 4626 2169 4693; x_wconf 75' lang='lat' dir='ltr'><strong>sequentia</strong></span> 
     </span>
    </p>
   </div>
   <div class='ocr_carea' id='block_1_64' title="bbox 586 4709 2170 4787">
    <p class='ocr_par' dir='ltr' id='par_1_64' title="bbox 586 4709 2170 4787">
     <span class='ocr_line' id='line_1_64' title="bbox 586 4709 2170 4787; baseline 0.004 -22"><span class='ocrx_word' id='word_1_514' title='bbox 586 4709 736 4765; x_wconf 67' lang='lat' dir='ltr'><strong>illius</strong></span> <span class='ocrx_word' id='word_1_515' title='bbox 756 4713 1036 4767; x_wconf 59' lang='lat' dir='ltr'><strong>sententiae</strong></span> <span class='ocrx_word' id='word_1_516' title='bbox 1065 4731 1077 4765; x_wconf 90' lang='lat'><strong>:</strong></span> <span class='ocrx_word' id='word_1_517' title='bbox 1108 4731 1184 4767; x_wconf 75' lang='lat' dir='ltr'><strong>ou:</strong></span> <span class='ocrx_word' id='word_1_518' title='bbox 1206 4724 1379 4769; x_wconf 81' lang='lat' dir='ltr'><strong>tamen</strong></span> <span class='ocrx_word' id='word_1_519' title='bbox 1404 4717 1604 4770; x_wconf 80' lang='lat' dir='ltr'><strong>homini</strong></span> <span class='ocrx_word' id='word_1_520' title='bbox 1629 4733 1722 4787; x_wconf 82' lang='lat' dir='ltr'><strong>per</strong></span> <span class='ocrx_word' id='word_1_521' title='bbox 1738 4733 1890 4786; x_wconf 80' lang='lat' dir='ltr'><strong>quem</strong></span> <span class='ocrx_word' id='word_1_522' title='bbox 1916 4717 2170 4772; x_wconf 76' lang='lat' dir='ltr'><strong>scandala</strong></span> 
     </span>
    </p>
   </div>
   <div class='ocr_carea' id='block_1_65' title="bbox 586 4804 2168 4880">
    <p class='ocr_par' dir='ltr' id='par_1_65' title="bbox 586 4804 2168 4880">
     <span class='ocr_line' id='line_1_65' title="bbox 586 4804 2168 4880; baseline 0.003 -20"><span class='ocrx_word' id='word_1_523' title='bbox 586 4805 792 4860; x_wconf 70' lang='lat' dir='ltr'><strong>veniunt</strong></span> <span class='ocrx_word' id='word_1_524' title='bbox 827 4804 1041 4875; x_wconf 71' lang='lat' dir='ltr'><strong>(Hatria.</strong></span> <span class='ocrx_word' id='word_1_525' title='bbox 1087 4820 1245 4872; x_wconf 80' lang='lat' dir='ltr'><strong>xvul,</strong></span> <span class='ocrx_word' id='word_1_526' title='bbox 1278 4806 1353 4879; x_wconf 84' lang='lat'><strong>7).</strong></span> <span class='ocrx_word' id='word_1_527' title='bbox 1387 4808 1598 4862; x_wconf 68' lang='lat' dir='ltr'><strong>Timent</strong></span> <span class='ocrx_word' id='word_1_528' title='bbox 1638 4809 1739 4863; x_wconf 87' lang='lat' dir='ltr'><strong>sibi</strong></span> <span class='ocrx_word' id='word_1_529' title='bbox 1779 4811 2168 4880; x_wconf 78' lang='lat' dir='ltr'><strong>unusquisque,</strong></span> 
     </span>
    </p>
   </div>
   <div class='ocr_carea' id='block_1_66' title="bbox 587 4897 2172 4982">
    <p class='ocr_par' dir='ltr' id='par_1_66' title="bbox 587 4897 2172 4982">
     <span class='ocr_line' id='line_1_66' title="bbox 587 4897 2172 4982; baseline 0.005 -33"><span class='ocrx_word' id='word_1_530' title='bbox 587 4909 660 4949; x_wconf 78' lang='lat' dir='ltr'><strong>ne</strong></span> <span class='ocrx_word' id='word_1_531' title='bbox 681 4907 782 4964; x_wconf 84' lang='lat' dir='ltr'><strong>per</strong></span> <span class='ocrx_word' id='word_1_532' title='bbox 806 4911 870 4950; x_wconf 86' lang='lat' dir='ltr'><strong>se</strong></span> <span class='ocrx_word' id='word_1_533' title='bbox 889 4897 1142 4951; x_wconf 78' lang='lat' dir='ltr'><strong>scandala</strong></span> <span class='ocrx_word' id='word_1_534' title='bbox 1169 4899 1517 4954; x_wconf 83' lang='lat' dir='ltr'><strong>dissensionis</strong></span> <span class='ocrx_word' id='word_1_535' title='bbox 1537 4908 1592 4982; x_wconf 64' lang='lat' dir='ltr'><strong>et</strong></span> <span class='ocrx_word' id='word_1_536' title='bbox 1616 4901 1948 4955; x_wconf 80' lang='lat' dir='ltr'><strong>schismatici</strong></span> <span class='ocrx_word' id='word_1_537' title='bbox 1969 4902 2172 4957; x_wconf 88' lang='lat' dir='ltr'><strong>erroris</strong></span> 
     </span>
    </p>
   </div>
   <div class='ocr_carea' id='block_1_67' title="bbox 584 4988 2171 5062">
    <p class='ocr_par' dir='ltr' id='par_1_67' title="bbox 584 4988 2171 5062">
     <span class='ocr_line' id='line_1_67' title="bbox 584 4988 2171 5062; baseline 0.004 -18"><span class='ocrx_word' id='word_1_538' title='bbox 584 4988 850 5044; x_wconf 73' lang='lat' dir='ltr'><strong>oriantur.</strong></span> <span class='ocrx_word' id='word_1_539' title='bbox 881 4988 937 5043; x_wconf 87' lang='lat' dir='ltr'><strong>In</strong></span> <span class='ocrx_word' id='word_1_540' title='bbox 963 4991 1144 5060; x_wconf 82' lang='lat' dir='ltr'><strong>quiete</strong></span> <span class='ocrx_word' id='word_1_541' title='bbox 1169 5001 1224 5046; x_wconf 91' lang='lat' dir='ltr'><strong>et</strong></span> <span class='ocrx_word' id='word_1_542' title='bbox 1249 5007 1386 5062; x_wconf 82' lang='lat' dir='ltr'><strong>paco</strong></span> <span class='ocrx_word' id='word_1_543' title='bbox 1403 4994 1736 5062; x_wconf 84' lang='lat' dir='ltr'><strong>temporibus</strong></span> <span class='ocrx_word' id='word_1_544' title='bbox 1759 4996 1962 5050; x_wconf 87' lang='lat' dir='ltr'><strong>nostris</strong></span> <span class='ocrx_word' id='word_1_545' title='bbox 1983 5003 2171 5050; x_wconf 85' lang='lat' dir='ltr'><strong>sancta</strong></span> 
     </span>
    </p>
   </div>
   <div class='ocr_carea' id='block_1_68' title="bbox 585 5077 2169 5153">
    <p class='ocr_par' dir='ltr' id='par_1_68' title="bbox 585 5077 2169 5153">
     <span class='ocr_line' id='line_1_68' title="bbox 585 5077 2169 5153; baseline 0.008 -18"><span class='ocrx_word' id='word_1_546' title='bbox 585 5077 682 5136; x_wconf 79' lang='lat' dir='ltr'><strong>Dei</strong></span> <span class='ocrx_word' id='word_1_547' title='bbox 711 5081 1082 5150; x_wconf 76' lang='lat' dir='ltr'><strong>requienoebat</strong></span> <span class='ocrx_word' id='word_1_548' title='bbox 1109 5083 1374 5148; x_wconf 76' lang='lat' dir='ltr'><strong>Ecclesia,</strong></span> <span class='ocrx_word' id='word_1_549' title='bbox 1401 5083 1573 5140; x_wconf 74' lang='lat' dir='ltr'><strong>donec</strong></span> <span class='ocrx_word' id='word_1_550' title='bbox 1605 5099 1704 5141; x_wconf 91' lang='lat' dir='ltr'><strong>vos</strong></span> <span class='ocrx_word' id='word_1_551' title='bbox 1727 5101 1848 5140; x_wconf 86' lang='lat' dir='ltr'><strong>eam</strong></span> <span class='ocrx_word' id='word_1_552' title='bbox 1892 5088 2169 5153; x_wconf 74' lang='lat' dir='ltr'><strong>turbastis,</strong></span> 
     </span>
    </p>
   </div>
   <div class='ocr_carea' id='block_1_69' title="bbox 583 5171 2173 5244">
    <p class='ocr_par' dir='ltr' id='par_1_69' title="bbox 583 5171 2173 5244">
     <span class='ocr_line' id='line_1_69' title="bbox 583 5171 2173 5244; baseline 0.005 -17"><span class='ocrx_word' id='word_1_553' title='bbox 583 5181 639 5227; x_wconf 75' lang='lat' dir='ltr'><strong>et</strong></span> <span class='ocrx_word' id='word_1_554' title='bbox 661 5171 876 5228; x_wconf 66' lang='lat' dir='ltr'><strong>illum</strong></span> <span class='ocrx_word' id='word_1_555' title='bbox 902 5175 1144 5239; x_wconf 65' lang='lat' dir='ltr'><strong>malum,</strong></span> <span class='ocrx_word' id='word_1_556' title='bbox 1165 5175 1320 5244; x_wconf 72' lang='lat' dir='ltr'><strong>juxta</strong></span> <span class='ocrx_word' id='word_1_557' title='bbox 1346 5185 1584 5232; x_wconf 81' lang='lat' dir='ltr'><strong>vestram</strong></span> <span class='ocrx_word' id='word_1_558' title='bbox 1610 5180 1954 5243; x_wconf 85' lang='lat' dir='ltr'><strong>sententiam,</strong></span> <span class='ocrx_word' id='word_1_559' title='bbox 1987 5180 2173 5235; x_wconf 84' lang='lat' dir='ltr'><strong>decre-</strong></span> 
     </span>
    </p>
   </div>
   <div class='ocr_carea' id='block_1_70' title="bbox 583 5264 2172 5339">
    <p class='ocr_par' dir='ltr' id='par_1_70' title="bbox 583 5264 2172 5339">
     <span class='ocr_line' id='line_1_70' title="bbox 583 5264 2172 5339; baseline 0.004 -19"><span class='ocrx_word' id='word_1_560' title='bbox 583 5279 746 5320; x_wconf 79' lang='lat' dir='ltr'><strong>scere</strong></span> <span class='ocrx_word' id='word_1_561' title='bbox 765 5264 912 5320; x_wconf 75' lang='lat' dir='ltr'><strong>illam</strong></span> <span class='ocrx_word' id='word_1_562' title='bbox 938 5265 1162 5322; x_wconf 84' lang='lat' dir='ltr'><strong>fecistis.</strong></span> <span class='ocrx_word' id='word_1_563' title='bbox 1189 5267 1388 5321; x_wconf 80' lang='lat' dir='ltr'><strong>Nostra</strong></span> <span class='ocrx_word' id='word_1_564' title='bbox 1404 5281 1532 5322; x_wconf 85' lang='lat' dir='ltr'><strong>vero</strong></span> <span class='ocrx_word' id='word_1_565' title='bbox 1563 5271 1892 5324; x_wconf 87' lang='lat' dir='ltr'><strong>unanimitas</strong></span> <span class='ocrx_word' id='word_1_566' title='bbox 1911 5279 2172 5339; x_wconf 66' lang='lat' dir='ltr'><strong>malum</strong></span> 
     </span>
    </p>
   </div>
   <div class='ocr_carea' id='block_1_71' title="bbox 586 5355 2176 5429">
    <p class='ocr_par' dir='ltr' id='par_1_71' title="bbox 586 5355 2176 5429">
     <span class='ocr_line' id='line_1_71' title="bbox 586 5355 2176 5429; baseline 0.006 -19"><span class='ocrx_word' id='word_1_567' title='bbox 586 5355 752 5420; x_wconf 77' lang='lat' dir='ltr'><strong>valet,</strong></span> <span class='ocrx_word' id='word_1_568' title='bbox 777 5367 836 5411; x_wconf 83' lang='lat' dir='ltr'><strong>et</strong></span> <span class='ocrx_word' id='word_1_569' title='bbox 859 5355 954 5412; x_wconf 87' lang='lat' dir='ltr'><strong>Dei</strong></span> <span class='ocrx_word' id='word_1_570' title='bbox 991 5371 1090 5413; x_wconf 81' lang='lat' dir='ltr'><strong>nos</strong></span> <span class='ocrx_word' id='word_1_571' title='bbox 1117 5357 1332 5426; x_wconf 80' lang='lat' dir='ltr'><strong>adjuvat</strong></span> <span class='ocrx_word' id='word_1_572' title='bbox 1368 5360 1564 5429; x_wconf 79' lang='lat' dir='ltr'><strong>gratia,</strong></span> <span class='ocrx_word' id='word_1_573' title='bbox 1613 5361 1824 5415; x_wconf 84' lang='lat' dir='ltr'><strong>laborat</strong></span> <span class='ocrx_word' id='word_1_574' title='bbox 1863 5370 1922 5416; x_wconf 88' lang='lat' dir='ltr'><strong>ut</strong></span> <span class='ocrx_word' id='word_1_575' title='bbox 1964 5370 2176 5418; x_wconf 82' lang='lat' dir='ltr'><strong>crescat</strong></span> 
     </span>
    </p>
   </div>
   <div class='ocr_carea' id='block_1_72' title="bbox 583 5448 2175 5524">
    <p class='ocr_par' dir='ltr' id='par_1_72' title="bbox 583 5448 2175 5524">
     <span class='ocr_line' id='line_1_72' title="bbox 583 5448 2175 5524; baseline 0.005 -22"><span class='ocrx_word' id='word_1_576' title='bbox 583 5457 638 5502; x_wconf 85' lang='lat' dir='ltr'><strong>et</strong></span> <span class='ocrx_word' id='word_1_577' title='bbox 674 5449 925 5518; x_wconf 83' lang='lat' dir='ltr'><strong>proﬁciat</strong></span> <span class='ocrx_word' id='word_1_578' title='bbox 959 5450 1028 5505; x_wconf 90' lang='lat' dir='ltr'><strong>ad</strong></span> <span class='ocrx_word' id='word_1_579' title='bbox 1050 5448 1352 5520; x_wconf 76' lang='lat' dir='ltr'><strong>perfectum</strong></span> <span class='ocrx_word' id='word_1_580' title='bbox 1377 5453 1540 5517; x_wconf 87' lang='lat' dir='ltr'><strong>diem,</strong></span> <span class='ocrx_word' id='word_1_581' title='bbox 1575 5454 1640 5507; x_wconf 87' lang='lat' dir='ltr'><strong>de</strong></span> <span class='ocrx_word' id='word_1_582' title='bbox 1678 5470 1784 5524; x_wconf 88' lang='lat' dir='ltr'><strong>qua</strong></span> <span class='ocrx_word' id='word_1_583' title='bbox 1813 5455 1868 5508; x_wconf 90' lang='lat' dir='ltr'><strong>in</strong></span> <span class='ocrx_word' id='word_1_584' title='bbox 1903 5457 2175 5524; x_wconf 78' lang='lat' dir='ltr'><strong>sequenti-</strong></span> 
     </span>
    </p>
   </div>
   <div class='ocr_carea' id='block_1_73' title="bbox 584 5537 2175 5615">
    <p class='ocr_par' dir='ltr' id='par_1_73' title="bbox 584 5537 2175 5615">
     <span class='ocr_line' id='line_1_73' title="bbox 584 5537 2175 5615; baseline 0.008 -25"><span class='ocrx_word' id='word_1_585' title='bbox 584 5537 686 5591; x_wconf 79' lang='lat' dir='ltr'><strong>bus</strong></span> <span class='ocrx_word' id='word_1_586' title='bbox 727 5540 1028 5606; x_wconf 83' lang='lat' dir='ltr'><strong>addidistis,</strong></span> <span class='ocrx_word' id='word_1_587' title='bbox 1083 5541 1207 5595; x_wconf 89' lang='lat' dir='ltr'><strong>dum</strong></span> <span class='ocrx_word' id='word_1_588' title='bbox 1259 5542 1463 5597; x_wconf 86' lang='lat' dir='ltr'><strong>lunaris</strong></span> <span class='ocrx_word' id='word_1_589' title='bbox 1511 5543 1840 5612; x_wconf 82' lang='lat' dir='ltr'><strong>plenitudine</strong></span> <span class='ocrx_word' id='word_1_590' title='bbox 1873 5545 2175 5615; x_wconf 86' lang='lat' dir='ltr'><strong>splendoris</strong></span> 
     </span>
    </p>
   </div>
   <div class='ocr_carea' id='block_1_74' title="bbox 585 5631 1746 5700">
    <p class='ocr_par' dir='ltr' id='par_1_74' title="bbox 585 5631 1746 5700">
     <span class='ocr_line' id='line_1_74' title="bbox 585 5631 1746 5700; baseline 0.004 -16"><span class='ocrx_word' id='word_1_591' title='bbox 585 5633 1042 5700; x_wconf 79' lang='lat' dir='ltr'><strong>comparationem</strong></span> <span class='ocrx_word' id='word_1_592' title='bbox 1072 5631 1335 5687; x_wconf 82' lang='lat' dir='ltr'><strong>fecissetis</strong></span> <span class='ocrx_word' id='word_1_593' title='bbox 1361 5634 1434 5687; x_wconf 88' lang='lat' dir='ltr'><strong>ita</strong></span> <span class='ocrx_word' id='word_1_594' title='bbox 1468 5635 1708 5691; x_wconf 83' lang='lat' dir='ltr'><strong>dicentes</strong></span> <span class='ocrx_word' id='word_1_595' title='bbox 1734 5655 1746 5689; x_wconf 91' lang='lat'><strong>:</strong></span> 
     </span>
    </p>
   </div>
   <div class='ocr_carea' id='block_1_75' title="bbox 665 5720 2172 5798">
    <p class='ocr_par' dir='ltr' id='par_1_75' title="bbox 665 5720 2172 5798">
     <span class='ocr_line' id='line_1_75' title="bbox 665 5720 2172 5798; baseline 0.008 -24"><span class='ocrx_word' id='word_1_596' title='bbox 665 5720 723 5774; x_wconf 67' lang='grc' dir='ltr'><strong>Υ.</strong></span> <span class='ocrx_word' id='word_1_597' title='bbox 759 5739 780 5772; x_wconf 77' lang='grc' dir='ltr'><strong>ι</strong></span> <span class='ocrx_word' id='word_1_598' title='bbox 815 5721 1020 5778; x_wconf 76' lang='lat' dir='ltr'><strong>Sancta</strong></span> <span class='ocrx_word' id='word_1_599' title='bbox 1049 5724 1310 5790; x_wconf 76' lang='lat' dir='ltr'><strong>Ecclesia,</strong></span> <span class='ocrx_word' id='word_1_600' title='bbox 1348 5727 1392 5780; x_wconf 89' lang='lat' dir='ltr'><strong>si</strong></span> <span class='ocrx_word' id='word_1_601' title='bbox 1431 5729 1646 5794; x_wconf 72' lang='lat' dir='ltr'><strong>quando</strong></span> <span class='ocrx_word' id='word_1_602' title='bbox 1671 5731 1741 5794; x_wconf 88' lang='lat' dir='ltr'><strong>ei,</strong></span> <span class='ocrx_word' id='word_1_603' title='bbox 1775 5729 1952 5784; x_wconf 86' lang='lat' dir='ltr'><strong>divina</strong></span> <span class='ocrx_word' id='word_1_604' title='bbox 1999 5731 2172 5798; x_wconf 76' lang='lat' dir='ltr'><strong>gratia</strong></span> 
     </span>
    </p>
   </div>
   <div class='ocr_carea' id='block_1_76' title="bbox 2273 1864 3866 1946">
    <p class='ocr_par' dir='ltr' id='par_1_76' title="bbox 2273 1864 3866 1946">
     <span class='ocr_line' id='line_1_76' title="bbox 2273 1864 3866 1946; baseline 0.003 -19"><span class='ocrx_word' id='word_1_605' title='bbox 2273 1883 2546 1943; x_wconf 71' lang='lat' dir='ltr'><strong>perpetua:</strong></span> <span class='ocrx_word' id='word_1_606' title='bbox 2578 1874 2730 1928; x_wconf 85' lang='lat' dir='ltr'><strong>lucis.</strong></span> <span class='ocrx_word' id='word_1_607' title='bbox 2763 1873 2942 1929; x_wconf 78' lang='lat' dir='ltr'><strong>Nolite</strong></span> <span class='ocrx_word' id='word_1_608' title='bbox 2987 1864 3270 1944; x_wconf 77' lang='lat' dir='ltr'><strong>superbire</strong></span> <span class='ocrx_word' id='word_1_609' title='bbox 3301 1885 3358 1930; x_wconf 89' lang='lat' dir='ltr'><strong>et</strong></span> <span class='ocrx_word' id='word_1_610' title='bbox 3389 1875 3450 1929; x_wconf 80' lang='lat' dir='ltr'><strong>in</strong></span> <span class='ocrx_word' id='word_1_611' title='bbox 3472 1877 3662 1946; x_wconf 74' lang='lat' dir='ltr'><strong>paucis</strong></span> <span class='ocrx_word' id='word_1_612' title='bbox 3707 1877 3866 1932; x_wconf 80' lang='lat' dir='ltr'><strong>vobis</strong></span> 
     </span>
    </p>
   </div>
   <div class='ocr_carea' id='block_1_77' title="bbox 2273 1967 3864 2038">
    <p class='ocr_par' dir='ltr' id='par_1_77' title="bbox 2273 1967 3864 2038">
     <span class='ocr_line' id='line_1_77' title="bbox 2273 1967 3864 2038; baseline 0.001 -18"><span class='ocrx_word' id='word_1_613' title='bbox 2273 1967 2420 2022; x_wconf 73' lang='lat' dir='ltr'><strong>illius</strong></span> <span class='ocrx_word' id='word_1_614' title='bbox 2463 1982 2582 2020; x_wconf 82' lang='lat' dir='ltr'><strong>esse</strong></span> <span class='ocrx_word' id='word_1_615' title='bbox 2618 1981 2842 2037; x_wconf 78' lang='lat' dir='ltr'><strong>regnum</strong></span> <span class='ocrx_word' id='word_1_616' title='bbox 2888 1977 3100 2038; x_wconf 72' lang='lat' dir='ltr'><strong>putare,</strong></span> <span class='ocrx_word' id='word_1_617' title='bbox 3133 1969 3206 2022; x_wconf 81' lang='lat' dir='ltr'><strong>de</strong></span> <span class='ocrx_word' id='word_1_618' title='bbox 3239 1983 3352 2038; x_wconf 77' lang='lat' dir='ltr'><strong>quo</strong></span> <span class='ocrx_word' id='word_1_619' title='bbox 3389 1968 3592 2023; x_wconf 82' lang='lat' dir='ltr'><strong>dictum</strong></span> <span class='ocrx_word' id='word_1_620' title='bbox 3633 1977 3756 2023; x_wconf 81' lang='lat' dir='ltr'><strong>est:</strong></span> <span class='ocrx_word' id='word_1_621' title='bbox 3789 1967 3864 2022; x_wconf 78' lang='lat' dir='ltr'><strong>Et</strong></span> 
     </span>
    </p>
   </div>
   <div class='ocr_carea' id='block_1_78' title="bbox 2273 2059 3867 2130">
    <p class='ocr_par' dir='ltr' id='par_1_78' title="bbox 2273 2059 3867 2130">
     <span class='ocr_line' id='line_1_78' title="bbox 2273 2059 3867 2130; baseline 0 -16"><span class='ocrx_word' id='word_1_622' title='bbox 2273 2059 2630 2114; x_wconf 70' lang='lat' dir='ltr'><strong>darninabitur</strong></span> <span class='ocrx_word' id='word_1_623' title='bbox 2651 2077 2686 2113; x_wconf 72' lang='lat' dir='ltr'><strong>tl</strong></span> <span class='ocrx_word' id='word_1_624' title='bbox 2708 2061 2842 2113; x_wconf 72' lang='lat' dir='ltr'><strong>inuri</strong></span> <span class='ocrx_word' id='word_1_625' title='bbox 2866 2076 3032 2130; x_wconf 80' lang='lat' dir='ltr'><strong>usque</strong></span> <span class='ocrx_word' id='word_1_626' title='bbox 3049 2059 3124 2112; x_wconf 73' lang='lat' dir='ltr'><strong>adi</strong></span> <span class='ocrx_word' id='word_1_627' title='bbox 3145 2075 3308 2123; x_wconf 69' lang='lat' dir='ltr'><strong>mare,</strong></span> <span class='ocrx_word' id='word_1_628' title='bbox 3332 2069 3386 2113; x_wconf 75' lang='lat' dir='ltr'><strong>et</strong></span> <span class='ocrx_word' id='word_1_629' title='bbox 3403 2077 3436 2113; x_wconf 83' lang='grc' dir='ltr'><em>α</em></span> <span class='ocrx_word' id='word_1_630' title='bbox 3455 2061 3672 2130; x_wconf 76' lang='lat' dir='ltr'><strong>ﬂwnisre</strong></span> <span class='ocrx_word' id='word_1_631' title='bbox 3697 2076 3867 2130; x_wconf 73' lang='lat' dir='ltr'><strong>usque</strong></span> 
     </span>
    </p>
   </div>
   <div class='ocr_carea' id='block_1_79' title="bbox 2275 2150 3868 2222">
    <p class='ocr_par' dir='ltr' id='par_1_79' title="bbox 2275 2150 3868 2222">
     <span class='ocr_line' id='line_1_79' title="bbox 2275 2150 3868 2222; baseline 0.002 -19"><span class='ocrx_word' id='word_1_632' title='bbox 2275 2150 2344 2202; x_wconf 73' lang='lat' dir='ltr'><strong>ad</strong></span> <span class='ocrx_word' id='word_1_633' title='bbox 2392 2151 2640 2204; x_wconf 78' lang='lat' dir='ltr'><strong>teminos</strong></span> <span class='ocrx_word' id='word_1_634' title='bbox 2683 2151 2822 2204; x_wconf 79' lang='lat' dir='ltr'><strong>orbis</strong></span> <span class='ocrx_word' id='word_1_635' title='bbox 2873 2161 3027 2204; x_wconf 66' lang='lat' dir='ltr'><strong>terra</strong></span> <span class='ocrx_word' id='word_1_636' title='bbox 3077 2151 3252 2222; x_wconf 71' lang='lat' dir='ltr'><strong>(Paul.</strong></span> <span class='ocrx_word' id='word_1_637' title='bbox 3282 2167 3432 2216; x_wconf 74' lang='lat' dir='ltr'><strong>un,</strong></span> <span class='ocrx_word' id='word_1_638' title='bbox 3478 2151 3556 2222; x_wconf 89' lang='lat'><strong>8).</strong></span> <span class='ocrx_word' id='word_1_639' title='bbox 3603 2151 3674 2205; x_wconf 86' lang='lat' dir='ltr'><strong>Et</strong></span> <span class='ocrx_word' id='word_1_640' title='bbox 3697 2151 3868 2220; x_wconf 81' lang='lat' dir='ltr'><strong>paulo</strong></span> 
     </span>
    </p>
   </div>
   <div class='ocr_carea' id='block_1_80' title="bbox 2273 2241 3869 2313">
    <p class='ocr_par' dir='ltr' id='par_1_80' title="bbox 2273 2241 3869 2313">
     <span class='ocr_line' id='line_1_80' title="bbox 2273 2241 3869 2313; baseline 0.003 -19"><span class='ocrx_word' id='word_1_641' title='bbox 2273 2253 2433 2311; x_wconf 85' lang='lat' dir='ltr'><strong>post:</strong></span> <span class='ocrx_word' id='word_1_642' title='bbox 2465 2241 2532 2296; x_wconf 83' lang='lat' dir='ltr'><strong>Et</strong></span> <span class='ocrx_word' id='word_1_643' title='bbox 2574 2241 2874 2296; x_wconf 71' lang='lat' dir='ltr'><strong>odorabunt</strong></span> <span class='ocrx_word' id='word_1_644' title='bbox 2899 2259 3018 2297; x_wconf 77' lang='lat' dir='ltr'><strong>eum</strong></span> <span class='ocrx_word' id='word_1_645' title='bbox 3057 2259 3234 2296; x_wconf 75' lang='lat' dir='ltr'><strong>omnes</strong></span> <span class='ocrx_word' id='word_1_646' title='bbox 3277 2259 3428 2313; x_wconf 68' lang='lat' dir='ltr'><strong>reges</strong></span> <span class='ocrx_word' id='word_1_647' title='bbox 3462 2253 3638 2308; x_wconf 66' lang='lat' dir='ltr'><strong>turne,</strong></span> <span class='ocrx_word' id='word_1_648' title='bbox 3682 2259 3869 2298; x_wconf 68' lang='lat' dir='ltr'><strong>omnes</strong></span> 
     </span>
    </p>
   </div>
   <div class='ocr_carea' id='block_1_81' title="bbox 2275 2336 3870 2408">
    <p class='ocr_par' dir='ltr' id='par_1_81' title="bbox 2275 2336 3870 2408">
     <span class='ocr_line' id='line_1_81' title="bbox 2275 2336 3870 2408; baseline 0.004 -21"><span class='ocrx_word' id='word_1_649' title='bbox 2275 2344 2448 2403; x_wconf 79' lang='lat' dir='ltr'><strong>gentes</strong></span> <span class='ocrx_word' id='word_1_650' title='bbox 2475 2336 2694 2389; x_wconf 72' lang='lat' dir='ltr'><strong>servient</strong></span> <span class='ocrx_word' id='word_1_651' title='bbox 2723 2337 2771 2390; x_wconf 80' lang='lat' dir='ltr'><strong>si</strong></span> <span class='ocrx_word' id='word_1_652' title='bbox 2799 2336 2816 2407; x_wconf 93' lang='lat'>(</span> <span class='ocrx_word' id='word_1_653' title='bbox 2832 2336 2971 2389; x_wconf 73' lang='lat' dir='ltr'><strong>Ibid.</strong></span> <span class='ocrx_word' id='word_1_654' title='bbox 3004 2351 3054 2390; x_wconf 84' lang='lat' dir='ltr'><strong>v.</strong></span> <span class='ocrx_word' id='word_1_655' title='bbox 3078 2336 3168 2408; x_wconf 84' lang='lat'><strong>7).</strong></span> <span class='ocrx_word' id='word_1_656' title='bbox 3202 2338 3280 2390; x_wconf 74' lang='lat' dir='ltr'><strong>De</strong></span> <span class='ocrx_word' id='word_1_657' title='bbox 3304 2351 3370 2391; x_wconf 88' lang='lat' dir='ltr'><strong>eo</strong></span> <span class='ocrx_word' id='word_1_658' title='bbox 3398 2339 3696 2395; x_wconf 72' lang='lat' dir='ltr'><strong>certissime</strong></span> <span class='ocrx_word' id='word_1_659' title='bbox 3735 2353 3870 2406; x_wconf 62' lang='grc' dir='ltr'>ιιι-ον</span> 
     </span>
    </p>
   </div>
   <div class='ocr_carea' id='block_1_82' title="bbox 2274 2424 3871 2500">
    <p class='ocr_par' dir='ltr' id='par_1_82' title="bbox 2274 2424 3871 2500">
     <span class='ocr_line' id='line_1_82' title="bbox 2274 2424 3871 2500; baseline 0.006 -23"><span class='ocrx_word' id='word_1_660' title='bbox 2274 2424 2552 2494; x_wconf 81' lang='lat' dir='ltr'><strong>phetatnm</strong></span> <span class='ocrx_word' id='word_1_661' title='bbox 2577 2435 2681 2490; x_wconf 88' lang='lat' dir='ltr'><strong>est,</strong></span> <span class='ocrx_word' id='word_1_662' title='bbox 2716 2427 2806 2480; x_wconf 82' lang='lat' dir='ltr'><strong>cui</strong></span> <span class='ocrx_word' id='word_1_663' title='bbox 2847 2436 3030 2481; x_wconf 88' lang='lat' dir='ltr'><strong>vestra</strong></span> <span class='ocrx_word' id='word_1_664' title='bbox 3059 2430 3410 2498; x_wconf 56' lang='lat' dir='ltr'><strong>praesumptio</strong></span> <span class='ocrx_word' id='word_1_665' title='bbox 3433 2429 3734 2485; x_wconf 82' lang='lat' dir='ltr'><strong>divinitatis</strong></span> <span class='ocrx_word' id='word_1_666' title='bbox 3767 2444 3871 2500; x_wconf 70' lang='lat' dir='ltr'><strong>po-</strong></span> 
     </span>
    </p>
   </div>
   <div class='ocr_carea' id='block_1_83' title="bbox 2275 2517 3870 2587">
    <p class='ocr_par' dir='ltr' id='par_1_83' title="bbox 2275 2517 3870 2587">
     <span class='ocr_line' id='line_1_83' title="bbox 2275 2517 3870 2587; baseline 0.004 -19"><span class='ocrx_word' id='word_1_667' title='bbox 2275 2517 2495 2568; x_wconf 85' lang='lat' dir='ltr'><strong>tentiam</strong></span> <span class='ocrx_word' id='word_1_668' title='bbox 2527 2518 2846 2572; x_wconf 84' lang='lat' dir='ltr'><strong>subtrahere</strong></span> <span class='ocrx_word' id='word_1_669' title='bbox 2867 2518 3080 2583; x_wconf 76' lang='lat' dir='ltr'><strong>nititur,</strong></span> <span class='ocrx_word' id='word_1_670' title='bbox 3107 2519 3176 2574; x_wconf 87' lang='lat' dir='ltr'><strong>de</strong></span> <span class='ocrx_word' id='word_1_671' title='bbox 3207 2519 3364 2587; x_wconf 81' lang='lat' dir='ltr'><strong>cujus</strong></span> <span class='ocrx_word' id='word_1_672' title='bbox 3403 2519 3586 2572; x_wconf 86' lang='lat' dir='ltr'><strong>divina</strong></span> <span class='ocrx_word' id='word_1_673' title='bbox 3620 2519 3870 2579; x_wconf 71' lang='lat' dir='ltr'><strong>humi-</strong></span> 
     </span>
    </p>
   </div>
   <div class='ocr_carea' id='block_1_84' title="bbox 2277 2609 3870 2682">
    <p class='ocr_par' dir='ltr' id='par_1_84' title="bbox 2277 2609 3870 2682">
     <span class='ocr_line' id='line_1_84' title="bbox 2277 2609 3870 2682; baseline 0.006 -23"><span class='ocrx_word' id='word_1_674' title='bbox 2277 2615 2390 2660; x_wconf 87' lang='lat' dir='ltr'><strong>tate</strong></span> <span class='ocrx_word' id='word_1_675' title='bbox 2418 2615 2470 2661; x_wconf 88' lang='lat' dir='ltr'><strong>et</strong></span> <span class='ocrx_word' id='word_1_676' title='bbox 2501 2609 2732 2662; x_wconf 86' lang='lat' dir='ltr'><strong>humana</strong></span> <span class='ocrx_word' id='word_1_677' title='bbox 2758 2609 3040 2664; x_wconf 72' lang='lat' dir='ltr'><strong>(ivinitate</strong></span> <span class='ocrx_word' id='word_1_678' title='bbox 3058 2626 3130 2666; x_wconf 87' lang='lat' dir='ltr'><strong>eo</strong></span> <span class='ocrx_word' id='word_1_679' title='bbox 3147 2613 3268 2681; x_wconf 87' lang='lat' dir='ltr'><strong>ipso</strong></span> <span class='ocrx_word' id='word_1_680' title='bbox 3291 2613 3524 2666; x_wconf 83' lang='lat' dir='ltr'><strong>donante</strong></span> <span class='ocrx_word' id='word_1_681' title='bbox 3549 2611 3608 2666; x_wconf 80' lang='lat' dir='ltr'><strong>in</strong></span> <span class='ocrx_word' id='word_1_682' title='bbox 3629 2625 3870 2682; x_wconf 66' lang='lat' dir='ltr'><strong>sequan-</strong></span> 
     </span>
    </p>
   </div>
   <div class='ocr_carea' id='block_1_85' title="bbox 2277 2699 3144 2768">
    <p class='ocr_par' dir='ltr' id='par_1_85' title="bbox 2277 2699 3144 2768">
     <span class='ocr_line' id='line_1_85' title="bbox 2277 2699 3144 2768; baseline 0.006 -17"><span class='ocrx_word' id='word_1_683' title='bbox 2277 2699 2422 2752; x_wconf 87' lang='lat' dir='ltr'><strong>tibus</strong></span> <span class='ocrx_word' id='word_1_684' title='bbox 2463 2699 2676 2768; x_wconf 85' lang='lat' dir='ltr'><strong>plenius</strong></span> <span class='ocrx_word' id='word_1_685' title='bbox 2717 2700 2912 2760; x_wconf 81' lang='lat' dir='ltr'><strong>dicturi</strong></span> <span class='ocrx_word' id='word_1_686' title='bbox 2939 2718 3144 2758; x_wconf 80' lang='lat' dir='ltr'><strong>sumus.</strong></span> 
     </span>
    </p>
   </div>
   <div class='ocr_carea' id='block_1_86' title="bbox 2345 2809 3868 2884">
    <p class='ocr_par' dir='ltr' id='par_1_86' title="bbox 2345 2809 3868 2884">
     <span class='ocr_line' id='line_1_86' title="bbox 2345 2809 3868 2884; baseline 0.005 -21"><span class='ocrx_word' id='word_1_687' title='bbox 2345 2810 2428 2864; x_wconf 78' lang='lat' dir='ltr'><strong>Vl.</strong></span> <span class='ocrx_word' id='word_1_688' title='bbox 2450 2809 2610 2866; x_wconf 76' lang='lat' dir='ltr'><strong>Juxta</strong></span> <span class='ocrx_word' id='word_1_689' title='bbox 2632 2812 3012 2882; x_wconf 80' lang='lat' dir='ltr'><strong>disputationis</strong></span> <span class='ocrx_word' id='word_1_690' title='bbox 3029 2823 3085 2868; x_wconf 90' lang='lat' dir='ltr'><strong>et</strong></span> <span class='ocrx_word' id='word_1_691' title='bbox 3103 2815 3268 2869; x_wconf 90' lang='lat' dir='ltr'><strong>vestri</strong></span> <span class='ocrx_word' id='word_1_692' title='bbox 3292 2814 3554 2870; x_wconf 82' lang='lat' dir='ltr'><strong>sermonis</strong></span> <span class='ocrx_word' id='word_1_693' title='bbox 3581 2815 3868 2884; x_wconf 76' lang='lat' dir='ltr'><strong>sequentia</strong></span> 
     </span>
    </p>
   </div>
   <div class='ocr_carea' id='block_1_87' title="bbox 2273 2899 3868 2975">
    <p class='ocr_par' dir='ltr' id='par_1_87' title="bbox 2273 2899 3868 2975">
     <span class='ocr_line' id='line_1_87' title="bbox 2273 2899 3868 2975; baseline 0.004 -21"><span class='ocrx_word' id='word_1_694' title='bbox 2273 2899 2454 2954; x_wconf 87' lang='lat' dir='ltr'><strong>dicitis</strong></span> <span class='ocrx_word' id='word_1_695' title='bbox 2483 2919 2493 2952; x_wconf 90' lang='lat'><strong>:</strong></span> <span class='ocrx_word' id='word_1_696' title='bbox 2534 2920 2552 2951; x_wconf 80' lang='grc' dir='ltr'><strong>ι</strong></span> <span class='ocrx_word' id='word_1_697' title='bbox 2584 2900 2886 2971; x_wconf 79' lang='lat' dir='ltr'><strong>Aliquando</strong></span> <span class='ocrx_word' id='word_1_698' title='bbox 2909 2919 3036 2958; x_wconf 89' lang='lat' dir='ltr'><strong>vero</strong></span> <span class='ocrx_word' id='word_1_699' title='bbox 3057 2905 3298 2959; x_wconf 87' lang='lat' dir='ltr'><strong>Ecclesia</strong></span> <span class='ocrx_word' id='word_1_700' title='bbox 3331 2905 3388 2958; x_wconf 89' lang='lat' dir='ltr'><strong>in</strong></span> <span class='ocrx_word' id='word_1_701' title='bbox 3407 2906 3614 2975; x_wconf 76' lang='lat' dir='ltr'><strong>exiguis</strong></span> <span class='ocrx_word' id='word_1_702' title='bbox 3637 2914 3744 2970; x_wconf 87' lang='lat' dir='ltr'><strong>est,</strong></span> <span class='ocrx_word' id='word_1_703' title='bbox 3766 2907 3868 2961; x_wconf 89' lang='lat' dir='ltr'><strong>sed</strong></span> 
     </span>
    </p>
   </div>
   <div class='ocr_carea' id='block_1_88' title="bbox 2271 2992 3870 3065">
    <p class='ocr_par' dir='ltr' id='par_1_88' title="bbox 2271 2992 3870 3065">
     <span class='ocr_line' id='line_1_88' title="bbox 2271 2992 3870 3065; baseline 0.004 -21"><span class='ocrx_word' id='word_1_704' title='bbox 2271 3007 2378 3046; x_wconf 86' lang='lat' dir='ltr'><strong>non</strong></span> <span class='ocrx_word' id='word_1_705' title='bbox 2408 2992 2602 3047; x_wconf 84' lang='lat' dir='ltr'><strong>inuno</strong></span> <span class='ocrx_word' id='word_1_706' title='bbox 2632 2994 2826 3063; x_wconf 81' lang='lat' dir='ltr'><strong>angulo</strong></span> <span class='ocrx_word' id='word_1_707' title='bbox 2865 3003 3132 3050; x_wconf 85' lang='lat' dir='ltr'><strong>terrarum</strong></span> <span class='ocrx_word' id='word_1_708' title='bbox 3178 2995 3414 3063; x_wconf 61' lang='lat' dir='ltr'><strong>excursa,</strong></span> <span class='ocrx_word' id='word_1_709' title='bbox 3461 2996 3562 3051; x_wconf 81' lang='lat' dir='ltr'><strong>sed</strong></span> <span class='ocrx_word' id='word_1_710' title='bbox 3597 3009 3772 3065; x_wconf 83' lang='lat' dir='ltr'><strong>neque</strong></span> <span class='ocrx_word' id='word_1_711' title='bbox 3809 2996 3870 3050; x_wconf 84' lang='lat' dir='ltr'><strong>in</strong></span> 
     </span>
    </p>
   </div>
   <div class='ocr_carea' id='block_1_89' title="bbox 2273 3085 3872 3158">
    <p class='ocr_par' dir='ltr' id='par_1_89' title="bbox 2273 3085 3872 3158">
     <span class='ocr_line' id='line_1_89' title="bbox 2273 3085 3872 3158; baseline 0.004 -22"><span class='ocrx_word' id='word_1_712' title='bbox 2273 3097 2380 3136; x_wconf 81' lang='lat' dir='ltr'><strong>una</strong></span> <span class='ocrx_word' id='word_1_713' title='bbox 2415 3085 2712 3152; x_wconf 84' lang='lat' dir='ltr'><strong>provincia,</strong></span> <span class='ocrx_word' id='word_1_714' title='bbox 2745 3095 2839 3140; x_wconf 87' lang='lat' dir='ltr'><strong>aut</strong></span> <span class='ocrx_word' id='word_1_715' title='bbox 2864 3095 3022 3158; x_wconf 85' lang='lat' dir='ltr'><strong>gente</strong></span> <span class='ocrx_word' id='word_1_716' title='bbox 3050 3086 3130 3143; x_wconf 89' lang='lat' dir='ltr'><strong>vel</strong></span> <span class='ocrx_word' id='word_1_717' title='bbox 3162 3103 3345 3157; x_wconf 82' lang='lat' dir='ltr'><strong>regno,</strong></span> <span class='ocrx_word' id='word_1_718' title='bbox 3389 3089 3482 3144; x_wconf 86' lang='lat' dir='ltr'><strong>sed</strong></span> <span class='ocrx_word' id='word_1_719' title='bbox 3511 3096 3623 3146; x_wconf 85' lang='lat' dir='ltr'><strong>toto</strong></span> <span class='ocrx_word' id='word_1_720' title='bbox 3651 3089 3704 3141; x_wconf 90' lang='lat' dir='ltr'><strong>in</strong></span> <span class='ocrx_word' id='word_1_721' title='bbox 3733 3088 3872 3142; x_wconf 81' lang='lat' dir='ltr'><strong>orbe</strong></span> 
     </span>
    </p>
   </div>
   <div class='ocr_carea' id='block_1_90' title="bbox 2275 3175 3874 3248">
    <p class='ocr_par' dir='ltr' id='par_1_90' title="bbox 2275 3175 3874 3248">
     <span class='ocr_line' id='line_1_90' title="bbox 2275 3175 3874 3248; baseline 0.003 -20"><span class='ocrx_word' id='word_1_722' title='bbox 2275 3182 2543 3230; x_wconf 87' lang='lat' dir='ltr'><strong>terrarum</strong></span> <span class='ocrx_word' id='word_1_723' title='bbox 2576 3175 2784 3230; x_wconf 86' lang='lat' dir='ltr'><strong>ditl&#39;usa.</strong></span> <span class='ocrx_word' id='word_1_724' title='bbox 2829 3196 2847 3229; x_wconf 78' lang='grc' dir='ltr'><strong>ι</strong></span> <span class='ocrx_word' id='word_1_725' title='bbox 2881 3177 3130 3248; x_wconf 84' lang='lat' dir='ltr'><strong>Nunquid</strong></span> <span class='ocrx_word' id='word_1_726' title='bbox 3159 3195 3268 3233; x_wconf 88' lang='lat' dir='ltr'><strong>non</strong></span> <span class='ocrx_word' id='word_1_727' title='bbox 3317 3194 3413 3234; x_wconf 89' lang='lat' dir='ltr'><strong>vos</strong></span> <span class='ocrx_word' id='word_1_728' title='bbox 3457 3178 3510 3233; x_wconf 88' lang='lat' dir='ltr'><strong>in</strong></span> <span class='ocrx_word' id='word_1_729' title='bbox 3538 3193 3645 3233; x_wconf 86' lang='lat' dir='ltr'><strong>uno</strong></span> <span class='ocrx_word' id='word_1_730' title='bbox 3670 3179 3874 3248; x_wconf 83' lang='lat' dir='ltr'><strong>angulo</strong></span> 
     </span>
    </p>
   </div>
   <div class='ocr_carea' id='block_1_91' title="bbox 2273 3268 3875 3340">
    <p class='ocr_par' dir='ltr' id='par_1_91' title="bbox 2273 3268 3875 3340">
     <span class='ocr_line' id='line_1_91' title="bbox 2273 3268 3875 3340; baseline 0.005 -22"><span class='ocrx_word' id='word_1_731' title='bbox 2273 3272 2568 3332; x_wconf 84' lang='lat' dir='ltr'><strong>terrarum,</strong></span> <span class='ocrx_word' id='word_1_732' title='bbox 2595 3275 2648 3321; x_wconf 88' lang='lat' dir='ltr'><strong>et</strong></span> <span class='ocrx_word' id='word_1_733' title='bbox 2675 3268 2728 3321; x_wconf 92' lang='lat' dir='ltr'><strong>in</strong></span> <span class='ocrx_word' id='word_1_734' title='bbox 2758 3283 2863 3322; x_wconf 85' lang='lat' dir='ltr'><strong>una</strong></span> <span class='ocrx_word' id='word_1_735' title='bbox 2893 3271 3023 3323; x_wconf 86' lang='lat' dir='ltr'><strong>estis</strong></span> <span class='ocrx_word' id='word_1_736' title='bbox 3050 3272 3244 3340; x_wconf 84' lang='lat' dir='ltr'><strong>gente?</strong></span> <span class='ocrx_word' id='word_1_737' title='bbox 3268 3270 3448 3338; x_wconf 84' lang='lat' dir='ltr'><strong>Quare</strong></span> <span class='ocrx_word' id='word_1_738' title='bbox 3478 3285 3600 3326; x_wconf 84' lang='lat' dir='ltr'><strong>uon&#39;</strong></span> <span class='ocrx_word' id='word_1_739' title='bbox 3619 3271 3875 3340; x_wconf 78' lang='lat' dir='ltr'><strong>intelligi-</strong></span> 
     </span>
    </p>
   </div>
   <div class='ocr_carea' id='block_1_92' title="bbox 2275 3355 3870 3426">
    <p class='ocr_par' dir='ltr' id='par_1_92' title="bbox 2275 3355 3870 3426">
     <span class='ocr_line' id='line_1_92' title="bbox 2275 3355 3870 3426; baseline 0.006 -17"><span class='ocrx_word' id='word_1_740' title='bbox 2275 3357 2360 3418; x_wconf 89' lang='lat' dir='ltr'><strong>tis,</strong></span> <span class='ocrx_word' id='word_1_741' title='bbox 2386 3355 2538 3424; x_wconf 76' lang='lat' dir='ltr'><strong>juxta</strong></span> <span class='ocrx_word' id='word_1_742' title='bbox 2565 3365 2802 3412; x_wconf 86' lang='lat' dir='ltr'><strong>vestram</strong></span> <span class='ocrx_word' id='word_1_743' title='bbox 2831 3361 3173 3426; x_wconf 79' lang='lat' dir='ltr'><strong>sententiam,</strong></span> <span class='ocrx_word' id='word_1_744' title='bbox 3221 3363 3276 3415; x_wconf 89' lang='lat' dir='ltr'><strong>in</strong></span> <span class='ocrx_word' id='word_1_745' title='bbox 3299 3364 3456 3417; x_wconf 85' lang='lat' dir='ltr'><strong>vobis</strong></span> <span class='ocrx_word' id='word_1_746' title='bbox 3483 3380 3588 3417; x_wconf 90' lang='lat' dir='ltr'><strong>non</strong></span> <span class='ocrx_word' id='word_1_747' title='bbox 3615 3377 3738 3417; x_wconf 84' lang='lat' dir='ltr'><strong>esse</strong></span> <span class='ocrx_word' id='word_1_748' title='bbox 3762 3363 3870 3418; x_wconf 52' lang='lat' dir='ltr'><strong>Ec»</strong></span> 
     </span>
    </p>
   </div>
   <div class='ocr_carea' id='block_1_93' title="bbox 2273 3447 3875 3525">
    <p class='ocr_par' dir='ltr' id='par_1_93' title="bbox 2273 3447 3875 3525">
     <span class='ocr_line' id='line_1_93' title="bbox 2273 3447 3875 3525; baseline 0.004 -23"><span class='ocrx_word' id='word_1_749' title='bbox 2273 3449 2498 3503; x_wconf 88' lang='lat' dir='ltr'><strong>clesiam</strong></span> <span class='ocrx_word' id='word_1_750' title='bbox 2527 3447 2750 3514; x_wconf 80' lang='lat' dir='ltr'><strong>Christi,</strong></span> <span class='ocrx_word' id='word_1_751' title='bbox 2785 3453 2877 3520; x_wconf 89' lang='lat' dir='ltr'><strong>qui</strong></span> <span class='ocrx_word' id='word_1_752' title='bbox 2917 3452 2972 3506; x_wconf 88' lang='lat' dir='ltr'><strong>in</strong></span> <span class='ocrx_word' id='word_1_753' title='bbox 3024 3469 3132 3508; x_wconf 89' lang='lat' dir='ltr'><strong>uno</strong></span> <span class='ocrx_word' id='word_1_754' title='bbox 3173 3454 3368 3525; x_wconf 82' lang='lat' dir='ltr'><strong>angulo</strong></span> <span class='ocrx_word' id='word_1_755' title='bbox 3410 3457 3543 3511; x_wconf 89' lang='lat' dir='ltr'><strong>estis</strong></span> <span class='ocrx_word' id='word_1_756' title='bbox 3574 3465 3875 3520; x_wconf 87' lang='lat' dir='ltr'><strong>terrarum,</strong></span> 
     </span>
    </p>
   </div>
   <div class='ocr_carea' id='block_1_94' title="bbox 2271 3541 3878 3616">
    <p class='ocr_par' dir='ltr' id='par_1_94' title="bbox 2271 3541 3878 3616">
     <span class='ocr_line' id='line_1_94' title="bbox 2271 3541 3878 3616; baseline 0.004 -22"><span class='ocrx_word' id='word_1_757' title='bbox 2271 3549 2326 3594; x_wconf 87' lang='lat' dir='ltr'><strong>et</strong></span> <span class='ocrx_word' id='word_1_758' title='bbox 2354 3556 2455 3594; x_wconf 89' lang='lat' dir='ltr'><strong>una</strong></span> <span class='ocrx_word' id='word_1_759' title='bbox 2486 3542 2682 3611; x_wconf 81' lang='lat' dir='ltr'><strong>gente?</strong></span> <span class='ocrx_word' id='word_1_760' title='bbox 2710 3541 2814 3596; x_wconf 77' lang='lat' dir='ltr'><strong>Aut</strong></span> <span class='ocrx_word' id='word_1_761' title='bbox 2859 3544 2904 3597; x_wconf 88' lang='lat' dir='ltr'><strong>si</strong></span> <span class='ocrx_word' id='word_1_762' title='bbox 2957 3544 3010 3597; x_wconf 90' lang='lat' dir='ltr'><strong>in</strong></span> <span class='ocrx_word' id='word_1_763' title='bbox 3056 3546 3208 3600; x_wconf 90' lang='lat' dir='ltr'><strong>vobis</strong></span> <span class='ocrx_word' id='word_1_764' title='bbox 3234 3554 3338 3609; x_wconf 89' lang='lat' dir='ltr'><strong>est,</strong></span> <span class='ocrx_word' id='word_1_765' title='bbox 3371 3543 3754 3616; x_wconf 78' lang='lat' dir='ltr'><strong>proferendum</strong></span> <span class='ocrx_word' id='word_1_766' title='bbox 3785 3559 3878 3602; x_wconf 81' lang='lat' dir='ltr'><strong>est</strong></span> 
     </span>
    </p>
   </div>
   <div class='ocr_carea' id='block_1_95' title="bbox 2272 3633 3873 3710">
    <p class='ocr_par' dir='ltr' id='par_1_95' title="bbox 2272 3633 3873 3710">
     <span class='ocr_line' id='line_1_95' title="bbox 2272 3633 3873 3710; baseline 0.006 -25"><span class='ocrx_word' id='word_1_767' title='bbox 2272 3633 2444 3696; x_wconf 87' lang='lat' dir='ltr'><strong>vobis,</strong></span> <span class='ocrx_word' id='word_1_768' title='bbox 2479 3634 2532 3686; x_wconf 87' lang='lat' dir='ltr'><strong>in</strong></span> <span class='ocrx_word' id='word_1_769' title='bbox 2561 3649 2664 3702; x_wconf 87' lang='lat' dir='ltr'><strong>qua</strong></span> <span class='ocrx_word' id='word_1_770' title='bbox 2702 3634 2805 3687; x_wconf 88' lang='lat' dir='ltr'><strong>alia</strong></span> <span class='ocrx_word' id='word_1_771' title='bbox 2856 3643 3011 3703; x_wconf 83' lang='lat' dir='ltr'><strong>gente</strong></span> <span class='ocrx_word' id='word_1_772' title='bbox 3050 3637 3120 3690; x_wconf 91' lang='lat' dir='ltr'><strong>sit</strong></span> <span class='ocrx_word' id='word_1_773' title='bbox 3157 3637 3240 3691; x_wconf 87' lang='lat' dir='ltr'><strong>vel</strong></span> <span class='ocrx_word' id='word_1_774' title='bbox 3286 3637 3484 3708; x_wconf 88' lang='lat' dir='ltr'><strong>populo</strong></span> <span class='ocrx_word' id='word_1_775' title='bbox 3535 3637 3624 3692; x_wconf 84' lang='lat' dir='ltr'><strong>vel</strong></span> <span class='ocrx_word' id='word_1_776' title='bbox 3667 3653 3873 3710; x_wconf 83' lang='lat' dir='ltr'><strong>regno;</strong></span> 
     </span>
    </p>
   </div>
   <div class='ocr_carea' id='block_1_96' title="bbox 2275 3723 3892 3799">
    <p class='ocr_par' dir='ltr' id='par_1_96' title="bbox 2275 3723 3892 3799">
     <span class='ocr_line' id='line_1_96' title="bbox 2275 3723 3892 3799; baseline 0.005 -23"><span class='ocrx_word' id='word_1_777' title='bbox 2275 3723 2355 3776; x_wconf 86' lang='lat' dir='ltr'><strong>vel</strong></span> <span class='ocrx_word' id='word_1_778' title='bbox 2378 3723 2470 3791; x_wconf 89' lang='lat' dir='ltr'><strong>qui</strong></span> <span class='ocrx_word' id='word_1_779' title='bbox 2501 3724 2608 3778; x_wconf 90' lang='lat' dir='ltr'><strong>sint</strong></span> <span class='ocrx_word' id='word_1_780' title='bbox 2642 3725 2732 3794; x_wconf 89' lang='lat' dir='ltr'><strong>qui</strong></span> <span class='ocrx_word' id='word_1_781' title='bbox 2760 3726 3035 3781; x_wconf 84' lang='lat' dir='ltr'><strong>vobiscum</strong></span> <span class='ocrx_word' id='word_1_782' title='bbox 3079 3729 3418 3782; x_wconf 86' lang='lat' dir='ltr'><strong>consentiant</strong></span> <span class='ocrx_word' id='word_1_783' title='bbox 3465 3729 3516 3782; x_wconf 88' lang='lat' dir='ltr'><strong>in</strong></span> <span class='ocrx_word' id='word_1_784' title='bbox 3563 3729 3892 3799; x_wconf 82' lang='lat' dir='ltr'><strong>adoptionis,</strong></span> 
     </span>
    </p>
   </div>
   <div class='ocr_carea' id='block_1_97' title="bbox 2272 3814 3876 3886">
    <p class='ocr_par' dir='ltr' id='par_1_97' title="bbox 2272 3814 3876 3886">
     <span class='ocr_line' id='line_1_97' title="bbox 2272 3814 3876 3886; baseline 0.005 -20"><span class='ocrx_word' id='word_1_785' title='bbox 2272 3814 2355 3867; x_wconf 88' lang='lat' dir='ltr'><strong>vel</strong></span> <span class='ocrx_word' id='word_1_786' title='bbox 2411 3817 2826 3886; x_wconf 81' lang='lat' dir='ltr'><strong>nuncupationis</strong></span> <span class='ocrx_word' id='word_1_787' title='bbox 2871 3819 3087 3873; x_wconf 90' lang='lat' dir='ltr'><strong>nomine</strong></span> <span class='ocrx_word' id='word_1_788' title='bbox 3135 3817 3204 3873; x_wconf 89' lang='lat' dir='ltr'><strong>de</strong></span> <span class='ocrx_word' id='word_1_789' title='bbox 3244 3819 3477 3874; x_wconf 86' lang='lat' dir='ltr'><strong>Christo.</strong></span> <span class='ocrx_word' id='word_1_790' title='bbox 3526 3819 3634 3873; x_wconf 83' lang='lat' dir='ltr'><strong>Aut</strong></span> <span class='ocrx_word' id='word_1_791' title='bbox 3672 3821 3716 3873; x_wconf 89' lang='lat' dir='ltr'><strong>si</strong></span> <span class='ocrx_word' id='word_1_792' title='bbox 3755 3835 3876 3874; x_wconf 89' lang='lat' dir='ltr'><strong>non</strong></span> 
     </span>
    </p>
   </div>
   <div class='ocr_carea' id='block_1_98' title="bbox 2271 3909 3879 3977">
    <p class='ocr_par' dir='ltr' id='par_1_98' title="bbox 2271 3909 3879 3977">
     <span class='ocr_line' id='line_1_98' title="bbox 2271 3909 3879 3977; baseline 0.006 -17"><span class='ocrx_word' id='word_1_793' title='bbox 2271 3909 2498 3977; x_wconf 88' lang='lat' dir='ltr'><strong>potestis</strong></span> <span class='ocrx_word' id='word_1_794' title='bbox 2548 3910 2602 3963; x_wconf 90' lang='lat' dir='ltr'><strong>in</strong></span> <span class='ocrx_word' id='word_1_795' title='bbox 2633 3919 2744 3965; x_wconf 88' lang='lat' dir='ltr'><strong>toto</strong></span> <span class='ocrx_word' id='word_1_796' title='bbox 2785 3913 2916 3965; x_wconf 86' lang='lat' dir='ltr'><strong>orbe</strong></span> <span class='ocrx_word' id='word_1_797' title='bbox 2959 3913 3134 3966; x_wconf 88' lang='lat' dir='ltr'><strong>socios</strong></span> <span class='ocrx_word' id='word_1_798' title='bbox 3167 3921 3360 3968; x_wconf 82' lang='lat' dir='ltr'><strong>vestrae</strong></span> <span class='ocrx_word' id='word_1_799' title='bbox 3408 3915 3688 3968; x_wconf 76' lang='lat' dir='ltr'><strong>sententia:</strong></span> <span class='ocrx_word' id='word_1_800' title='bbox 3717 3919 3879 3970; x_wconf 75' lang='lat' dir='ltr'><strong>inve.-</strong></span> 
     </span>
    </p>
   </div>
   <div class='ocr_carea' id='block_1_99' title="bbox 2271 3998 3880 4076">
    <p class='ocr_par' dir='ltr' id='par_1_99' title="bbox 2271 3998 3880 4076">
     <span class='ocr_line' id='line_1_99' title="bbox 2271 3998 3880 4076; baseline 0.007 -26"><span class='ocrx_word' id='word_1_801' title='bbox 2271 3998 2410 4063; x_wconf 72' lang='grc' dir='ltr'>ιιι-ε,</span> <span class='ocrx_word' id='word_1_802' title='bbox 2443 4001 2752 4068; x_wconf 82' lang='lat' dir='ltr'><strong>cognoscite</strong></span> <span class='ocrx_word' id='word_1_803' title='bbox 2776 4015 2870 4056; x_wconf 88' lang='lat' dir='ltr'><strong>vos</strong></span> <span class='ocrx_word' id='word_1_804' title='bbox 2899 4010 3082 4056; x_wconf 87' lang='lat' dir='ltr'><strong>vestro</strong></span> <span class='ocrx_word' id='word_1_805' title='bbox 3103 4002 3310 4071; x_wconf 87' lang='lat' dir='ltr'><strong>judicio</strong></span> <span class='ocrx_word' id='word_1_806' title='bbox 3337 4004 3616 4060; x_wconf 72' lang='lat' dir='ltr'><strong>hmreticos</strong></span> <span class='ocrx_word' id='word_1_807' title='bbox 3642 4024 3654 4058; x_wconf 86' lang='lat'><strong>:</strong></span> <span class='ocrx_word' id='word_1_808' title='bbox 3680 4013 3734 4060; x_wconf 91' lang='lat' dir='ltr'><strong>et</strong></span> <span class='ocrx_word' id='word_1_809' title='bbox 3757 4004 3880 4076; x_wconf 78' lang='lat' dir='ltr'><strong>pla-</strong></span> 
     </span>
    </p>
   </div>
   <div class='ocr_carea' id='block_1_100' title="bbox 2273 4088 3878 4164">
    <p class='ocr_par' dir='ltr' id='par_1_100' title="bbox 2273 4088 3878 4164">
     <span class='ocr_line' id='line_1_100' title="bbox 2273 4088 3878 4164; baseline 0.009 -24"><span class='ocrx_word' id='word_1_810' title='bbox 2273 4095 2393 4140; x_wconf 87' lang='lat' dir='ltr'><strong>ceat</strong></span> <span class='ocrx_word' id='word_1_811' title='bbox 2439 4088 2590 4140; x_wconf 87' lang='lat' dir='ltr'><strong>vobis</strong></span> <span class='ocrx_word' id='word_1_812' title='bbox 2640 4090 2810 4158; x_wconf 80' lang='lat' dir='ltr'><strong>magis</strong></span> <span class='ocrx_word' id='word_1_813' title='bbox 2846 4105 2968 4144; x_wconf 89' lang='lat' dir='ltr'><strong>cum</strong></span> <span class='ocrx_word' id='word_1_814' title='bbox 3015 4091 3263 4162; x_wconf 86' lang='lat' dir='ltr'><strong>plurimis</strong></span> <span class='ocrx_word' id='word_1_815' title='bbox 3288 4093 3505 4158; x_wconf 83' lang='lat' dir='ltr'><strong>salvari,</strong></span> <span class='ocrx_word' id='word_1_816' title='bbox 3536 4110 3694 4164; x_wconf 87' lang='lat' dir='ltr'><strong>quam</strong></span> <span class='ocrx_word' id='word_1_817' title='bbox 3737 4111 3878 4154; x_wconf 75' lang='lat' dir='ltr'><strong>cum</strong></span> 
     </span>
    </p>
   </div>
   <div class='ocr_carea' id='block_1_101' title="bbox 2272 4176 3878 4255">
    <p class='ocr_par' dir='ltr' id='par_1_101' title="bbox 2272 4176 3878 4255">
     <span class='ocr_line' id='line_1_101' title="bbox 2272 4176 3878 4255; baseline 0.011 -28"><span class='ocrx_word' id='word_1_818' title='bbox 2272 4176 2460 4246; x_wconf 86' lang='lat' dir='ltr'><strong>paucis</strong></span> <span class='ocrx_word' id='word_1_819' title='bbox 2502 4178 2698 4246; x_wconf 86' lang='lat' dir='ltr'><strong>perire.</strong></span> <span class='ocrx_word' id='word_1_820' title='bbox 2749 4179 3176 4237; x_wconf 82' lang='lat' dir='ltr'><strong>Animadvertite</strong></span> <span class='ocrx_word' id='word_1_821' title='bbox 3229 4183 3452 4254; x_wconf 67' lang='grc' dir='ltr'><strong>(αἰδεοδο</strong></span> <span class='ocrx_word' id='word_1_822' title='bbox 3490 4186 3734 4255; x_wconf 82' lang='lat' dir='ltr'><strong>apostolo</strong></span> <span class='ocrx_word' id='word_1_823' title='bbox 3781 4189 3878 4244; x_wconf 85' lang='lat' dir='ltr'><strong>di-</strong></span> 
     </span>
    </p>
   </div>
   <div class='ocr_carea' id='block_1_102' title="bbox 2273 4269 3874 4346">
    <p class='ocr_par' dir='ltr' id='par_1_102' title="bbox 2273 4269 3874 4346">
     <span class='ocr_line' id='line_1_102' title="bbox 2273 4269 3874 4346; baseline 0.007 -22"><span class='ocrx_word' id='word_1_824' title='bbox 2273 4269 2450 4342; x_wconf 80' lang='lat' dir='ltr'><strong>ceute)</strong></span> <span class='ocrx_word' id='word_1_825' title='bbox 2499 4273 2639 4326; x_wconf 81' lang='lat' dir='ltr'><strong>unde</strong></span> <span class='ocrx_word' id='word_1_826' title='bbox 2677 4283 2869 4327; x_wconf 71' lang='lat' dir='ltr'><strong>vestrae</strong></span> <span class='ocrx_word' id='word_1_827' title='bbox 2909 4276 3186 4344; x_wconf 64' lang='lat' dir='ltr'><strong>sapientiae</strong></span> <span class='ocrx_word' id='word_1_828' title='bbox 3233 4279 3303 4332; x_wconf 86' lang='lat' dir='ltr'><strong>sit</strong></span> <span class='ocrx_word' id='word_1_829' title='bbox 3348 4279 3519 4346; x_wconf 81' lang='lat' dir='ltr'><strong>origo.</strong></span> <span class='ocrx_word' id='word_1_830' title='bbox 3552 4280 3641 4333; x_wconf 79' lang='lat' dir='ltr'><strong>Ait</strong></span> <span class='ocrx_word' id='word_1_831' title='bbox 3668 4281 3819 4336; x_wconf 86' lang='lat' dir='ltr'><strong>enim</strong></span> <span class='ocrx_word' id='word_1_832' title='bbox 3863 4324 3874 4338; x_wconf 82' lang='lat'><strong>.</strong></span> 
     </span>
    </p>
   </div>
   <div class='ocr_carea' id='block_1_103' title="bbox 2273 4359 3878 4434">
    <p class='ocr_par' dir='ltr' id='par_1_103' title="bbox 2273 4359 3878 4434">
     <span class='ocr_line' id='line_1_103' title="bbox 2273 4359 3878 4434; baseline 0.009 -22"><span class='ocrx_word' id='word_1_833' title='bbox 2273 4359 2428 4424; x_wconf 80' lang='lat' dir='ltr'><strong>Quod</strong></span> <span class='ocrx_word' id='word_1_834' title='bbox 2457 4363 2503 4415; x_wconf 80' lang='lat' dir='ltr'><strong>si</strong></span> <span class='ocrx_word' id='word_1_835' title='bbox 2535 4361 2703 4416; x_wconf 71' lang='lat' dir='ltr'><strong>selum</strong></span> <span class='ocrx_word' id='word_1_836' title='bbox 2750 4381 2990 4418; x_wconf 80' lang='lat' dir='ltr'><strong>amarum</strong></span> <span class='ocrx_word' id='word_1_837' title='bbox 3036 4367 3255 4434; x_wconf 81' lang='lat' dir='ltr'><strong>habetis,</strong></span> <span class='ocrx_word' id='word_1_838' title='bbox 3307 4379 3356 4423; x_wconf 85' lang='lat' dir='ltr'><strong>et</strong></span> <span class='ocrx_word' id='word_1_839' title='bbox 3403 4374 3758 4426; x_wconf 80' lang='lat' dir='ltr'><strong>contentiones</strong></span> <span class='ocrx_word' id='word_1_840' title='bbox 3813 4375 3878 4429; x_wconf 76' lang='lat' dir='ltr'><strong>in</strong></span> 
     </span>
    </p>
   </div>
   <div class='ocr_carea' id='block_1_104' title="bbox 2271 4452 3879 4527">
    <p class='ocr_par' dir='ltr' id='par_1_104' title="bbox 2271 4452 3879 4527">
     <span class='ocr_line' id='line_1_104' title="bbox 2271 4452 3879 4527; baseline 0.01 -24"><span class='ocrx_word' id='word_1_841' title='bbox 2271 4452 2516 4505; x_wconf 81' lang='lat' dir='ltr'><strong>cordibus</strong></span> <span class='ocrx_word' id='word_1_842' title='bbox 2544 4455 2747 4519; x_wconf 69' lang='lat' dir='ltr'><strong>vestris,</strong></span> <span class='ocrx_word' id='word_1_843' title='bbox 2781 4455 2938 4510; x_wconf 82' lang='lat' dir='ltr'><strong>nolite</strong></span> <span class='ocrx_word' id='word_1_844' title='bbox 2975 4457 3194 4527; x_wconf 82' lang='lat' dir='ltr'><strong>gloriari</strong></span> <span class='ocrx_word' id='word_1_845' title='bbox 3237 4469 3283 4514; x_wconf 83' lang='lat' dir='ltr'><strong>et</strong></span> <span class='ocrx_word' id='word_1_846' title='bbox 3313 4462 3584 4516; x_wconf 75' lang='lat' dir='ltr'><strong>mendaces</strong></span> <span class='ocrx_word' id='word_1_847' title='bbox 3625 4479 3738 4517; x_wconf 79' lang='lat' dir='ltr'><strong>esse</strong></span> <span class='ocrx_word' id='word_1_848' title='bbox 3771 4467 3879 4520; x_wconf 82' lang='lat' dir='ltr'><strong>ad-</strong></span> 
     </span>
    </p>
   </div>
   <div class='ocr_carea' id='block_1_105' title="bbox 2273 4549 3878 4623">
    <p class='ocr_par' dir='ltr' id='par_1_105' title="bbox 2273 4549 3878 4623">
     <span class='ocr_line' id='line_1_105' title="bbox 2273 4549 3878 4623; baseline 0.004 -25"><span class='ocrx_word' id='word_1_849' title='bbox 2273 4561 2458 4602; x_wconf 74' lang='lat' dir='ltr'><strong>versus</strong></span> <span class='ocrx_word' id='word_1_850' title='bbox 2473 4549 2761 4601; x_wconf 69' lang='lat' dir='ltr'><strong>veritatem.</strong></span> <span class='ocrx_word' id='word_1_851' title='bbox 2802 4549 2922 4603; x_wconf 78' lang='lat' dir='ltr'><strong>Non</strong></span> <span class='ocrx_word' id='word_1_852' title='bbox 2945 4559 3018 4604; x_wconf 83' lang='lat' dir='ltr'><strong>est</strong></span> <span class='ocrx_word' id='word_1_853' title='bbox 3045 4552 3148 4604; x_wconf 81' lang='lat' dir='ltr'><strong>ista</strong></span> <span class='ocrx_word' id='word_1_854' title='bbox 3188 4553 3446 4623; x_wconf 73' lang='lat' dir='ltr'><strong>sapientia</strong></span> <span class='ocrx_word' id='word_1_855' title='bbox 3473 4554 3750 4608; x_wconf 73' lang='lat' dir='ltr'><strong>desursum</strong></span> <span class='ocrx_word' id='word_1_856' title='bbox 3775 4557 3878 4610; x_wconf 70' lang='lat' dir='ltr'><strong>de-</strong></span> 
     </span>
    </p>
   </div>
   <div class='ocr_carea' id='block_1_106' title="bbox 2273 4636 3879 4707">
    <p class='ocr_par' dir='ltr' id='par_1_106' title="bbox 2273 4636 3879 4707">
     <span class='ocr_line' id='line_1_106' title="bbox 2273 4636 3879 4707; baseline 0.006 -17"><span class='ocrx_word' id='word_1_857' title='bbox 2273 4636 2542 4702; x_wconf 71' lang='lat' dir='ltr'><strong>scandens,</strong></span> <span class='ocrx_word' id='word_1_858' title='bbox 2595 4640 2688 4691; x_wconf 72' lang='lat' dir='ltr'><strong>sed</strong></span> <span class='ocrx_word' id='word_1_859' title='bbox 2739 4649 2968 4706; x_wconf 77' lang='lat' dir='ltr'><strong>terrena,</strong></span> <span class='ocrx_word' id='word_1_860' title='bbox 2999 4641 3264 4707; x_wconf 78' lang='lat' dir='ltr'><strong>animalis,</strong></span> <span class='ocrx_word' id='word_1_861' title='bbox 3308 4643 3590 4698; x_wconf 76' lang='lat' dir='ltr'><strong>diabolica.</strong></span> <span class='ocrx_word' id='word_1_862' title='bbox 3644 4643 3743 4698; x_wconf 77' lang='lat' dir='ltr'><strong>Ubi</strong></span> <span class='ocrx_word' id='word_1_863' title='bbox 3792 4657 3879 4701; x_wconf 83' lang='lat' dir='ltr'><strong>est</strong></span> 
     </span>
    </p>
   </div>
   <div class='ocr_carea' id='block_1_107' title="bbox 2273 4725 3881 4808">
    <p class='ocr_par' dir='ltr' id='par_1_107' title="bbox 2273 4725 3881 4808">
     <span class='ocr_line' id='line_1_107' title="bbox 2273 4725 3881 4808; baseline 0.009 -29"><span class='ocrx_word' id='word_1_864' title='bbox 2273 4725 2415 4780; x_wconf 70' lang='lat' dir='ltr'><strong>zelus</strong></span> <span class='ocrx_word' id='word_1_865' title='bbox 2443 4736 2494 4781; x_wconf 69' lang='lat' dir='ltr'><strong>et</strong></span> <span class='ocrx_word' id='word_1_866' title='bbox 2518 4731 2795 4791; x_wconf 78' lang='lat' dir='ltr'><strong>contentio,</strong></span> <span class='ocrx_word' id='word_1_867' title='bbox 2836 4731 2910 4784; x_wconf 80' lang='lat' dir='ltr'><strong>ibi</strong></span> <span class='ocrx_word' id='word_1_868' title='bbox 2950 4732 3304 4788; x_wconf 79' lang='lat' dir='ltr'><strong>inconstantia</strong></span> <span class='ocrx_word' id='word_1_869' title='bbox 3329 4744 3378 4788; x_wconf 87' lang='lat' dir='ltr'><strong>et</strong></span> <span class='ocrx_word' id='word_1_870' title='bbox 3408 4751 3558 4790; x_wconf 80' lang='lat' dir='ltr'><strong>omne</strong></span> <span class='ocrx_word' id='word_1_871' title='bbox 3585 4751 3716 4806; x_wconf 75' lang='lat' dir='ltr'><strong>opus</strong></span> <span class='ocrx_word' id='word_1_872' title='bbox 3743 4755 3881 4808; x_wconf 76' lang='lat' dir='ltr'><strong>pra-</strong></span> 
     </span>
    </p>
   </div>
   <div class='ocr_carea' id='block_1_108' title="bbox 2272 4817 3879 4899">
    <p class='ocr_par' dir='ltr' id='par_1_108' title="bbox 2272 4817 3879 4899">
     <span class='ocr_line' id='line_1_108' title="bbox 2272 4817 3879 4899; baseline 0.005 -29"><span class='ocrx_word' id='word_1_873' title='bbox 2272 4832 2410 4871; x_wconf 76' lang='lat' dir='ltr'><strong>vum.</strong></span> <span class='ocrx_word' id='word_1_874' title='bbox 2437 4817 2569 4884; x_wconf 72' lang='lat' dir='ltr'><strong>Quo,-</strong></span> <span class='ocrx_word' id='word_1_875' title='bbox 2597 4829 2768 4873; x_wconf 83' lang='lat' dir='ltr'><strong>autem</strong></span> <span class='ocrx_word' id='word_1_876' title='bbox 2795 4822 3072 4876; x_wconf 76' lang='lat' dir='ltr'><strong>desursum</strong></span> <span class='ocrx_word' id='word_1_877' title='bbox 3100 4833 3174 4878; x_wconf 81' lang='lat' dir='ltr'><strong>est</strong></span> <span class='ocrx_word' id='word_1_878' title='bbox 3200 4827 3478 4896; x_wconf 80' lang='lat' dir='ltr'><strong>sapientia,</strong></span> <span class='ocrx_word' id='word_1_879' title='bbox 3503 4828 3730 4898; x_wconf 79' lang='lat' dir='ltr'><strong>primum</strong></span> <span class='ocrx_word' id='word_1_880' title='bbox 3752 4831 3879 4899; x_wconf 69' lang='lat' dir='ltr'><strong>qui.</strong></span> 
     </span>
    </p>
   </div>
   <div class='ocr_carea' id='block_1_109' title="bbox 2272 4909 3876 4988">
    <p class='ocr_par' dir='ltr' id='par_1_109' title="bbox 2272 4909 3876 4988">
     <span class='ocr_line' id='line_1_109' title="bbox 2272 4909 3876 4988; baseline 0.011 -26"><span class='ocrx_word' id='word_1_881' title='bbox 2272 4909 2390 4964; x_wconf 84' lang='lat' dir='ltr'><strong>dem</strong></span> <span class='ocrx_word' id='word_1_882' title='bbox 2417 4912 2610 4981; x_wconf 76' lang='lat' dir='ltr'><strong>pudica</strong></span> <span class='ocrx_word' id='word_1_883' title='bbox 2639 4923 2732 4977; x_wconf 82' lang='lat' dir='ltr'><strong>est,</strong></span> <span class='ocrx_word' id='word_1_884' title='bbox 2767 4914 2955 4968; x_wconf 80' lang='lat' dir='ltr'><strong>deinde</strong></span> <span class='ocrx_word' id='word_1_885' title='bbox 3003 4917 3246 4987; x_wconf 84' lang='lat' dir='ltr'><strong>paciﬁca,</strong></span> <span class='ocrx_word' id='word_1_886' title='bbox 3291 4918 3544 4982; x_wconf 79' lang='lat' dir='ltr'><strong>modesto,</strong></span> <span class='ocrx_word' id='word_1_887' title='bbox 3575 4919 3876 4988; x_wconf 66' lang='lat' dir='ltr'><strong>suusibilil,</strong></span> 
     </span>
    </p>
   </div>
   <div class='ocr_carea' id='block_1_110' title="bbox 2273 5001 3879 5081">
    <p class='ocr_par' dir='ltr' id='par_1_110' title="bbox 2273 5001 3879 5081">
     <span class='ocr_line' id='line_1_110' title="bbox 2273 5001 3879 5081; baseline 0.009 -27"><span class='ocrx_word' id='word_1_888' title='bbox 2273 5001 2420 5055; x_wconf 77' lang='lat' dir='ltr'><strong>bonis</strong></span> <span class='ocrx_word' id='word_1_889' title='bbox 2466 5005 2791 5058; x_wconf 79' lang='lat' dir='ltr'><strong>consentiens</strong></span> <span class='ocrx_word' id='word_1_890' title='bbox 2838 5005 2979 5075; x_wconf 83' lang='lat' dir='ltr'><strong>(Jac.</strong></span> <span class='ocrx_word' id='word_1_891' title='bbox 3033 5023 3115 5071; x_wconf 83' lang='grc' dir='ltr'>ιιι,</span> <span class='ocrx_word' id='word_1_892' title='bbox 3163 5007 3368 5078; x_wconf 66' lang='grc' dir='ltr'>ιρι-ιιι).</span> <span class='ocrx_word' id='word_1_893' title='bbox 3407 5009 3680 5064; x_wconf 80' lang='lat' dir='ltr'><strong>Videtisne</strong></span> <span class='ocrx_word' id='word_1_894' title='bbox 3721 5012 3879 5081; x_wconf 84' lang='lat' dir='ltr'><strong>quod</strong></span> 
     </span>
    </p>
   </div>
   <div class='ocr_carea' id='block_1_111' title="bbox 2271 5093 3884 5167">
    <p class='ocr_par' dir='ltr' id='par_1_111' title="bbox 2271 5093 3884 5167">
     <span class='ocr_line' id='line_1_111' title="bbox 2271 5093 3884 5167; baseline 0.013 -23"><span class='ocrx_word' id='word_1_895' title='bbox 2271 5101 2451 5147; x_wconf 84' lang='lat' dir='ltr'><strong>vestra</strong></span> <span class='ocrx_word' id='word_1_896' title='bbox 2482 5093 2742 5164; x_wconf 85' lang='lat' dir='ltr'><strong>sapientia</strong></span> <span class='ocrx_word' id='word_1_897' title='bbox 2773 5109 2878 5150; x_wconf 86' lang='lat' dir='ltr'><strong>non</strong></span> <span class='ocrx_word' id='word_1_898' title='bbox 2914 5105 3002 5151; x_wconf 84' lang='lat' dir='ltr'><strong>est</strong></span> <span class='ocrx_word' id='word_1_899' title='bbox 3035 5097 3277 5167; x_wconf 88' lang='lat' dir='ltr'><strong>paciﬁca,</strong></span> <span class='ocrx_word' id='word_1_900' title='bbox 3323 5115 3428 5154; x_wconf 90' lang='lat' dir='ltr'><strong>non</strong></span> <span class='ocrx_word' id='word_1_901' title='bbox 3461 5109 3544 5156; x_wconf 86' lang='lat' dir='ltr'><strong>est</strong></span> <span class='ocrx_word' id='word_1_902' title='bbox 3567 5104 3884 5167; x_wconf 74' lang='lat' dir='ltr'><strong>sensibilis.</strong></span> 
     </span>
    </p>
   </div>
   <div class='ocr_carea' id='block_1_112' title="bbox 2273 5160 3900 5269">
    <p class='ocr_par' dir='ltr' id='par_1_112' title="bbox 2273 5160 3900 5269">
     <span class='ocr_line' id='line_1_112' title="bbox 2273 5160 3900 5269; baseline 0.007 -33"><span class='ocrx_word' id='word_1_903' title='bbox 2273 5197 2380 5236; x_wconf 77' lang='lat' dir='ltr'><strong>son</strong></span> <span class='ocrx_word' id='word_1_904' title='bbox 2413 5160 2572 5238; x_wconf 74' lang='lat' dir='ltr'><strong>bonis</strong></span> <span class='ocrx_word' id='word_1_905' title='bbox 2625 5184 2988 5240; x_wconf 88' lang='lat' dir='ltr'><strong>consentiens.</strong></span> <span class='ocrx_word' id='word_1_906' title='bbox 3035 5160 3111 5240; x_wconf 68' lang='lat' dir='ltr'><strong>lit</strong></span> <span class='ocrx_word' id='word_1_907' title='bbox 3153 5160 3278 5243; x_wconf 85' lang='lat' dir='ltr'><strong>ideo</strong></span> <span class='ocrx_word' id='word_1_908' title='bbox 3316 5191 3537 5247; x_wconf 85' lang='lat' dir='ltr'><strong>omnino</strong></span> <span class='ocrx_word' id='word_1_909' title='bbox 3584 5160 3900 5269; x_wconf 41' lang='lat' dir='ltr'><strong>intelliginq</strong></span> 
     </span>
    </p>
   </div>
   <div class='ocr_carea' id='block_1_113' title="bbox 2272 5275 3881 5351">
    <p class='ocr_par' dir='ltr' id='par_1_113' title="bbox 2272 5275 3881 5351">
     <span class='ocr_line' id='line_1_113' title="bbox 2272 5275 3881 5351; baseline 0.008 -23"><span class='ocrx_word' id='word_1_910' title='bbox 2272 5289 2392 5329; x_wconf 81' lang='lat' dir='ltr'><strong>eam</strong></span> <span class='ocrx_word' id='word_1_911' title='bbox 2423 5291 2452 5329; x_wconf 84' lang='lat' dir='ltr'><strong>a</strong></span> <span class='ocrx_word' id='word_1_912' title='bbox 2475 5275 2590 5330; x_wconf 86' lang='lat' dir='ltr'><strong>Deo</strong></span> <span class='ocrx_word' id='word_1_913' title='bbox 2617 5292 2723 5331; x_wconf 90' lang='lat' dir='ltr'><strong>non</strong></span> <span class='ocrx_word' id='word_1_914' title='bbox 2749 5291 2872 5332; x_wconf 88' lang='lat' dir='ltr'><strong>esse</strong></span> <span class='ocrx_word' id='word_1_915' title='bbox 2899 5276 3102 5344; x_wconf 84' lang='lat' dir='ltr'><strong>datam,</strong></span> <span class='ocrx_word' id='word_1_916' title='bbox 3136 5280 3232 5335; x_wconf 87' lang='lat' dir='ltr'><strong>sed</strong></span> <span class='ocrx_word' id='word_1_917' title='bbox 3257 5282 3494 5351; x_wconf 79' lang='lat' dir='ltr'><strong>quadam</strong></span> <span class='ocrx_word' id='word_1_918' title='bbox 3523 5285 3722 5339; x_wconf 82' lang='lat' dir='ltr'><strong>astutia</strong></span> <span class='ocrx_word' id='word_1_919' title='bbox 3752 5285 3881 5341; x_wconf 75' lang='lat' dir='ltr'><strong>dia.</strong></span> 
     </span>
    </p>
   </div>
   <div class='ocr_carea' id='block_1_114' title="bbox 2273 5367 3879 5434">
    <p class='ocr_par' dir='ltr' id='par_1_114' title="bbox 2273 5367 3879 5434">
     <span class='ocr_line' id='line_1_114' title="bbox 2273 5367 3879 5434; baseline 0.007 -11"><span class='ocrx_word' id='word_1_920' title='bbox 2273 5367 2459 5424; x_wconf 72' lang='lat' dir='ltr'><strong>bolicte</strong></span> <span class='ocrx_word' id='word_1_921' title='bbox 2510 5367 2718 5424; x_wconf 82' lang='lat' dir='ltr'><strong>fraudis</strong></span> <span class='ocrx_word' id='word_1_922' title='bbox 2764 5370 3060 5427; x_wconf 83' lang='lat' dir='ltr'><strong>inventam.</strong></span> <span class='ocrx_word' id='word_1_923' title='bbox 3113 5373 3307 5430; x_wconf 75' lang='lat' dir='ltr'><strong>Dicitis</strong></span> <span class='ocrx_word' id='word_1_924' title='bbox 3362 5389 3463 5432; x_wconf 86' lang='lat' dir='ltr'><strong>nos</strong></span> <span class='ocrx_word' id='word_1_925' title='bbox 3507 5390 3695 5432; x_wconf 83' lang='lat' dir='ltr'><strong>verum</strong></span> <span class='ocrx_word' id='word_1_926' title='bbox 3757 5393 3879 5434; x_wconf 88' lang='lat' dir='ltr'><strong>non</strong></span> 
     </span>
    </p>
   </div>
   <div class='ocr_carea' id='block_1_115' title="bbox 2273 5457 3866 5534">
    <p class='ocr_par' dir='ltr' id='par_1_115' title="bbox 2273 5457 3866 5534">
     <span class='ocr_line' id='line_1_115' title="bbox 2273 5457 3866 5534; baseline 0.009 -22"><span class='ocrx_word' id='word_1_927' title='bbox 2273 5457 2473 5513; x_wconf 75' lang='lat' dir='ltr'><strong>dixisse</strong></span> <span class='ocrx_word' id='word_1_928' title='bbox 2523 5460 2672 5528; x_wconf 86' lang='lat' dir='ltr'><strong>quod</strong></span> <span class='ocrx_word' id='word_1_929' title='bbox 2714 5469 2856 5516; x_wconf 83' lang='lat' dir='ltr'><strong>totus</strong></span> <span class='ocrx_word' id='word_1_930' title='bbox 2906 5463 3140 5520; x_wconf 74' lang='lat' dir='ltr'><strong>mmdus</strong></span> <span class='ocrx_word' id='word_1_931' title='bbox 3187 5467 3494 5532; x_wconf 80' lang='lat' dir='ltr'><strong>nobiscum,</strong></span> <span class='ocrx_word' id='word_1_932' title='bbox 3526 5468 3711 5534; x_wconf 83' lang='lat' dir='ltr'><strong>idest,</strong></span> <span class='ocrx_word' id='word_1_933' title='bbox 3744 5472 3866 5527; x_wconf 76' lang='lat' dir='ltr'><strong>uni-</strong></span> 
     </span>
    </p>
   </div>
   <div class='ocr_carea' id='block_1_116' title="bbox 2274 5549 3872 5626">
    <p class='ocr_par' dir='ltr' id='par_1_116' title="bbox 2274 5549 3872 5626">
     <span class='ocr_line' id='line_1_116' title="bbox 2274 5549 3872 5626; baseline 0.011 -26"><span class='ocrx_word' id='word_1_934' title='bbox 2274 5549 2498 5604; x_wconf 88' lang='lat' dir='ltr'><strong>versalis</strong></span> <span class='ocrx_word' id='word_1_935' title='bbox 2548 5550 2786 5606; x_wconf 81' lang='lat' dir='ltr'><strong>Ecclesia</strong></span> <span class='ocrx_word' id='word_1_936' title='bbox 2837 5553 3037 5608; x_wconf 89' lang='lat' dir='ltr'><strong>Christi</strong></span> <span class='ocrx_word' id='word_1_937' title='bbox 3087 5560 3410 5624; x_wconf 87' lang='lat' dir='ltr'><strong>consentiat,</strong></span> <span class='ocrx_word' id='word_1_938' title='bbox 3460 5561 3564 5614; x_wconf 90' lang='lat' dir='ltr'><strong>nisi</strong></span> <span class='ocrx_word' id='word_1_939' title='bbox 3610 5573 3702 5614; x_wconf 88' lang='lat' dir='ltr'><strong>vos</strong></span> <span class='ocrx_word' id='word_1_940' title='bbox 3741 5565 3872 5626; x_wconf 69' lang='lat' dir='ltr'><strong>soli.</strong></span> 
     </span>
    </p>
   </div>
   <div class='ocr_carea' id='block_1_117' title="bbox 2275 5639 3954 5719">
    <p class='ocr_par' dir='ltr' id='par_1_117' title="bbox 2275 5639 3954 5719">
     <span class='ocr_line' id='line_1_117' title="bbox 2275 5639 3954 5719; baseline 0.008 -25"><span class='ocrx_word' id='word_1_941' title='bbox 2275 5639 2527 5707; x_wconf 82' lang='lat' dir='ltr'><strong>Probate,</strong></span> <span class='ocrx_word' id='word_1_942' title='bbox 2559 5643 2602 5697; x_wconf 87' lang='lat' dir='ltr'><strong>si</strong></span> <span class='ocrx_word' id='word_1_943' title='bbox 2633 5646 2879 5714; x_wconf 88' lang='lat' dir='ltr'><strong>potestis,</strong></span> <span class='ocrx_word' id='word_1_944' title='bbox 2909 5659 3096 5699; x_wconf 86' lang='lat' dir='ltr'><strong>verum</strong></span> <span class='ocrx_word' id='word_1_945' title='bbox 3122 5661 3242 5703; x_wconf 88' lang='lat' dir='ltr'><strong>esse</strong></span> <span class='ocrx_word' id='word_1_946' title='bbox 3273 5651 3414 5719; x_wconf 91' lang='lat' dir='ltr'><strong>quod</strong></span> <span class='ocrx_word' id='word_1_947' title='bbox 3447 5651 3651 5715; x_wconf 83' lang='lat' dir='ltr'><strong>dicitis,</strong></span> <span class='ocrx_word' id='word_1_948' title='bbox 3684 5661 3882 5707; x_wconf 85' lang='lat' dir='ltr'><strong>osten-</strong></span> <span class='ocrx_word' id='word_1_949' title='bbox 3941 5639 3954 5666; x_wconf 29' lang='lat'><strong>5‘</strong></span> 
     </span>
    </p>
   </div>
   <div class='ocr_carea' id='block_1_118' title="bbox 2276 5734 3880 5808">
    <p class='ocr_par' dir='ltr' id='par_1_118' title="bbox 2276 5734 3880 5808">
     <span class='ocr_line' id='line_1_118' title="bbox 2276 5734 3880 5808; baseline 0.004 -19"><span class='ocrx_word' id='word_1_950' title='bbox 2276 5734 2384 5789; x_wconf 88' lang='lat' dir='ltr'><strong>dite</strong></span> <span class='ocrx_word' id='word_1_951' title='bbox 2432 5737 2586 5792; x_wconf 88' lang='lat' dir='ltr'><strong>nobis</strong></span> <span class='ocrx_word' id='word_1_952' title='bbox 2627 5738 2712 5793; x_wconf 92' lang='lat' dir='ltr'><strong>vel</strong></span> <span class='ocrx_word' id='word_1_953' title='bbox 2746 5753 2906 5793; x_wconf 86' lang='lat' dir='ltr'><strong>unam</strong></span> <span class='ocrx_word' id='word_1_954' title='bbox 2939 5747 3154 5808; x_wconf 81' lang='lat' dir='ltr'><strong>gentem</strong></span> <span class='ocrx_word' id='word_1_955' title='bbox 3203 5741 3286 5796; x_wconf 83' lang='lat' dir='ltr'><strong>vel</strong></span> <span class='ocrx_word' id='word_1_956' title='bbox 3339 5757 3504 5796; x_wconf 84' lang='lat' dir='ltr'><strong>unam</strong></span> <span class='ocrx_word' id='word_1_957' title='bbox 3538 5744 3746 5808; x_wconf 86' lang='lat' dir='ltr'><strong>urbem,</strong></span> <span class='ocrx_word' id='word_1_958' title='bbox 3777 5744 3880 5798; x_wconf 85' lang='lat' dir='ltr'><strong>vel</strong></span> 
     </span>
    </p>
   </div>
  </div>
