4072 6346
535 276 656 385 iss

1374 325 1435 380 Β.
1474 321 1539 379 F.
1569 321 1792 377 ALBlNl
1832 320 1964 379 SEU
2000 320 2278 380 ALCUINI
2314 318 2602 382 OPERUM
2638 321 2820 380 PARS
2857 324 2942 381 lll.

2241 216 2289 243 ,ν

3694 331 3805 388 I56

532 439 737 513 Spiritu
770 444 951 494 sancto
992 446 1041 493 ct
1074 437 1246 493 Maria
1279 434 1508 507 Virgine,
1539 446 1586 491 et
1612 438 1765 491 homo
1803 436 1970 506 {actus
1995 448 2108 491 est:
2140 443 2179 497 Α
2213 440 2381 497 Deum
2418 483 2430 495 .
2468 450 2756 512 utrumque
2799 448 2978 497 autem
3028 441 3209 507 homo,
3256 451 3478 515 propter
3523 456 3807 519 acceptum

531 530 814 601 cruciﬁxus
843 540 1017 585 autem
1044 546 1136 599 pro
1166 528 1311 582 nobis
1339 528 1433 582 sub
1478 527 1668 582 Pontio
1702 528 1895 591 Pilato,
1926 547 2112 600 passus

532 632 582 679 ct
601 621 852 693 sepultus,
880 632 928 675 et
959 620 1237 675 resurrexit
1284 620 1445 693 794
1485 622 1638 674 tertia
1666 621 1773 685 die,
1805 632 1853 676 et
1882 624 2115 677 ascendit

533 732 590 771 sn
614 714 817 779 caelum,
847 723 895 769 et
922 712 1059 767 sedet
1086 713 1154 766 ad
1180 712 1447 766 dexteram
1473 711 1673 778 Patris,
1703 724 1752 767 et
1779 714 1967 768 iterum
1993 731 2116 769 ven-

534 816 682 862 turus
706 817 780 861 cst
809 822 927 860 cum
966 804 1134 876 gloria
1153 805 1400 876 judicare
1441 807 1576 861 rivos
1604 816 1651 861 et
1680 816 1931 869 mortuos,
1964 806 2116 877 cujus

535 899 678 968 regni
707 913 810 950 non
837 896 936 949 erit
955 895 1100 965 ﬁnis.

602 988 669 1044 Χ.
697 988 965 1044 Revocate
985 988 1052 1043 ad
1081 989 1435 1057 vosmetipsos
1454 989 1639 1044 oculos
1659 989 1838 1045 cordis
1864 990 2050 1055 vestri,
2064 998 2119 1046 et

532 1084 813 1155 intelligite
843 1082 1001 1151 hujus
1038 1083 1348 1138 solidissimi
1378 1084 1604 1155 symboli
1637 1084 2074 1153 consequentiam
2099 1100 2113 1137 :

537 1169 604 1226 de
626 1185 733 1225 uno
757 1170 1029 1238 unigenito
1059 1170 1195 1223 Filio
1218 1170 1310 1224 Dei
1338 1186 1551 1241 semper
1569 1170 1718 1233 dicit,
1748 1179 1802 1225 et
1826 1173 1892 1225 de
1915 1170 2119 1226 duabus

539 1262 746 1318 naturis
768 1261 825 1316 in
849 1277 955 1316 uno
986 1261 1125 1316 Filio
1156 1262 1269 1326 Dei,
1305 1261 1660 1331 eumdemqne
1681 1261 1811 1316 dicit
1839 1270 2023 1315 natum
2054 1264 2120 1318 de

534 1353 713 1415 Patre,
746 1352 912 1407 Deum
949 1352 1016 1406 de
1056 1353 1165 1410 Deo
1203 1371 1216 1407 :
1263 1354 1509 1408 eumdem
1539 1353 1669 1408 dicit
1696 1363 1880 1409 natum
1912 1355 1977 1409 de
2001 1354 2120 1424 Spi-

536 1443 644 1498 ritu
669 1451 855 1497 sancto
877 1451 933 1498 et
957 1442 1122 1498 Maria
1155 1444 1379 1514 virgine,
1409 1458 1623 1514 passum
1642 1451 1705 1499 et
1743 1443 2035 1514 sepultum,
2068 1450 2122 1498 et

537 1545 905 1606 resurgentem
932 1536 1019 1592 die
1041 1537 1218 1592 tertia.
1260 1536 1398 1604 Quid
1422 1545 1504 1592 est
1527 1537 1670 1607 quod
1694 1552 1816 1591 eum
1848 1535 2046 1592 dividis
2067 1537 2118 1591 in

536 1626 672 1683 duos
692 1625 849 1691 ﬁlios,
876 1642 1041 1681 unum
1076 1628 1143 1682 de
1174 1625 1375 1698 Spiritu
1412 1635 1598 1682 sancto
1630 1633 1685 1681 et
1713 1626 1879 1681 Maria
1915 1627 2120 1697 virgine

539 1726 749 1784 natum,
790 1734 951 1789 quem
992 1718 1300 1788 adoptivum
1345 1718 1543 1773 asseris
1577 1734 1591 1782 ;
1634 1717 1859 1771 alterum
1901 1717 1966 1771 de
2008 1715 2120 1771 Deo

2218 533 2513 589 hutttinem.
2552 554 2570 586 ι

2289 624 2378 679 XI.
2430 623 2539 679 Nos
2571 640 2677 679 non
2713 626 2990 696 sequimur
3024 640 3124 681 nec
3157 625 3536 685 Nestorianam
3587 632 3814 690 divisio-

2217 731 2357 774 nem.
2392 717 2484 786 qui
2530 726 2752 787 propter
2803 718 2937 773 duas
2985 725 3209 773 naturas
3253 721 3390 775 duas
3435 735 3694 792 personas
3750 725 3811 781 in

2217 805 2431 861 Christo
2462 806 2701 862 inserere
2724 809 2918 873 voluit;
2948 822 3047 864 nec
3067 808 3381 880 Eutychetis
3410 812 3810 881 confusionem,

2216 893 2311 963 qui
2341 901 2562 963 propter
2589 909 2749 948 unam
2781 890 3067 965 personam
3106 910 3268 950 unam
3299 904 3549 952 naturam
3573 900 3629 954 in
3656 899 3816 957 Chri-

2217 995 2302 1041 sto
2338 987 2575 1042 inserere
2600 986 2787 1042 voluit.
2816 986 2993 1043 Ambo
3020 1003 3051 1041 a
3079 988 3343 1043 catholica
3379 989 3480 1045 fide
3507 991 3810 1061 deviantes,

2220 1079 2491 1149 impietate
2533 1095 2712 1149 pares,
2756 1079 2881 1149 quia
2911 1080 3069 1135 fidem
3099 1088 3303 1134 rectam
3348 1095 3455 1136 non
3483 1090 3809 1154 tenuerunt;

2220 1170 2315 1225 sed
2339 1185 2523 1225 errore
2563 1171 2813 1239 impares,
2845 1170 2971 1239 quia
3004 1169 3108 1225 iste
3144 1170 3444 1237 confundit,
3474 1171 3565 1228 ille
3591 1175 3809 1231 dividit.

2222 1260 2327 1317 Sed
2358 1270 2415 1316 ut
2454 1263 2645 1317 borum
2672 1262 2864 1332 impios
2892 1270 2945 1315 et
2974 1261 3319 1317 detestabiles
3353 1264 3619 1319 catholico
3647 1282 3811 1322 sensu

2221 1342 2517 1410 refutamus
2564 1368 2798 1417 errores,
2839 1353 3124 1424 utriusque
3162 1362 3371 1409 natura:
3397 1356 3813 1427 proprietatem,

2221 1452 2275 1500 et
2299 1444 2455 1499 unius
2476 1460 2719 1515 persona:
2743 1453 3038 1501 tractemus
3062 1461 3341 1501 arcanum.
3372 1447 3522 1503 Unus
3546 1459 3629 1505 est
3654 1449 3818 1506 Chri-

2222 1542 2359 1598 stus,
2388 1535 2527 1591 idem
2559 1534 2721 1601 Deus,
2748 1535 2996 1606 idemque
3021 1536 3199 1599 homo,
3228 1537 3433 1593 habens
3458 1539 3512 1593 in
3534 1540 3817 1597 vocabulis

2222 1637 2276 1680 et
2306 1627 2472 1697 gestis
2499 1643 2662 1681 unum
2690 1628 2830 1697 quod
2857 1627 3204 1692 humanitati,
3238 1628 3384 1683 aliud
3425 1630 3568 1699 quod
3594 1632 3817 1702 proprie

2224 1718 2418 1773 divina:
2455 1718 2741 1773 conveniat
2764 1726 2993 1784 naturae,
3028 1718 3157 1773 licet
3200 1727 3490 1788 utrumque
3540 1721 3701 1776 simul
3746 1723 3816 1778 ad

539 1808 722 1875 Patre,
750 1822 910 1879 quem
960 1824 1148 1865 verum
1183 1808 1354 1864 dicis?
1387 1808 1604 1863 Certum
1640 1823 1871 1877 namque
1909 1818 1992 1862 est
2020 1808 2125 1861 Do-
2157 1797 2201 1859 Β
2227 1825 2389 1863 unam
2439 1807 2555 1877 ejus
2599 1823 2882 1879 personam
2932 1808 3223 1877 pertineat,
3260 1810 3328 1865 ad
3377 1824 3647 1879 unamque
3687 1810 3816 1866 Filii

539 1905 747 1962 minum
769 1902 951 1959 Jesum
978 1902 1273 1967 Christum,
1303 1902 1592 1958 secundum
1616 1903 1936 1958 catholicam
1960 1902 2118 1957 [item

540 2007 598 2055 et
633 1997 903 2068 prrecouia
933 1996 1358 2067 Scripturarum,
1390 1995 1525 2051 duas
1552 1996 1751 2052 habere
1789 1997 2117 2061 nativitates,

537 2104 702 2144 tutam
738 2089 805 2143 de
830 2087 989 2142 Patre
1015 2087 1133 2143 sine
1164 2096 1429 2158 tempore,
1458 2088 1683 2142 alteram
1711 2088 1777 2143 de
1805 2098 1979 2143 matre
2004 2089 2121 2144 sine

536 2180 680 2236 virili
728 2178 1148 2249 conjunctione:
1190 2188 1243 2235 et
1273 2181 1467 2234 harum
1504 2180 1729 2235 duarum
1774 2180 2121 2237 nativitatem

537 2273 782 2346 proprias
821 2272 1022 2327 habere
1050 2278 1292 2338 naturas,
1338 2272 1429 2326 Dei
1473 2272 1701 2337 scilicet,
1732 2288 1833 2341 qua
1867 2273 1931 2327 de
1962 2272 2122 2339 Patre

540 2376 729 2426 natus:
769 2374 826 2421 et
864 2364 1121 2430 hominis,
1158 2380 1263 2434 qua
1315 2374 1399 2419 est
1443 2365 1509 2420 de
1551 2373 1722 2420 matre
1766 2367 2117 2436 progenitus:

539 2474 681 2514 unus
704 2457 953 2528 idemque
969 2457 1132 2522 Deus,
1154 2473 1293 2513 unus
1316 2458 1565 2529 idemque
1585 2459 1768 2525 homo,
1787 2476 1927 2516 unus
1956 2461 2123 2515 idem-

541 2566 647 2621 que
674 2548 842 2605 Filius
863 2546 1020 2605 Jesus
1042 2547 1310 2605 Christus.
1340 2548 1565 2605 Gemina
1590 2550 1733 2605 enim
1757 2551 2009 2606 nativitas
2036 2566 2125 2622 ge-

541 2641 742 2697 minam
773 2644 865 2696 uni
895 2639 1111 2696 Christo
1138 2641 1285 2695 dedit
1324 2651 1592 2696 naturam.
1635 2642 1735 2709 Qui
1779 2642 1921 2699 Deus
1947 2652 2028 2698 est
2057 2645 2124 2700 de

539 2728 721 2797 Patre,
752 2730 890 2785 idem
919 2731 1059 2785 Deus
1088 2730 1249 2785 homo
1296 2740 1378 2785 est
1424 2733 1491 2787 de
1544 2742 1737 2787 matre.
1795 2732 1903 2789 Has
1942 2735 2125 2804 itaque

539 2831 783 2889 naturas,
819 2838 953 2895 quas
992 2838 1058 2877 ex
1093 2833 1321 2894 utroque
1362 2826 1525 2881 habet
1561 2836 1810 2897 parente,
1838 2826 2126 2897 Apostolus

539 2914 677 2973 duas
722 2917 967 2971 nominat
1011 2910 1215 2972 formas
1253 2917 1436 2974 dicens
1477 2919 1543 2973 de
1586 2919 1869 2990 ipsozaui
1913 2935 2028 2973 cum
2072 2918 2126 2972 in

541 3006 716 3077 {arma
741 3006 838 3061 Dei
865 3016 1015 3073 esset,
1046 3025 1150 3063 non
1178 3011 1417 3081 rapinam
1465 3010 1747 3065 arbitratus
1797 3020 1872 3065 est
1923 3026 2031 3064 esse
2072 3026 2126 3064 se

542 3094 794 3167 aqualem
814 3095 949 3162 Deo,
964 3098 1054 3152 sed
1074 3101 1402 3173 semetipsum
1424 3101 1727 3166 exinanivit,
1745 3100 1970 3171 formam
1992 3102 2125 3156 servi

544 3158 801 3259 accipiens
829 3158 1048 3261 (Philip.
1090 3208 1152 3259 ιι,
1196 3158 1272 3262 6)ί
1305 3193 1496 3249 Cernis
1540 3194 1593 3248 in
1635 3158 1967 3249 una'Christi
1996 3208 2123 3265 per-
2152 3158 2197 3223 ο

546 3298 674 3339 sona
711 3283 988 3353 utriusque
1016 3284 1221 3359 formae,
1265 3287 1543 3358 utriusque
1568 3296 1773 3343 natura:
1808 3288 2125 3359 mysterium

546 3376 807 3432 contineri
834 3393 847 3429 :
881 3376 1023 3432 idem
1047 3379 1319 3449 passibilis
1340 3390 1393 3436 et
1415 3382 1777 3451 impassitilis,
1807 3383 1947 3437 idem
1979 3397 2125 3437 mor-

548 3467 671 3524 talis
707 3480 761 3525 et
792 3470 1139 3538 immortalis;
1174 3488 1279 3528 non
1306 3474 1443 3529 alter
1472 3485 1526 3529 et
1572 3476 1727 3540 alter,
1770 3477 1863 3532 sed
1902 3477 2044 3531 idem
2072 3482 2129 3530 et

548 3579 685 3620 unus
711 3565 765 3618 in
793 3562 1003 3621 duabus
1029 3566 1260 3623 naturis.
1304 3567 1456 3623 Sicut
1487 3584 1624 3624 unus
1661 3577 1745 3624 est
1784 3570 1945 3624 homo
1986 3585 2129 3624 mor-

548 3657 669 3712 talis
725 3668 777 3713 ιι
830 3657 1185 3725 immortalis,
1246 3662 1490 3718 mortalis
1544 3676 1745 3727 carne,
1810 3662 2129 3717 immortalis

550 3750 748 3813 anima,
780 3750 875 3805 sed
902 3768 1041 3807 unus
1062 3762 1144 3809 est
1168 3752 1327 3810 homo
1355 3763 1410 3810 et
1438 3770 1543 3810 non
1572 3754 1711 3809 alter
1740 3772 1752 3808 :
1780 3756 1859 3810 sic
1882 3771 2019 3811 unus
2046 3764 2129 3810 est

550 3836 793 3895 Christus
830 3841 885 3896 in
920 3841 1200 3899 divinitate
1221 3853 1275 3899 et
1304 3844 1357 3899 in
1394 3845 1750 3911 humanitate,
1779 3861 1884 3901 non
1918 3848 2053 3901 alter
2076 3855 2128 3901 et

551 3931 722 3988 alter:
751 3940 807 3987 et
845 3933 1000 4005 juxta
1038 3938 1444 4007 evangelistam,
1482 3939 1525 3995 si
1578 3938 1721 3996 Deus
1756 3948 1841 3996 est
1870 3941 2128 4006 Verbum,

551 4030 606 4081 et
628 4024 861 4081 Verbum
890 4042 1021 4083 caro
1054 4027 1256 4084 factum
1299 4038 1400 4095 est,
1449 4032 1637 4102 utique
1685 4047 1812 4087 caro
1863 4033 2004 4089 Deus
2047 4041 2131 4089 est

551 4123 767 4186 propter
801 4116 1058 4185 Verbum,
1081 4129 1137 4176 et
1161 4122 1396 4176 Verbum
1434 4124 1595 4177 homo
1620 4133 1839 4193 propter
1866 4140 2084 4181 carnem
2114 4144 2126 4181 :

552 4215 603 4260 et
629 4214 713 4261 est
744 4208 885 4265 Deus
925 4220 981 4265 et
1024 4212 1183 4266 homo
1208 4210 1365 4267 Jesus
1394 4212 1638 4269 Christus
1666 4214 1758 4269 Dei
1788 4215 1964 4273 Patris
1993 4234 2131 4273 unus

554 4294 721 4350 Filius
750 4298 1057 4369 unigenitus
1082 4302 1136 4355 in
1161 4319 1265 4357 una
1293 4319 1545 4373 persona,
1576 4306 1714 4361 sicut
1738 4323 1878 4379 saepe
1898 4308 2132 4367 diximus

555 4393 608 4442 et
632 4402 845 4457 semper
870 4392 1128 4447 dicemus.
1175 4393 1252 4449 De
1294 4396 1380 4451 his
1410 4398 1614 4454 duabus
1643 4398 1832 4456 formis
1860 4410 1914 4456 et
1943 4405 2133 4458 beatus

555 4476 884 4576 Augustinus
927 4481 981 4537 in
1022 4483 1161 4576 libro
1189 4485 1361 4555 primo
1390 4487 1529 4559 (cap.
1569 4489 1621 4562 7)
1649 4492 1715 4546 de
1740 4501 1927 4547 sancta
1956 4493 2133 4547 Trini-
2165 4518 2211 4576 ο

556 4577 667 4626 tate
696 4569 771 4625 ita
810 4572 1064 4629 disseruit
1111 4576 1295 4633 dicens
1327 4598 1339 4633 :
1390 4598 1409 4630 ι
1465 4580 1811 4653 Semetipsum
1851 4586 2133 4641 exiuanivit

556 4660 783 4731 farinam
808 4666 941 4719 servi
972 4668 1246 4739 accipiens.
1278 4670 1461 4742 Neque
1499 4675 1643 4729 enim
1684 4676 1763 4730 sic
1791 4679 2000 4749 accepit
2029 4678 2136 4735 for-

558 4767 703 4808 mam
741 4757 906 4821 servi,
952 4767 1010 4813 ut
1043 4762 1316 4818 amitteret
1354 4764 1583 4822 formam
1625 4768 1741 4834 Dei,
1790 4770 1843 4824 in
1888 4786 1995 4841 qua
2020 4781 2138 4828 erat

558 4845 779 4914 aequalis
806 4848 973 4904 Patri.
1007 4850 1097 4908 Sic
1138 4868 1266 4926 ergo
1298 4866 1515 4927 accepta
1553 4867 1637 4914 est
1664 4859 1837 4914 forma
1871 4864 2035 4929 servi,
2079 4873 2137 4919 ut

560 4950 667 4991 non
694 4938 1030 4995 amitteretur
1055 4940 1225 4999 forma
1253 4946 1369 5011 Dei,
1417 4963 1539 5003 cum
1578 4952 1632 5005 in
1672 4949 1841 5006 forma
1873 4954 2037 5020 servi,
2082 4963 2139 5010 et

561 5026 616 5082 in
638 5026 810 5084 forma
856 5032 973 5099 Dei,
1002 5033 1142 5090 idem
1175 5038 1286 5105 ipse
1323 5040 1393 5095 sit
1440 5041 1611 5099 Filius
1654 5044 1889 5117 Virginis
1935 5054 1990 5101 et
2044 5045 2139 5101 Dei

559 5118 739 5176 Patris
766 5135 815 5177 ι.
854 5143 872 5176 ι
905 5125 971 5181 Et
1010 5136 1133 5198 post
1177 5144 1346 5200 pauca
1381 5152 1393 5187 :
1430 5152 1448 5185 ι
1481 5134 1713 5193 Proinde
1745 5140 1798 5194 in
1828 5138 2000 5194 forma
2044 5139 2140 5196 Dei

560 5211 689 5268 fecit
715 5214 1005 5285 hominem,
1035 5220 1089 5276 in
1116 5219 1289 5277 forma
1317 5226 1455 5281 servi
1484 5224 1655 5284 factus
1680 5239 1763 5285 est
1785 5232 1966 5287 homo.
2005 5231 2138 5286 Nam

560 5303 607 5359 si
640 5304 800 5361 Pater
838 5316 1046 5365 tantum
1096 5314 1212 5368 sine
1258 5314 1393 5372 Filio
1441 5318 1655 5377 fecissvt
1702 5320 1989 5389 hominem,
2033 5341 2141 5381 non

563 5398 823 5489 scriptum
855 5411 1016 5467 esset,
1048 5402 1335 5463 Faciamus
1363 5410 1623 5468 hominem
1668 5415 1738 5468 ad
1781 5416 2057 5489 imaginem
2095 5430 2143 5476 et

562 5488 957 5548 similitudinem
987 5506 1218 5551 nostram
1246 5499 1397 5570 (Gen.
1430 5520 1470 5568 ι,
1492 5504 1604 5579 28).
1638 5506 1779 5578 Ergo
1806 5488 1932 5577 quia
1971 5510 2142 5568 forma

464 5608 467 5611 λ
567 5579 661 5636 Dei
708 5587 913 5656 accepit
955 5586 1184 5644 formam
1224 5593 1385 5657 servi,
1424 5604 1710 5669 utrumque
1745 5599 1908 5667 Deus,
1936 5610 2146 5658 utrum-

567 5688 673 5745 que
700 5677 890 5747 homo;
924 5680 1015 5737 sed
1053 5691 1342 5756 utrumque
1371 5687 1514 5745 Deus
1549 5700 1769 5764 propter
1790 5694 2145 5767 accipientem

638 5802 667 5851 Ρ
694 5791 965 5868 integrum
992 5806 1203 5879 textum
1235 5801 1357 5861 vide
1387 5803 1489 5861 loc.
1518 5806 1613 5869 cit.

2218 1900 2601 1972 proprietatem
2639 1908 2693 1955 et
2722 1900 2788 1956 ad
2816 1914 2978 1954 unam
3011 1899 3227 1955 deitatis
3263 1900 3599 1970 dignitatem.
3648 1900 3820 1972 Igitur

2222 1993 2361 2048 sicut
2398 1991 2715 2047 Nestoriana
2761 1992 3010 2061 impietas
3055 1991 3110 2045 in
3157 1991 3289 2047 duas
3314 1990 3587 2047 Christum
3624 1991 3820 2048 dividit

2220 2098 2499 2154 personas,
2542 2091 2765 2154 propter
2800 2081 2936 2137 duas
2963 2090 3204 2147 naturas,
3251 2097 3387 2152 quas
3433 2082 3549 2153 ipsa
3577 2083 3815 2149 Veritas,

2222 2190 2343 2247 qum
2362 2174 2609 2230 Christus
2632 2183 2735 2240 est,
2785 2172 2960 2245 palam
3007 2173 3061 2227 in
3105 2187 3164 2227 se
3214 2172 3451 2229 ostendit
3500 2171 3636 2243 ipse,
3684 2172 3817 2229 dum

2224 2271 2299 2324 ait
2325 2287 2336 2322 :
2366 2268 2477 2337 Ego
2503 2276 2553 2322 et
2582 2266 2745 2321 Pater
2764 2282 2927 2320 unum
2956 2280 3136 2320 sumus
3161 2263 3342 2335 (Joan.
3367 2279 3424 2330 x,
3450 2262 3566 2335 '50),
3591 2270 3820 2336 propter

2223 2360 2521 2416 divinitatis
2545 2359 2923 2414 substantiam.
2953 2356 3021 2411 Et
3047 2355 3242 2411 iterum
3270 2371 3290 2411 :
3321 2354 3484 2409 Pater
3518 2355 3694 2426 major
3734 2374 3820 2412 me

2224 2461 2299 2505 est
2346 2450 2527 2521 (Joan.
2574 2465 2687 2513 xw,
2718 2448 2831 2514 20),
2878 2454 3103 2518 propter
3145 2446 3496 2502 humanitatis
3530 2455 3817 2514 naturam;
3893 2515 3896 2518 ξ

2227 2542 2299 2596 ita
2330 2549 2387 2597 et
2421 2548 2599 2596 vestra
2630 2539 2847 2596 indocta
2884 2539 3164 2594 temeritas
3204 2539 3258 2594 in
3303 2537 3439 2594 duos
3472 2554 3595 2594 eum
3624 2537 3820 2595 dividit

2227 2633 2385 2699 filios,
2427 2649 2593 2687 unum
2627 2632 2929 2703 praprium,
2960 2631 3189 2688 alterum
3232 2632 3562 2703 adoptivum.
3598 2631 3657 2689 Si
3683 2649 3818 2690 vero

2226 2725 2472 2781 Christus
2502 2734 2584 2779 est
2612 2724 2861 2795 proprius
2893 2722 3062 2779 Filius
3089 2723 3184 2779 Dei
3212 2722 3393 2780 Patris
3422 2732 3477 2780 et
3506 2724 3814 2796 adoptivus,

2226 2832 2355 2888 ergo
2378 2823 2461 2871 est
2483 2816 2619 2871 alter
2638 2824 2694 2871 et
2714 2815 2869 2870 alter.
2898 2814 3181 2878 Similiter,
3211 2815 3256 2871 si
3285 2815 3338 2869 in
3364 2815 3647 2871 divinitate
3672 2816 3820 2873 Deus

2226 2922 2387 2961 verus
2414 2915 2498 2961 est
2517 2914 2570 2962 et
2596 2906 2648 2960 in
2677 2905 3011 2976 humanitate
3031 2903 3192 2975 795
3219 2904 3360 2960 Deus
3387 2906 3810 2976 nuncupativus,

2228 2998 2367 3052 aiter
2395 2995 2473 3068 [et
2500 2994 2658 3068 alter]
2694 2970 2795 3062 est,
2839 3006 2895 3051 et
2934 2970 3242 3051 nullatenus
3274 2996 3355 3052 sic
3391 2970 3687 3052 sentientes

2230 3088 2384 3144 testis
2401 3089 2553 3144 vobis
2571 3089 2777 3144 evitare
2803 3087 3137 3158 impietatem
3159 3087 3493 3144 Nestorianaa
3513 3090 3778 3146 doctrinae
3801 3106 3817 3146 :

2229 3178 2350 3248 quia
2381 3193 2540 3247 quem
2567 3176 2656 3232 ille
2688 3178 2741 3231 in
2773 3177 2908 3233 duas
2932 3192 3191 3246 personas
3218 3178 3409 3233 dividit
3432 3185 3654 3249 propter
3683 3179 3823 3235 duas

2228 3278 2470 3333 naturas,
2500 3269 2644 3323 hunc
2672 3283 2769 3323 vos
2825 3268 3061 3323 dividitis
3096 3268 3151 3322 in
3186 3267 3322 3323 duos
3352 3267 3492 3323 filios
3518 3274 3575 3324 et
3598 3267 3654 3325 in
3683 3269 3824 3326 duos

2227 3360 2356 3414 deos
2394 3374 2490 3428 per
2516 3355 2818 3426 adoptionis
2849 3369 3045 3411 nomen
3089 3364 3145 3411 et
3181 3357 3614 3426 nuncupationis.
3646 3358 3818 3414 Intelo

2227 3447 2376 3518 ligite
2401 3446 2834 3517 quandoquidem
2877 3445 3022 3499 hunc
3060 3460 3304 3500 errorem
3344 3456 3610 3513 vestrum,
3637 3457 3694 3504 et
3715 3448 3820 3504 hu-

2228 3540 2509 3596 miliamini
2565 3540 2663 3595 sub
2717 3554 2880 3593 manu
2921 3538 3305 3609 omnipotentis
3351 3538 3469 3608 Dei,
3517 3551 3573 3596 et
3622 3542 3820 3599 discite

2227 3631 2474 3685 veritatis
2523 3628 2843 3694 doctrinam,
2890 3643 2957 3684 ne
3007 3628 3126 3684 sitis
3182 3631 3427 3702 magistri
3469 3632 3713 3688 erroris:
3751 3649 3825 3692 ne

2229 3719 2354 3775 dum
2383 3719 2701 3789 Eutychetis
2729 3716 2940 3775 foveam
2967 3718 3259 3785 declinare,
3311 3729 3366 3776 et
3400 3722 3822 3792 permixtionem

2231 3808 2471 3882 [Querc.,
2526 3809 3042 3883 impermixtionem]
3086 3811 3317 3866 duarum
3365 3821 3685 3870 naturarum
3728 3833 3825 3872 ca-

2230 3912 2357 3953 vere
2385 3898 2698 3965 videamini,
2735 3898 2790 3953 in
2816 3898 3049 3954 Nestorii
3084 3900 3403 3958 barathrum
3429 3903 3819 3963 inconvenien-

2229 4001 2312 4047 ter
2352 3993 2635 4048 dividendo
2661 3993 2945 4059 decidatis,
2993 3994 3119 4049 licet
3164 4010 3293 4052 voce
3334 3996 3607 4065 dissimili,
3637 4008 3824 4059 tamen

2230 4084 2566 4142 confessione
2601 4086 2715 4156 pari
2744 4104 2757 4139 :
2790 4102 2950 4156 quem
3000 4088 3144 4143 enim
3195 4087 3322 4144 fecit
3351 4090 3440 4147 ille
3473 4092 3529 4147 in
3571 4095 3824 4163 personis

2231 4177 2462 4231 alterum
2487 4183 2541 4230 et
2572 4175 2822 4239 alterum,
2856 4177 3000 4232 hunc
3036 4193 3134 4232 vos
3160 4177 3339 4235 facitis
3363 4188 3416 4236 et
3446 4180 3500 4237 in
3541 4180 3667 4238 filiis
3686 4184 3827 4240 duo-

2229 4270 2349 4331 bus,
2385 4278 2441 4323 et
2470 4268 2522 4323 in
2548 4268 2847 4325 divinitatis
2868 4269 3181 4326 diversitate
3206 4270 3431 4327 alterum
3463 4282 3521 4329 et
3548 4274 3781 4333 alterum
3808 4295 3824 4333 :

2234 4361 2359 4430 quia
2400 4360 2709 4414 nullatenus
2756 4360 2811 4413 in
2856 4375 3020 4415 unam
3051 4377 3338 4431 personam
3371 4363 3699 4438 conjungere
3726 4384 3827 4439 po-

2234 4452 2389 4507 testis
2425 4450 2571 4505 illum
2603 4451 2691 4520 qui
2723 4451 2798 4505 ait
2842 4450 2897 4505 in
2929 4452 3063 4506 rubo
3093 4451 3259 4523 Moysi
3290 4452 3492 4509 famulo
3522 4470 3621 4511 suo
3653 4474 3667 4510 :
3705 4455 3825 4527 Ego

2235 4558 2351 4597 sum
2382 4541 2519 4595 Deus
2554 4540 2841 4608 Abraham,
2873 4553 2919 4596 et
2971 4541 3107 4597 Deus
3153 4542 3331 4609 Isaac,
3378 4554 3426 4599 et
3470 4546 3611 4602 Deus
3651 4548 3824 4605 Iacob

2238 4630 2391 4706 (Gen.
2421 4648 2612 4696 xxvtn,
2652 4632 2762 4704 15).
2798 4632 2862 4686 Et
2891 4632 3039 4688 illum
3065 4635 3158 4704 qui
3183 4636 3259 4689 ait
3285 4654 3298 4690 :
3329 4635 3497 4692 Deum
3524 4638 3828 4699 Pharaonis

2238 4738 2286 4783 te
2311 4728 2554 4783 constitui
2583 4727 2780 4800 (Exod.
2811 4744 2909 4793 vn,
2948 4729 3022 4801 1).
3057 4729 3210 4786 Unde
3238 4740 3293 4787 et
3315 4733 3507 4789 beatus
3527 4733 3828 4806 Gregorius

2239 4818 2293 4871 in
2315 4819 2548 4888 quadam
2575 4817 2795 4873 bomilia
2822 4818 2876 4873 in
2900 4818 3235 4875 Ezechielem
3255 4823 3572 4892 prophetam
3597 4823 3823 4896 (Homil.

2238 4908 2272 4964 8
2318 4909 2371 4963 in
2413 4908 2632 4975 Ezech.,
2677 4926 2732 4964 ιι.
2782 4908 2860 4981 3),
2908 4910 2961 4965 in
3013 4909 3227 4967 Christo
3269 4912 3491 4968 omnino
3524 4915 3831 4974 naturalem

2240 5006 2472 5054 testatur
2525 4998 2861 5053 divinitatem
2909 5014 3047 5066 esse,
3098 5016 3204 5056 non
3253 5005 3691 5074 nuncupativam.
3732 5005 3830 5064 Ait

2241 5086 2405 5152 enim,
2450 5087 2573 5141 dum
2614 5086 2681 5141 de
2722 5086 2817 5141 Dei
2858 5088 3119 5144 vocabulo
3156 5098 3433 5158 tractaret,
3468 5093 3604 5150 Ecce
3632 5098 3830 5153 consti-

2242 5176 2317 5230 tui
2351 5186 2399 5230 te
2434 5175 2601 5230 Deum
2648 5174 2988 5232 Pharaonis:
3024 5196 3042 5229 ι
3099 5178 3157 5234 In
3210 5178 3492 5252 Scriptura
3533 5198 3691 5240 sacra
3726 5184 3831 5242 ali-

2242 5265 2457 5336 quando
2486 5266 2628 5320 Deus
2658 5269 3038 5338 nuncupative,
3067 5270 3353 5341 aliquando
3390 5288 3520 5330 vero
3562 5276 3706 5333 Deus
3733 5293 3829 5336 es-

2242 5356 2539 5413 sentialiter
2584 5356 2803 5412 dicitur.
2846 5357 3219 5431 Nuncupative
3257 5362 3401 5418 enim
3440 5364 3657 5432 dicitur,
3686 5368 3832 5426 sicut

2243 5461 2387 5502 nunc
2409 5446 2475 5501 ad
2499 5446 2733 5518 Moysem
2763 5448 2965 5505 dictum
2986 5461 3069 5506 est
3097 5466 3112 5505 :
3142 5450 3280 5508 Ecce
3307 5456 3555 5511 constitui
3579 5466 3629 5511 te
3655 5457 3830 5516 Deum

2246 5536 2562 5591 Pharaonis.
2604 5536 2755 5594 Sicut
2790 5540 2983 5595 iterum
3021 5540 3230 5613 Moyses
3265 5544 3342 5598 ait
3374 5563 3387 5600 :
3429 5545 3491 5601 Si
3519 5548 3635 5619 quis
3668 5547 3829 5605 homo

2244 5625 2340 5681 hoc
2362 5626 2436 5681 vel
2463 5627 2597 5682 illud
2632 5627 2833 5697 fecerit,
2875 5629 3077 5701 applica
3106 5631 3253 5688 illum
3285 5634 3355 5689 ad
3391 5635 3537 5705 deos,
3569 5638 3830 5712 videlicet,

2244 5720 2314 5775 ad
2336 5721 2627 5777 sacerdotes
2653 5719 2850 5796 (Exod.
2880 5738 3013 5792 λιιι,
3042 5723 3119 5795 8).
3154 5725 3220 5783 Et
3240 5726 3380 5785 sicut
3400 5727 3686 5797 Psalmista
3707 5734 3785 5803 ait
3813 5750 3829 5798 ς
