4072 6346
529 433 636 522 i59

1355 455 1415 516 Β.
1455 459 1516 514 F.
1549 459 1772 514 ALBINI
1813 435 1944 514 SEU
1982 431 2258 514 ALcijiiv't
2293 433 2576 516 OPERUM
2611 435 2792 516 ms
2827 433 2918 512 ui.

3683 439 3792 518 tio

529 581 620 636 ﬁs.
649 579 794 634 Deus
819 591 954 648 ergo
972 575 1244 634 hominem
1275 571 1588 646 assumpsit,
1625 573 1786 628 homo
1839 549 1892 624 in
1937 569 2106 626 Deum
2209 547 2266 624 in
2309 569 2416 628 hoc
2461 575 2642 626 autem
2683 549 2832 624 illum
2859 561 3170 638 adoptivum
3201 551 3486 650 credimus
3511 553 3656 642 apud
3689 573 3794 628 Pa-

527 667 814 732 transivit;
845 681 950 722 non
979 659 1190 722 naturae
1225 653 1600 726 versihilitate,
1645 657 1742 718 sed
1787 657 1882 714 Dei
1925 655 2108 730 digna-

525 760 700 826 tione,
721 766 780 816 ut
807 773 908 814 nec
933 757 1078 812 Deus
1099 759 1402 810 mutaretur
1429 753 1486 810 in
1529 753 1818 808 humanam
1861 749 2109 806 substan-

525 851 664 926 tiam
691 847 1016 926 assumenda
1053 845 1368 908 hominem;
1417 857 1518 900 nec
1559 843 1720 898 homo
1747 843 1804 898 in
1847 839 2108 908 divinam,

523 940 654 1016 licet
697 939 1024 1012 gloriﬁcatus
1073 939 1128 994 in
1179 937 1370 992 Deum.
1419 955 1446 1012 b‘
1483 935 1618 990 Nam
1667 937 1714 990 si
1763 949 1984 990 necesse
2027 941 2110 990 est

521 1031 834 1102 adoptivum
877 1045 998 1084 esse
1029 1027 1308 1084 Christum
1357 1027 1452 1082 Dei
1481 1025 1680 1094 Patris,
1723 1035 1947 1098 propter
1967 1025 2108 1094 quod

523 1137 592 1178 ex
622 1121 926 1196 substantia
957 1135 1054 1174 sua
1101 1126 1262 1176 natus
1303 1133 1412 1174 non
1439 1125 1522 1172 est
1551 1117 1840 1172 secundum
1866 1131 2104 1194 carnem,

521 1209 794 1282 quomodo
833 1227 942 1266 non
970 1219 1054 1266 est
1093 1211 1374 1286 adoptivus
1405 1211 1546 1266 ﬁlius
1587 1210 1824 1286 Virginis
1874 1210 1960 1264 ille
2015 1209 2106 1278 qui

521 1313 686 1362 natus
709 1313 882 1360 estex
907 1303 1040 1370 Deo,
1055 1303 1178 1378 quia
1205 1303 1268 1358 de
1285 1303 1528 1372 ejusdem
1551 1301 1788 1378 Virginis
1807 1301 2102 1356 substantia

522 1405 742 1452 creatus
771 1411 880 1452 non
905 1395 1042 1468 εειῖ¹
1069 1395 1214 1468 Ergo
1245 1395 1290 1448 si
1339 1407 1560 1450 necesse
1589 1403 1672 1448 εει
1719 1393 1988 1448 hominem
2037 1407 2105 1446 ex

521 1489 744 1562 Virgine
771 1479 980 1554 natum,
1007 1486 1350 1560 Virginisque
1389 1483 1556 1538 lilium
1583 1483 1832 1554 adeptive
1875 1499 1992 1538 esse
2019 1483 2106 1538 Fi-

519 1579 654 1642 lium
683 1577 774 1632 Dei
803 1595 818 1632 :
851 1577 972 1648 ipso
1009 1577 1166 1634 modo
1195 1573 1556 1646 necessarium
1585 1581 1668 1628 est
1693 1573 1860 1628 Deum
1891 1573 1984 1626 Dei
2011 1573 2104 1628 Fi-

521 1661 656 1726 lium
679 1669 926 1738 adoptive
957 1683 1074 1742 esse
1103 1665 1266 1742 lilium
1295 1663 1546 1734 Virginis,
1571 1665 1694 1732 quia
1721 1665 1826 1720 alia
1859 1665 2104 1718 substan-

521 1761 712 1832 tialest
734 1757 832 1814 Dei
859 1758 1064 1834 Patris,
1089 1759 1150 1810 de
1183 1751 1290 1830 qua
1329 1755 1689 1834 essentialitcr
1717 1765 1878 1810 natus
1897 1763 1980 1810 est
2009 1756 2102 1810 Dei

519 1849 724 1924 Filius;
755 1849 861 1904 alia
903 1847 1160 1918 Virginis,
1189 1847 1254 1900 de
1299 1861 1402 1914 qua
1433 1847 1786 1914 corporaliter
1831 1855 1990 1900 natus
2019 1854 2102 1900 est

2211 669 2370 728 trem,
2391 659 2446 716 in
2477 675 2584 732 quo
2611 662 2904 716 secundum
2931 675 3150 716 carnem
3179 660 3322 718 ﬁlius
3345 667 3430 716 est
3457 660 3656 730 David;
3681 679 3792 720 non

2208 760 2390 810 union
2413 753 2466 808 in
2489 753 2590 810 hoc
2609 754 2752 825 quod
2775 753 3032 808 Dominus
3060 753 3264 808 existit.
3303 773 3324 808 ι
3357 753 3414 810 In
3453 753 3638 830 multis
3665 769 3792 812 eum

2209 845 2442 902 dicimus
2467 843 2698 900 similem
2725 853 2780 900 et
2827 861 2944 912 nos,
2971 846 3026 900 in
3049 845 3294 916 pluribus
3335 845 3650 902 dissimilem
3679 846 3792 904 τεὶ-

2208 937 2352 994 milis
2373 939 2436 996 in
2455 945 2677 1014 natura,
2703 945 2764 992 ut
2783 937 2986 1002 dicitis,
3037 938 3132 992 sed
3177 935 3454 994 dissimilis
3495 937 3550 992 in
3593 927 3786 1008 gloria.

2208 1027 2494 1084 Dissimilis
2521 1037 2604 1084 est
2627 1027 2804 1094 nobis,
2833 1029 2876 1084 si
2911 1027 3190 1106 nobiscum
3231 1037 3314 1084 est
3337 1029 3620 1100 adoptivus
3643 1027 3790 1084 illius

2207 1125 2262 1172 et
2289 1117 2684 1188 nuncupativus
2709 1117 2886 1172 Deus?
2913 1117 3100 1174 Videte
3129 1133 3200 1172 ne
3223 1117 3622 1188 vobismetipsis
3659 1131 3792 1174 con-

2209 1199 2378 1264 traria
2403 1209 2594 1268 dicatis
2627 1228 2640 1262 :
2669 1225 2830 1288 quem
2883 1209 3128 1264 asseritis
3167 1210 3222 1264 in
3265 1219 3460 1264 natura
3501 1209 3656 1264 nobis
3689 1201 3798 1280 per

2209 1305 2388 1360 omnia
2415 1305 2670 1370 similem,
2699 1305 2840 1360 hunc
2869 1305 3116 1358 eumdem
3161 1303 3342 1358 dicitis
3387 1303 3706 1358 dissimilem
3731 1304 3790 1358 in

2205 1399 2394 1472 gloria.
2425 1399 2482 1452 in
2511 1399 2614 1452 hoc
2639 1399 2782 1452 enim
2811 1397 3124 1452 dissimilem
3155 1395 3302 1450 illum
3329 1395 3484 1450 nobis
3533 1389 3788 1462 dicimus,

2207 1491 2332 1562 quia
2377 1507 2484 1546 non
2531 1490 2866 1544 solummodo
2891 1505 3060 1558 purus
3091 1489 3252 1544 homo
3297 1495 3458 1544 natus
3503 1495 3606 1554 est,
3645 1489 3790 1566 sicut

2205 1599 2330 1648 nos,
2361 1584 2456 1636 sed
2483 1583 2648 1636 etiam
2671 1583 2816 1638 Deus
2843 1583 3024 1638 homo.
3073 1581 3276 1638 Similis
3305 1583 3358 1636 in
3385 1597 3452 1638 eo
3477 1583 3618 1652 quod
3643 1583 3790 1654 Apo-

2207 1675 2374 1732 stolus
2405 1675 2502 1738 ait,
2527 1677 2652 1744 quia
2677 1675 2824 1744 pueri
2849 1675 3356 1728 communicaverunt
3395 1675 3542 1728 carni
3577 1683 3626 1728 et
3653 1691 3786 1730 san-

2207 1765 2386 1836 guini:
2413 1773 2460 1818 et
2487 1765 2594 1836 ipse
2615 1763 2854 1818 similiter
2879 1765 3206 1834 participavit
3233 1762 3448 1828 eisdem,
3469 1775 3522 1816 ut
3537 1779 3628 1834 per
3645 1779 3790 1816 mor-

2207 1867 2306 1908 tem
2357 1853 2640 1908 destrueret
2692 1870 2806 1906 eum
2861 1855 2950 1923 qui
3005 1851 3224 1904 habebat
3271 1853 3452 1906 mortis
3509 1853 3786 1922 imperium

520 1921 788 1998 Christus.
815 1939 922 1994 Aut
947 1907 1122 1994 sivhoc
1149 1953 1252 1990 non
1283 1937 1494 1992 audetis
1527 1907 1736 2002 dicere,
1767 1937 1892 2004 quia
1941 1935 2100 1990 Chri-

2205 1943 2477 2016 (llebr.n,
2513 1943 2634 2014 li);
2667 1907 2943 1997 dissimilis
2965 1957 3090 1996 vero
3131 1941 3184 1994 in
3237 1955 3302 1996 eo
3345 1939 3488 2012 quod
3535 1907 3790 1998 eamdem

515 2033 756 2088 stianum
783 2045 978 2086 nomen
1019 2029 1252 2095 habetis,
1285 2037 1347 2084 ut
1367 2030 1524 2084 beata
1553 2029 1716 2100 Virgo
1747 2043 1852 2084 non
1879 2029 1948 2084 sit
1979 2045 2102 2098 pro-

513 2125 634 2198 prie
663 2123 756 2178 Dei
785 2123 1038 2194 geniti-ix;
1066 2123 1158 2176 sed
1185 2139 1280 2192 per
1309 2119 1672 2192 adoptionem,
1696 2137 1904 2192 aequum
1935 2131 2018 2176 est
2045 2131 2102 2174 ιιι

517 2229 624 2288 non
645 2215 891 2288 audeatis
911 2213 1178 2268 afﬁrmare
1199 2213 1362 2268 lilium
1395 2213 1628 2282 Virginis
1651 2213 1958 2288 adoptivum
1983 2227 2100 2266 esse

517 2285 614 2364 Dei
641 2281 820 2364 ‘Patris
845 2307 1060 2360 Filium.
1079 2305 1216 2374 Quid
1239 2308 1402 2378 igitur
1419 2281 1586 2360 restat
1613 2303 1712 2358 nisi
1743 2313 1800 2358 ut
1823 2285 2102 2374 utriusque

515 2399 758 2474 parentis
805 2413 967 2452 verus
1011 2385 1064 2452 et
1107 2397 1386 2480 [perlectus
1431 2397 1482 2450 in
1535 2395 1740 2450 duabus
1785 2387 2100 2474 substantiis

516 2471 676 2542 .lesus
699 2485 948 2542 Christus
977 2487 1048 2540 sit
1279 2471 1448 2540 Filius
1477 2494 1620 2540 totus
1641 2487 1736 2539 Dei
1767 2471 1945 2540 Patris
1969 2501 2097 2556 pro-

513 2580 689 2656 prius,
731 2587 878 2634 totus
901 2577 1138 2656 Virginis
1181 2579 1372 2630 matris
1409 2577 1682 2648 proprius,
1733 2585 1794 2630 ut
1841 2577 1912 2632 sit
1961 2593 2100 2632 unus

513 2649 788 2746 illiriStus,
815 2687 954 2726 unus
977 2649 1170 2734 Filius,
1198 2667 1250 2724 ct
1279 2687 1416 2724 unus
1443 2659 1617 2726 Deus?
1941 2741 1946 2746 _

587 2743 724 2834 XIV.
749 2759 1046 2818 Audiamus
1075 2759 1202 2832 quid
1233 2751 1420 2818 beatus
1445 2757 1776 2834 Augustinus
1799 2763 1852 2818 in
1870 2743 2096 2834 epistola

516 2853 584 2912 ad
611 2833 872 2910 llilarlum
901 2865 956 2910 et
993 2853 1316 2924 Prosperum
1337 2867 1362 2894 ι
1393 2855 1458 2910 de
1477 2833 1592 2928 hac
1633 2855 1864 2910 mirabili
1891 2833 1945 2910 et
1975 2871 2098 2928 Spe—

501 2931 646 3000 .ciali
675 2939 878 3000 Christi
901 2935 1178 3000 nativitate
1201 2945 1346 3006 dicat
1375 2959 1388 2998 :
1425 2963 1444 2994 ί
1474 2941 1898 3016 Respondentur,
1925 2943 2098 3016 inquit

515 3035 628 3102 ille,
660 3035 823 3092 homo
847 3043 906 3090 ut
931 3051 962 3090 a
989 3033 1156 3090 verbo
1181 3043 1449 3090 eoa-terno
1479 3037 1532 3090 in
1565 3037 1822 3090 unitatem
1851 3053 2096 3106 persona!

517 3127 826 3198 assumptus
873 3123 1038 3182 Filius
1081 3109 1174 3180 Dei
1229 3125 1536 3197 unigenitus
1581 3133 1745 3190 esset,
1805 3127 1943 3180 unde
1997 3125 2098 3179 hoc

515 3217 712 3276 meruit
739 3229 932 3274 natura
953 3215 1208 3282 humana,
1230 3227 1290 3272 ut
1312 3215 1378 3270 ad
1407 3217 1544 3270 hanc
1567 3215 1888 3272 ineffabilem
1919 3215 2094 3269 excel-

513 3295 740 3368 lentiam
789 3309 1128 3382 perveniret?
1165 3295 1350 3364 Nonne
1391 3307 1618 3364 faciente
1663 3323 1726 3362 ac
1773 3309 2094 3376 suscipiente

517 3385 697 3462 Verbo
717 3401 832 3476 ipse
857 3403 1038 3468 homo,
1068 3419 1134 3458 ex
1157 3419 1264 3474 quo
1289 3417 1408 3458 esse
1435 3401 1622 3471 cmpit,
1651 3383 1820 3456 Filius
1851 3401 1946 3458 Dei
1975 3403 2098 3456 uni-

515 3495 614 3552 cus
659 3511 780 3552 esse
821 3491 1022 3566 erepit?
1057 3483 1244 3550 Nonne
1291 3491 1482 3546 Filium
1529 3491 1622 3546 Dei
1653 3491 1870 3546 unicum
1899 3489 2098 3546 femina

517 3587 608 3640 illa
638 3585 810 3656 gratia
837 3581 996 3658 plena
1021 3583 1302 3654 concepit?
1335 3581 1522 3636 Nonne
1565 3581 1630 3636 de
1680 3575 1882 3650 Spiritu
1909 3591 2098 3636 sancto

520 3683 576 3730 et
595 3673 804 3752 virgine
831 3673 1000 3729 Maria
1023 3673 1114 3729 Dei
1145 3673 1311 3728 Filius
1333 3673 1522 3728 unicus
1549 3681 1706 3728 natus
1731 3683 1832 3738 est,
1855 3689 1960 3728 non
1978 3689 2096 3726 car-

517 3765 602 3824 nis
627 3763 866 3834 libidine,
897 3767 992 3822 sed
1020 3765 1276 3838 singulari
1311 3755 1402 3820 Dei
1431 3765 1690 3818 munere?
1721 3784 1742 3817 ι
1791 3755 1930 3832 Quid
1967 3779 2096 3836 ergo

517 3861 884 3934 ambiguitatis
927 3855 1088 3916 liabet
1117 3859 1248 3914 tanti
1297 3857 1474 3912 Patris
1525 3855 1923 3912 testimonium?
1957 3857 2096 3912 Ecce

515 3973 638 4016 etilli
661 3955 752 4026 qui
789 3955 854 4010 de
881 3949 1096 4026 Virgine
1127 3959 1282 4006 natus
1309 3959 1414 4016 est,
1433 3949 1764 4020 unigenitum
1791 3957 1846 4004 et
1875 3947 2094 4002 unicum

517 4029 610 4104 Dei
637 4029 832 4102 Filium
859 4061 966 4100 non
995 4043 1260 4100 dubitavit
1281 4045 1560 4098 nominare
1599 4051 1656 4095 ει
1675 4041 1912 4096 credere.
1949 4039 2095 4092 Nun—

453 4203 464 4214 ‘
515 4135 644 4212 quid
677 4153 814 4192 unus
857 4133 1026 4190 Filius
1071 4133 1230 4188 unius
1277 4131 1450 4184 Patris
1499 4137 1680 4200 potest
1727 4137 2016 4198 utrumque
2039 4135 2094 4182 et

513 4227 706 4282 unicus
733 4241 852 4284 esse
881 4235 934 4282 et
957 4219 1276 4296 adoptivus?
1299 4221 1394 4278 Vel
1419 4221 1486 4276 de
1505 4219 1744 4291 quolibet
1783 4229 2092 4274 sanctorum

515 4317 736 4390 legitur,
753 4317 856 4372 nisi
881 4319 946 4372 de
969 4315 1186 4370 Christo
1207 4313 1342 4378 solo,
1371 4313 1462 4384 qui
1483 4321 1642 4368 natus
1655 4321 1738 4368 est
1757 4327 1824 4368 ex
1849 4311 2090 4384 Virgine,

515 4411 852 4482 unigenitum
879 4401 972 4464 Dei
1003 4409 1198 4462 Filium
1227 4407 1367 4462 dici?

589 4491 698 4560 XV.
743 4503 810 4556 Et
833 4501 880 4556 si
905 4517 1094 4574 parum
1137 4499 1358 4554 creditis
1413 4499 1732 4556 testimoniis
1781 4509 2090 4556 sanctorum

513 4575 976 4658 llatrum,credite
997 4593 1098 4662 ipsi
1128 4581 1222 4646 Dei
1251 4589 1384 4646 Filio
1409 4593 1474 4646 de
1503 4607 1560 4646 se
1583 4593 1948 4648 testimonium
1965 4607 2089 4664 pro-

515 4673 728 4740 lbrenti.
757 4685 849 4740 Ait
867 4683 1009 4740 enim
1043 4685 1096 4738 in
1121 4683 1442 4752 Evangelio:
1469 4683 1556 4738 Sic
1585 4685 1722 4738 enim
1741 4683 1926 4740 dilexit
1947 4683 2088 4740 Deus

513 4769 788 4842 mundum,
811 4785 866 4830 ut
893 4773 1090 4828 Filium
1111 4791 1264 4829 suum
1295 4775 1617 4846 unigenitum
1639 4765 1786 4829 daret
1806 4775 1983 4848 (Joun.
2001 4791 2086 4842 ιιι,

515 4867 626 4942 16);
673 4871 806 4940 Quis
855 4877 1032 4924 autem
1081 4869 1236 4922 datus
1283 4877 1366 4922 est
1413 4883 1508 4938 pro
1539 4867 1720 4922 mundi
1751 4865 1958 4922 salute?
1997 4865 2090 4922 Ille

515 4963 696 5034 utique
725 4963 816 5038 qui
843 4961 1078 5016 torcular
1105 4959 1334 5014 calcavit
1360 4959 1526 5024 solus,
1556 4967 1612 5014 et
1657 4961 1932 5030 sanguinis
1957 4957 2090 5012 cliu-

513 5057 664 5112 sione
683 5045 976 5110 rubicunda
991 5053 1178 5108 habuit
1201 5043 1542 5118 vestimenta,
1571 5069 1730 5124 quem
1749 5069 1840 5106 vos
1859 5067 1954 5124 per
1973 5069 2092 5106 om-

513 5149 602 5202 nia
633 5127 862 5202 similem
889 5161 1010 5202 esse
1037 5147 1212 5210 nobis,
1243 5147 1445 5216 absque
1473 5143 1588 5216 lege
1615 5145 1844 5214 peccati,
1869 5153 2088 5200 conten-

513 5237 662 5304 ditis,
693 5237 832 5294 sicut
859 5237 912 5292 in
937 5235 1102 5292 libelli
1131 5237 1294 5294 vestri
1325 5237 1464 5292 serie
1507 5233 1826 5300 ostenditur,
1869 5245 1928 5290 ut
1973 5237 2088 5308 ipsa

513 5313 676 5386 verba
699 5345 964 5408 ponamus
991 5345 1111 5400 quae
1133 5345 1228 5384 vos
1253 5329 1308 5382 in
1357 5329 1546 5382 eodem
1583 5323 1860 5396 posuistis,
1905 5327 2088 5382 dicen-

513 5429 598 5478 tes
627 5419 640 5474 ἑ
677 5439 696 5472 ι
725 5419 842 5474 Non
869 5417 924 5474 in
945 5419 1118 5490 gloria
1147 5417 1382 5482 deitatis,
1409 5415 1460 5470 in
1485 5431 1586 5486 qua
1615 5431 1712 5484 per
1738 5417 1916 5470 omnia
1939 5417 2090 5472 simi-

511 5499 577 5566 lis
602 5507 688 5565 est
725 5503 895 5574 Patri,
929 5507 1206 5564 dissimilis
1233 5521 1358 5558 vero
1407 5505 1550 5558 cunni
1581 5515 1871 5570 creatur-ae;
1911 5507 2004 5558 sed
2031 5507 2086 5560 in

511 5601 626 5656 sola
653 5599 1012 5664 humanitate,
1045 5597 1098 5650 in
1125 5611 1227 5664 qua
1251 5609 1348 5666 per
1375 5593 1555 5648 omnia
1587 5593 1776 5650 similis
1805 5595 1978 5650 factus
2005 5603 2090 5652 est

515 5691 692 5756 nobis,
721 5699 946 5762 excepta
977 5681 1095 5762 lege
1111 5685 1346 5758 peccati;
1375 5679 1565 5741 similis
1585 5685 1768 5754 utique
1793 5687 1848 5740 in
1869 5693 2084 5756 natura,

515 5781 602 5836 cui
625 5789 804 5836 tamen
825 5781 1004 5836 nullus
1017 5779 1208 5836 similis
1229 5785 1430 5848 exstat,
1455 5777 1540 5834 vel
1565 5777 1788 5860 manalis
1811 5777 1868 5836 in
1887 5777 2084 5848 gloria.

587 5901 616 5934 ι
639 5891 876 5964 Epistola
905 5893 1108 5966 ignota.

2201 2043 2432 2090 mortem
2461 2051 2564 2090 non
2595 2033 2792 2088 misera
2823 2033 3162 2096 necessitate,
3201 2025 3296 2088 Sed
3323 2029 3664 2088 misericordi
3691 2049 3794 2090 vo-

2201 2125 2404 2182 l'._mtat.e
2431 2125 2686 2194 SllSthllll,
2713 2127 2829 2194 ipso
2859 2133 3086 2178 testante
3121 2143 3133 2176 :
3167 2109 3484 2178 Poteslatem
3509 2113 3671 2180 habeo
3691 2144 3792 2198 po-

2203 2201 2356 2272 nendi
2405 2217 2638 2270 animum
2679 2231 2867 2282 neeum,
2921 2227 2970 2270 et
3009 2207 3314 2286 potestatem
3351 2217 3516 2272 habeo
3543 2217 3788 2272 sumendi

2201 2325 2316 2362 eam
2346 2307 2525 2380 (Ιοι-ιιι.
2561 2325 2617 2374 x,
2669 2309 2783 2378 18);
2827 2325 2949 2362 nam
3003 2325 3100 2364 nos
3147 2307 3474 2366 necessitate
3521 2311 3794 2368 morimur

2199 2417 2308 2456 non
2337 2401 2634 2464 voluntate,
2663 2401 2802 2454 sicut
2825 2401 3114 2472 Apostolus
3135 2403 3208 2456 a'it
3235 2421 3248 2456 :
3279 2401 3346 2456 In
3367 2403 3462 2458 hoc
3483 2405 3618 2474 enim
3639 2405 3790 2474 inge-

2199 2491 2486 2552 miscimus,
2507 2490 2646 2562 quod
2675 2493 3006 2560 super-vestiri
3033 2491 3288 2556 volumus,
3331 2481 3386 2546 ut
3439 2471 3790 2548 absorbeatur

2197 2565 2294 2636 [ioc
2323 2581 2540 2635 mortale
2567 2599 2598 2634 α
2631 2583 2732 2636 vita
2757 2581 2842 2654 (ΙΙ
2871 2581 2992 2636 Cor.
3021 2577 3074 2648 v,
3109 2581 3184 2654 4).
3229 2583 3296 2638 Et
3329 2585 3382 2638 in
3413 2585 3514 2638 hoc
3543 2583 3786 2640 dissimi-

2199 2669 2264 2724 lis
2283 2669 2424 2740 quod
2449 2687 2574 2724 caro
2599 2671 2764 2736 illius,
2807 2689 2966 2742 quam
3010 2673 3074 2726 de
3113 2671 3332 2746 Virgine
3357 2667 3606 2746 sumpsit,
3649 2687 3784 2732 caro

2197 2771 2280 2816 est
2327 2761 2446 2816 Filii
2491 2759 2588 2816 Dei
2639 2771 2857 2832 propter
2882 2765 3134 2818 unionem
3161 2745 3346 2828 Verbi,
3377 2745 3522 2836 quod
3543 2765 3672 2820 caro
3703 2765 3786 2822 ῆι·-

2197 2863 2343 2908 ειιιιιι
2375 2861 2476 2908 est.
2509 2855 2582 2908 De
2605 2853 2760 2924 cujus
2787 2857 3204 2926 supereminenti
3233 2849 3400 2928 gloria
3427 2847 3478 2912 et
3511 2851 3786 2928 incolimu-

2199 2947 2352 3002 rabili
2375 2947 2624 3002 omnibus
2649 2949 2870 3014 sanctis,
2915 2941 3058 3002 illius
3087 2943 3270 3018 utique
3319 2943 3410 3018 qui
3459 2965 3524 3004 ex
3557 2933 3784 3022 Virginia

2199 3041 2374 3094 factus
2399 3045 2498 3106 est,
2530 3055 2692 3094 verus
2720 3041 2786 3096 sit
2815 3041 3122 3110 unigenitu‘s
3167 3039 3260 3096 Dei
3305 3033 3492 3104 Filius,
3525 3039 3786 3112 praefatus

2197 3143 2350 3210 pater
2379 3129 2706 3202 Augustinus
2733 3133 2786 3186 in
2831 3132 2968 3186 libro
2995 3149 3154 3202 quem
3179 3125 3546 3188 chraescntia
3579 3119 3672 3190 Dei
3711 3135 3786 3188 ad

2199 3221 2506 3276 Dardanum
2561 3223 2776 3292 scripsit
2821 3221 3008 3292 (Num.
3042 3221 3154 3294 40),
3187 3215 3506 3276 mirabiliter
3533 3221 3586 3278 et
3613 3223 3784 3278 subli-

2205 3311 2365 3366 miter
2395 3313 2670 3372 disseruit,
2703 3311 2772 3364 ita
2803 3309 2986 3364 dicens
3027 3329 3038 3363 :
3079 3329 3094 3360 ι
3133 3309 3270 3378 Quid
3311 3325 3438 3380 ergo
3465 3313 3580 3364 est?
3607 3309 3784 3366 hocne

2201 3395 2463 3458 interesse
2485 3401 2816 3454 arbitramur
2863 3399 3004 3454 inter
3031 3409 3192 3470 caput
3233 3407 3288 3454 et
3317 3393 3554 3454 membra
3583 3399 3780 3456 emtam

2200 3493 2344 3564 quod
2367 3493 2416 3547 in
2443 3493 2680 3564 quolibet
2701 3489 2946 3568 quamvis
2974 3495 3238 3562 praecipuo
3261 3491 3524 3568 membro,
3549 3493 3692 3549 velut
3723 3489 3780 3550 in

2201 3579 2378 3654 aliquo
2399 3599 2594 3654 magno
2623 3583 2884 3654 propheta
2911 3589 3004 3636 aut
3029 3569 3268 3654 apostolo"
3307 3581 3554 3652 quamvis
3585 3585 3782 3640 divini-

2201 3665 2282 3726 tas
2309 3661 2534 3736 habitet,
2583 3689 2688 3726 non
2737 3669 2915 3726 tamen
2955 3677 3014 3726 ut
3039 3665 3092 3726 in
3119 3673 3313 3744 capite,
3343 3665 3486 3742 quod
3511 3681 3594 3728 est
3621 3663 3780 3729 Chri-

2199 3771 2334 3828 stus,
2363 3765 2538 3818 omnis
2563 3763 2836 3836 plenitudo
2879 3759 3192 3818 divinitatis.
3241 3761 3374 3818 Nam
3427 3769 3482 3818 et
3509 3763 3566 3817 in'
3595 3763 3780 3820 nostro

2197 3871 2426 3926 corpore
2451 3857 2590 3912 inest
2619 3857 2811 3912 'sensus
2852 3856 3076 3928 singulis
3103 3855 3376 3922 membris,
3405 3841 3500 3914 sed
3519 3853 3628 3912 non
3659 3855 3780 3912 tan-

2195 3935 2282 4000 tus
2299 3953 2530 4016 quantus
2555 3947 2608 4000 in
2635 3947 2826 4018 capite,
2853 3949 2942 4002 ubi
2959 3963 3178 4018 prorsus
3201 3947 3376 4004 omnis
3393 3949 3630 4020 quinque
3645 3957 3776 4020 ρει-«ὲ

2197 4037 2326 4096 titus
2353 4045 2456 4096 est.
2479 4035 2554 4096 lbi
2583 4041 2730 4096 enim
2758 4029 2812 4096 et
2837 4041 2982 4098 visus
3003 4049 3106 4106 est,
3129 4053 3182 4098 et
3199 4037 3430 4108 auditus,
3452 4049 3508 4098 et
3521 4041 3774 4110 olfactus,

2195 4143 2251 4188 et
2295 4141 2504 4206 gustus,
2556 4141 2612 4187 et
2655 4141 2877 4189 tactus:
2925 4135 2976 4190 in
3027 4133 3238 4190 caeteris
3277 4145 3454 4190 autem
3509 4125 3656 4191 solus
3691 4139 3780 4192 est

2196 4223 2390 4280 metus.
2419 4225 2502 4278 An
2532 4225 2692 4278 etiam
2725 4235 2924 4294 prmtcr
2969 4225 3074 4282 hoc
3123 4225 3264 4298 quod
3313 4219 3459 4282 velut
3493 4227 3542 4281 in
3575 4229 3778 4298 templo

2195 4315 2248 4370 in
2281 4317 2370 4374 illo
2395 4333 2620 4386 corpore
2665 4315 2868 4372 habitat
2917 4319 3092 4374 munis
3133 4313 3408 4390 plenitudo
3453 4303 3776 4388 divinitatis,

2194 4415 2278 4464 est
2305 4405 2474 4470 aliud,
2505 4407 2646 4476 quod
2675 4407 2886 4463 intersit
2913 4407 3054 4464 inter
3105 4409 3232 4465 illud
3281 4405 3440 4480 caput
3475 4405 3526 4466 et
3555 4409 3780 4480 cujusli-

2191 4487 2536 4556 betmembii
2563 4493 2970 4556 excellentiam?
3007 4491 3102 4556 Est
3143 4501 3318 4572 plane,
3347 4501 3486 4570 quod
3513 4501 3776 4572 singulari

2115 4621 2168 4692 Β
2197 4593 2426 4662 (prodam
2457 4591 2796 4661 susceptione
2825 4587 3058 4647 hominis
3077 4587 3216 4648 illius
3245 4609 3350 4670 una
3381 4587 3518 4648 facta
3549 4605 3630 4648 est
3649 4607 3778 4664 per-

2193 4699 2324 4738 sona
2371 4699 2492 4738 cum
2539 4677 2740 4738 Verbo.
2775 4681 2850 4738 De
2895 4685 3040 4740 nullo
3069 4687 3214 4740 enim
3459 4681 3776 4740 sanctorum

2192 4773 2298 4832 ι]ἰεί
2317 4777 2511 4852 potuit,
2543 4783 2632 4827 aut
2664 4773 2861 4844 potest,
2891 4783 2984 4830 aut
3013 4765 3232 4844 poterit,
3271 4771 3496 4828 Verbum
3533 4789 3656 4828 caro
3685 4773 3776 4842 {a-

2191 4865 2352 4926 etum.
2383 4863 2570 4924 Nullus
2621 4877 2926 4922 sanctorum
2967 4863 3204 4938 qualibet
3249 4865 3554 4936 praestantia
3581 4865 3774 4938 gratia!

2191 4951 2452 5030 unigeniti
2481 4973 2674 5012 nonicn
2701 4957 2928 5028 accepit,
2961 4969 3017 5012 ut
3037 4959 3178 5028 quod
3203 4955 3284 5012 est
3315 4957 3488 5028 ipsum
3515 4957 3610 5014 Dei
3637 4959 3776 5014 Ver-

2191 5047 2318 5104 bum
2349 5061 2472 5102 ante
2501 5043 2714 5112 saw-uia,
2743 5049 2844 5104 hoc
2869 5049 3026 5104 simul
3071 5067 3194 5104 eum
3241 5043 3514 5120 assumpto
3551 5049 3772 5108 homine

2191 5137 2480 5204 diceretur.
2531 5131 2832 5208 Singularis
2885 5149 2966 5194 est
3023 5137 3118 5194 illa
3175 5135 3465 5212 susceptio,
3513 5157 3614 5196 nec
3641 5157 3768 5198 cum

2189 5229 2498 5286 hominibus
2517 5229 2785 5300 aliquibus
2817 5231 3020 5286 sanetis
3047 5221 3376 5300 quantalibet
3423 5229 3687 5302 sapientia
3711 5243 3768 5290 et

2189 5317 2474 5376 sanctitate
2511 5319 2893 5390 praestantibus
2931 5321 3040 5378 ullo
3080 5321 3237 5378 modo
3265 5311 3440 5394 potcsi
3467 5335 3588 5378 esse
3611 5339 3766 5378 com-

2189 5413 2384 5474 munis,
2405 5411 2492 5464 uhi
2516 5409 2706 5465 divitur
2723 5409 2908 5482 gratia:
2935 5415 3068 5468 satis
3089 5409 3426 5484 persgiicu'um'
3451 5409 3768 5480 clarumque

2189 5499 2572 5556 documentum
2601 5503 2700 5555 est.
2729 5501 2859 5570 Quis
2901 5503 3042 5558 enim
3087 5511 3198 5558 tam
3247 5503 3318 5558 sit
3363 5501 3674 5574 sacrilegus,
3707 5511 3770 5558 ut

2189 5591 2380 5644 audeat
2409 5589 2696 5650 allirmarc.
2727 5593 2958 5662 aliquam
3009 5595 3164 5662 p'oSse
3205 5593 3438 5648 animam
3479 5603 3576 5662 per
3603 5589 3772 5648 meri-

2189 5689 2302 5736 tum
2327 5681 2478 5736 liberi
2509 5683 2744 5748 arbitrii,
2773 5681 2830 5738 ut
2855 5679 2992 5738 alter
3015 5681 3086 5738 sit
3125 5675 3390 5750 Christus,
3417 5679 3660 5740 emaci-et
3693 5681 3770 5740 Ut

2189 5777 2336 5834 enim
2377 5777 2446 5834 ad
2488 5793 2774 5848 personam
2815 5777 2978 5836 Verbi
3023 5779 3286 5852 unigeniti
3307 5777 3626 5850 pertineret,
3653 5791 3770 5848 quo
