4072 6346
522 295 627 355 1ιὸ

1368 300 1430 358 Β.
1469 300 1532 360 F.
1572 300 1799 358 ALBlNl
1840 300 1971 359 SEU
2011 297 2289 356 ALCUlNl
2325 299 2610 358 OPERUM
2645 301 2826 360 PARS
2862 296 2951 360 ΙΙΙ.

3687 297 3793 359 144

520 412 740 469 futurus
783 419 902 467 erat
928 412 1074 470 Deus
1111 411 1166 468 in
1205 413 1579 483 parturitione.
1617 413 1684 467 Et
1708 414 1835 482 quid
1876 414 1940 468 de
1968 412 2102 477 Deo,
2132 411 2183 469 Δ
2210 426 2403 481 corpus
2449 413 2661 468 Domini
2710 413 2946 469 Thomas
2988 408 3263 483 apostolus
3314 409 3606 483 contigisse
3628 452 3644 478 ,
3693 430 3799 469 nec

521 504 628 562 nisi
657 504 798 560 Deus
828 505 978 560 nasci
1004 505 1210 575 potuit?
1239 503 1468 575 Spiritus
1516 514 1592 558 est
1639 504 1780 558 Deus
1812 504 1992 576 (Joan.
2028 520 2099 569 IV,

521 595 641 665 24),
671 595 1032 667 utApostolus
1057 598 1161 662 ait;
1193 597 1259 651 de
1286 612 1391 666 quo
1434 598 1645 666 spiritu,
1697 605 1757 650 ut
1780 598 1833 651 in
1862 596 2104 667 symbolo

522 689 873 753 cantitamus,
903 704 970 743 ex
998 687 1163 742 Maria
1206 688 1412 756 virgine
1462 696 1620 742 natus
1661 696 1750 742 est
1790 687 1957 742 Filius
1981 687 2101 741 Dei.

522 780 743 836 Addidit
763 795 975 850 quoque
1001 779 1263 850 quaerenti
1292 779 1494 847 Virgini
1531 777 1885 850 archangelus
1910 798 1921 831 :
1952 776 2107 832 Ideo-

522 886 623 943 que
646 870 785 943 quod
811 887 875 924 ea;
900 881 949 923 te
974 880 1217 925 nascetur
1245 881 1503 933 sanctum,
1527 870 1793 923 vocabitur
1816 868 1985 923 Filius
2008 868 2105 921 Dei

522 959 680 1033 (Luc.
713 977 752 1027 ι,
781 960 893 1034 '55).
920 960 1031 1016 Hoc
1059 970 1142 1015 est
1166 962 1379 1016 dicere:
1412 976 1515 1015 non
1549 961 1760 1030 ignores
1783 960 1924 1014 hunc
1945 968 2107 1013 tantae

523 1054 603 1110 rei
631 1063 968 1126 apparatum,
996 1062 1099 1110 hoc
1124 1056 1255 1109 tanti
1277 1055 1515 1126 mysterii
1539 1061 1931 1108 sacramentum
1955 1070 1967 1105 :
1989 1050 2107 1104 ideo

523 1144 578 1199 in
610 1153 661 1200 te
683 1146 859 1200 vz-niet
884 1144 1138 1214 maiestas
1161 1145 1274 1208 Dei,
1306 1146 1431 1214 quia
1458 1159 1524 1198 ex
1571 1152 1623 1199 te
1662 1152 1913 1197 nascetur
1942 1142 2108 1196 Filius

521 1233 642 1289 Dei.
676 1235 814 1302 Quid
858 1236 947 1290 hic
994 1237 1134 1290 ultra
1188 1236 1387 1305 ambigi
1446 1242 1540 1288 aut
1590 1234 1715 1304 quid
1743 1233 1972 1301 amplius
2001 1231 2107 1285 dici

517 1328 733 1397 potest?
763 1328 931 1382 Deum
955 1329 1093 1382 dixit
1128 1337 1596 1397 superventurum,
1635 1327 1729 1380 Dei
1772 1325 1965 1380 Filium
2014 1338 2110 1377 na-

522 1419 808 1473 sciturum.
863 1418 942 1472 Tu
991 1434 1169 1487 quaere
1200 1435 1359 1484 nunc,
1389 1420 1433 1473 si
1476 1419 1668 1489 placet,
1710 1418 1978 1488 quomodo
2018 1424 2110 1469 aut

523 1507 619 1563 Dei
658 1508 828 1563 Filius
867 1510 970 1562 sit?
998 1510 1265 1578 quomodo
1287 1518 1379 1563 aut
1410 1509 1502 1563 Dei
1536 1509 1701 1563 Filius
1728 1524 1834 1563 non
1882 1510 1970 1572 sit,
2018 1507 2109 1577 qui

524 1607 684 1654 natus
738 1600 854 1654 est?
899 1601 983 1653 vel
1038 1600 1084 1655 si
1136 1601 1233 1655 Dei
1292 1601 1459 1655 Filius
1500 1601 1602 1667 sit,
1651 1602 1919 1670 quomodo
1968 1600 2109 1656 Deus

524 1706 630 1745 non
672 1691 783 1745 sit?

533 1826 539 1832 .
593 1781 774 1836 XVIII.
801 1783 859 1838 Si
896 1787 1029 1839 Vero
1056 1799 1157 1839 nec
1184 1783 1634 1854 archangelorum
1663 1784 1840 1839 credis
1868 1784 2109 1839 testimo-
2140 1766 2186 1825 Β

522 1874 637 1939 nio,
686 1876 845 1929 crede
881 1875 1071 1929 saltem
1118 1876 1285 1943 ipsius
1332 1875 1424 1928 Dei
1469 1874 1668 1940 Patris,
1716 1874 1806 1944 qui
1848 1875 1961 1940 ait,
2020 1875 2109 1928 ubi

524 1966 940 2035 transliguratus
984 1974 1067 2020 est
1113 1965 1361 2020 Christus
1401 1966 1453 2019 in
1497 1975 1678 2021 monte
1715 1974 1923 2030 sancto,
1966 1966 2115 2029 sicut

521 2056 910 2125 praediximus:
962 2055 1061 2110 Hic
1085 2066 1158 2111 est
1189 2057 1360 2111 Filius
1394 2076 1559 2124 meus,
1604 2061 1658 2113 in
1680 2076 1781 2130 quo
1821 2059 1948 2112 mihi
1992 2058 2114 2112 bene

521 2146 833 2217 complacui,
884 2149 1051 2219 ipsum
1092 2150 1269 2202 audite
1311 2148 1524 2218 (Matth.
1559 2166 1640 2212 ιιι,
1675 2148 1782 2220 l7).
1835 2150 2004 2216 Quam
2035 2149 2115 2203 vi-

523 2238 732 2294 sionem
763 2242 1019 2311 ριοιιξρερίι
1045 2241 1299 2312 apostolis
1331 2251 1530 2307 tacere,
1554 2244 1724 2297 donec
1754 2242 1920 2297 Filius
1945 2242 2115 2297 homi-

525 2331 611 2385 nis
635 2346 665 2384 a
696 2334 919 2387 mortuis
950 2342 1287 2404 resurgeret;
1339 2350 1407 2388 ne
1433 2334 1559 2388 dum
1588 2334 1755 2405 gloria
1785 2335 2111 2404 prtedicare-

525 2431 618 2477 tur
646 2425 963 2495 majestatis,
1018 2428 1195 2480 crucis
1236 2427 1551 2496 mysterium
1586 2427 1953 2496 impediretur.
2006 2426 2116 2481 Cur

526 2515 692 2581 enim,
727 2516 771 2570 si
799 2517 864 2570 de
909 2517 1086 2570 divina
1116 2526 1306 2571 natura
1336 2518 1426 2572 Dei
1459 2517 1579 2571 Filii
1611 2518 1875 2573 dixisset:
1921 2519 2005 2571 hic
2040 2527 2114 2571 est

526 2606 704 2661 Filius
729 2625 871 2662 meus
904 2608 1143 2675 dilectus,
1196 2609 1360 2663 taceri
1410 2610 1741 2680 principitur,
1785 2611 1911 2664 dum
1957 2610 2115 2663 toties

526 2698 776 2755 Christus
817 2716 875 2755 se
908 2701 1145 2756 ostendit
1182 2701 1358 2771 palam
1382 2741 1397 2767 ,
1443 2709 1498 2754 et
1532 2700 1843 2771 praedicavit
1873 2700 1966 2753 Dei
1996 2715 2115 2753 esse

526 2787 745 2857 Filium,
794 2792 959 2846 veluti
997 2792 1087 2846 ubi
1132 2792 1243 2846 ait:
1291 2792 1403 2862 Ego
1448 2802 1495 2846 et
1526 2789 1687 2846 Pater
1722 2808 1883 2845 unum
1934 2807 2113 2844 sumus

528 2881 710 2953 (Joan.
750 2899 808 2948 χ,
841 2883 954 2955 50).
1002 2885 1133 2940 Item
1162 2903 1173 2939 :
1210 2884 1312 2950 Qui
1342 2886 1475 2939 videt
1502 2903 1602 2949 me,
1652 2885 1787 2938 videt
1814 2895 1860 2938 et
1902 2883 2115 2939 Patrem

528 2980 709 3051 (Joan.
742 2993 853 3042 xlv,
876 2979 951 3048 9).
984 2978 1115 3035 Item
1141 2996 1153 3031 :
1199 2976 1387 3032 Omnia
1418 2996 1535 3049 qua:
1568 2978 1731 3032 Pater
1755 2979 1902 3048 facit,
1931 2979 2041 3031 hwc
2067 2987 2113 3031 et

528 3067 705 3122 Filius
734 3068 976 3122 similiter
1002 3069 1130 3139 facit
1174 3068 1354 3139 (Joan.
1386 3086 1436 3133 v,
1474 3070 1560 3141 l9)
1591 3089 1601 3123 :
1651 3079 1707 3125 et
1752 3070 1918 3123 multa
1962 3071 2088 3124 talia

529 3165 622 3219 ubi
652 3180 709 3219 se
751 3164 805 3217 in
832 3162 1013 3215 divina
1046 3163 1344 3216 substantia
1392 3162 1611 3217 Omnino
1653 3162 1801 3216 Patri
1830 3162 2112 3231 :equalem,

528 3263 587 3309 et
610 3254 788 3308 Patris
832 3269 950 3308 esse
988 3252 1181 3307 Filium
1208 3268 1313 3306 non
1362 3254 1547 3307 tacuit.
1597 3253 1703 3308 Sed
1728 3255 1864 3325 (haec
1893 3270 1994 3308 vox
2023 3270 2117 3323 pa-

533 3352 688 3397 terna
716 3344 781 3397 ad
811 3344 911 3397 hoc
938 3343 992 3396 in
1017 3343 1284 3411 baptismo
1306 3358 1468 3413 super
1488 3343 1682 3397 Filium
1711 3344 1944 3398 hominis
1972 3345 2115 3398 facta

531 3444 637 3501 est,
684 3444 745 3490 ut
768 3443 1152 3506 agnosceretur
1176 3445 1231 3488 et
1276 3436 1591 3489 crederetur
1616 3450 1776 3490 verus
1804 3452 1923 3490 esse
1950 3436 2117 3491 Filius

532 3525 631 3581 Dei
660 3526 840 3590 homo,
887 3525 980 3595 qui
1010 3540 1076 3580 ex
1109 3525 1411 3580 substantia
1437 3526 1608 3580 beata:
1638 3526 1875 3596 Virginis
1902 3534 2118 3581 creatus

534 3625 639 3674 εει.

609 3710 750 3766 ΠΧ.
785 3710 895 3767 Sed
913 3710 1055 3768 forte
1077 3726 1211 3767 meae
1239 3711 1520 3781 parvitatis
1545 3726 1734 3767 sensus
1755 3712 1851 3767 tibi
1879 3728 1984 3767 non
2010 3713 2113 3769 sul:

535 3803 672 3868 ﬁcit,
701 3812 761 3858 ut
788 3806 854 3858 de
886 3803 1131 3871 Christo,
1182 3804 1275 3873 qui
1305 3804 1371 3857 de
1411 3803 1629 3873 Virgine
1669 3813 1828 3859 natus
1852 3813 1955 3871 est,
2006 3808 2121 3861 haec

537 3895 844 3952 testimonia
877 3894 1057 3951 Patris
1085 3894 1295 3965 prolata
1323 3895 1447 3949 sint.
1498 3896 1637 3949 Audi
1665 3897 1826 3951 etiam
1854 3898 2121 3966 quomodo

534 3986 728 4043 Patres
755 3987 925 4041 nostri
957 3985 1058 4040 viri
1104 4001 1231 4041 vere
1271 3987 1523 4041 catholici
1553 3990 1945 4058 responderunt
1970 4000 2122 4045 ante-

535 4078 845 4134 cessoribus
888 4077 1011 4140 tuis,
1059 4078 1150 4146 qui
1180 4076 1456 4132 Christum
1492 4093 1592 4131 nec
1622 4080 1715 4133 Dei
1760 4080 1972 4147 Filium,
2022 4096 2123 4136 nec

541 4170 711 4224 Deum
734 4185 921 4224 verum
950 4168 1236 4224 voluerunt
1258 4171 1500 4235 credere,
1549 4179 1608 4224 ut
1629 4172 1817 4226 eadem
1841 4174 2001 4227 verba
2028 4190 2123 4244 po-

536 4275 750 4324 namus,
796 4261 1104 4330 800quaa
1146 4260 1395 4330 leguntur
1436 4262 1489 4315 in
1514 4262 1653 4317 libro
1692 4264 1837 4318 beati
1878 4263 2121 4321 Cassiani

541 4350 683 4423 (Lib.
716 4366 777 4404 ιιι
800 4351 864 4403 de
892 4349 1191 4415 lncarnat.,
1220 4366 1337 4419 cap.
1365 4351 1430 4404 15
1461 4360 1513 4406 et
1543 4353 1628 4421 I6)
1659 4370 1673 4406 :
1705 4354 1786 4409 vel
1814 4356 1891 4410 sic
1918 4356 2120 4423 divino,

542 4442 758 4513 inquit,
796 4441 986 4495 credas
1031 4441 1337 4495 testimonio
1365 4458 1396 4495 a
1427 4444 1593 4514 signis
1637 4445 1961 4510 etelestibus,
2005 4462 2123 4516 qua:

539 4552 703 4607 super
751 4536 1074 4605 baptismum
1125 4536 1324 4592 Christi
1381 4551 1764 4609 apparuerunt.
1828 4542 1953 4598 Haec
1998 4553 2123 4599 sunt

542 4634 706 4684 verba
737 4628 858 4683 fidei
890 4629 1183 4684 catholicae.
1222 4649 1240 4679 ε
1278 4630 1413 4697 Quid
1440 4648 1565 4703 ergo
1590 4635 1863 4703 apostolus
1887 4637 2122 4694 Thomas

541 4722 737 4793 tetigit,
780 4737 902 4775 cum
930 4722 996 4775 ad
1024 4721 1342 4792 palpandum
1374 4724 1538 4778 Deum
1571 4728 1889 4782 accessisset
1908 4732 1930 4781 ?
1968 4730 2123 4784 Chri-

542 4819 685 4866 stum
708 4812 912 4891 ’utique
937 4812 1141 4881 absque
1167 4812 1327 4866 dubio
1351 4830 1364 4877 ;
1398 4814 1525 4882 quid
1553 4825 1733 4870 autem
1759 4817 2125 4875 exclamavit?

543 4905 822 4969 Dominus,
857 4904 1059 4973 inquit,
1090 4921 1233 4958 meus
1258 4915 1305 4957 et
1337 4904 1477 4958 Deus
1513 4924 1656 4961 meus
1686 4909 1863 4978 (Joan.
1894 4926 1981 4974 xx,
2010 4912 2121 4983 28).

540 4995 699 5049 Nune
724 4995 769 5049 si
796 5003 969 5065 potes,
997 5002 1052 5049 et
1079 4993 1348 5048 Christum
1380 5012 1409 5048 a
1440 4996 1548 5051 Deo
1570 5014 1784 5068 separa,
1816 5010 1871 5053 et
1900 5001 2126 5057 immuta

542 5085 748 5140 dictum
778 5085 901 5149 hoc,
945 5085 990 5138 si
1014 5085 1196 5140 vales:
1228 5084 1295 5139 da
1325 5086 1658 5142 dialecticam
1688 5090 2124 5161 disputationem,

546 5178 614 5232 da
634 5179 970 5249 prudentiam
1003 5181 1348 5244 mundialem,
1392 5189 1446 5234 et
1475 5184 1694 5236 stultam
1726 5186 1870 5240 illam
1901 5190 2127 5243 verbosa

544 5269 837 5325 calliditate
860 5272 1215 5339 sapientiam:
1245 5279 1395 5325 verte
1422 5288 1610 5328 omnes
1636 5284 1741 5329 tete
1771 5278 1823 5330 in
1850 5277 2037 5346 facies,
2075 5289 2130 5335 et

545 5361 841 5426 contrahe,
892 5362 1153 5431 quidquid
1199 5362 1311 5415 sive
1359 5363 1571 5427 animis,
1621 5366 1733 5419 sive
1780 5376 1896 5422 arte
1941 5372 2126 5437 vales;

548 5451 809 5520 quidlibet
837 5453 1005 5516 dicas,
1037 5451 1293 5520 quidlibet
1326 5452 1511 5520 facias,
1542 5456 1689 5511 exire
1718 5459 1844 5514 hinc
1867 5478 2130 5532 nusquam

547 5543 719 5611 vales,
758 5545 861 5600 nisi
889 5546 1011 5608 hoc,
1046 5544 1189 5613 quod
1238 5547 1513 5612 apostolus
1547 5549 1738 5618 tetigit,
1770 5551 1938 5608 Deum
1964 5554 2134 5612 fatea.

549 5635 645 5690 ris.
686 5635 755 5692 Et
784 5638 1022 5706 quidem,
1052 5637 1099 5691 si
1143 5651 1250 5705 quo
1278 5638 1436 5693 modo
1478 5643 1673 5710 possis,
1717 5650 1999 5701 immutare
2026 5647 2135 5704 for-

550 5742 649 5783 san
680 5730 918 5786 histori:e
946 5730 1266 5801 evangelica:
1294 5735 1723 5803 praedicationem
1749 5740 1898 5808 velis,
1938 5752 1996 5799 ut
2033 5761 2135 5803 nec

2208 502 2481 559 Christum
2511 506 2795 560 Dominum
2824 506 2991 560 Deum
3037 505 3238 560 dixisse
3264 503 3468 575 legeret
3492 503 3691 575 [Cass.,
3719 505 3799 561 le-

2207 594 2466 667 geretur].
2519 594 2935 651 Sed°immutari
2968 595 3111 665 quod
3141 596 3193 649 in
3222 594 3512 666 Evangelio
3539 595 3634 650 Dei
3661 596 3800 651 scri-

2206 697 2354 756 ptum
2384 696 2486 753 est,
2535 704 2875 758 nequaquam
2928 696 3122 759 potest,
3164 685 3360 742 Caelum
3400 689 3537 742 enim
3581 696 3629 742 et
3657 698 3799 743 terra

2207 780 2535 844 transibunt,
2580 782 2731 833 verba
2768 796 2884 833 vero
2916 779 3013 832 Dei
3042 796 3146 832 non
3186 777 3522 850 prwteribunt
3574 777 3797 851 (Matth.

2207 885 2355 933 xxrv,
2382 869 2494 940 55).
2544 871 2681 925 Ecce
2713 871 2857 924 enim
2907 870 3069 924 etiam
3101 884 3242 924 nunc
3268 869 3365 924 tibi
3392 868 3499 931 ille,
3546 870 3638 939 qui
3670 878 3801 924 tunc

2208 968 2436 1014 testatus
2467 969 2548 1014 est
2574 960 2809 1015 Thomas
2834 960 3124 1031 apostolus,
3158 960 3355 1014 clamat
3380 978 3392 1012 :
3435 959 3579 1014 Deus
3604 968 3689 1013 est
3711 957 3802 1014 Je-

2210 1067 2301 1106 sus
2327 1066 2487 1121 quem
2519 1052 2686 1119 tetigi,
2735 1051 2877 1105 Deus
2917 1052 3069 1122 cujus
3114 1050 3358 1105 membra
3400 1049 3637 1120 palpavi,
3688 1064 3801 1103 non

2210 1156 2309 1212 ego
2357 1140 2714 1211 incorporalia
2777 1142 2966 1206 tenui,
3026 1156 3127 1196 nec
3184 1140 3544 1195 intractabilia
3597 1139 3801 1193 tentavi

2210 1230 2407 1304 [Cuss.,
2442 1230 2711 1304 tractavi].
2759 1231 2873 1286 Non
2903 1231 3164 1302 Spiritum
3192 1247 3353 1286 manu
3383 1231 3607 1302 contigi,
3639 1238 3700 1286 ut
3731 1230 3801 1285 de

2210 1338 2274 1377 eo
2305 1330 2510 1376 tantum
2541 1324 2732 1377 credar
2775 1323 2996 1387 dixisse,
3046 1324 3185 1379 Deus
3212 1332 3314 1378 est.
3363 1322 3599 1394 Spiritus
3640 1322 3801 1392 juxta

2214 1415 2420 1469 Domini
2452 1416 2556 1470 mei
2596 1415 2819 1481 dictum,
2858 1433 3067 1469 carnem
3105 1425 3152 1470 et
3177 1433 3295 1469 ossa
3324 1433 3428 1470 non
3457 1415 3609 1469 habet
3643 1414 3799 1487 (Luc.

2210 1523 2359 1572 xxnv,
2392 1508 2504 1577 39).
2554 1507 2664 1577 Ego
2690 1524 2886 1578 corpus
2924 1508 3137 1562 Domini
3174 1508 3281 1562 mei
3310 1508 3461 1579 tetigi
3489 1527 3501 1562 :
3534 1523 3634 1579 ego
3676 1523 3802 1563 car-

2212 1614 2334 1653 nem
2372 1606 2426 1653 et
2455 1615 2576 1654 ossa
2606 1599 2817 1669 palpavi
2844 1617 2856 1653 :
2884 1614 2984 1670 ego
3012 1600 3208 1669 digitos
3234 1615 3384 1654 meos
3407 1600 3460 1653 in
3483 1599 3658 1654 locum
3691 1599 3806 1652 vul-

2212 1706 2403 1744 nerum
2429 1692 2572 1754 misi,
2617 1700 2671 1745 et
2697 1691 2763 1745 de
2798 1690 3014 1747 Christo
3041 1690 3268 1746 Domino
3297 1707 3439 1757 meo,
3485 1706 3647 1761 quem
3685 1691 3806 1761 pal-

2210 1796 2487 1850 paveram,
2510 1781 2838 1851 proclamavi
2864 1801 2879 1849 ;
2929 1782 3183 1838 Dominus
3212 1801 3357 1838 meus
3386 1794 3431 1837 et
3464 1782 3603 1839 Deus
3630 1801 3802 1842 meus.

2211 1873 2328 1928 Non
2356 1875 2500 1928 enim
2533 1875 2654 1929 novi
2695 1876 2838 1929 inter
2865 1874 3145 1931 Christum
3194 1885 3250 1931 et
3291 1878 3459 1931 Deum
3506 1876 3681 1933 facere
3722 1876 3808 1931 di-

2214 1969 2489 2032 stantiam,
2537 1969 2771 2025 inscrere
2814 1970 3106 2040 sacrilegas
3132 1970 3412 2038 opiniones
3439 1971 3580 2025 inter
3615 1968 3804 2025 Iesum

2214 2064 2269 2112 et
2298 2056 2465 2111 Deum
2513 2057 2653 2117 nolo,
2707 2059 2972 2113 devellere
3013 2075 3041 2112 a
3066 2060 3247 2130 seipso
3286 2057 3574 2114 Dominum
3620 2075 3807 2116 meum

2215 2147 2417 2200 nescio.
2456 2144 2564 2201 Fac
2592 2163 2713 2202 esse
2740 2163 2768 2201 a
2796 2164 2883 2203 me
2909 2150 3156 2219 quisquis
3185 2150 3394 2206 diversa
3426 2151 3613 2213 sentis,
3654 2151 3809 2221 quis-

2216 2236 2337 2305 quis
2377 2237 2585 2291 diversa
2634 2238 2905 2308 loqueris:
2958 2240 3072 2312 Ego
3117 2241 3261 2295 aliud
3313 2240 3590 2297 Christum
3638 2258 3806 2312 quam

2219 2327 2386 2382 Deum
2429 2342 2547 2383 esse
2575 2345 2678 2383 non
2707 2332 2863 2384 novi:
2915 2331 3018 2386 hoc
3044 2347 3163 2386 cum
3207 2333 3535 2403 coapostolis
3559 2334 3695 2388 meis
3726 2341 3811 2389 te-

2216 2419 2331 2483 nui,
2371 2420 2472 2473 hoc
2512 2419 2765 2475 Ecclesiis
2803 2422 3016 2488 tradidi,
3061 2423 3163 2478 hoc
3193 2426 3441 2494 gentibus
3485 2424 3804 2494 przedicavi,

2217 2509 2319 2563 hoc
2344 2509 2507 2563 etiam
2554 2511 2648 2565 tibi
2677 2511 2851 2566 clamo
2880 2527 2894 2564 :
2944 2512 3193 2569 Christus
3237 2515 3379 2571 Deus
3418 2524 3522 2580 est,
3554 2515 3812 2571 Christus

2218 2600 2359 2655 Deus
2404 2610 2506 2655 est.
2556 2602 2713 2655 Aliud
2752 2618 2902 2658 mens
2951 2618 3080 2658 sana
3112 2619 3217 2659 non
3261 2606 3445 2671 sentit,
3496 2605 3639 2660 aliud
3670 2605 3813 2660 ﬁdes

2218 2710 2348 2748 sana
2385 2711 2490 2749 non
2522 2695 2796 2765 loquitur;
2831 2697 3008 2751 divelli
3038 2712 3069 2751 a
3095 2713 3151 2752 se
3181 2699 3433 2754 divinitas
3460 2714 3564 2753 non
3587 2707 3766 2769 potest
3791 2716 3807 2751 :

2217 2795 2269 2842 et
2297 2803 2417 2842 cum
2450 2789 2633 2857 utique
2661 2790 2919 2860 quidquid
2944 2801 3025 2845 est
3050 2791 3319 2855 Christus,
3352 2792 3495 2848 Deus
3520 2794 3608 2858 sit,
3658 2794 3816 2847 inve-

2217 2880 2321 2933 niri
2366 2880 2418 2933 in
2451 2880 2560 2934 Deo
2587 2880 2730 2934 aliud
2771 2896 2875 2934 non
2902 2890 3080 2952 potest
3108 2899 3269 2953 quam
3296 2883 3457 2939 Deus.

2289 3014 2406 3069 XX.
2438 3014 2576 3081 Quid
2598 3015 2678 3069 ais
2705 3024 2759 3069 tu
2784 3031 2944 3081 nunc,
2971 3017 3264 3073 hzeretice?
3311 3018 3651 3074 sulliciuntne
3681 3021 3806 3076 hac

2096 3110 2109 3135 ’
2141 3110 2190 3175 ο
2220 3108 2523 3162 testimonia
2557 3107 2679 3161 ﬁdei
2714 3108 2874 3162 etiam
2906 3124 3129 3164 summae
3165 3110 3487 3176 inlidelitati,
3536 3126 3603 3167 an
3630 3111 3815 3168 adhuc

2218 3197 2419 3267 aliquid
2448 3195 2749 3252 addendum
2784 3199 2905 3253 est?
2952 3200 3014 3253 Et
3053 3201 3179 3270 quid
3218 3202 3300 3256 vel
3345 3210 3466 3272 post
3490 3203 3812 3273 prophetas,

2217 3288 2297 3342 vel
2327 3296 2446 3358 post
2474 3288 2743 3357 apostolos
2784 3291 2905 3344 addi
2954 3301 3162 3361 potest,
3215 3295 3314 3349 nisi
3346 3294 3503 3359 forte,
3550 3306 3608 3349 ut
3635 3296 3816 3353 Judaei

2218 3382 2486 3451 quondam
2514 3382 2925 3451 expostulabant
2962 3385 3171 3452 signum
3216 3388 3318 3440 sibi
3350 3388 3416 3442 de
3453 3388 3610 3454 caelo,
3640 3390 3815 3447 etiam

2218 3481 2274 3527 tu
2303 3474 2396 3527 tibi
2427 3475 2539 3527 dari
2568 3475 2843 3543 postules?
2873 3477 2981 3530 Sed
3011 3479 3211 3547 petenti
3238 3480 3331 3534 tibi
3363 3481 3483 3545 hoc,
3518 3482 3643 3537 illud
3661 3484 3817 3552 quod

2218 3580 2534 3635 responsum
2580 3576 2705 3622 tunc
2751 3567 2853 3621 illis
2881 3578 3003 3633 est,
3039 3584 3263 3626 necesse
3305 3581 3389 3627 est
3436 3575 3752 3644 responderi
3793 3593 3812 3631 :

2219 3655 2498 3711 Generatio
2529 3675 2687 3728 prava
2709 3669 2755 3712 et
2779 3660 3017 3715 adultera
3047 3664 3251 3732 signum
3281 3668 3490 3735 qumrit,
3518 3677 3566 3720 et
3597 3668 3816 3735 tignum

2220 3766 2323 3803 non
2352 3751 2563 3804 dabitur
2595 3752 2662 3816 ei,
2714 3753 2815 3805 nisi
2854 3756 3059 3823 signum
3103 3754 3257 3810 Jonte
3296 3758 3557 3828 prophetw
3585 3757 3814 3829 (Matth.

2218 3857 2330 3906 xvi,
2360 3841 2457 3909 ἦς
2505 3851 2560 3896 et
2596 3858 2723 3897 vere
2747 3844 2991 3900 sullicere
3015 3846 3113 3900 tibi
3160 3848 3370 3918 signum
3408 3849 3528 3913 hoc,
3575 3850 3657 3905 vel
3684 3865 3821 3905 cum

2219 3933 2419 3989 Judaais
2456 3935 2895 4006 crucifigentibus
2939 3945 3167 4006 poterat,
3221 3947 3280 3992 ut
3323 3939 3607 3995 Dominum
3636 3940 3822 4002 Deum

2220 4034 2485 4089 nostrum,
2526 4027 2693 4080 etiam
2734 4027 2836 4082 hac
2866 4044 2923 4083 re
2950 4028 3063 4085 sola
3088 4030 3310 4085 edoctus
3344 4032 3615 4099 crederes,
3646 4046 3823 4104 quem

2219 4117 2383 4170 etiam
2409 4115 2483 4169 illi
2514 4118 2604 4186 qui
2626 4120 2893 4187 persecuti
2919 4119 3146 4183 fuerant.
3179 4122 3545 4178 crediderunt.
3579 4123 3687 4181 Sed
3723 4110 3819 4181 ta;

2222 4220 2343 4259 men
2370 4205 2495 4274 quia
2525 4207 2762 4263 caalestis
2792 4208 2929 4281 signi
2968 4208 3193 4266 fecimus
3222 4212 3572 4279 mentionem,
3616 4222 3821 4271 osten-

2222 4296 2344 4350 dam
2373 4296 2470 4351 tibi
2497 4298 2561 4353 de
2586 4299 2725 4353 ctelo
2771 4299 2999 4370 signum,
3053 4312 3107 4356 et
3146 4303 3364 4371 quidem
3406 4303 3534 4370 tale,
3586 4306 3675 4361 cui
3709 4323 3823 4365 nec

2223 4384 2490 4441 dzemones
2520 4404 2757 4458 unquam
2781 4392 3240 4458 contradixerunt,
3272 4394 3395 4447 dum
3422 4394 3538 4463 ipsa
3563 4395 3825 4457 veritatis

2149 4477 2201 4536 D
2228 4477 2548 4532 necessitate
2577 4488 2823 4547 cogente,
2850 4479 2971 4535 licet
2997 4479 3181 4537 Jesum
3206 4497 3525 4553 corporeum
3549 4500 3669 4541 esse
3698 4503 3824 4544 cer-

2222 4577 2433 4633 nerent,
2486 4569 2651 4624 Deum
2690 4580 2888 4635 tamen,
2935 4574 3078 4641 quod
3123 4582 3261 4640 erat,
3313 4591 3433 4631 esse
3476 4576 3816 4636 clamabant.

2224 4662 2359 4728 Quid
2389 4678 2516 4733 ergo
2554 4664 2630 4717 ait
2674 4665 2999 4736 evangelista
3039 4667 3104 4720 de
3130 4667 3355 4723 Domino
3397 4666 3523 4723 Jesu
3546 4667 3823 4727 Christo?

2224 4752 2553 4823 Baptizatus,
2582 4755 2770 4825 inquit,
2799 4757 3067 4826 confestim
3094 4760 3324 4813 ascend't
3346 4760 3410 4815 de
3433 4778 3589 4831 aqua,
3618 4771 3664 4815 et
3695 4780 3824 4820 ecce

2224 4847 2388 4915 aperti
2430 4856 2551 4899 sunt
2596 4847 2644 4900 ei
2689 4847 2824 4913 creti,
2871 4859 2918 4902 et
2950 4850 3077 4903 vidit
3124 4850 3379 4921 Spiritum
3418 4853 3821 4911 descendentem

2225 4936 2358 4987 sicut
2385 4935 2675 4989 columbam
2707 4940 2986 4993 venientem
3008 4958 3164 5011 super
3196 4960 3270 5007 se,
3294 4953 3343 4996 et
3368 4961 3481 4998 ecce
3504 4962 3600 4999 vox
3625 4947 3692 5001 de
3711 4964 3823 5011 cae-

2226 5023 2290 5077 lis
2315 5024 2527 5079 dicens:
2556 5024 2656 5079 Hic
2685 5037 2759 5081 est
2802 5026 2975 5084 Filius
3006 5048 3147 5085 meus
3176 5032 3429 5100 dilectus,
3471 5037 3527 5090 in
3553 5054 3654 5108 quo
3681 5040 3823 5094 mihi

2228 5115 2516 5183 complacui
2549 5116 2762 5186 (Matth.
2797 5135 2881 5185 ιιι,
2928 5121 3014 5186 16,
3064 5123 3171 5192 I7).
3214 5124 3350 5191 Quid
3390 5127 3458 5181 ad
3500 5128 3613 5183 haec
3643 5145 3819 5195 nunc,

2229 5203 2511 5268 llaeretice,
2545 5208 2665 5261 ais?
2692 5209 2892 5263 dictum
2922 5213 3168 5283 displicet
3196 5232 3262 5269 an
3287 5231 3516 5286 persona
3540 5218 3774 5274 dicentis
3791 5221 3821 5273 ?

2229 5310 2328 5348 nec
2353 5296 2797 5366 interpretatione
2822 5312 2967 5357 certe
3000 5305 3202 5376 indiget
3234 5307 3580 5379 intelligentia
3607 5308 3826 5365 allocu-

2231 5386 2408 5447 tionis,
2457 5404 2558 5443 nec
2591 5395 3053 5451 commendatione
3092 5399 3379 5453 verborum
3421 5401 3654 5470 dignitas
3677 5400 3827 5456 allo-

2232 5476 2463 5545 quentis.
2512 5478 2653 5535 Deus
2675 5481 2838 5537 Pater
2864 5494 2947 5539 est
2975 5486 3065 5554 qui
3112 5486 3265 5553 dixit,
3296 5488 3517 5545 evidens
3553 5495 3639 5545 est
3661 5489 3827 5563 quod

2233 5568 2434 5623 dictum
2477 5579 2579 5625 est.
2628 5572 2877 5644 Nunquid
2911 5586 3017 5629 tam
3065 5577 3427 5646 impudentem
3461 5585 3555 5635 aut
3586 5580 3825 5641 sacrile-

2233 5676 2349 5731 gam
2382 5659 2577 5733 [Cass.,
2611 5674 2717 5718 tam
2746 5667 3082 5740 sacrilegam]
3105 5685 3289 5725 vocem
3320 5671 3560 5740 proferre
3580 5672 3827 5743 poteris.

2236 5759 2296 5804 ut
2326 5750 2491 5818 dicas,
2541 5754 2605 5809 de
2634 5755 2909 5827 unigenito
2948 5757 3040 5815 Dei
3083 5759 3218 5816 Filio
3251 5777 3350 5818 nec
3377 5763 3489 5819 Deo
3516 5762 3662 5820 Patri
3685 5782 3831 5827 esse
