4072 6346
332 413 447 469 M5

1093 406 1506 464 DOGMATICA.
1542 438 1614 449 —
1640 406 1800 464 ADV.
1843 405 2137 462 FELlCEM
2174 403 2355 459 LIBRI
2393 402 2503 460 Vll.
2535 402 2753 460 --LlB.
2794 402 2857 458 ll.

3499 401 3607 460 146

332 528 660 588 credendum
684 526 708 567 ν
753 524 854 579 Hic
878 534 952 579 est
979 542 1129 596 ergo,
1169 527 1360 595 inquit,
1396 525 1565 579 Filius
1609 541 1754 579 meus
1779 524 1913 578 dile-
1945 526 1993 582 Α
2021 523 2235 593 quidem
2263 536 2369 575 non
2397 536 2583 587 unum,
2617 521 2709 576 sed
2736 528 2791 574 et
2812 518 2976 573 multa
3000 528 3054 573 et
3083 517 3398 590 singularia.
3426 518 3610 580 [labes

333 637 465 687 ctus,
512 625 569 676 in
605 639 708 693 quo
748 622 874 675 mihi
920 621 1229 691 complacui.
1278 620 1385 675 Sed
1427 620 1663 675 tentahis
1699 618 1925 673 forsitan

332 715 537 775 dicere,
578 720 640 765 ut
668 720 753 766 est
779 712 1067 772 dementia,
1102 712 1167 764 de
1199 712 1375 765 Verbo
1397 712 1521 775 hoc,
1554 725 1659 764 non
1686 710 1749 762 de
1773 708 1927 762 Chri-

334 814 420 860 sto
453 804 657 859 dictum
688 802 853 857 fuisse
877 820 889 853 :
917 802 1011 855 Dic
1033 802 1163 854 mihi
1183 817 1312 869 ergo
1341 801 1461 869 quis
1488 810 1607 854 erat
1635 800 1727 868 qui
1755 798 1929 866 bapti-

334 895 585 958 zabatur,
618 892 854 947 Verbum
897 908 964 945 an
992 891 1274 946 Christus?
1304 892 1434 958 Quis
1465 892 1762 960 baptizatus
1785 897 1929 944 esset

333 986 389 1040 in
414 984 671 1047 Iordane,
701 999 828 1037 caro
848 999 914 1036 an
941 980 1218 1052 Spiritus?
1262 983 1469 1054 Negare
1490 983 1672 1050 utique
1702 998 1806 1035 non
1834 996 1922 1051 po«

334 1083 419 1130 tes
464 1072 740 1128 Christum
785 1071 971 1125 fuisse.
1014 1071 1186 1126 Homo
1218 1088 1345 1143 ergo
1374 1072 1461 1125 ille
1504 1087 1571 1125 ex
1616 1071 1832 1124 homine
1862 1086 1926 1124 ac

335 1164 447 1219 Deo
477 1172 657 1227 natus,
694 1162 898 1231 Spiritu
930 1172 1115 1216 sancto
1147 1164 1199 1216 in
1225 1163 1383 1232 801
1416 1162 1691 1231 Virginem
1713 1163 1926 1215 descen-

332 1252 520 1317 dente,
570 1261 626 1306 et
650 1253 849 1307 virtute
896 1251 1158 1306 Altissimi
1196 1253 1552 1306 obumbrante
1603 1260 1919 1319 conceptus,

334 1359 399 1397 ac
426 1343 507 1397 sic
537 1342 769 1397 hominis
813 1351 868 1396 et
900 1342 993 1395 Dei
1021 1342 1208 1405 Filius,
1259 1342 1347 1396 ille
1373 1343 1577 1411 utique,
1622 1350 1682 1395 ut
1726 1356 1924 1413 negare

329 1452 443 1489 non
468 1443 644 1505 potes,
678 1434 984 1504 baptizatus
1003 1442 1105 1488 est.
1136 1433 1193 1488 Si
1215 1449 1344 1503 ergo
1370 1433 1457 1488 ille
1483 1434 1787 1503 baptizatus
1816 1442 1921 1495 est,

328 1526 424 1581 ille
451 1534 508 1579 et
548 1526 893 1579 nominatus:
946 1526 1071 1593 quia
1100 1524 1191 1577 ille
1236 1526 1422 1592 utique
1452 1523 1782 1586 nominatus,
1829 1523 1921 1591 qui

330 1617 641 1687 baptizatus
668 1625 786 1671 est:
821 1616 923 1670 Hic
953 1626 1049 1681 est,
1077 1616 1270 1685 inquit,
1310 1614 1482 1669 Filius
1511 1632 1654 1669 meus
1678 1614 1919 1679 dilectus,

326 1706 386 1758 in
415 1723 519 1776 quo
546 1707 673 1760 mihi
704 1707 1015 1777 complacui.
1084 1708 1333 1776 Nunquid
1382 1708 1487 1761 dici
1534 1707 1922 1778 signiﬁcantius

327 1805 427 1849 aut
460 1798 773 1867 expressius
797 1798 1089 1867 quidquam
1122 1800 1344 1867 potest?
1390 1798 1639 1852 Christus
1681 1799 1922 1867 baptiza-

2026 612 2172 667 enim
2200 627 2363 664 unum
2392 611 2447 664 in
2479 612 2752 680 apertione
2794 609 2939 674 coeﬁ,
2987 609 3129 664 aliud
3156 611 3209 664 in
3250 610 3486 681 Spiritus
3513 610 3609 668 de-

2022 701 2326 765 scensione,
2360 700 2575 754 tertium
2604 700 2656 767 in
2680 700 2854 754 Patris
2880 714 3047 765 voce;
3072 716 3189 769 quae
3218 702 3403 771 utique
3424 700 3609 759 omnia

2025 790 2301 848 Christum
2326 793 2493 847 Deum
2521 807 2639 846 esse
2665 792 2976 857 declarant;
3017 793 3139 861 quia
3172 808 3294 848 eum
3314 800 3370 848 et
3400 808 3611 848 resera-

2024 885 2102 941 tio
2128 885 2388 939 caelorum
2420 884 2589 938 Deum
2619 884 2838 949 indicat,
2891 893 2946 939 et
2986 886 3265 940 descensio
3292 901 3456 957 super
3482 900 3609 941 eum

2025 976 2196 1030 sancti
2232 975 2467 1044 Spiritus
2504 976 2668 1028 Deum
2715 976 2995 1044 approbat,
3041 985 3096 1031 et
3140 976 3389 1031 allocutio
3431 977 3610 1033 Patris

2027 1066 2192 1118 Deum
2238 1080 2358 1119 esse
2391 1064 2693 1119 confirmat.
2742 1064 2925 1134 Neque
2963 1066 3104 1119 enim
3152 1066 3234 1119 vel
3263 1066 3459 1121 cmlum
3503 1067 3613 1122 nisi

2026 1155 2233 1210 Domini
2286 1156 2366 1209 sui
2422 1157 2611 1210 honori
2657 1157 2953 1224 patuisset;
3011 1155 3097 1211 vel
3146 1156 3380 1226 Spiritus
3428 1158 3612 1227 specie

2024 1251 2311 1319 corporali,
2364 1250 2465 1303 nisi
2501 1264 2660 1319 super
2692 1249 2783 1302 Dei
2833 1248 3026 1301 Filium
3056 1248 3457 1313 descendisset;
3510 1262 3612 1303 nec

2024 1341 2184 1395 Pater
2229 1341 2422 1395 Filium
2454 1343 2555 1395 nisi
2588 1357 2713 1396 vere
2752 1341 2946 1396 Filium
2972 1340 3336 1395 declarasset:
3385 1356 3613 1410 praeser-

2025 1432 2119 1485 tim
2149 1448 2270 1487 cum
2300 1432 2381 1485 his
2408 1432 2598 1486 divinae
2627 1432 2922 1485 nativitatis
2952 1430 3453 1499 signiﬁcationibus,
3488 1446 3609 1499 quae

2023 1542 2128 1580 non
2173 1526 2344 1580 solum
2389 1528 2664 1581 veritatem
2713 1527 2815 1595 pia:
2864 1524 2988 1579 ﬁdei
3041 1524 3462 1587 conﬁrmarent,
3512 1524 3609 1578 sed

2021 1621 2184 1674 etiam
2210 1620 2534 1690 pravitatem
2564 1619 2741 1689 impiae
2775 1618 3044 1689 Opinionis
3072 1618 3439 1673 excluderent.
3473 1615 3614 1670 lnef-

2023 1712 2171 1765 fahili
2210 1713 2354 1765 enim
2384 1712 2548 1764 divmi
2577 1712 2709 1765 dicti
2737 1710 3156 1780 magniﬁcentia,
3206 1725 3327 1765 cum
3354 1722 3608 1778 expresse

2020 1818 2081 1856 ac
2113 1802 2478 1872 signiﬁcanter
2503 1804 2728 1857 dixisset
2768 1801 2963 1856 Pater:
3004 1801 3109 1855 Hic
3139 1810 3211 1856 est
3244 1801 3416 1855 Filius
3439 1818 3609 1866 meus,

327 1897 418 1942 tus
441 1898 544 1951 est,
571 1889 821 1945 Christus
847 1891 913 1945 de
936 1907 1075 1958 aqua
1097 1908 1125 1944 a
1159 1892 1357 1954 eendit,
1409 1891 1626 1945 Christo
1648 1892 1919 1961 baptizata
1954 1880 1997 1937 Β
2025 1891 2230 1945 addidit
2254 1893 2416 1946 etiam
2464 1892 2595 1945 illud
2641 1892 2783 1960 quod
2824 1900 3175 1946 consecutum
3223 1900 3323 1956 est,
3369 1889 3610 1955 dilectus,

324 1979 454 2033 caeli
480 1980 657 2049 aperti
680 1989 842 2044 sunt;
874 1981 1151 2036 descendit
1172 1996 1335 2051 super
1353 1983 1625 2036 Christum
1656 1984 1919 2052 corporali

248 2087 265 2093 “
326 2073 510 2140 specie
540 2071 777 2141 Spiritus
826 2081 1065 2137 sanctus,
1110 2072 1386 2128 Christum
1424 2074 1585 2127 Pater
1633 2075 1921 2144 appellavit

327 2161 532 2234 [Cass.,
560 2173 779 2233 propter
810 2164 1084 2218 Christum
1122 2165 1369 2220 columba
1409 2166 1685 2221 descendit
1714 2184 1726 2218 :
1757 2181 1919 2235 super

322 2255 603 2311 Christum
632 2258 683 2310 in
715 2259 979 2327 corporali
1009 2261 1186 2329 specie
1201 2260 1435 2331 Spiritus
1462 2270 1679 2317 sanctus
1709 2262 1913 2327 astitit;

321 2347 603 2402 Christum
635 2349 797 2403 Pater
846 2351 1176 2423 appellavit].
1229 2353 1341 2408 Hoc
1390 2355 1435 2408 si
1484 2354 1549 2407 de
1577 2354 1791 2408 Christo
1837 2354 1918 2408 di-

321 2448 471 2498 ctum
503 2456 703 2514 negare
744 2459 907 2499 ausus
937 2461 1013 2508 es,
1065 2454 1310 2514 superest
1351 2455 1408 2500 ut
1438 2462 1538 2500 nec
1583 2446 1917 2516 baptizatum

322 2533 601 2589 Christum
632 2535 813 2600 fuisse,
862 2554 960 2592 nec
1003 2536 1262 2606 Spiritum
1293 2539 1657 2604 descendisse,
1690 2554 1789 2593 uer.
1816 2539 1917 2592 Pa-

324 2633 465 2680 trem
495 2626 731 2681 locutum
760 2628 926 2683 fuisse
961 2630 1273 2685 contendas.
1322 2630 1428 2685 Sed
1457 2641 1611 2699 urget
1655 2641 1832 2684 tamen
1862 2637 1916 2684 et

323 2719 523 2786 premit
554 2728 606 2774 te
631 2721 743 2788 ipsa
777 2722 997 2785 veritas,
1032 2731 1091 2775 ut
1116 2724 1280 2777 etiam
1328 2724 1371 2777 si
1398 2722 1641 2777 conﬁteri
1670 2739 1788 2777 eam
1821 2738 1916 2777 no-

323 2807 415 2871 lis,
449 2818 631 2863 tamen
654 2825 853 2879 negare
878 2827 984 2865 non
1013 2814 1205 2881 possis.
1254 2812 1389 2879 Quid
1419 2814 1558 2867 enim
1591 2814 1664 2867 ait
1684 2829 1915 2882 evange-

321 2898 494 2952 lista?
540 2898 850 2969 Baptizatus
885 2911 1058 2956 autem
1085 2904 1353 2971 confestim
1394 2905 1625 2957 ascendit
1664 2905 1728 2957 de
1754 2922 1909 2975 aqua.

318 2988 456 3055 Quis
500 2991 805 3059 baptizatus
849 2994 972 3047 est?
1025 2993 1273 3049 Christus
1306 2995 1508 3064 utique.
1564 2995 1632 3048 Et
1667 3013 1804 3059 ecce,
1832 2996 1913 3049 in-

320 3082 464 3148 quit,
496 3083 664 3149 aperti
688 3094 808 3137 sunt
840 3084 951 3138 caeli
979 3099 997 3136 :
1049 3085 1147 3140 Cui
1180 3087 1403 3149 scilicet,
1449 3088 1552 3140 nisi
1598 3087 1671 3140 illi
1700 3089 1789 3155 qui
1818 3088 1911 3141 ba-

318 3171 559 3240 ptizatus
595 3183 699 3237 est,
742 3172 957 3229 Christo
996 3177 1222 3244 utique?
1270 3177 1337 3230 Et
1378 3178 1503 3231 vidit
1530 3176 1787 3246 Spiritum
1816 3177 1912 3231 Dei

318 3260 719 3316 descendentem
772 3265 904 3317 sicut
959 3265 1251 3319 columbam
1296 3268 1576 3320 venientem
1630 3284 1785 3336 super
1832 3285 1904 3320 se.

319 3349 459 3415 Quis
487 3352 663 3406 vidit?
708 3353 974 3419 Christus,
1026 3358 1254 3423 scilicet,
1307 3358 1389 3431 vel
1425 3357 1660 3413 Joannes
1710 3357 1907 3430 [Cass.,

319 3441 481 3493 verba
528 3442 613 3496 vel
662 3442 897 3500 Joannes
946 3448 1161 3519 omitt.].
1209 3448 1382 3519 Super
1422 3466 1583 3518 quem
1614 3453 1907 3516 descendit,

323 3542 494 3597 super
521 3530 794 3587 Christum
824 3535 1051 3604 utique?
1096 3538 1163 3592 Et
1201 3555 1305 3592 vox
1353 3538 1493 3595 facta
1539 3548 1621 3595 est
1667 3542 1732 3595 de
1772 3542 1910 3596 caelo

324 3618 531 3674 dicens.
580 3621 655 3676 De
680 3626 823 3692 quo?
863 3626 928 3679 de
969 3625 1182 3683 Christo
1207 3630 1450 3696 scilicet;
1497 3631 1625 3700 quid
1655 3630 1796 3684 enim
1821 3647 1907 3686 se-

323 3710 552 3778 quitur?
604 3712 707 3765 Hic
753 3724 826 3769 est
858 3715 906 3767 Γ
909 3717 1032 3772 ilius
1072 3736 1215 3773 meus
1260 3720 1499 3785 dilectus,
1548 3724 1601 3777 in
1635 3740 1738 3794 quo
1781 3725 1910 3780 mihi

322 3800 635 3869 complaciti.
679 3804 749 3859 Ut
774 3808 953 3860 omnia
979 3808 1086 3872 illa,
1112 3820 1332 3880 propter
1355 3828 1514 3881 quem
1547 3813 1686 3868 facta
1709 3825 1907 3881 essent,

322 3894 758 3961 ostenderentur,
812 3913 913 3950 vox
965 3912 1253 3954 consecuta
1300 3910 1385 3956 est
1423 3881 1668 3958 dicensz.
1692 3904 1794 3958 Hic
1835 3915 1909 3959 est

324 3979 501 4035 Filius
542 4001 683 4037 meus
716 3986 952 4051 dilectus,
981 3990 1037 4041 in
1064 4007 1163 4059 quo
1194 3993 1322 4044 mihi
1350 3993 1660 4063 complacui.
1696 3993 1808 4048 Hoc
1828 4005 1911 4051 est

319 4072 506 4127 dicere
530 4089 543 4126 :
584 4074 681 4130 llic
710 4086 793 4132 est
820 4087 1037 4148 propter
1061 4096 1221 4149 quem
1244 4090 1433 4137 cuncta
1457 4083 1571 4138 haec
1593 4084 1733 4138 facta
1761 4093 1907 4148 sunt,

322 4161 414 4217 hic
443 4173 530 4219 est
560 4167 704 4220 enim
735 4167 900 4223 Filius
934 4184 1108 4234 meus,
1153 4180 1373 4241 propter
1402 4174 1547 4228 hunc
1589 4174 1710 4228 caeli
1737 4179 1907 4244 aperti

318 4264 471 4319 sunt,
522 4265 738 4326 propter
787 4259 925 4313 hunc
973 4258 1205 4330 Spiritus
1253 4277 1405 4316 meus
1452 4264 1635 4329 venit,
1692 4274 1910 4335 prepter

322 4346 468 4400 hunc
494 4363 598 4400 vox
628 4364 746 4403 mea
774 4347 913 4403 facta
942 4358 1027 4404 est
1051 4367 1065 4416 ;
1097 4351 1184 4405 hic
1208 4360 1290 4405 est
1317 4352 1482 4407 Filius
1508 4368 1679 4408 meus.
1716 4356 1911 4411 Dicens

318 4452 493 4505 ergo:
528 4436 628 4491 Hic
655 4448 737 4493 est
763 4439 929 4494 Filius
965 4457 1137 4505 meus,
1161 4457 1321 4510 quem
1363 4444 1719 4512 designabat?
1757 4448 1908 4501 illum

322 4526 512 4595 utique
536 4543 697 4595 quem
721 4528 965 4584 columba
993 4533 1262 4602 tangebat.
1302 4532 1472 4599 Quem
1501 4550 1630 4605 ergo
1664 4538 1909 4592 columba

321 4619 541 4686 tetigit?
587 4618 859 4675 Christum
886 4622 1114 4687 scilicet,
1160 4639 1289 4695 ergo
1335 4625 1583 4681 Christus
1627 4616 1793 4684 Filius
1822 4642 1906 4688 est

320 4707 441 4762 Dei.
474 4708 696 4779 lmpleta
724 4719 829 4777 est,
871 4721 932 4767 ut
953 4728 1099 4780 reor,
1128 4715 1347 4785 sponsio
1376 4733 1515 4772 mea.
1564 4718 1727 4775 Vides
1752 4736 1905 4792 ergo,

320 4798 601 4864 baeretice,
638 4799 881 4871 profecto
906 4803 1120 4875 signum
1164 4806 1263 4862 tibi
1308 4806 1377 4863 de
1421 4808 1559 4866 caelo
1602 4811 1784 4868 datum
1806 4852 1822 4879 ,
1852 4820 1909 4867 et

395 4943 423 4971 ει
453 4930 573 4988 Huc
596 4948 767 5004 usque
789 4950 858 4992 ex
881 4935 1160 4997 Cassiano.

1937 3222 1984 3280 C

2022 1982 2227 2036 scilicet
2248 1990 2322 2047 et,
2353 1983 2407 2035 in
2443 1999 2544 2052 quo
2579 1981 2705 2034 mihi
2729 1980 3039 2051 complacui.
3091 1982 3287 2052 Utique
3318 1982 3457 2037 sicut
3485 1996 3612 2035 eum

2018 2091 2117 2145 per
2142 2075 2480 2145 prophetiam
2510 2075 2677 2129 Deum
2709 2074 2898 2127 fortem
2924 2084 2978 2129 et
3006 2075 3176 2129 Deum
3214 2090 3467 2144 magnum
3490 2074 3602 2143 jam

2018 2171 2410 2239 prmdicaverat
2435 2168 2571 2238 (Isa.
2606 2184 2681 2231 ix,
2708 2165 2787 2236 6),
2821 2167 2892 2219 ita
2919 2167 3007 2221 hic
3037 2166 3240 2229 dicens,
3274 2163 3446 2217 Filius
3468 2180 3612 2219 meus

2020 2262 2263 2325 dilectus,
2296 2264 2349 2314 in
2377 2276 2478 2330 quo
2500 2257 2808 2328 complacui,
2839 2273 3003 2327 super
3030 2256 3230 2327 proprii
3255 2255 3375 2308 Filii
3404 2254 3487 2309 sui
3514 2269 3613 2310 no-

2020 2368 2165 2416 men,
2215 2350 2376 2405 etiam
2416 2348 2596 2403 dilecti
2641 2356 2694 2402 et
2741 2348 3045 2418 complaciti
3093 2347 3193 2402 sibi
3242 2361 3439 2401 nomen
3488 2344 3614 2401 Filii

2019 2443 2217 2513 adjecit
2248 2440 2442 2513 [Cass.,
2475 2441 2696 2508 insuper
2736 2440 2936 2509 proprii
2968 2438 3087 2492 Filii
3118 2438 3200 2493 sui
3231 2452 3425 2493 nomen
3456 2436 3606 2507 adje-

2018 2533 2111 2596 cit,
2144 2531 2275 2601 etc]
2308 2549 2320 2584 :
2364 2539 2424 2583 ut
2450 2532 2834 2599 proprietatem
2865 2529 3074 2591 divinre,
3125 2528 3353 2593 scilicet,
3402 2535 3610 2581 natura:

2018 2626 2298 2679 nominum
2346 2622 2681 2693 signiﬁcaret
2725 2620 2994 2689 adiectio:
3045 2630 3099 2675 et
3140 2621 3193 2675 id
3235 2622 3301 2674 ad
3346 2621 3609 2674 honorem

2018 2714 2144 2768 Filii
2178 2714 2270 2767 Dei
2302 2712 2646 2781 peculiariter
2686 2712 3013 2780 pertineret,
3066 2711 3207 2779 quod
3236 2709 3365 2763 nulli
3389 2710 3610 2764 omnino

2017 2802 2221 2857 homini
2266 2801 2597 2870 contigisset.
2650 2799 2834 2868 Itaque
2878 2801 3020 2854 sicut
3048 2799 3137 2853 illa
3179 2801 3399 2869 propria
3425 2816 3489 2854 ac
3516 2816 3610 2868 pe-

2018 2892 2239 2947 culiaria
2268 2892 2321 2944 in
2348 2905 2576 2959 persona
2626 2888 2835 2942 Domini
2880 2888 3052 2942 nostri
3080 2885 3206 2941 Jesu
3254 2887 3457 2942 Christi
3487 2886 3605 2942 fue-

2018 2991 2168 3045 runt,
2211 2981 2353 3049 quod
2383 2980 2502 3034 cceli
2538 2979 2711 3049 aperti
2747 2987 2892 3042 sunt,
2931 2978 3073 3048 quod
3113 2994 3237 3032 eum
3277 2978 3420 3032 Deus
3442 2977 3606 3032 Pater

2018 3073 2225 3127 cunctis
2274 3071 2575 3126 videntibus
2600 3085 2696 3139 per
2724 3069 3101 3123 adventantem
3132 3076 3293 3138 atque
3317 3077 3608 3125 testantem

2019 3162 2320 3218 columbam
2368 3162 2520 3232 quasi
2550 3177 2711 3215 manu
2755 3161 3149 3229 quodammodo
3199 3176 3294 3214 sua
3326 3160 3518 3230 tetigit,
3552 3168 3609 3214 et

2018 3256 2172 3325 quasi
2196 3255 2362 3324 digito
2382 3254 2654 3307 indicante
2683 3254 3006 3307 monstravit
3030 3253 3249 3307 dicens:
3285 3251 3387 3307 Hic
3414 3262 3489 3307 est
3512 3250 3609 3305 Fi-

2017 3343 2121 3399 lius
2159 3363 2302 3399 meus
2334 3360 2351 3397 :
2390 3347 2463 3399 ita
2496 3345 2627 3399 illud
2673 3360 2886 3415 quoque
2924 3347 3201 3415 proprium
3234 3346 3283 3400 ei
3317 3362 3381 3401 ac
3425 3347 3610 3417 singu-

2014 3435 2148 3497 lare,
2182 3437 2322 3505 quod
2352 3436 2700 3504 peculiariter
2727 3436 2956 3491 dilectus
2984 3444 3039 3489 et
3063 3438 3409 3505 peculiariter
3453 3437 3606 3492 Patri

2016 3526 2365 3595 complacitus
2394 3526 2721 3593 nominatur,
2752 3536 2812 3580 ut
2836 3528 3163 3597 peculiarem
3184 3529 3373 3598 utique
3398 3536 3607 3586 natum

2018 3621 2465 3692 signiﬁcationem
2491 3624 2785 3692 peculiaria
2815 3626 3181 3680 additamenta
3216 3634 3601 3693 monstrarent,

2013 3719 2069 3766 et
2104 3713 2491 3782 proprietatem
2532 3715 2795 3784 unigeniti
2838 3715 2961 3769 Filii
3009 3717 3172 3770 etiam
3222 3719 3602 3788 cognominum

2013 3803 2315 3870 proprietas
2360 3800 2737 3870 conﬁrma—ret,
2774 3821 2935 3875 quam
2976 3808 3089 3876 jam
3133 3811 3305 3864 honor
3330 3810 3604 3879 signorum

2013 3892 2429 3961 przecedentium
2467 3896 2889 3963 comprobasset.
2941 3895 3048 3951 Sed
3086 3898 3196 3965 jam
3247 3899 3409 3953 libelli
3446 3901 3604 3955 istius

2013 3980 2137 4035 ﬁnis
2176 3982 2261 4035 sit.
2316 3981 2500 4050 Neque
2527 3984 2668 4036 enim
2716 3985 2817 4039 hoc
2866 3986 3066 4040 dictum
3113 3987 3207 4041 Dei
3257 3986 3454 4053 Patris,
3506 3999 3602 4045 aut

2014 4075 2200 4143 augeri
2243 4075 2491 4129 humanis
2521 4077 2895 4142 sermonibus,
2945 4086 3038 4131 aut
3085 4080 3356 4150 exaequari
3400 4090 3597 4150 potest.

2012 4164 2177 4220 Nobis
2204 4167 2269 4225 de
2296 4166 2522 4221 Domino
2549 4177 2732 4222 nostro
2765 4168 2892 4224 Jesu
2918 4170 3136 4226 Christo
3164 4172 3304 4227 Filio
3342 4189 3439 4228 suo
3467 4176 3601 4231 satis

2011 4272 2109 4327 per
2136 4274 2194 4313 se
2238 4260 2410 4329 ipsum
2446 4259 2605 4314 Pater
2632 4260 2826 4332 [Cass.,
2875 4278 2972 4332 per
2998 4279 3055 4318 se
3084 4264 3198 4335 ipse
3232 4265 3373 4320 Deus
3414 4266 3597 4342 Pater]

2012 4349 2234 4403 idoneus
2268 4352 2416 4405 testis
2439 4360 2522 4405 est
2549 4352 2732 4406 dicens
2757 4372 2769 4406 :
2799 4352 2900 4406 Hic
2941 4365 3017 4408 est
3046 4354 3220 4411 Filius
3248 4374 3413 4413 meus.
3444 4360 3524 4414 Tu
3549 4360 3598 4415 si

2011 4440 2485 4495 contradicendum
2514 4443 2598 4496 his
2643 4443 2738 4497 Dei
2767 4444 2944 4499 Patris
2972 4447 3192 4502 vocibus
3217 4456 3398 4518 putas,
3447 4449 3521 4504 illi
3564 4468 3597 4507 a

2014 4536 2090 4594 te,
2141 4545 2361 4585 necesse
2403 4540 2489 4586 est
2525 4535 2853 4601 contradici,
2905 4537 2997 4605 qui
3022 4553 3147 4592 eum
3190 4540 3595 4598 evidentissima

2012 4622 2373 4678 declaratione
2393 4624 2589 4679 Filium
2619 4642 2777 4682 suum
2800 4641 2919 4683 esse
2941 4630 3011 4685 ab
3035 4630 3184 4686 omni
3204 4634 3404 4689 mundo
3424 4634 3597 4692 voluit

2008 4727 2223 4783 agnosci
2253 4727 2301 4768 ο.
2337 4734 2357 4767 ι

324 5068 3587 5131 ._________________________________

1487 5180 1651 5253 802
1696 5179 1934 5241 LIBER
1974 5178 2395 5279 SECUNDEJS.

387 5353 432 5407 Ι.
462 5352 583 5409 Non
609 5354 772 5411 debet
813 5356 946 5412 mihi
972 5357 1145 5415 lector
1178 5361 1444 5434 imputare
1488 5366 1752 5421 sermonis
1794 5368 1902 5421 mei

313 5441 605 5500 confusam
642 5446 1037 5516 quodammodo
1081 5451 1500 5521 disputationem
1545 5463 1599 5510 et
1629 5456 1901 5513 inordina-

318 5542 454 5599 tam,
478 5536 609 5604 quia
631 5551 739 5591 non
766 5545 917 5594 recto
945 5542 1161 5596 tramite
1188 5545 1475 5613 currentis,
1516 5546 1608 5600 sed
1637 5546 1901 5604 circuloso

315 5625 665 5695 loquacitatis
688 5635 869 5684 rotatu
908 5631 1231 5701 disputantis
1257 5636 1481 5705 vestigia
1525 5637 1676 5707 sequi
1714 5652 1900 5695 neces-

317 5718 527 5773 sarium
574 5721 767 5776 habeo.
813 5721 881 5778 Et
922 5733 1078 5794 prout
1114 5728 1249 5783 ordo
1291 5713 1639 5799 proponentis
1681 5730 1895 5801 exierit,

318 5823 507 5865 sermo
546 5814 921 5885 respondentis
955 5818 1330 5891 subsequatur.
1381 5820 1491 5879 Nec
1518 5824 1714 5880 mirum
1737 5824 1785 5881 si
1811 5824 1898 5883 di-

1998 5380 2157 5423 verso
2188 5365 2402 5421 tramite
2449 5382 2662 5423 curram
2703 5370 2759 5426 in
2788 5387 3057 5444 sermone,
3110 5382 3201 5452 qui
3226 5383 3377 5440 vario
3419 5400 3584 5447 sensu

1997 5458 2181 5523 etiarn,
2233 5466 2286 5513 et
2328 5460 2543 5516 sibimet
2581 5463 2708 5533 ipsi-
2728 5465 3018 5538 aliquantis
3061 5474 3116 5527 in
3160 5475 3291 5531 locis
3334 5478 3583 5540 dissimili

1998 5552 2175 5625 pergit
2200 5568 2297 5624 per
2320 5554 2609 5611 latissimos
2638 5568 2836 5615 sanctae
2867 5562 3159 5633 Scripturae
3182 5582 3418 5639 campos,
3470 5590 3579 5633 non

2001 5645 2275 5701 catholicae
2320 5643 2444 5700 ﬁdei
2473 5661 2718 5716 quaerens
2742 5653 3027 5709 veritatem
3049 5696 3064 5721 ,
3112 5658 3204 5711 sed
3248 5674 3345 5716 suo
3383 5668 3577 5735 errori,

1997 5737 2123 5793 licet
2163 5738 2317 5793 valde
2355 5740 2458 5795 sibi
2501 5743 2795 5806 contraria,
2843 5744 3033 5799 nititur
3058 5746 3255 5819 [Deest,
3310 5754 3578 5828 invenire,

1996 5830 2072 5885 vel
2096 5831 2285 5904 simile]
2317 5834 2654 5902 testimonia;
2683 5834 2925 5894 omnium
2943 5836 3322 5900 haereticorum
3337 5865 3572 5919 scqucns
