4072 6346
494 422 497 431 ι
526 381 634 447 ιιι

1380 385 1443 445 Β.
1482 383 1548 441 F.
1582 383 1809 448 ALBINi
1842 380 1977 441 seu
2012 382 2288 447 ALCUiNl
2318 383 2604 449 GPERUM
2649 384 2827 457 rans
2862 384 2950 444 III.

3681 394 3782 467 148

490 544 491 547 η
522 501 991 568 metm,
1035 500 1126 571 qui
1148 498 1316 559 divini
1353 498 1553 569 eloquii
1596 498 1891 559 sententias
1921 497 1987 555 ad
2016 496 2098 555 sui
2126 501 2172 565 Α
2202 506 2251 549 te
2282 507 2523 555 nascetur
2547 507 2801 559 sanctum,
2833 496 3116 557 FiliusDei
3140 501 3578 576 vocabitur-(Luc.
3604 523 3645 574 ι,
3666 507 3778 585 53).

525 596 900 666 probath
924 593 1128 649 erroris
1148 607 1316 664 pravo
1348 607 1508 651 sensu
1538 589 1885 659 interpretari
1924 588 2103 643 nitun-

526 689 636 741 tur.

600 777 663 831 ll.
712 777 855 834 Dicis
900 777 1082 844 itaque
1130 776 1268 848 quod
1314 791 1472 831 novus
1503 774 1655 833 homo
1694 787 1878 831 norum
1916 786 2105 825 nomen

524 867 713 923 habere
753 868 951 923 debeat.
996 867 1109 931 Dic,
1156 882 1308 934 rogo,
1355 865 1475 935 quis
1519 865 1620 921 hoc
1662 876 1860 919 novum
1908 878 2103 916 nomen

524 955 759 1023 Spiritus
789 957 985 1014 vestris
1013 958 1249 1025 insonuit
1273 956 1536 1025 auribus?
1566 955 1727 1011 Forte
1757 955 1897 1011 Deus
1922 962 2102 1009 tecum

526 1046 845 1115 loquebatur
890 1050 943 1103 in
977 1048 1206 1112 turbine,
1255 1049 1420 1106 veluti
1454 1063 1577 1103 cum
1621 1047 1723 1102 Job
1758 1060 1917 1101 servo
1961 1059 2099 1109 suo:

525 1141 609 1197 vel
636 1143 796 1197 etiam
826 1143 879 1196 in
928 1142 1199 1214 Pyrenaeis
1236 1141 1461 1201 collibus
1508 1140 1563 1195 in
1604 1140 1845 1194 tonitrua
1886 1145 1943 1191 et
1969 1151 2103 1192 voce

525 1236 689 1300 tubae,
738 1236 876 1291 sicut
900 1252 1023 1291 cum
1069 1236 1249 1306 Moyse
1284 1234 1482 1289 famulo
1527 1249 1625 1288 suo
1655 1233 1708 1287 in
1745 1231 1873 1288 Sina
1919 1238 2101 1285 monte

524 1326 916 1381 sermocinatus
943 1333 1061 1382 est:
1106 1325 1191 1381 vel
1228 1325 1510 1381 Dominum
1538 1338 1661 1381 eum
1685 1321 1819 1377 lsaia
1840 1322 2099 1392 propheta

525 1416 707 1471 vidisti
730 1417 783 1471 in
806 1417 941 1472 solio
966 1417 1265 1481 sedentem,
1292 1418 1557 1473 etmissus
1571 1422 1652 1470 est
1681 1414 1949 1483 seraphim
1975 1427 2099 1469 cum

526 1508 746 1563 ardente
773 1509 978 1564 calculo
1003 1510 1141 1565 labia
1170 1517 1259 1565 tua
1291 1509 1565 1569 mundare,
1597 1516 1656 1563 ut
1685 1507 1921 1561 inaudita
1948 1521 1976 1563 a
2000 1521 2100 1561 sa:-

524 1600 659 1656 culis
709 1603 924 1659 nomina
968 1604 1166 1659 mundo
1210 1600 1456 1673 proferre
1498 1600 1795 1655 valuisses:
1850 1598 1933 1665 vel
1974 1614 2096 1653 cum

524 1692 778 1764 Apostolo
807 1704 991 1765 raptus
1020 1694 1165 1752 fuisti
1191 1694 1255 1751 ad
1282 1694 1498 1753 tertium
1526 1694 1740 1754 caelum,
1770 1701 1824 1753 et
1847 1692 1919 1746 ibi
1949 1692 2100 1747 audi-

525 1785 595 1839 sti
618 1784 905 1841 inell‘ahilia
928 1788 1090 1842 verba
1116 1804 1129 1839 :
1156 1785 1241 1840 vel
1267 1800 1389 1841 cum
1415 1785 1573 1843 beato
1601 1783 1925 1855 evangelista
1958 1782 2095 1837 vidi-

524 1877 593 1931 sti
619 1885 674 1932 et
696 1877 869 1945 legisti
897 1878 1092 1933 librum
1120 1877 1408 1944 sigillatum
1446 1887 1648 1943 septem
1674 1875 1889 1944 sigillis,
1936 1888 2097 1943 quem

524 1983 685 2022 nemo
726 1968 898 2037 potuit
926 1968 1155 2036 aperire,
1204 1969 1307 2025 nisi
1355 1968 1437 2021 leo
1464 1967 1531 2020 de
1562 1966 1700 2020 tribu
1737 1965 1892 2029 Juda,
1943 1965 2096 2033 cujus

524 2058 771 2126 potestati
800 2058 1086 2115 infeliciter
1110 2058 1261 2115 Felix
1293 2061 1549 2130 derogare
1574 2076 1677 2115 non
1705 2061 1898 2121 metuis
1923 2062 1933 2114 !
1967 2061 2099 2119 Pro-

522 2146 606 2203 fer
638 2156 817 2203 tamen
845 2150 998 2204 nobis
1038 2151 1168 2219 quid
1206 2157 1379 2205 tecum
1412 2150 1721 2219 loqueretur
1749 2151 1890 2205 Deus
1915 2151 2000 2205 vel
2041 2152 2096 2207 in

520 2240 757 2304 turbine,
784 2240 868 2296 vel
896 2242 951 2305 in
977 2240 1246 2311 Pyr-enatis
1275 2242 1500 2299 collibus
1525 2259 1538 2294 :
1587 2242 1667 2295 vel
1696 2242 1781 2301 illa
1810 2240 2097 2301 insatiabilia

521 2330 689 2383 verba
716 2346 836 2399 quae
875 2331 1068 2386 audisti
1108 2332 1198 2386 dic
1237 2332 1424 2396 nobis,
1471 2333 1555 2388 vel
1583 2333 1650 2389 de
1696 2333 1923 2403 sigillato
1960 2334 2098 2395 libro

520 2420 745 2477 ostende
778 2420 933 2475 nobis
976 2421 1283 2477 testimonia
1330 2422 1453 2483 novi
1501 2423 1734 2483 nominis
1772 2425 1915 2492 quod
1960 2440 2097 2483 novo

522 2507 727 2564 homini
754 2509 1011 2565 indidisti.
1051 2512 1223 2567 Credo
1246 2514 1388 2581 quod
1416 2513 1552 2571 alius
1579 2516 1800 2584 spiritus
1826 2516 1921 2571 tibi
1952 2515 2097 2577 locu-

521 2607 614 2657 tus
636 2610 719 2657 est
756 2603 1029 2661 Christum
1068 2619 1187 2662 esse
1228 2600 1573 2675 adoptivum,
1606 2608 1744 2665 alius
1782 2608 1931 2667 Isaiae
1972 2624 2097 2677 pro-

518 2696 698 2764 pheta:
724 2696 1005 2765 inspiravit
1044 2698 1276 2753 dicenti:
1324 2699 1392 2754 Et
1443 2701 1709 2755 vocabitur
1750 2718 1938 2757 nomen
1981 2704 2094 2772 ejus

523 2784 836 2839 Emmanuel
866 2784 1000 2854 (Isa.
1031 2802 1127 2851 vn,
1179 2786 1305 2857 lli);
1355 2789 1439 2843 vel
1469 2791 1628 2845 etiam
1657 2792 1799 2859 quod
1828 2792 1954 2847 alibi
1981 2793 2090 2847 ait:

520 2873 589 2927 Et
645 2876 909 2929 vocabifur
941 2892 1127 2931 nomen
1174 2878 1292 2946 ejus
1346 2878 1692 2942 admirabilis,
1742 2881 2092 2949 consiliarius,

478 2988 479 2991 η
518 2962 680 3029 Deus,
714 2964 884 3033 fortis,
914 2967 1148 3035 princeps
1176 2968 1343 3036 pacis,
1369 2978 1518 3037 pater
1546 2969 1711 3038 futuri
1739 2971 1919 3026 sazculi
1958 2972 2091 3041 (Isa.

518 3069 596 3118 iv,
644 3054 721 3122 6).
771 3055 839 3109 Et
862 3055 997 3111 alius
1022 3057 1244 3125 spiritus
1289 3058 1385 3112 tibi
1408 3058 1627 3127 dictavit
1658 3060 1931 3117 Christum
1960 3082 2097 3119 nun-

519 3148 826 3215 cupativum
852 3164 972 3202 esse
997 3148 1185 3215 Deum,
1216 3150 1354 3211 alius
1377 3152 1532 3207 alteri
1559 3156 1833 3224 prophetae
1858 3158 2055 3211 dicenti
2078 3176 2089 3211 :

2206 585 2262 643 Si
2294 588 2459 658 igitur
2503 587 2615 659 ipse
2643 587 2877 654 Gabriel,
2927 590 3018 659 qui
3046 590 3242 665 dicitur
3272 592 3528 669 fortitudo
3556 595 3686 665 Dei,
3730 608 3783 658 te

2200 689 2447 751 orantem
2477 680 2531 741 in
2562 680 2758 749 templo
2778 681 3093 746 invenisset,
3136 698 3241 739 non
3271 700 3463 751 novem
3496 689 3777 765 mensium,

2200 770 2295 823 sed
2328 779 2581 841 perpetua
2615 771 2981 833 taciturnitate
3006 773 3340 839 incredulum
3371 777 3681 854 damnasset
3710 758 3780 843 ns

2203 865 2391 923 tuum:
2424 861 2547 932 quia
2575 876 2734 931 quem
2773 862 2860 919 ille
2890 879 2918 935 a
2957 862 3069 917 Deo
3109 864 3304 921 missus
3330 876 3384 922 et
3427 868 3618 925 divina:
3656 888 3785 929 cou-

2201 951 2346 1011 scius
2374 952 2663 1009 voluntatis
2688 968 2878 1027 parere
2904 955 3177 1024 Virginem
3201 959 3452 1027 praedixit
3489 959 3693 1027 Jesum,
3730 964 3784 1019 id

2200 1048 2304 1105 est,
2334 1040 2687 1105 SalvatOtcm,
2707 1051 2764 1109 et
2786 1058 3057 1114 maguum,
3092 1054 3147 1121 et
3167 1046 3207 1100 F
3213 1047 3364 1119 ilium
3400 1050 3682 1115 Altissimi,
3727 1062 3783 1108 et

2200 1138 2469 1196 sanctum,
2497 1138 2548 1185 et
2579 1141 2929 1209 regnaturum
2955 1135 3007 1198 in
3045 1144 3307 1197 mlernum
3336 1142 3589 1207 ostendit,
3638 1143 3785 1201 hunc

2202 1228 2258 1274 tu
2288 1237 2511 1291 parvum
2539 1230 2593 1281 et
2634 1223 2964 1293 adoptivum,
3015 1234 3071 1285 et
3101 1242 3318 1301 servum
3364 1232 3783 1303 conditionalcm

2200 1312 2390 1367 testari
2419 1329 2525 1371 non
2557 1314 2734 1369 times.

2267 1404 2431 1477 303
2469 1403 2552 1460 ΠΙ.
2592 1404 2830 1464 Primum
2856 1422 2983 1479 ergo
3026 1410 3154 1471 illud
3180 1427 3212 1469 a
3244 1421 3296 1469 te
3324 1417 3563 1486 requiro,
3596 1417 3787 1475 Domi-

2194 1515 2328 1567 num
2364 1498 2546 1569 Iesum
2587 1499 2895 1563 Christum,
2939 1505 3031 1573 qui
3075 1521 3141 1565 ex
3172 1505 3338 1575 Maria
3385 1510 3593 1580 virgine
3621 1522 3787 1569 natus

2198 1601 2300 1655 est,
2330 1593 2561 1655 hominis
2583 1602 2786 1657 tantum
2815 1595 3032 1667 Filium,
3060 1614 3128 1652 an
3158 1600 3320 1663 etiam
3360 1603 3455 1665 Dei
3478 1604 3671 1667 Filium
3704 1608 3788 1662 di-

2199 1683 2327 1743 cas?
2352 1682 2457 1741 Sed
2487 1684 2587 1739 hoc
2616 1685 2941 1756 superﬂuum
2964 1697 3048 1743 est
3072 1706 3102 1742 a
3133 1698 3183 1757 te
3204 1706 3448 1760 quaerere
3474 1698 3617 1763 quod
3662 1712 3787 1768 per—

2200 1774 2444 1843 spicuum
2471 1783 2554 1829 est
2585 1783 2635 1831 te
2662 1778 2885 1843 sentire,
2913 1788 2968 1849 et
2994 1780 3177 1839 multis
3221 1784 3419 1850 verbis.
3452 1786 3580 1845 licet
3600 1790 3789 1850 inani-

2131 1855 2175 1916 B
2202 1874 2301 1931 ter,
2340 1869 2666 1939 continuare
2689 1870 2921 1937 hominis
2951 1887 3071 1927 esse
3101 1882 3309 1933 tantum
3340 1877 3555 1942 Filium,
3594 1881 3688 1949 qui
3713 1897 3789 1936 ex

2202 1959 2419 2030 Virgine
2448 1968 2605 2025 natus
2632 1969 2732 2027 est,
2761 1970 2816 2017 et
2844 1978 2949 2017 non
2994 1964 3111 2029 Dei,
3143 1966 3247 2027 nisi
3291 1983 3391 2035 per
3415 1969 3786 2037 adoptionem.

2198 2050 2308 2105 Nos
2337 2060 2539 2119 autem,
2573 2054 2623 2115 id
2648 2062 2732 2119 est
2750 2096 2765 2120 ,
2789 2055 3180 2117 catholicorum
3205 2061 3445 2117 omnium
3474 2062 3629 2128 tides,
3661 2081 3783 2129 nos,

2198 2140 2438 2211 inquam,
2480 2158 2667 2198 omnes
2695 2152 2979 2214 utrumque
3022 2156 3078 2207 et
3117 2149 3388 2211 credimus
3432 2161 3488 2207 et
3532 2153 3792 2224 intelligi-

2199 2246 2338 2295 mus,
2370 2241 2425 2303 et
2468 2234 2669 2293 scimus
2695 2243 2748 2289 et
2775 2235 3115 2305 conﬁtemur,
3154 2241 3298 2308 quod
3342 2251 3396 2296 et
3436 2245 3672 2300 hominis
3699 2256 3794 2311 est

2198 2321 2383 2391 Filius,
2409 2324 2501 2399 qui
2532 2340 2597 2378 ex
2625 2326 2841 2381 homine
2872 2336 3030 2399 natus
3058 2338 3161 2395 est,
3181 2340 3235 2385 et
3261 2332 3355 2397 Dei
3386 2334 3572 2401 Filius,
3600 2338 3693 2406 qui
3714 2353 3791 2393 ex

2200 2410 2401 2481 Spiritu
2425 2422 2612 2487 sancto
2642 2426 2931 2489 conceptus
2957 2429 3059 2477 est.
3092 2421 3168 2477 Tu
3191 2439 3320 2495 ergo
3346 2425 3429 2481 vel
3472 2436 3789 2499 utrumque,

2199 2500 2252 2557 id
2280 2510 2384 2575 est,
2413 2502 2507 2567 Dei
2535 2504 2732 2581 Filium
2755 2516 2917 2579 atque
2937 2517 2993 2567 et
3011 2510 3265 2576 hominis,
3293 2529 3359 2569 an
3378 2523 3585 2583 tantum
3610 2520 3794 2575 homi-

2197 2592 2282 2655 nis
2321 2609 2440 2661 esse
2481 2597 2715 2671 asseris?
2750 2598 2806 2652 Si
2834 2608 3037 2669 tantum
3064 2604 3319 2673 hominis,
3362 2609 3658 2677 reclamant
3684 2614 3791 2675 tibi

2199 2684 2447 2752 apostoli,
2476 2687 2771 2763 reclamant
2799 2693 3091 2765 prophetae,
3111 2696 3369 2757 reclamat
3390 2700 3621 2769 denique
3644 2704 3789 2771 ipse,

2196 2792 2294 2846 per
2309 2793 2466 2845 quem
2488 2777 2627 2847 facta
2647 2788 2729 2834 est
2756 2784 3054 2851 conceptio.
3074 2786 3306 2854 Spiritus
3327 2798 3562 2847 sanctus.
3589 2790 3795 2849 Obrui-

2200 2873 2289 2921 tur
2333 2867 2853 2937 imputlentissimum
2901 2888 2963 2925 os
3018 2883 3166 2930 tuum
3219 2880 3427 2935 cunctis
3473 2882 3790 2939 divinorum

2199 2959 2407 3030 apicum
2463 2962 2818 3037 testimoniis;
2870 2964 3118 3019 obruitur
3158 2971 3328 3037 sacris
3382 2972 3789 3042 voluminibus,

2199 3053 2400 3107 sanctis
2437 3053 2694 3123 testibus;
2751 3057 3002 3131 obruitur
3048 3060 3277 3135 denique
3320 3064 3434 3134 ipso
3480 3066 3575 3121 Dei
3604 3068 3793 3127 Evan-

2197 3142 2358 3217 gelia,
2395 3144 2548 3213 quasi
2573 3146 2750 3201 divina
2776 3163 2936 3202 manu
2965 3151 3148 3213 multis
3176 3153 3228 3207 in
3259 3154 3390 3219 locis
3418 3159 3652 3215 maxime
3677 3176 3787 3230 pa-

523 3234 583 3291 Si
624 3237 781 3305 “mg”
824 3238 975 3292 homo
1012 3238 1179 3293 Deum
1220 3257 1397 3306 mum,
1445 3216 1574 3313 quid
1612 3216 1700 3298 ὦ
1750 3247 1966 3315 “malm-3
2012 3265 2093 3315 me
2122 3216 2167 3278 C
2199 3216 2349 3286 terna
2379 3248 2508 3288 voce
2532 3235 2596 3289 de
2621 3235 2793 3300 caelis,
2809 3245 2864 3293 et
2891 3237 3057 3313 ipsius
3085 3242 3389 3299 testimonio
3415 3247 3480 3301 de
3506 3263 3613 3316 quo
3634 3216 3790 3307 nime

520 3328 777 3397 (Ila-lardi.
817 3345 903 3395 ιιι,
930 3331 1005 3402 8).
1050 3332 1299 3403 Nunquid
1344 3350 1450 3389 non
1478 3335 1592 3390 base
1635 3351 1735 3391 vox
1765 3338 1963 3393 Christi
1992 3356 2091 3408 po-

523 3419 625 3474 tuit
647 3436 785 3485 esse,
810 3423 1027 3491 quando
1048 3424 1245 3479 ductus
1266 3432 1351 3480 est
1377 3427 1442 3480 ad
1471 3442 1708 3493 enicem,
1753 3430 1906 3497 quasi
1927 3429 2095 3484 dixis-

520 3522 604 3569 set
622 3528 641 3567 :
670 3513 801 3581 Cur,
831 3530 1034 3585 quaeso,
1072 3518 1491 3589 Redemptorem
1531 3528 1768 3575 vestrum
1800 3539 1905 3577 non
1928 3538 2095 3591 agno-

520 3606 713 3665 scitis?
739 3604 848 3666 Cur
868 3607 1036 3665 Deum
1061 3608 1304 3666 indutum
1333 3624 1433 3679 pro
1458 3610 1608 3667 vobis
1628 3626 1789 3666 came
1831 3615 2093 3669 nescitis?

514 3696 789 3759 Salvatori
828 3706 1006 3754 vestro
1039 3715 1227 3756 necem
1272 3702 1492 3769 paratis.
1540 3701 1829 3757 Auctorem
1859 3706 1983 3769 vita
2024 3705 2093 3760 ad

518 3799 750 3849 mortem
789 3790 1023 3848 ducitis:
1064 3793 1206 3848 Deus
1233 3800 1410 3848 vester
1433 3808 1572 3855 sum,
1620 3809 1779 3863 quem
1814 3796 2094 3865 suspendi-

520 3881 628 3939 tis:
659 3882 798 3938 Deus
826 3891 1023 3950 vester,
1050 3901 1211 3955 quem
1252 3885 1591 3955 crucifigitis.
1641 3887 1791 3953 Quis,
1824 3904 1972 3959 rogo,
2006 3889 2094 3943 hic

517 3988 687 4037 error,
740 3982 834 4029 aut
866 3992 985 4045 qua:
1025 3978 1231 4032 insania
1270 3980 1395 4033 est?
1444 3978 1506 4035 Si
1542 3980 1699 4049 aﬂigit
1742 3981 1896 4034 homo
1926 3980 2093 4033 Deum

518 4081 691 4130 suum,
715 4067 838 4137 quia
867 4084 955 4122 vos
980 4069 1184 4139 a/ﬁgitis
1209 4086 1308 4123 me.
1356 4070 1519 4125 Vides
1543 4070 1813 4138 quomodo
1838 4086 1944 4124 vox
1980 4072 2097 4131 tunc

512 4155 753 4226 ipsarum
776 4160 1187 4227 quodammodo,
1215 4171 1468 4229 quaeacta
1496 4171 1639 4223 sunt,
1676 4177 1854 4215 rerum
1877 4178 1978 4216 vox
1999 4162 2090 4216 sit.

517 4244 767 4313 Nunquid
794 4250 1101 4316 «pressius
1126 4250 1419 4319 quidquam
1449 4260 1542 4304 aut
1583 4252 1921 4306 manifestius
1948 4269 2095 4322 qua:-

519 4334 627 4391 ris?
650 4334 809 4393 Vides
837 4339 1104 4405 quomodo
1135 4340 1435 4395 testimonia
1457 4355 1613 4395 sacra
1642 4349 1824 4395 natum
1850 4342 1905 4395 in
1928 4358 2095 4398 carne

517 4425 802 4485 Dominum
828 4425 1011 4487 losum
1046 4427 1317 4484 Christum
1354 4431 1420 4485 ab
1447 4431 1576 4500 ipsis
1599 4431 1993 4500 quodammodo
2018 4435 2095 4489 in-

514 4517 814 4582 cunabulis,
862 4534 1031 4587 usque
1069 4520 1134 4574 ad
1174 4535 1388 4575 crucem
1432 4536 1594 4590 quam
1622 4524 1863 4591 pertulit,
1904 4540 2090 4594 prose-

512 4617 640 4673 cuta
667 4619 790 4672 sunt
813 4628 826 4663 :
856 4625 981 4667 cum
1009 4611 1194 4680 utique
1216 4612 1389 4676 illum,
1418 4627 1579 4682 quem
1602 4615 1772 4669 lsaias
1800 4616 2083 4671 Dominum

515 4698 570 4752 in
594 4715 756 4754 carne
782 4701 925 4754 nasci
956 4701 1297 4769 prmdicavit;
1332 4703 1420 4756 hic
1442 4703 1607 4758 Deum
1639 4706 1691 4758 in
1720 4722 1882 4760 cruce
1907 4706 2086 4761 videat

515 4785 674 4856 attigi.
726 4788 792 4842 Et
816 4790 934 4843 ideo
960 4805 989 4842 a
1015 4791 1271 4859 propheta
1301 4801 1354 4845 et
1388 4791 1493 4847 illic
1522 4794 1611 4847 ubi
1649 4803 1807 4849 natus
1833 4802 1916 4848 est
1944 4794 2085 4849 Deus

515 4880 727 4942 dicitur,
766 4891 822 4935 et
846 4882 952 4938 illic
978 4884 1064 4936 ubi
1093 4884 1379 4939 crucifixus
1408 4895 1491 4940 est
1518 4886 1659 4940 Deus
1684 4886 2082 4941 evidentissime

514 4971 840 5025 nominatur.
893 4972 1201 5027 Certissima
1245 4975 1379 5028 alius
1420 4978 1641 5047 angelus
1674 4978 1766 5031 tibi
1797 4978 2083 5031 dormienti

500 5065 569 5119 in
608 5066 820 5119 somnis
846 5067 1133 5135 apparuit,
1176 5067 1317 5122 alius
1352 5066 1550 5137 loseph
1597 5071 1714 5123 viro
1765 5070 1983 5123 Mariae:
2032 5076 2084 5123 et

512 5156 655 5210 aliud
687 5157 781 5211 tibi
813 5172 1005 5210 nomen
1035 5158 1449 5223 demonstravit,
1498 5159 1639 5212 aliud
1671 5160 1786 5225 illi;
1818 5160 1902 5223 vel
1947 5159 2084 5229 alius

510 5264 616 5303 non
644 5246 882 5312 Gabriel,
920 5249 1011 5302 sed
1046 5250 1255 5318 ignotus
1295 5250 1520 5317 quilibet
1558 5252 1775 5305 nuntius
1815 5252 1909 5305 tibi
1951 5252 2083 5321 vigi-

508 5339 643 5417 lanti
700 5338 874 5415 astitit
930 5353 1220 5414 susurrans
1266 5339 1323 5411 in
1370 5355 1575 5409 aurem.
1635 5339 1827 5406 Hunc,
1886 5341 2079 5409 inquit,

508 5444 757 5521 puerum,
788 5428 877 5501 qui
899 5436 1054 5497 natus
1078 5436 1161 5507 est
1184 5429 1248 5503 de
1276 5428 1516 5501 Virgine,
1552 5429 1857 5497 adoptivum
1887 5445 2080 5484 vocare

510 5515 802 5595 incruento,
856 5515 961 5583 Sed
996 5517 1135 5593 alius
1176 5517 1501 5589 beatissima:
1543 5517 1749 5587 Virgini
1790 5518 1982 5583 astitit,
2027 5524 2083 5571 et

503 5611 614 5699 iam
664 5624 775 5689 non
814 5610 1101 5679 quislibet.
1152 5609 1247 5685 sed
1294 5608 1509 5686 Gabriel
1546 5608 1898 5683 archangelus
1934 5609 2079 5683 clara

496 5694 638 5781 iace
664 5702 1051 5783 mmetin
1094 5699 1323 5785 sum
1346 5709 1554 5777 ξαηριιρδ
1593 5703 1909 5775 ευρβνυρηὶρε
1936 5705 1989 5777 in
2010 5712 2079 5779 te

505 5807 556 5880 ξι
585 5801 748 5855 vim“
772 5796 1023 5879 om:
1039 5794 1365 5876 nomine!
1389 5794 1483 5875 tibi
1503 5808 1521 5871 ἔ
1544 5795 1763 5875 iecerat
1782 5805 1834 5867 βε
1852 5797 1992 5871 quod
2016 5813 2082 5867 es

2118 4567 2169 4626 D

2194 3326 2349 3381 nobis
2378 3340 2555 3381 sermo
2590 3336 2691 3397 est.
2720 3326 2950 3397 Damnat
2972 3340 3022 3386 et
3058 3332 3172 3401 ipse
3197 3335 3553 3406 archangelus
3582 3355 3779 3396 vocem

2194 3416 2524 3489 incredulatn
2549 3418 2601 3493 in
2645 3427 2715 3481 te,
2751 3419 2838 3495 qui
2861 3421 3058 3478 virtute
3085 3425 3164 3479 sui
3193 3426 3460 3491 sermonis
3497 3429 3691 3491 clausit
3719 3432 3784 3486 in

2194 3509 2455 3581 Zacharia
2482 3525 2543 3573 os
2568 3511 2899 3583 incredulum
2934 3530 2947 3564 :
2981 3514 3149 3571 multo
3201 3517 3374 3586 magis
3400 3527 3456 3572 et
3483 3520 3537 3579 in
3583 3530 3654 3586 te,
3683 3521 3788 3591 qui

2177 3617 2295 3673 nec
2340 3601 2440 3661 Dei
2489 3602 2661 3675 Patris
2714 3603 3019 3678 testimonio
3056 3607 3124 3669 de
3166 3606 3307 3669 Filio
3360 3625 3460 3669 suo
3505 3614 3783 3682 testantis,

2192 3711 2294 3769 ρβο
2343 3695 2651 3768 ςρρειριίεὶδ
2700 3697 2995 3765 doctrinis,
3038 3714 3137 3759 nec
3192 3704 3516 3772 propheticis
3571 3722 3782 3775 praesa-

2191 3787 2333 3859 giis,
2386 3802 2484 3844 nec
2543 3788 2797 3860 angelicis
2844 3789 3097 3865 ullatinus
3152 3794 3460 3855 consentire
3507 3797 3625 3861 vis,
3680 3801 3785 3854 sed

2191 3889 2313 3953 post
2338 3879 2451 3935 haec
2473 3880 2714 3947 veritatis
2732 3882 3038 3949 testimonia
3067 3898 3261 3945 novum
3294 3900 3487 3940 nomen
3510 3886 3604 3941 Dei
3635 3887 3783 3944 Filio

2190 3985 2315 4039 cum
2344 3971 2533 4040 paucis
2558 3970 2842 4040 Hispania},
2868 3988 2974 4033 non
3007 3974 3127 4037 dico
3152 3974 3485 4039 doetoribus,
3509 3978 3603 4033 sed
3633 3979 3785 4033 veri-

2194 4062 2322 4117 tatis
2347 4061 2732 4130 desertoribus,
2757 4062 3033 4131 imponere
3054 4066 3356 4133 praesumis.
3383 4065 3779 4124 Convertimini

2192 4152 2511 4222 quandoque
2563 4152 2631 4207 ad
2684 4153 2905 4215 unitatis
2954 4156 3232 4219 catholicae
3282 4160 3642 4224 concordiam,
3692 4168 3779 4227 et,

2193 4244 2318 4308 dum
2348 4244 2521 4296 adhuc
2561 4242 2737 4305 lwmen
2788 4245 3021 4310 habetis.
3050 4247 3275 4313 currite,
3302 4264 3369 4305 ne
3408 4264 3505 4321 vos
3533 4252 3778 4309 tenebrae

2192 4334 2597 4404 apprehendant
2626 4349 2642 4389 :
2669 4342 2728 4387 ut
2773 4335 2892 4389 sitis
2921 4351 3017 4405 per
3042 4336 3193 4393 illum
3220 4338 3505 4408 adeptione
3537 4339 3777 4397 ﬁliorum

2190 4426 2358 4495 digni,
2400 4427 2489 4495 qui
2532 4436 2615 4489 est
2654 4443 2813 4489 verus
2853 4427 3021 4501 Filius
3051 4430 3169 4494 Dei,
3210 4430 3303 4498 qui
3342 4431 3397 4489 in
3441 4432 3779 4500 plenitudine

2192 4519 2491 4581 divinitatis
2515 4527 2674 4577 natus
2699 4528 2781 4585 est
2811 4520 3081 4589 perlectus
3108 4521 3554 4591 Deus,perl'ectus
3569 4526 3768 4582 homo:

2192 4622 2334 4673 totus
2378 4615 2539 4680 Deus,
2570 4622 2715 4671 totus
2745 4616 2937 4681 homo;
2990 4622 3136 4671 totus
3172 4615 3340 4672 Filius
3373 4615 3488 4681 Dei,
3521 4624 3576 4671 et
3620 4625 3772 4673 totus

2188 4704 2327 4779 ﬁlius
2374 4707 2626 4767 hominis.
2666 4705 2733 4761 Et
2761 4719 2955 4766 nomen
2985 4707 3124 4773 quod
3168 4706 3391 4777 angelus
3438 4708 3770 4777 concipienti

2186 4797 2393 4865 Virgini
2417 4796 2687 4864 praedixit,
2716 4798 2772 4853 id
2814 4804 2901 4855 est
2937 4795 3132 4870 Filium
3159 4797 3279 4862 Dei,
3318 4798 3631 4857 ﬁrmissime
3682 4806 3765 4852 te—

2185 4894 2346 4951 nete,
2394 4887 2597 4940 credite
2657 4894 2712 4939 et
2756 4885 3065 4961 przedicate.
3120 4885 3215 4967 Dei
3266 4889 3408 4969 enim
3462 4888 3630 4969 filius
3676 4887 3769 4944 Je-

2186 4992 2279 5031 sus
2335 4975 2582 5030 Christus
2635 4983 2744 5037 est,
2803 4975 2894 5042 qui
2952 4983 3008 5050 et
3054 4970 3121 5030 de
3175 4978 3453 5033 divinitate
3507 4981 3761 5050 genitus,

2185 5074 2240 5121 et
2287 5066 2353 5119 de
2398 5066 2677 5121 divinitate
2724 5074 3019 5133 conceptus
3056 5075 3161 5121 est.
3194 5068 3255 5123 Si
3299 5078 3479 5123 autem
3530 5070 3623 5127 Dei
3672 5069 3765 5124 Fi-

2184 5155 2321 5231 lius,
2367 5170 2496 5229 ergo
2532 5152 2899 5231 indubitanter
2949 5154 3092 5211 Deus
3137 5176 3155 5209 ς
3206 5158 3251 5212 si
3293 5173 3422 5214 vero
3460 5160 3619 5223 Deus,
3654 5160 3765 5215 uti-

2181 5260 2288 5318 que
2334 5243 2479 5297 omni
2526 5243 2751 5298 veritate
2785 5242 3011 5313 plenus,
3067 5248 3193 5317 quia
3244 5249 3417 5318 gratia
3452 5255 3505 5304 et
3561 5248 3763 5305 veritas

2182 5352 2281 5411 per
2304 5333 2484 5405 ἔβδυίιι
2514 5333 2787 5401 Christum
2814 5335 2955 5409 laeta
2981 5346 3068 5407 est
3111 5337 3294 5409 (lana.
3330 5357 3380 5407 ς,
3413 5340 3522 5411 l7).
3569 5339 3763 5404 Omnis

2184 5442 2313 5503 ergo
2360 5428 2415 5493 in
2464 5441 2529 5495 eo
2575 5428 2780 5503 gratia,
2820 5431 2997 5505 omnis
3033 5432 3268 5499 veritati.
3317 5435 3494 5511 omnis
3541 5434 3756 5500 virtus,

2180 5522 2361 5593 omnis
2410 5520 2682 5593 potentia.
2732 5522 2911 5589 omnis
2958 5523 3242 5590 divinitas.
3293 5526 3471 5587 omnis
3526 5525 3760 5601 denique

2184 5613 2480 5693 divinitatis
2522 5627 2586 5679 ac
2642 5615 2939 5691 maiestatis
2987 5614 3159 5693 ipsine
3203 5617 3483 5686 plenitudo
3516 5632 3638 5677 cum
3688 5630 3758 5673 eo

2184 5715 2345 5779 atque
2371 5704 2426 5773 in
2454 5718 2521 5777 es
2546 5720 2760 5795 iamper
2781 5705 2902 5775 fuit.
2924 5706 3040 5774 sive
3063 5707 3121 5771 in
3160 5707 3317 5773 orata.
3346 5708 3465 5774 sive
3485 5707 3543 5765 in
3584 5715 3754 5772 terra.

2178 5796 2298 5871 live
2314 5797 2371 5867 in
2390 5803 2567 5867 ιμβςρ,
2592 5797 2709 5865 sive
2728 5798 2782 5865 in
2803 5805 2944 5867 erit»
2979 5798 3123 5867 ΝΜ
3149 5803 3521 5881 musam
3554 5804 3621 5863 de
3642 5800 3756 5859 Deo
