4072 6346
458 268 557 324 151

1294 268 1353 323 Β.
1393 269 1456 323 F.
1495 267 1721 323 ALBINI
1756 267 1887 325 SEU
1924 269 2203 330 ALCUINI
2237 271 2522 330 OPERUM
2550 271 2729 329 PARS
2771 272 2857 329 Ill.

3606 282 3711 338 152

457 398 491 437 a
524 381 654 447 Deo,
672 380 764 453 qui
797 380 856 438 in
880 395 946 438 eo
982 387 1142 438 natus
1173 390 1290 447 est,
1322 398 1426 438 non
1462 390 1657 452 potest.
1686 383 1840 438 Hunc
1864 384 2029 449 enim,
2062 387 2109 446 Α
2135 386 2224 441 hic
2252 387 2318 442 de
2338 387 2643 443 nominibus
2671 388 2882 444 Domini
2910 390 3078 444 nostri
3108 390 3292 446 deest:
3320 399 3377 448 et
3422 393 3593 450 Deum
3622 398 3708 453 hic

458 486 621 543 quem
652 478 838 527 natum
877 471 1037 536 dixit,
1067 471 1281 525 Patrem
1309 470 1472 524 futuri
1505 471 1685 525 saeculi
1713 471 2030 537 nominavit,

458 566 629 623 Deum
650 564 847 622 fortem
871 582 991 621 esse
1010 567 1274 635 praedixit.
1312 586 1330 618 ι
1378 567 1453 621 De
1477 582 1583 636 quo
1629 575 1682 621 et
1720 568 1774 622 in
1797 568 2037 637 superio-

458 659 610 716 ribus
634 659 775 714 idem
797 660 1059 729 propheta
1085 658 1161 711 ait
1185 675 1199 711 :
1226 658 1360 712 Ecce
1387 660 1529 729 virgo
1560 660 1834 729 concipiet,
1865 669 1912 712 et
1942 676 2037 730 pa-

456 754 557 807 riet
580 751 800 818 Filium,
827 762 877 807 et
906 751 1172 805 vocabitur
1195 768 1380 806 nomen
1403 752 1517 823 ejus
1558 752 1871 807 Emmanuel
1898 753 2032 822 (Isa.

455 858 556 908 vn,
593 842 701 916 14).
739 842 1079 912 Evangelista
1121 842 1407 899 Mattbaeus
1457 845 1561 900 hoc
1609 859 1884 914 exponens
1920 846 2030 899 ait:

460 932 613 999 Quod
646 932 1020 1001 interpretatur
1060 931 1327 985 nobiscum
1373 931 1516 987 Deus
1571 932 1785 1004 (Matth.
1830 950 1869 998 ι,
1918 934 2030 1003 25).

456 1023 590 1079 Nam
618 1031 674 1079 et
704 1023 926 1093 angelus
953 1023 1171 1079 Gabriel
1205 1041 1234 1079 a
1275 1025 1385 1079 Deo
1437 1027 1633 1080 missus
1663 1027 1729 1081 ad
1760 1027 2030 1096 Virginem

456 1115 593 1171 dixit
621 1134 633 1169 :
662 1114 798 1168 Ecce
824 1116 964 1169 enim
993 1117 1254 1186 concipies
1274 1126 1323 1170 et
1344 1117 1514 1187 paries
1542 1116 1703 1187 805
1734 1116 1954 1183 Filium,
1986 1127 2032 1171 et

453 1208 661 1263 vocabis
706 1225 894 1281 nomen
945 1210 1060 1279 ejus
1090 1209 1311 1265 Jesum:
1348 1211 1431 1263 hic
1473 1212 1608 1264 enim
1659 1212 1755 1264 erit
1788 1229 2030 1281 magnus,

451 1307 502 1354 et
522 1297 696 1354 Filius
723 1298 978 1354 Altissimi
999 1301 1267 1355 vocabitur
1290 1300 1440 1372 (Luc.
1470 1318 1510 1364 ι,
1537 1302 1649 1371 51).
1698 1302 1773 1356 De
1797 1318 1903 1371 quo
1938 1319 2033 1357 no-

450 1391 598 1448 mine
629 1401 684 1448 et
707 1394 998 1462 Apostolus
1027 1394 1103 1447 ait
1136 1412 1150 1447 :
1184 1392 1250 1447 Et
1276 1393 1420 1447 dedit
1465 1393 1543 1447 illi
1575 1412 1759 1448 nomen
1785 1396 1922 1465 quod
1956 1405 2029 1450 est

448 1500 608 1555 super
659 1502 810 1539 omne
852 1503 1063 1551 nomen,
1091 1494 1148 1539 ut
1195 1486 1253 1539 in
1305 1487 1512 1540 nomine
1550 1486 1676 1540 Jesu
1724 1504 1872 1540 omne
1897 1504 2031 1557 genu

449 1575 708 1647 ﬂectatur,
752 1574 1069 1641 caelestium,
1117 1576 1459 1641 terrestrium,
1499 1584 1547 1629 et
1591 1577 1915 1646 infernarum
1942 1592 1959 1629 :
1983 1587 2033 1631 et

446 1666 619 1721 omnis
672 1665 853 1736 lingua
889 1666 1198 1735 conﬁteatur
1240 1668 1365 1735 quia
1407 1667 1562 1721 Jesus
1594 1676 1666 1721 est
1703 1667 1939 1722 Christus
1977 1670 2029 1721 in

2136 482 2191 529 et
2218 474 2572 543 Salvatorem,
2597 486 2651 531 et
2674 476 2854 533 Jesum
2881 479 3154 534 Christum
3186 482 3334 538 vides
3360 501 3372 538 :
3406 486 3497 540 sed
3526 490 3709 544 omnia

2138 567 2252 621 haec
2276 569 2485 634 videns,
2528 571 2704 624 omnia
2744 585 2861 625 esse
2914 573 2965 625 in
3019 574 3127 628 Deo
3164 577 3444 646 perspicis.
3498 578 3710 637 Audisti

2136 660 2276 713 enim
2328 660 2511 723 Deum,
2572 664 2664 716 sed
2711 662 3045 719 Salvatorem
3075 685 3086 718 :
3120 668 3313 722 audisti
3368 670 3554 735 Deum,
3611 674 3710 729 sed

2134 747 2315 805 Jesum
2342 769 2354 803 :
2380 752 2575 805 audisti
2620 754 2785 807 Deum
2830 770 2981 820 esse,
3013 758 3106 811 sed
3130 756 3423 813 Christum.
3454 759 3712 831 Separari

2136 844 2239 899 hoc
2268 844 2639 914 appellationis
2671 848 2982 904 diversitate
3013 867 3116 905 non
3146 854 3308 918 valet,
3339 858 3480 924 quod
3515 859 3712 914 divini-

2138 942 2218 990 tas
2248 937 2451 992 unitate
2485 940 2777 1009 conjunxit.
2810 941 2915 996 Sed
2946 944 3088 1006 licet,
3119 946 3376 1016 quidquid
3405 949 3471 1004 de
3512 951 3595 1005 bis
3625 969 3714 1007 re-

2135 1027 2408 1095 quisieris,
2455 1029 2593 1083 idem
2628 1029 2867 1086 invenies
2911 1051 2923 1086 :
2958 1033 3207 1089 Salvator
3244 1037 3383 1092 Deus
3412 1049 3518 1105 est,
3550 1040 3713 1099 Jesus

2135 1114 2275 1170 Deus
2300 1124 2397 1179 est,
2430 1116 2676 1174 Christus
2716 1120 2855 1175 Deus
2897 1131 2997 1177 est.
3047 1124 3216 1180 Omne
3246 1127 3347 1182 hoc
3382 1132 3525 1198 quod
3555 1134 3713 1188 audis

2133 1207 2337 1277 plurale
2380 1224 2411 1262 e
2444 1218 2463 1262 t
2503 1212 2915 1280 nuncupatione,
2945 1216 3038 1269 sed
3068 1233 3233 1271 unum
3278 1228 3363 1273 est
3399 1230 3665 1290 potestate
3694 1244 3709 1277 :

2134 1300 2270 1368 Quia
2301 1318 2421 1357 cum
2468 1312 2521 1358 et
2573 1304 2820 1361 Salvator
2856 1309 2996 1365 Deus
3042 1313 3131 1377 sit,
3165 1323 3219 1368 et
3270 1314 3427 1370 Iesus
3462 1318 3622 1383 Deus,
3654 1331 3713 1376 et

2133 1391 2381 1447 Christus
2423 1394 2585 1459 Deus,
2630 1396 2926 1469 intelligere
2963 1410 3206 1471 apertum
3235 1413 3319 1459 est
3348 1408 3488 1475 quod
3526 1411 3714 1466 omnia

2132 1484 2248 1538 haec
2277 1485 2677 1555 distinguuntur
2702 1504 2805 1559 app
2827 1490 3081 1558 ‘llatione,
3128 1497 3220 1550 sed
3270 1496 3552 1566 majestate
3575 1501 3709 1570 jun-

2133 1584 2349 1644 guntur.
2381 1577 2448 1630 Et
2477 1592 2597 1631 cum
2643 1580 3046 1637 evidentissime
3079 1586 3265 1640 audias
3306 1591 3449 1658 quod
3490 1608 3628 1647 unus
3656 1594 3715 1648 in

2133 1666 2355 1737 singulis
2378 1677 2715 1739 nuncupatur
2744 1672 2917 1739 Deus,
2949 1675 3247 1747 intelligere
3287 1680 3473 1751 utique
3520 1695 3713 1754 aperte

451 1757 623 1828 gloria
666 1758 763 1813 Dei
795 1759 974 1813 Patris
1015 1758 1270 1830 (Philipp.
1327 1776 1390 1824 ιι,
1418 1761 1470 1825 9,
1524 1759 1607 1824 10,
1656 1760 1762 1830 ll).
1808 1761 1883 1814 De
1923 1776 2030 1830 quo
2060 1745 2106 1805 Β
2134 1765 2290 1825 potes
2338 1760 2480 1829 quod
2524 1769 2609 1815 est
2655 1763 2706 1815 in
2735 1765 2985 1820 omnibus
3011 1745 3149 1822 unus
3189 1770 3349 1826 Deus.
3388 1745 3524 1840 Quid
3554 1745 3714 1831 dubi-

446 1857 669 1905 sanctus
719 1848 941 1904 Proclus
986 1850 1611 1921 Constantinopolitanus
1650 1851 1930 1920 episcopus
1973 1852 2027 1905 in

445 1939 675 2011 epistola
717 1941 783 1994 ad
829 1940 1114 1996 Armenios
1166 1940 1283 1995 ait:
1316 1959 1333 1992 ‹
1374 1942 1431 1995 Si
1475 1942 1612 1995 alter
1652 1951 1735 1995 est
1782 1941 2029 1997 Christus

450 2040 654 2101 praeter
678 2030 845 2085 Deum
877 2047 1085 2098 verum,
1114 2048 1337 2089 necesse
1362 2042 1446 2089 est
1472 2043 1531 2088 ut
1567 2050 1734 2104 purus
1770 2036 1931 2089 homo
1960 2035 2029 2089 sit

448 2120 737 2177 Christus:
769 2131 823 2177 et
850 2124 1118 2192 quomodo
1161 2139 1285 2179 eum
1331 2124 1474 2180 ultra
1519 2134 1726 2180 natura:
1775 2126 2029 2180 meritum

445 2210 750 2266 cmlestium
806 2221 1132 2268 venerantur
1173 2215 1465 2281 exercitus,
1519 2217 1694 2286 eique,
1734 2218 1823 2286 qui
1855 2218 2030 2272 minor

444 2314 549 2373 est,
579 2321 717 2375 genu
744 2306 999 2362 ﬂectunt?
1032 2330 1051 2361 ι
1088 2308 1216 2375 Quae
1263 2317 1347 2365 est
1372 2311 1486 2365 haec
1531 2312 1697 2381 gloria
1728 2310 1927 2376 Patris,
1975 2312 2030 2366 in

444 2414 552 2469 qua
588 2408 669 2454 est
706 2399 972 2466 Christus,
1000 2401 1045 2454 si
1071 2416 1180 2455 non
1203 2409 1285 2456 est
1305 2417 1465 2457 verus
1493 2402 1663 2457 Filius
1691 2402 1787 2456 Dei
1826 2402 2025 2468 Patris,

446 2493 542 2547 sed
590 2492 901 2561 adoptivus,
960 2494 1099 2548 sicut
1150 2510 1338 2550 omnes
1397 2494 1536 2549 nos?
1578 2494 1644 2548 Et
1689 2494 1734 2548 si
1787 2494 1861 2549 ita
1908 2504 2025 2560 est,

446 2602 552 2641 non
609 2596 691 2641 est
734 2602 929 2642 nomen
963 2588 1105 2643 illius
1146 2604 1307 2658 super
1357 2604 1515 2643 omne
1547 2603 1762 2653 nomen,
1809 2589 1903 2644 sed
1947 2590 2027 2643 in-

445 2683 533 2731 ter
567 2677 745 2731 omnia
789 2680 1025 2743 nomina,
1074 2678 1126 2732 id
1163 2688 1266 2743 est,
1298 2679 1576 2748 adoptivus
1614 2696 1625 2731 :
1670 2677 1795 2747 quia
1823 2678 2029 2747 adopti—

447 2780 548 2823 vus
598 2783 883 2823 commune
919 2777 1002 2823 est
1044 2785 1238 2824 nomen
1283 2770 1523 2825 omnium
1576 2777 1903 2824 sanctorum.
1951 2770 2028 2824 De

450 2860 667 2915 nomine
696 2868 877 2915 autem
906 2858 1029 2916 Jesu
1063 2862 1258 2933 legitur
1285 2863 1337 2916 in
1367 2861 1591 2918 Actibus
1624 2863 2025 2932 apostolorum:

454 2951 519 3013 Et
550 2952 797 3025 baptizati
826 2963 943 3009 sunt
986 2954 1041 3010 in
1082 2956 1286 3011 nomine
1312 2954 1440 3011 Jesu
1470 2953 1606 3029 (Art.
1637 2971 1763 3022 nx,
1804 2954 1880 3026 5).
1916 2955 2032 3010 Uti-

449 3060 555 3115 que
581 3060 775 3099 nomen
816 3046 964 3109 illud,
994 3049 1135 3116 quod
1162 3056 1245 3102 est
1274 3046 1448 3111 Jesus,
1493 3046 1560 3100 ab
1603 3046 1791 3117 angelo
1822 3045 2028 3116 Virgini

447 3138 867 3209 pnenuntiatum
914 3147 1035 3203 est,
1089 3148 1149 3193 ut
1204 3140 1293 3194 ille
1338 3139 1431 3209 qui
1481 3153 1547 3193 ex
1586 3153 1650 3192 ea
1691 3146 2025 3195 nasceretur.
2056 3107 2101 3169 C

446 3228 721 3284 vocandus
775 3239 918 3284 esset
959 3228 1134 3285 Jesus.
1189 3228 1246 3283 Si
1290 3227 1445 3284 Jesus
1496 3244 1601 3283 non
1654 3236 1801 3283 esset
1847 3228 2026 3287 Deus,

446 3322 717 3391 quomodo
768 3322 1026 3392 baptizati
1076 3330 1199 3377 sunt
1243 3322 1299 3375 in
1348 3322 1562 3376 nomine
1610 3318 1772 3375 Jesu?
1801 3319 1878 3373 De
1924 3334 2031 3387 quo

446 3412 612 3466 etiam
638 3412 853 3467 nomine
876 3414 1062 3468 beatus
1085 3411 1375 3467 Cassianus
1398 3410 1557 3465 Pater
1584 3411 1656 3466 ita
1679 3412 1753 3465 ait
1766 3411 1821 3465 in
1851 3410 2031 3480 dispu-

448 3503 650 3558 tatione
688 3505 895 3568 eadem,
930 3504 985 3557 in
1034 3520 1137 3574 qua
1186 3519 1348 3574 supra
1386 3518 1400 3556 :
1454 3521 1473 3554 ι
1512 3501 1763 3573 Nunquid
1817 3501 2031 3558 causari

449 3592 651 3661 aliquid
676 3594 827 3663 quasi
859 3594 924 3649 de
969 3594 1317 3665 ambiguitate
1343 3594 1622 3649 nominum
1647 3601 1820 3663 potes,
1865 3602 1924 3647 ut
1953 3594 2032 3649 di-

448 3698 543 3738 cas
572 3682 715 3738 aliud
736 3698 855 3737 esse
881 3682 1177 3747 Christum,
1194 3684 1337 3739 aliud
1366 3684 1981 3748 Deum,utSalvatorem
1999 3700 2030 3739 a

448 3770 733 3840 majestate
758 3773 990 3826 nominis
1016 3774 1098 3827 sui
1118 3772 1407 3839 distrahas,
1439 3784 1494 3827 et
1512 3774 1680 3827 Deum
1704 3788 1735 3825 a
1753 3771 2032 3827 divinitate

451 3863 741 3919 secernas?
779 3863 918 3917 Ecce
948 3863 1036 3917 hic
1078 3879 1173 3919 vas
1225 3863 1421 3935 [Cass.,
1465 3862 1570 3934 vir]
1597 3863 1690 3917 Dei
1720 3878 1787 3917 ex
1814 3862 1923 3918 Deo
1954 3861 2033 3917 lo-

450 3956 658 4025 quitur,
682 3964 735 4010 et
755 3955 1070 4025 apparuisse
1107 3971 1174 4010 ex
1204 3955 1370 4009 Maria
1412 3954 1641 4023 gratiam
1689 3953 1786 4007 Dei
1816 3953 2033 4008 eviden-

450 4047 657 4102 tissima
712 4046 1096 4115 prmtlicatione
1144 4053 1391 4100 testatur.
1420 4044 1498 4099 Ac
1540 4060 1607 4098 ne
1653 4043 1793 4097 forte
1822 4057 1926 4097 non
1964 4058 2031 4096 ex

450 4136 620 4191 Maria
656 4139 824 4192 Deum
854 4138 1172 4207 apparuisse
1195 4137 1402 4191 diceres
1428 4134 1647 4206 [nomen
1679 4134 1861 4188 statim
1883 4132 2032 4188 addi-

450 4227 529 4281 dit
557 4227 874 4300 Salvatoris]
898 4270 911 4294 ,
948 4230 1152 4285 scilicet
1181 4236 1240 4282 ut
1266 4228 1434 4282 Deum
1458 4241 1577 4281 esse
1615 4234 1801 4279 natum
1829 4240 1894 4279 ex
1922 4224 2033 4277 Ma-

451 4318 532 4371 ria
565 4318 731 4370 Deum
761 4319 1031 4384 crederes,
1062 4335 1222 4388 quem
1253 4318 1589 4373 Salvatorem
1615 4326 1801 4371 natum
1833 4332 2031 4387 negare

452 4422 561 4462 non
602 4422 811 4477 posses,
851 4418 1223 4479 exspectantes,
1273 4409 1448 4478 inquit
1482 4407 1672 4463 beatus
1722 4408 2028 4477 Apostolus,

454 4498 659 4551 beatam
689 4514 830 4567 spem
857 4508 905 4551 et
941 4497 1217 4552 adventum
1244 4496 1424 4568 gloriae
1454 4499 1629 4568 magni
1656 4498 1750 4552 Dei
1770 4508 1817 4551 et
1849 4496 2034 4552 Salva-

451 4587 580 4641 toris
627 4588 789 4640 nostri
817 4585 947 4641 Jesu
974 4586 1169 4641 Christi
1200 4586 1325 4659 (Tit.
1360 4604 1419 4653 ιι,
1467 4586 1575 4662 l5).
1602 4588 1747 4642 Vidit
1792 4586 2033 4656 profecto

452 4678 543 4734 ille
566 4680 757 4733 divinae
784 4680 1058 4749 sapientia:
1094 4682 1282 4735 doctor
1306 4680 1371 4735 ad
1394 4681 1680 4736 insidiosas
1714 4679 2033 4734 calliditates

452 4768 732 4825 diabolica:
749 4771 1011 4839 captionis
1031 4771 1326 4841 simplicem
1356 4771 1726 4826 tantummodo
1754 4786 1857 4823 non
1889 4769 2034 4825 sulli-

451 4872 579 4915 cere
628 4859 952 4923 doctrinam,
1008 4860 1107 4915 uisi
1138 4870 1379 4916 sanctam
1432 4862 1553 4917 ﬁdei
1599 4861 2031 4931 praedicationem

452 4950 752 5006 munimine
776 4953 1041 5008 cautionis
1078 4963 1359 5009 armasset.
1391 4954 1459 5008 Et
1486 4955 1607 5009 ideo
1635 4969 1756 5009 cum
1784 4953 2030 5027 superius

450 5062 649 5104 nomen
690 5047 785 5102 Dei
829 5046 1125 5103 Salvatoris
1173 5050 1472 5120 posuisset,
1530 5049 1619 5103 hic
1651 5049 1853 5103 addidit
1904 5046 2029 5101 Jesu

450 5141 674 5197 Christi.
705 5140 855 5196 Licet
886 5139 1084 5212 (Cass,
1116 5141 1355 5212 Scilicet]
1387 5156 1455 5195 ne
1508 5143 1573 5195 ad
1620 5140 2031 5212 signiﬁcandum

449 5232 736 5287 Dominum
764 5230 946 5287 Jesum
987 5234 1260 5310 Christum
1290 5232 1533 5287 sullicere
1564 5232 1659 5285 tibi
1686 5231 1911 5287 forsitan
1937 5245 2032 5285 no-

449 5338 574 5379 men
602 5324 779 5379 solum
805 5340 912 5379 non
943 5325 1192 5379 crederes
1233 5322 1551 5386 Salvatoris,
1576 5331 1629 5376 et
1655 5338 1760 5377 non
1783 5322 2031 5376 eumdem

448 5412 636 5471 Jesum
656 5416 928 5473 Christum
949 5418 1115 5471 Deum
1144 5432 1263 5471 esse
1283 5415 1627 5485 intelligeres,
1658 5429 1817 5483 quem
1846 5411 2028 5467 Salva-

449 5517 628 5566 torem
672 5509 841 5564 Deum
886 5523 1006 5564 esse
1031 5507 1391 5577 cognovisses.
1428 5505 1567 5572 Quid
1605 5520 1733 5574 ergo
1761 5504 1873 5558 ait?
1926 5503 2036 5557 Ea:-

446 5607 759 5673 spectatetes,
805 5600 996 5670 inquit,
1046 5598 1246 5651 beatam
1270 5613 1411 5666 spem
1447 5605 1495 5650 et
1541 5595 1813 5649 adventum
1850 5592 2032 5665 gloria:

452 5699 632 5761 maqni
660 5693 784 5764 Dei,
812 5701 859 5748 et
886 5691 1176 5749 Saluatoris
1225 5690 1389 5745 nostri
1440 5690 1568 5746 Iesu
1622 5687 1838 5744 Christi.
1885 5684 2032 5743 Nihil

2130 1848 2277 1912 tatis,
2307 1864 2340 1900 ο
2370 1851 2492 1903 novi
2544 1852 2809 1917 doctores,
2857 1855 3024 1909 Deum
3068 1858 3245 1913 dicere
3267 1878 3454 1917 verum
3501 1874 3556 1919 et
3579 1882 3713 1937 pre-

2126 1941 2303 2010 prium
2356 1942 2546 1997 Filium
2592 1945 2707 2009 Dei,
2747 1947 2839 2015 qui
2876 1957 3034 2002 natus
3080 1962 3163 2004 est
3206 1967 3272 2006 ex
3314 1954 3550 2025 Virgine,
3580 1957 3714 2013 dum

2130 2030 2233 2085 ﬁxa
2286 2034 2495 2088 ratione
2535 2036 2808 2091 catholicae
2856 2037 2977 2093 litei
3026 2049 3238 2096 constat
3284 2046 3531 2100 eumdem
3589 2063 3715 2104 esse

2130 2123 2300 2178 Deum
2327 2139 2487 2194 quem
2524 2134 2578 2181 et
2597 2125 2778 2181 Jesum
2801 2169 2815 2193 ,
2848 2132 3095 2186 eumdem
3118 2150 3236 2191 esse
3270 2134 3436 2190 Deum
3466 2155 3627 2207 quem
3656 2151 3715 2195 et

2128 2214 2424 2280 Christum,
2464 2219 2712 2273 eumdem
2743 2235 2860 2275 esse
2887 2221 3056 2278 Deum
3092 2226 3196 2294 qui
3233 2242 3426 2296 passus
3474 2236 3559 2283 est
3608 2246 3711 2299 pro

2128 2309 2313 2363 mundi
2343 2309 2536 2365 salute.
2572 2331 2588 2362 ι
2867 2360 2873 2366 .

2200 2399 2285 2454 Vl.
2311 2398 2381 2452 At
2402 2400 2445 2453 si
2474 2402 2653 2455 mundi
2683 2403 2991 2458 doctoribus
3020 2406 3233 2461 caeteris
3261 2409 3413 2463 vobis
3438 2424 3544 2463 non
3578 2409 3713 2465 libet

2129 2491 2369 2555 credere,
2426 2493 2622 2546 vestris
2676 2493 2864 2547 saltem
2916 2494 3242 2549 doctissimis
3293 2497 3425 2551 viris
3478 2500 3707 2553 credite.

2128 2580 2612 2648 Cecinitjuvencus
2650 2585 2950 2655 presbyter,
2973 2594 3027 2639 et
3054 2588 3397 2643 doctissimus
3440 2589 3712 2658 Hispania:

2127 2669 2481 2726 scholasticus
2506 2672 2559 2726 iu
2591 2674 2829 2727 carmine
2873 2674 3180 2746 evangelico
3207 2676 3369 2748 (Hist.
3401 2696 3579 2749 evang.
3612 2679 3708 2737 lib.

2130 2767 2178 2833 ι)
2207 2767 2310 2821 hoc
2328 2766 2488 2822 modo
2517 2786 2530 2820 :

2251 2891 2369 2940 Nam
2396 2895 2478 2940 tua
2502 2892 2784 2951 concipient
2802 2892 2993 2941 cmlestl
3012 2896 3196 2942 viscera
3218 2896 3356 2953 jussu

2253 2953 2450 3013 Natum,
2473 2966 2618 3014 quem
2648 2966 2860 3015 regnare
2894 2954 3027 3004 Deus
3046 2967 3135 3016 per
3157 2959 3350 3018 singula
3376 2956 3479 3018 [F.,
3506 2969 3594 3010 per
3612 2969 3713 3006 58-

3339 2994 3485 3079 Ῐὲιῖιτῆ
3508 2994 3706 3080 ἱῦὶιοῖ,

2257 3075 2315 3125 Et
2339 3079 2580 3136 prepriam
2608 3076 2742 3124 credi
2766 3076 2984 3124 sobolem
3012 3079 3312 3136 gaudetque,
3337 3075 3583 3137 iubetque.

2253 3137 2397 3186 Hunc
2423 3138 2593 3199 [Huic]
2636 3140 2719 3187 ubi
2745 3139 2836 3187 sub
2861 3138 3019 3188 lucem
3044 3141 3139 3188 ded
3157 3143 3259 3201 Aris.
3285 3145 3346 3190 sit
3376 3144 3566 3188 nomine
3599 3143 3716 3201 [no-

3155 3198 3309 3265 [men]
3337 3203 3481 3252 Jesus
3508 3198 3710 3266 Hesus].

2199 3306 2365 3375 806
2428 3304 2637 3359 Floruit
2682 3306 2767 3359 vir
2819 3306 2920 3360 iste
2974 3308 3305 3376 temporibus
3367 3308 3707 3364 Constantini

2130 3395 2408 3465 principis.
2458 3395 2661 3450 Videtis
2702 3397 2918 3465 quidem
2968 3397 3104 3459 ista;
3154 3399 3383 3451 necdum
3429 3400 3531 3453 ista
3582 3401 3714 3453 ado-

2130 3487 2327 3557 ptionis
2355 3486 2436 3540 vel
2480 3486 2894 3555 nuncupatiouis
2950 3487 3171 3541 bmresis
3214 3488 3266 3541 iu
3307 3487 3563 3557 Hispania
3593 3487 3711 3543 fuit.

2129 3578 2238 3634 Aut
2276 3579 2457 3642 istum,
2507 3578 2596 3646 qui
2631 3579 2769 3647 apud
2814 3592 2909 3631 vos
2968 3578 3311 3632 doctissimus
3363 3586 3541 3633 exstat
3594 3595 3713 3634 ma-

2132 3669 2315 3739 gister,
2342 3669 2653 3723 hzereticum
2671 3667 2925 3735 judicate,
2955 3671 3043 3738 qui
3080 3670 3208 3724 dicit
3234 3671 3377 3725 hunc
3400 3671 3565 3725 Deum
3593 3687 3715 3727 esse

2132 3766 2186 3812 et
2216 3758 2487 3829 pmprium
2537 3758 2730 3812 Filium
2772 3758 2888 3823 Dei,
2920 3758 3010 3828 qui
3038 3774 3104 3813 ex
3136 3760 3355 3831 Virgine
3405 3769 3564 3816 natus
3592 3770 3711 3828 est;

2133 3858 2225 3903 aut
2272 3850 2316 3903 si
2376 3849 2525 3903 illum
2578 3850 2819 3919 recipere
2868 3849 3060 3913 vultis,
3109 3857 3337 3903 vestram
3391 3852 3715 3906 sententiam

2134 3941 2405 4005 damnate,
2429 3940 2511 3994 vel
2550 3941 2722 4010 magis
2760 3940 3014 4009 corrigite
3042 3953 3107 3993 ex
3134 3939 3249 4007 ejus
3271 3955 3452 4003 sensu,
3482 3956 3714 3995 consen-

2134 4040 2291 4087 tanea
2336 4032 2427 4101 qui
2468 4031 2674 4102 profert
2712 4032 3018 4086 testimonia
3070 4033 3274 4088 sanctis
3318 4032 3570 4087 Patribus
3620 4033 3715 4103 qui

2134 4124 2363 4179 diversis
2416 4125 2600 4179 mundi
2647 4124 2981 4194 temporibus
3016 4116 3123 4196 pef
3162 4126 3368 4191 singula
3417 4124 3717 4179 ﬂoruerunt

2133 4217 2271 4271 loca.

2207 4307 2314 4362 νη.
2361 4305 2466 4362 Sed
2510 4315 2563 4361 et
2605 4306 2935 4360 clarissimus
2976 4306 3246 4375 Hispaniae
3288 4305 3479 4360 doctor
3521 4305 3715 4359 beatus

2132 4401 2369 4455 Isidorus
2394 4399 2671 4454 nobiscum
2696 4400 2909 4453 videtur
2923 4400 3249 4463 consentire,
3278 4414 3380 4453 non
3409 4398 3711 4462 vobiscum,

2138 4492 2241 4561 qui
2273 4506 2335 4544 ea
2385 4490 2600 4544 nomina
2643 4488 2707 4543 de
2751 4488 2968 4543 Christo
2998 4488 3197 4556 ubique
3236 4488 3289 4541 in
3336 4488 3448 4542 suis
3496 4486 3713 4552 litteris,

2137 4593 2395 4657 quantum
2446 4585 2512 4637 ad
2548 4599 2643 4637 nos
2689 4598 2783 4637 sua
2824 4584 2966 4637 dicta
3003 4591 3283 4646 venerunt,
3340 4581 3553 4651 posuit,
3594 4597 3716 4651 quae

2136 4694 2237 4733 nos
2259 4676 2534 4733 credimus
2561 4685 2615 4731 et
2642 4675 2983 4739 conﬁtemur,
3014 4675 3127 4727 sive
3175 4674 3391 4744 propria
3432 4674 3573 4737 sint,
3619 4689 3714 4727 seu

2137 4770 2537 4841 significativa:
2587 4783 2688 4823 nec
2734 4784 2959 4836 usquam
3006 4766 3154 4820 illum
3204 4766 3383 4820 inveni
3439 4764 3714 4820 Christum

2137 4862 2444 4928 adoptivum
2502 4859 2688 4923 lilium,
2739 4858 2822 4911 vel
2868 4859 3033 4911 Deum
3081 4858 3500 4926 nuncupativum
3544 4854 3717 4908 nomi-

2137 4968 2286 5008 nare.
2319 4950 2566 5018 Nunquid
2597 4950 2761 5019 igitur
2782 4963 2878 5001 vos
2916 4948 3182 5001 doctiores
3210 4947 3301 5001 illo
3327 4947 3459 5001 estis
3481 4988 3495 5011 ,
3537 4946 3621 5000 vel
3658 4946 3713 5000 in

2138 5044 2434 5114 Scripturis
2460 5042 2675 5102 divinis,
2727 5041 2808 5095 vel
2841 5041 2893 5094 in
2924 5041 3273 5096 saecularibus
3299 5040 3619 5109 disciplinis,
3655 5048 3719 5094 ut

2136 5136 2289 5191 vobis
2314 5143 2421 5189 tam
2461 5134 2647 5203 paucis
2673 5142 2727 5187 et
2756 5141 2863 5187 tam
2894 5149 3016 5187 sero
3056 5133 3458 5204 erumpentibus
3492 5133 3715 5188 credere

2139 5228 2329 5283 debeat
2357 5224 2621 5279 mundus?

2208 5318 2337 5374 Vlll.
2365 5316 2505 5375 Dicit
2544 5315 2803 5386 Origenes
2826 5314 2891 5369 de
2918 5316 3197 5372 divinitate
3224 5314 3404 5369 carnis
3430 5312 3627 5369 Christi
3656 5313 3713 5367 in

2137 5408 2357 5481 homilia
2395 5408 2579 5477 quinta
2605 5416 2659 5460 et
2682 5406 2735 5459 in
2766 5406 2959 5461 Isaiam
2998 5407 3318 5477 pr0phetam
3346 5421 3361 5459 :
3409 5424 3427 5457 ‹
3467 5403 3597 5469 Quis
3621 5420 3711 5457 e1:-

2136 5517 2348 5572 surgere
2377 5499 2502 5569 facit
2529 5498 2591 5552 de
2638 5496 2845 5552 Oriente
2866 5499 3088 5568 justum.
3136 5497 3342 5552 Vocavit
3386 5514 3503 5552 eum
3532 5496 3600 5550 ad
3622 5511 3711 5565 pe-

2138 5592 2226 5647 des
2252 5609 2374 5647 suos
2395 5590 2528 5663 (Isa.
2559 5606 2669 5653 xu,
2717 5588 2810 5661 2)?
2844 5590 3007 5645 Pater
3042 5591 3256 5645 vocavit
3303 5606 3426 5646 eum
3472 5588 3704 5644 Filium:

2137 5687 2269 5753 imo,
2294 5694 2356 5742 ut
2380 5699 2505 5743 vere
2555 5684 2817 5749 dicamus,
2858 5684 3001 5741 Deus
3056 5685 3330 5743 hominem
3382 5680 3709 5755 vocavitju-
