4072 6346
204 325 321 383 155

951 324 1369 383 DOGMATICA.
1394 306 1464 365 ’—
1489 323 1649 380 ADV.
1692 322 1985 379 FELICEM
2022 325 2204 382 LIBRI
2239 302 2466 385 vni;
2496 325 2624 381 LIB.
2663 326 2727 381 ιι.

3368 327 3473 385 154

208 453 383 508 stum,
417 439 505 496 vel
531 437 821 511 justitiam,
863 439 930 493 ad
974 439 1137 509 pedes
1165 455 1311 503 suos,
1337 439 1388 493 id
1416 446 1518 502 est,
1554 438 1799 492 incarna-
1824 438 1871 497 Α
1900 446 2126 493 testatus
2150 446 2250 502 est,
2293 441 2408 495 hzec
2453 440 2639 495 missio
2692 440 2812 494 Filii
2859 439 2953 495 Dei
2990 440 3288 496 incamatio
3327 441 3475 501 illius

208 533 418 588 tionem
445 530 567 587 Filii
614 532 719 586 sui.
759 531 881 585 Ideo
925 539 979 585 et
1004 530 1232 585 adorent
1274 529 1563 584 scabellum
1600 527 1794 598 pedum

208 625 355 694 ejus,
383 624 511 693 quia
558 632 779 677 sanctus
821 630 903 676 est
944 621 1151 694 [0rig.,
1200 630 1447 676 sanctum
1487 619 1610 690 est].
1656 618 1795 673 Caro

209 723 398 768 autem
428 713 641 767 Domini
669 713 929 766 honorem
967 712 1181 766 deitatis
1213 711 1522 781 assumpsit.
1559 730 1576 761 ι

284 806 378 860 IX.
412 805 470 859 ln
501 805 637 860 libro
664 805 824 858 etiam
855 812 1046 872 quarto
1070 804 1133 858 de
1156 803 1531 858 lncarnatione
1571 801 1794 867 Christi,

206 914 372 969 quem
401 938 415 962 ,
469 900 760 951 mandante
808 895 986 949 Leone
1029 910 1204 964 papa,
1270 893 1559 949 Cassianus
1610 901 1796 947 contra

207 991 522 1045 Nestorium
549 990 739 1053 edidit,
768 989 1028 1043 habemus
1056 989 1130 1040 ita
1159 988 1417 1056 scriptum
1450 987 1588 1055 (Lib.
1636 1001 1688 1037 IV
1729 985 1793 1036 de

207 1081 457 1143 Incarn.,
485 1097 533 1135 ε.
570 1080 637 1150 5)
671 1099 683 1133 :
716 1100 734 1130 ι
775 1080 878 1144 Qui
915 1078 1195 1132 crediderit
1241 1079 1487 1148 quoniam
1516 1077 1669 1128 Iesus
1724 1085 1798 1127 est

210 1171 262 1225 Ρ
266 1173 389 1225 ilius
421 1172 541 1235 Dei,
575 1171 713 1224 Deus
741 1171 794 1222 in
820 1168 911 1223 illo
943 1178 1148 1232 manet,
1198 1180 1245 1221 et
1274 1168 1502 1220 Charitas
1530 1165 1625 1218 Dei
1656 1167 1706 1218 in
1738 1182 1796 1218 eo

208 1264 443 1335 perfecta
465 1271 538 1315 est
568 1260 619 1333 (Ι
643 1259 804 1314 Ιοαη.
825 1275 897 1324 tv,
938 1257 1059 1329 l2);
1096 1258 1243 1311 illum
1269 1273 1395 1311 vero
1422 1254 1617 1327 [Cass.,
1650 1254 1793 1309 illum

208 1358 363 1431 vere]
399 1359 659 1428 praedicat
697 1356 939 1421 credere,
965 1355 1113 1409 illum
1143 1355 1358 1423 plenum
1395 1353 1571 1407 divina
1604 1351 1797 1404 asserit

211 1453 509 1515 charitate,
538 1451 629 1519 qui
655 1447 838 1504 Iesum
879 1448 1073 1502 Filium
1117 1447 1206 1501 Dei
1240 1446 1410 1499 credit
1441 1464 1451 1497 :
1481 1445 1677 1498 Filium
1704 1460 1796 1496 au-

211 1551 322 1597 tem
353 1542 474 1604 Dei,
500 1540 733 1593 Verbum
750 1538 845 1591 Dei
868 1553 987 1591 esse
1011 1545 1240 1590 testatur
1266 1553 1276 1587 :
1304 1549 1367 1588 ac
1387 1550 1484 1602 per
1505 1534 1604 1586 hoc
1634 1547 1797 1585 unum

211 1642 381 1700 atque
406 1630 549 1683 idem
578 1629 792 1700 penitus
817 1628 930 1681 vult
951 1627 1170 1697 intelligi
1204 1626 1535 1695 unigenitum
1564 1624 1799 1677 Verbum

211 1722 332 1785 Dei,
362 1730 420 1777 et
464 1719 649 1774 Jesum
679 1718 952 1774 Christum
985 1717 1177 1770 Filium
1210 1717 1324 1770 Dei.
1372 1736 1388 1767 ι
1424 1714 1609 1768 Nonne
1640 1714 1799 1783 hujus

213 1813 502 1868 charitatis
530 1810 916 1880 plenitudinem
962 1817 1208 1871 evacuat,
1233 1808 1322 1875 qui
1354 1821 1459 1860 non
1507 1804 1797 1859 crediderit
1832 1786 1875 1845 Β

211 1902 400 1959 Jesum
436 1903 633 1957 Filium
664 1901 756 1954 Dei
781 1914 900 1954 esse
927 1914 1142 1965 verum;
1198 1899 1323 1966 quia
1377 1904 1561 1950 tantus
1591 1903 1799 1964 aposto-

211 1998 298 2052 lus
326 2005 383 2050 et
407 1993 736 2065 evangelista
763 1990 861 2055 ait,
896 1990 1062 2053 illum,
1095 1989 1184 2058 qui
1211 1987 1499 2043 crediderit
1520 1993 1575 2041 et
1600 2000 1798 2055 cogno-

214 2089 357 2145 verit
406 2086 600 2141 Filium
651 2084 748 2138 Dei
791 2097 978 2136 verum
1016 2097 1159 2147 esse,
1208 2081 1297 2150 qui
1360 2080 1509 2134 venit
1556 2079 1610 2132 in
1661 2079 1802 2131 hunc

213 2181 479 2238 mundum
508 2192 531 2217 ιι
564 2195 578 2230 :
610 2177 687 2231 De
715 2191 822 2246 quo
848 2183 903 2231 et
931 2174 1178 2246 egregius
1215 2173 1539 2243 praedicator
1561 2172 1637 2225 ait
1664 2189 1676 2223 :
1701 2169 1801 2223 Fi-

214 2274 346 2328 delis
376 2288 546 2324 sermo
577 2278 671 2333 est,
702 2278 751 2322 et
779 2268 921 2322 omni
951 2266 1245 2335 acceptione
1279 2267 1492 2335 dignus,
1539 2264 1661 2334 quia
1712 2261 1804 2316 Ie-

213 2383 303 2421 sus
329 2364 570 2418 Christus
595 2362 727 2415 venit
756 2361 812 2413 in
855 2361 991 2413 hunc
1020 2358 1272 2412 mundum
1306 2365 1598 2426 peccatores
1634 2352 1803 2408 salvos

221 2459 398 2529 facere
433 2454 484 2527 (Ι
519 2452 651 2507 Tim.
678 2470 720 2517 ι,
763 2451 871 2523 15).
916 2451 990 2505 De
1025 2467 1130 2520 quo
1154 2458 1209 2503 et
1237 2450 1291 2502 in
1318 2446 1553 2515 Epistola
1596 2446 1662 2499 ad
1702 2445 1808 2499 He-

217 2550 394 2604 brzeos
423 2547 499 2600 ait
544 2563 557 2597 :
605 2543 774 2597 Tanto
822 2540 1005 2596 melior
1060 2540 1257 2610 angelis
1306 2539 1557 2607 e/fectus,
1609 2545 1804 2606 quanto

217 2642 547 2712 differentius
567 2654 676 2709 pra:
698 2636 802 2690 illis
833 2652 1020 2689 nomen
1047 2633 1369 2689 hwreditavit
1402 2631 1588 2702 (Hebr.
1632 2647 1647 2683 ι
1674 2670 1687 2693 ,
1724 2629 1801 2701 4).

218 2733 612 2801 Argumentum
627 2741 758 2780 vero
774 2724 1107 2779 excellentiae
1131 2737 1197 2777 ex
1218 2721 1455 2775 nominis
1475 2719 1807 2788 proprietate

220 2822 438 2879 induxit
468 2839 481 2874 :
508 2821 562 2875 in
590 2820 695 2873 hoc
728 2818 870 2872 enim
898 2817 1041 2885 quod
1074 2816 1209 2869 dixit
1236 2834 1248 2868 :
1288 2813 1453 2866 Tanto
1488 2812 1671 2866 melior
1710 2829 1806 2865 an-

220 2915 348 2988 gelis
390 2915 627 2984 effectus,
658 2911 881 2967 dubium
920 2924 1027 2963 non
1056 2918 1141 2962 est
1169 2908 1236 2962 de
1274 2906 1491 2961 homine
1532 2911 1809 2972 assumpto

225 3005 465 3073 dici,qui
487 3011 638 3058 tanto
659 3002 849 3056 melior
872 2999 940 3054 ab
969 2999 1176 3069 angelis
1200 3006 1303 3061 est,
1320 3005 1521 3066 quanto
1548 3002 1813 3064 praestan-

222 3100 331 3155 tior
354 3098 502 3152 lilius
522 3096 798 3166 proprius,
828 3110 856 3147 a
888 3093 1138 3147 ministro
1179 3092 1471 3145 serviente.
1500 3088 1809 3158 Proprietas

222 3201 409 3261 Itaque
454 3190 552 3244 lilii
602 3190 654 3243 in
685 3187 999 3242 hcereditate
1044 3194 1267 3258 paterna
1317 3184 1600 3256 prazfertur
1646 3183 1808 3237 mini-

223 3279 524 3334 strantium
556 3277 895 3347 subjectioni.

294 3370 364 3425 Χ.
404 3370 537 3424 Item
568 3370 760 3424 beatus
786 3368 1121 3439 Augustinus
1148 3368 1203 3422 in
1248 3367 1387 3421 libro
1414 3373 1598 3421 contra
1641 3364 1813 3418 Maxi-

224 3460 435 3515 minum
459 3460 773 3514 hzereticum
801 3458 829 3498 δ
863 3476 878 3513 :
917 3477 936 3509 ι
976 3458 1086 3522 Vis,
1136 3458 1350 3527 inquit,
1401 3456 1613 3526 plenius
1645 3454 1805 3515 scire,

224 3551 482 3622 quamvis
511 3550 759 3605 Christus
779 3550 1075 3604 secundum
1101 3563 1320 3625 carnem
1354 3562 1481 3601 vere
1506 3562 1569 3601 ex
1599 3544 1815 3600 homine

227 3645 393 3699 homo
426 3651 583 3695 natus
612 3642 713 3707 sit,
747 3650 925 3693 tamen
977 3647 1203 3710 propter
1253 3636 1579 3692 inell‘abilem
1633 3650 1815 3689 sacra-

229 3736 400 3793 menti
430 3734 714 3795 unitatem,
742 3748 846 3801 qua
870 3732 1051 3786 unitus
1072 3746 1193 3785 cum
1232 3731 1340 3784 Deo
1372 3729 1534 3783 homo
1558 3736 1662 3791 est,
1693 3726 1816 3780 nul-

229 3828 338 3883 lam
359 3826 575 3897 penitus
618 3824 761 3878 inter
791 3822 1064 3877 Christum
1088 3829 1143 3876 et
1172 3822 1408 3876 Verbum
1444 3834 1564 3873 esse
1608 3818 1817 3872 distan-

232 3922 399 3983 tiam;
447 3916 569 3971 audi
594 3915 934 3969 Dominicum
956 3913 1328 3985 Evangelium,
1356 3911 1464 3965 imo
1493 3911 1671 3980 potius
1696 3910 1819 3963 audi

233 4009 415 4079 ipsum
456 4007 523 4060 de
551 4021 609 4060 se
654 4005 920 4059 dicentem
963 4003 1130 4057 Deum
1163 4020 1175 4055 :
1224 4000 1349 4055 Haec
1372 4010 1469 4065 est,
1497 4000 1692 4069 inquit,
1719 4001 1822 4053 vita

232 4110 457 4163 (eterna,
484 4106 539 4150 ut
566 4106 877 4167 coqnoscant
913 4104 961 4149 te
995 4095 1164 4150 solum
1188 4110 1363 4148 verum
1392 4093 1581 4153 Deum,
1598 4101 1648 4145 et
1668 4108 1821 4163 quem

233 4191 433 4246 misisti
453 4189 637 4244 Iesum
665 4188 928 4243 Christum
953 4187 1134 4260 (Ioan.
1169 4203 1300 4252 xvii,
1326 4188 1400 4257 ὅ).
1445 4186 1705 4255 Superius
1731 4203 1825 4240 au-

234 4281 365 4336 disti
399 4281 638 4334 Verbum
660 4279 754 4332 Dei
784 4278 849 4332 ad
873 4278 1141 4332 sanandos
1167 4276 1412 4330 homines
1432 4275 1654 4329 missum
1684 4290 1822 4341 esse,

238 4374 330 4428 hic
351 4380 536 4425 autem
561 4370 715 4424 audis
744 4385 864 4423 eum
888 4369 977 4438 qui
1009 4368 1205 4421 missus
1232 4367 1303 4421 sit
1330 4365 1513 4420 Jesum
1554 4365 1826 4421 Christum

238 4478 382 4519 esse.
409 4460 613 4529 Separa
640 4459 763 4524 hoc,
807 4458 851 4512 si
883 4467 1057 4526 potes,
1092 4473 1213 4510 cum
1253 4456 1438 4510 videas
1482 4463 1686 4509 tantam
1710 4456 1828 4509 uni-

241 4563 407 4609 tatem
462 4551 666 4606 Christi
715 4557 770 4603 et
813 4548 975 4603 Verbi
1032 4563 1171 4610 esse,
1216 4554 1275 4600 ut
1314 4563 1420 4601 non
1463 4547 1670 4600 unitum
1700 4561 1821 4601 cum

239 4645 462 4702 Christo
492 4644 750 4705 Verbum,
781 4641 872 4695 sed
904 4640 1065 4693 etiam
1104 4648 1325 4708 propter
1351 4640 1608 4693 unitatem
1651 4640 1824 4707 ipsam

239 4736 408 4807 807
437 4733 686 4788 Christus
722 4732 834 4801 jam
862 4731 1097 4785 Verbum
1123 4745 1243 4785 esse
1270 4730 1503 4784 dicatur.
1550 4750 1569 4781 ›
1620 4730 1691 4783 De
1719 4744 1825 4799 quo

243 4832 448 4886 iterum
480 4822 787 4878 testimonio
836 4821 1083 4875 veritatis
1121 4821 1264 4875 idem
1314 4821 1474 4875 Pater
1497 4820 1827 4891 Augustinus

246 4923 303 4979 in
333 4915 561 4973 homilia
577 4915 807 4984 quadam
828 4912 1150 4983 evangelica:
1174 4912 1527 4982 expositionis
1554 4913 1628 4965 ita
1657 4912 1733 4965 ait
1760 4922 1782 4950 ο
1812 4930 1823 4965 :

253 5025 276 5059 ο
313 5005 463 5062 Ordo
515 5011 694 5059 autem
733 5004 1023 5057 verborum
1062 5010 1165 5067 est,
1219 5010 1276 5054 ut
1322 5010 1632 5071 cognoscant
1686 5010 1755 5066 te,
1785 5011 1831 5056 et

246 5116 405 5173 quem
435 5097 622 5151 misisti
663 5095 846 5149 Iesum
876 5093 1138 5148 Christum
1167 5092 1335 5148 solum
1380 5109 1555 5146 verum
1582 5092 1769 5147 Deum.
1810 5112 1827 5145 ι

246 5188 389 5249 Nam
432 5190 575 5243 sicut
621 5187 676 5241 in
706 5186 859 5240 libris
894 5200 1031 5254 quos
1070 5184 1140 5240 de
1179 5192 1366 5239 sancta
1397 5183 1660 5238 Trinitate
1686 5181 1833 5247 fecit,

324 5343 353 5372 ι
383 5330 547 5383 Deest
578 5326 801 5396 aliquid.

329 5402 354 5440 δ
384 5400 446 5454 S.
480 5398 617 5467 Aug.
644 5389 805 5465 quem
834 5395 1034 5467 librum
1062 5400 1249 5467 contra
1276 5389 1841 5467 Martimimim‘Alcui-

251 5488 359 5529 nus
417 5470 505 5523 hic
562 5462 713 5532 velit,
772 5468 981 5535 ignoro.
1012 5464 1089 5535 In
1123 5463 1333 5517 duobus
1369 5464 1472 5516 illis
1521 5462 1680 5535 libris
1708 5477 1843 5535 quos

254 5544 315 5599 S.
362 5540 698 5609 Augustinus
726 5532 912 5591 contra
954 5533 1658 5609 MaximinumAhazreticu‘m
1715 5532 1843 5609 seri-

292 5615 365 5669 sit
388 5601 568 5665 teitus
595 5611 696 5664 iste
727 5624 829 5662 non
854 5606 1136 5675 reperitur.
1171 5603 1283 5675 Nisi
1314 5601 1842 5675 fortassisAlcuinus

257 5672 409 5740 illum
443 5680 790 5751 descripserit
837 5672 1082 5751 exi—libro
1110 5675 1175 5751 de
1203 5672 1613 5751 Maximianistis
1655 5678 1841 5751 contra

258 5741 640 5812 Donatistas"
675 5760 766 5806 aut
810 5764 876 5804 ex
916 5746 1278 5802 admonitione
1320 5744 1721 5800 Donatistarum
1776 5741 1841 5797 de

1837 3147 1884 3211 C

1896 539 1995 584 est.
2027 528 2085 583 Si
2110 532 2277 601 igitur
2317 530 2617 586 incarnatio
2661 532 2805 587 illius
2834 533 3019 589 missio
3048 541 3152 598 est,
3180 540 3235 587 et
3261 533 3351 589 ille
3376 534 3472 605 qui

1896 621 2094 676 missus
2121 629 2205 676 est
2231 619 2389 676 Iesus
2418 621 2665 677 Christus
2692 637 2856 677 verus
2895 632 2981 678 est
3029 622 3193 687 Deus,
3222 621 3357 678 nihil
3385 636 3471 677 re-

1896 713 2169 783 linquetur
2218 712 2591 778 dubitationis,
2632 714 2763 785 quin
2809 715 2882 769 sit
2932 728 3093 770 verus
3138 713 3279 768 Deus
3312 711 3472 768 Iesus

1896 802 2174 869 Christus,
2222 811 2278 857 et
2315 818 2473 857 verus
2514 805 2693 859 ‘Filius
2738 805 2857 873 Dei,
2892 806 2985 876 qui
3014 806 3213 861 missus
3248 811 3374 871 est,
3416 803 3477 862 id

1895 902 2008 959 est,
2060 896 2370 950 incarnatus
2419 894 2485 947 de
2536 894 2741 965 Spiritu
2796 907 2985 955 sancto
3028 907 3086 954 et
3139 896 3308 951 Maria
3352 892 3470 952 vir-

1897 1001 2039 1056 gnte.

1968 1078 2063 1132 Dic
2098 1077 2251 1143 mihi,
2292 1092 2326 1133 o
2353 1090 2506 1132 novae
2542 1090 2700 1132 SCClzt'
2727 1081 2990 1146 hulttctor,
3025 1082 3211 1138 Iesum
3254 1096 3377 1138 cum
3402 1096 3473 1140 ex

1904 1170 2118 1239 Virgine
2142 1177 2474 1234 nasceretur,
2508 1169 2639 1239 quid
2668 1169 2819 1231 velis,
2857 1171 3128 1225 hominem
3176 1172 3361 1238 fuisse,
3404 1186 3475 1228 an

1900 1264 2104 1317 Deum?
2133 1262 2190 1318 Si
2220 1264 2384 1318 Deum
2418 1270 2650 1330 tantum,
2688 1263 2893 1318 solvisti
2934 1265 3120 1335 utique
3144 1264 3349 1333 Iesum,
3381 1268 3477 1337 qui

1900 1351 2106 1424 [Forte,
2136 1352 2248 1425 cui]
2276 1354 2549 1410 hominem
2578 1355 2789 1409 unitum
2816 1353 2983 1411 fuisse
3009 1356 3258 1424 deneges.
3298 1353 3357 1410 Si
3383 1370 3480 1410 au-

1900 1454 2007 1500 tem
2038 1447 2312 1502 hominem
2342 1447 2538 1513 solum,
2566 1447 2730 1503 solvis
2756 1449 2942 1517 utique
2983 1448 3355 1514 nihilominus,
3384 1448 3480 1517 qui

1900 1536 2094 1602 solum,
2125 1539 2494 1593 tantummodo
2520 1547 2579 1592 ut
2615 1538 2784 1594 facias
2810 1540 3105 1603 hominem,
3143 1550 3331 1594 natum
3358 1554 3483 1596 esse

1900 1632 2257 1702 blasphemes.
2301 1634 2459 1689 Fides
2491 1650 2621 1705 ergo
2648 1636 2765 1689 haec
2811 1643 3021 1689 tantum
3068 1634 3335 1689 catholica
3372 1639 3481 1697 est,

1901 1723 2016 1777 hate
2043 1733 2250 1777 tantum
2278 1740 2408 1778 vera
2454 1733 2560 1787 est,
2596 1732 2656 1779 ut
2680 1725 2963 1779 Dominum
2995 1722 3176 1779 Jesum
3203 1724 3481 1779 Christum

1904 1814 2045 1869 sicut
2073 1814 2239 1868 Deum
2281 1816 2353 1869 ita
2398 1823 2452 1869 et
2495 1816 2795 1878 hominem;
2834 1824 2890 1870 et
2917 1816 3056 1871 sicut
3085 1815 3357 1869 hominem
3406 1815 3482 1870 ita

1903 1912 1958 1959 et
1984 1905 2155 1958 Deum
2192 1906 2413 1960 credere
2462 1920 2568 1960 non
2614 1902 2940 1961 dubitemus.
2991 1906 3174 1961 Omnis
3212 1908 3348 1961 enim
3393 1907 3485 1978 qui

1903 1995 2053 2050 solvit
2075 1996 2280 2062 Iesum,
2307 2013 2369 2050 ex
2394 1996 2500 2051 Deo
2529 2013 2631 2051 non
2657 2008 2731 2051 est
2776 1997 2828 2068 (I
2850 1997 3011 2052 Ioan.
3039 2013 3114 2062 tv,
3140 1998 3197 2069 5)
3230 2015 3245 2052 ι
3276 1997 3485 2054 solvere

1905 2096 2086 2142 autem
2137 2089 2240 2142 hoc
2281 2096 2383 2153 est,
2414 2090 2559 2158 quod
2586 2090 2792 2143 unitum
2828 2099 2911 2146 est
2948 2092 2999 2145 in
3030 2090 3180 2158 Jesu,
3208 2090 3347 2147 velle
3374 2091 3489 2148 dis-

1905 2196 2182 2251 rumpere,
2230 2190 2284 2234 et
2326 2181 2469 2250 quod
2517 2182 2849 2237 individuum
2899 2192 3002 2247 est,
3036 2198 3306 2253 separare.
3348 2184 3489 2251 Quid

1906 2281 2085 2327 autem
2137 2273 2190 2326 in
2217 2272 2347 2327 Jesu
2395 2272 2605 2327 unitum
2665 2281 2721 2327 et
2766 2274 3099 2327 individuum
3149 2275 3268 2329 est?
3314 2274 3490 2329 Homo

1904 2363 2093 2432 utique
2140 2370 2195 2417 et
2220 2363 2381 2426 Deus,
2410 2371 2471 2416 ut
2499 2363 2571 2416 sit
2611 2379 2751 2418 unus
2782 2362 2948 2418 Filius
2977 2372 3031 2418 et
3052 2364 3195 2418 Deus
3221 2365 3404 2429 homo,
3433 2371 3493 2418 et

1906 2468 2046 2507 unus
2071 2452 2240 2507 Filius
2268 2453 2521 2518 hominis,
2561 2455 2651 2523 qui
2681 2452 2747 2507 de
2778 2453 2998 2525 Virgine
3018 2466 3195 2511 natus
3236 2462 3341 2520 est,
3381 2470 3491 2512 non

1908 2554 1969 2599 ut
1996 2545 2132 2599 alter
2175 2546 2455 2614 adoptivus
2483 2547 2555 2601 sit
2585 2547 2746 2613 ﬁlius,
2775 2548 2911 2603 alter
2935 2550 3208 2619 proprius,
3238 2548 3324 2605 vel
3352 2548 3494 2606 alter

1909 2639 2304 2707 nuncupativus
2332 2639 2493 2705 Deus,
2523 2648 2579 2694 et
2603 2640 2742 2694 alter
2770 2657 2930 2696 verus
2958 2642 3117 2715 Deus.

1981 2730 2069 2785 Xl.
2114 2730 2371 2800 Sequitur
2419 2732 2473 2786 in
2520 2732 2748 2801 praefato
2777 2733 2971 2788 Felicis
3020 2734 3246 2789 libello;
3298 2752 3319 2786 ι
3350 2732 3493 2801 Quid

1910 2822 2016 2877 hoc
2043 2837 2237 2876 nomen
2270 2822 2418 2877 elicis
2446 2820 2651 2893 [Forte,
2681 2822 2920 2895 rejicis]?
2953 2823 3093 2890 Quid
3121 2825 3490 2894 praestantius,

1912 2914 2041 2984 quid
2072 2914 2539 2979 honoriﬁcentius,
2592 2915 2787 2984 quidve
2834 2915 3075 2970 sanctius
3120 2916 3371 2970 humanae
3395 2930 3496 2970 na-

1913 3013 2048 3059 turae
2077 3021 2107 3059 a
2137 3005 2248 3059 Deo
2275 3006 2511 3061 conferri
2540 3014 2738 3076 potest,
2782 3021 2946 3076 quam
2992 3007 3097 3062 hoc
3145 3007 3365 3071 donum,
3395 3022 3495 3076 per

1913 3098 2056 3167 quod
2086 3096 2273 3151 eadem
2303 3105 2550 3151 creatura
2578 3106 2699 3167 post
2723 3097 3226 3167 praevaricationem
3257 3097 3495 3154 hominis

1914 3202 1944 3240 a
1970 3187 2079 3241 Deo
2123 3187 2471 3241 reconciliata
2522 3187 2957 3257 cognoscitur?»
3009 3186 3123 3243 Hoc
3166 3187 3232 3241 de
3280 3187 3501 3244 nomina

1916 3276 2219 3345 adoptionis
2243 3276 2392 3342 dicit,
2425 3285 2480 3331 et
2501 3292 2689 3331 verum
2716 3277 2869 3341 dicit,
2894 3276 3039 3345 quod
3078 3276 3234 3331 nobis
3258 3275 3497 3330 maxima

1915 3376 2000 3423 est
2054 3369 2287 3438 dignitas
2346 3369 2627 3439 adoptivos
2677 3368 2771 3424 Dei
2821 3367 2986 3423 Filios
3037 3366 3348 3431 nominari;
3400 3364 3495 3420 sed

1916 3474 2017 3530 per
2049 3460 2221 3525 illum,
2251 3461 2341 3529 qui
2375 3475 2536 3515 verus
2564 3468 2648 3514 est
2676 3459 2845 3514 Filius
2871 3458 2985 3512 Dei.
3034 3459 3092 3513 ln
3121 3457 3276 3512 nobis
3312 3456 3499 3525 itaque

1919 3551 2024 3606 hoc
2047 3567 2240 3605 nomen
2268 3550 2579 3605 honorabile
2607 3558 2690 3604 est
2713 3550 2891 3615 valde,
2920 3549 3012 3605 sed
3041 3548 3096 3602 in
3119 3546 3337 3603 Christo
3359 3544 3495 3601 vile:

1920 3643 2045 3711 quia
2093 3640 2265 3710 major
2312 3641 2545 3710 dignitas
2592 3650 2675 3695 est
2722 3655 2907 3708 verum
2962 3653 3083 3694 esse
3129 3637 3326 3693 Filium
3378 3634 3496 3702 Dei,

1919 3749 2083 3803 quam
2131 3734 2457 3802 adoptivum.
2503 3733 2582 3788 De
2628 3731 2779 3801 cujus
2835 3730 3137 3799 adoptionis
3188 3729 3396 3784 ratione
3444 3728 3499 3783 in

1922 3826 2028 3882 alio
2074 3826 2255 3880 libello
2277 3824 2303 3863 ἀ
2336 3834 2524 3880 contra
2570 3827 2818 3879 eumdem
2850 3824 3083 3902 Felicem
3128 3822 3337 3892 plenius
3363 3819 3502 3875 dixi-

1920 3935 2063 3983 mus,
2094 3919 2480 3987 respoudentes
2508 3916 2724 3985 quidem
2759 3914 2998 3985 epistola:
3040 3913 3204 3977 illius,
3234 3925 3397 3979 quam
3431 3909 3500 3964 de

1925 4009 2030 4063 hac
2055 4010 2245 4063 eadem
2272 4008 2456 4063 edidit.
2512 4006 2650 4061 Rata
2682 4006 2755 4060 ibi
2783 4013 3090 4060 sanctorum
3119 4002 3340 4057 Patrum
3384 3999 3504 4071 plu-

1925 4100 2062 4154 rima
2088 4100 2353 4155 habentur
2382 4099 2711 4163 testimonia,
2744 4114 2811 4152 ex
2837 4096 3033 4167 quibus
3060 4093 3503 4150 manifestissime

1924 4191 2125 4260 poterit
2180 4189 2512 4259 intelligere,
2575 4190 2665 4259 qui
2714 4188 2883 4259 legit,
2936 4194 2991 4241 et
3039 4185 3255 4256 pietatis
3305 4183 3504 4239 intuitu

1928 4281 2252 4344 considerat,
2293 4279 2567 4334 Christum
2596 4278 2767 4334 Deum
2808 4292 2994 4333 verum
3039 4291 3159 4332 esse
3185 4274 3382 4330 Filium
3407 4274 3504 4332 Dei

1928 4373 1986 4428 in
2029 4379 2259 4440 utraque
2307 4378 2499 4424 natura
2534 4388 2545 4423 :
2580 4386 2680 4425 nos
2721 4384 2851 4424 vero
2894 4382 2992 4438 per
3039 4382 3163 4422 eum
3207 4365 3502 4435 adoptivos,

1932 4462 2083 4531 cujus
2107 4464 2280 4531 gratia
2311 4462 2501 4517 salvati
2534 4476 2748 4525 sumus;
2781 4460 2872 4529 qui
2904 4473 3117 4529 semper
3141 4464 3195 4511 et
3223 4456 3423 4525 ubique
3450 4455 3506 4509 in

1932 4553 2222 4623 Evangelio
2250 4553 2362 4607 sive
2393 4553 2461 4607 ab
2489 4550 2716 4622 angelis,
2747 4550 2862 4604 sive
2906 4548 2974 4602 ab
3000 4545 3273 4616 apostolis,
3302 4544 3416 4599 sive
3441 4543 3509 4599 ab

1934 4647 2054 4701 aliis
2082 4645 2303 4710 sanctis,
2334 4642 2621 4714 aliquando
2665 4642 2828 4697 etiam
2872 4648 2926 4695 et
2959 4655 2990 4693 a
3026 4636 3380 4700 diemonibus,
3409 4649 3511 4689 nec

1934 4754 2041 4794 non
2076 4746 2129 4793 et
2159 4738 2471 4793 centurione
2515 4735 2734 4789 homine
2774 4747 2983 4803 pagano
3028 4744 3190 4785 verus
3221 4727 3390 4781 Filius
3414 4726 3512 4782 Dei

1934 4830 2260 4884 nominatur.
2305 4828 2474 4895 Quem
2513 4827 2655 4880 enim
2698 4824 2861 4878 alium
2886 4822 3019 4876 vidit
3050 4820 3138 4875 ille
3167 4819 3413 4874 centurio
3453 4818 3508 4873 in

1937 4937 2097 4978 cruce
2144 4921 2506 4990 pendentem,
2560 4916 2664 4971 nisi
2716 4931 2876 4981 quem
2927 4913 3067 4967 mori
3118 4910 3411 4967 cernebat?
3461 4917 3517 4964 et

1942 5014 2085 5070 hunc
2136 5027 2254 5066 esse
2298 5026 2485 5066 verum
2529 5009 2725 5063 Filium
2772 5006 2866 5061 Dei
2922 5002 3201 5060 confessus
3254 5009 3355 5057 est.
3412 5002 3518 5057 Vos

1942 5115 2072 5154 vero
2107 5098 2360 5152 Ecclesiae
2402 5096 2518 5159 ﬁlii,
2564 5095 2690 5150 licet
2731 5092 2946 5147 nomine
2972 5101 3148 5155 tenus,
3172 5104 3295 5145 cum
3316 5086 3519 5145 Iudaeis

1944 5188 2176 5258 objicitis
2218 5187 2434 5243 Christo
2478 5186 2620 5255 quod
2666 5185 2891 5240 dixisset
2934 5198 2993 5240 se
3030 5197 3150 5237 esse
3174 5180 3371 5236 Filium
3398 5179 3516 5243 Dei,

1949 5322 2393 5387 Maximianistis;
2441 5319 2591 5389 cujus
2614 5319 2897 5387 utriusque
2929 5316 2987 5372 S.
3018 5316 3155 5388 Aug.
3186 5312 3430 5369 meminit
3460 5312 3514 5366 in

1946 5395 2069 5450 libr.
2102 5412 2136 5448 ιι
2165 5393 2430 5457 Retract.,
2473 5408 2591 5461 cap.
2623 5391 2691 5446 29
2716 5397 2770 5444 et
2797 5388 2904 5455 35;
2960 5389 3051 5443 sed
3080 5402 3220 5442 nunc
3268 5391 3518 5437 neutrum

1946 5474 2245 5599 exitlllem,
2277 5542 2433 5589 tract.
2461 5548 2525 5588 cv
2555 5532 2606 5585 in
2637 5529 2811 5595 Joan.,
2843 5546 2993 5583 num.
3022 5529 3075 5581 ‘5.

2014 5606 2041 5646 ά
2082 5607 2149 5661 In
2172 5594 2276 5659 alio
2308 5603 2501 5658 libello.
2528 5602 2620 5656 lllo
2650 5594 2919 5665 lortaSsis,
2944 5611 3102 5667 quem
3129 5596 3196 5650 ad
3221 5594 3519 5651 monachos

1946 5677 2154 5735 Gothiae
2182 5676 2421 5746 scripsit,
2454 5690 2613 5745 supra
2645 5690 2674 5726 a
2705 5672 2859 5727 nobis
2887 5668 3147 5725 exhibito.
