4072 6346
301 356 395 417 ιετ
1048 354 1462 439 ΒΟβΜᾼΤΙΩΔ.
1497 387 1569 403 -
1593 356 1753 441 Αυγ.
1791 361 1869 421 rs

1970 360 2083 421 :EM
2116 360 2298 429 Lnuu
2333 362 2443 425 vn.
2469 393 2544 404 —
2576 363 2703 439 LIB.
2741 362 2803 419 ιι.
3430 360 3533 431 £58

299 473 590 555 principale
635 480 795 553 caput
838 472 1181 547 adoptivum?
1229 473 1380 563 Quod
1430 490 1589 551 quam
1638 475 1860 545 impium
1963 474 2051 539 lit;
2076 476 2214 531 idem
2238 476 2561 549 Redemptor
2581 486 2765 537 noster
2780 478 3070 543 secundum
3092 477 3364 553 hominem
3391 493 3535 539 com—

300 581 349 628 et
374 568 667 643 absurdum
697 566 783 629 sit,
815 580 973 620 nemo
997 581 1188 641 sanum
1218 560 1429 647 sapiens
1458 582 1561 629 non
1592 566 1858 636 intelligit.
1910 560 1917 565 “
1961 566 2149 636 plexus
2169 568 2221 620 in
2243 569 2533 638 semetipso
2549 570 2787 624 continet
2813 588 2824 623 :
2847 570 3073 640 primam
3096 568 3537 647 videlicet,un

300 662 432 743 iirgo
458 660 574 737 [nec
607 659 871 737 sententia
901 659 1205 730 apostolica:
1240 660 1575 715 auctoritatis
1605 674 1712 713 non
1747 674 1864 715 car-

301 756 509 823 naliter,
538 754 633 817 sed
656 753 974 829 spiritaliter
1020 754 1358 829 intelligenda
1387 762 1487 809 est.
1533 755 1702 810 Aliter
1737 771 1863 811 caro

300 865 358 903 ex
403 863 569 921 carne
602 848 864 917 nascitur,
897 847 1055 907 aliter
1100 849 1320 919 spiritus
1353 862 1419 905 ex
1463 848 1676 925 spiritu,
1726 848 1865 913 sicut

298 940 409 1010 ipsa
434 940 652 1017 Veritas
686 939 741 1017 in
766 938 1053 1017 Evangelio
1092 939 1223 1009 dicit
1253 958 1264 994 :
1293 939 1445 1005 Quod
1491 950 1671 995 natum
1698 949 1773 995 est
1799 956 1864 995 ea:

299 1049 469 1103 carne,
501 1049 625 1099 caro
654 1041 728 1087 est
752 1051 771 1089 :
797 1032 935 1104 quod
965 1042 1145 1087 natum
1182 1045 1257 1087 est
1302 1050 1366 1088 ex
1407 1034 1616 1103 spiritu,
1647 1034 1864 1104 spiritus

299 1131 368 1177 est
392 1121 577 1193 (Joan.
608 1139 693 1199 ni,
727 1122 807 1201 ﬁ);
852 1123 976 1203 quia
1024 1123 1165 1197 Deus
1213 1123 1444 1195 Spiritus
1486 1133 1591 1190 est,
1646 1140 1711 1180 ex
1754 1125 1864 1187 Deo

300 1213 522 1287 donatus
548 1222 649 1277 est.
696 1212 968 1291 Spiritalis
1010 1216 1264 1289 nativitas
1302 1230 1401 1271 nos
1445 1214 1576 1271 facit
1623 1217 1865 1275 membra

297 1318 411 1359 esse
441 1302 641 1379 Christi
679 1320 785 1379 non
810 1304 1075 1371 carnalis;
1119 1306 1287 1363 donec
1328 1306 1443 1377 ipsa
1470 1316 1716 1362 creatura
1748 1324 1865 1363 cor-

296 1394 438 1465 poris
482 1394 653 1469 nostri
692 1394 920 1471 iibcrata
960 1410 991 1449 a
1020 1397 1276 1457 servitute
1308 1398 1667 1465 corruptionis
1711 1414 1866 1465 reno-

296 1493 449 1553 vetur
496 1486 551 1555 in
596 1488 963 1557 assumptione
1004 1487 1235 1543 ﬁliorum
1263 1488 1379 1553 Dei,
1412 1497 1465 1542 et
1509 1489 1725 1543 inimica
1774 1491 1866 1545 de-

297 1585 537 1650 struatur
564 1593 742 1655 mors;
794 1586 848 1632 et
876 1579 1129 1639 induatur
1160 1580 1263 1637 hoc
1293 1580 1519 1645 mortale
1546 1581 1864 1637 immortali-

298 1676 420 1743 tate,
452 1676 509 1739 et
540 1669 609 1727 sit
631 1669 773 1739 Deus
800 1670 980 1737 omnia
1013 1670 1064 1725 in
1091 1671 1359 1739 omnibus.

364 1759 478 1839 XV.
498 1761 627 1829 Post
647 1762 763 1819 bazc
778 1762 939 1827 etiam
962 1762 1214 1833 praefatus
1233 1762 1379 1823 Felix
1396 1779 1501 1818 non
1523 1764 1682 1833 plano
1704 1766 1861 1836 pede,

292 1861 384 1937 sed
410 1860 747 1931 claudicante
768 1875 955 1933 gressu
982 1876 1080 1929 per
1107 1875 1324 1930 campos
1351 1860 1642 1930 Scriptura:
1671 1871 1869 1917 sanctae
1896 1864 1943 1929 Β
1969 1862 2069 1906 6'51-
2102 1873 2118 1902 ι

296 1951 459 2021 currit
481 1950 651 2023 multa
670 1965 975 2023 propopens
999 1952 1324 2019 testimonia,
1347 1967 1466 2020 qua:
1491 1953 1602 2007 suis
1628 1955 1868 2021 partibus

291 2057 397 2107 non
449 2041 808 2119 conveniunt,
840 2050 899 2095 ut
944 2056 1246 2101 sermonem
1290 2041 1505 2098 fecisset
1549 2044 1863 2114 longiorem,

292 2149 461 2205 asque
487 2133 614 2201 dum
639 2132 971 2203 pervenisset
996 2134 1060 2187 ad
1082 2130 1399 2194 Jordanicas
1420 2134 1612 2199 undas,
1638 2144 1695 2189 ut
1716 2136 1872 2192 Chri-

290 2235 376 2291 sto
418 2226 692 2301 baptizato
738 2240 934 2297 agmen
995 2226 1334 2297 imposuisset
1375 2226 1694 2297 adoptionis.
1761 2227 1873 2283 Nec

291 2320 467 2391 adhuc
496 2328 719 2389 paterna
750 2334 881 2383 voce
908 2319 974 2373 de
1011 2319 1161 2383 cmlis
1208 2320 1428 2385 territus
1479 2328 1657 2385 tacere
1701 2322 1866 2387 novit,

288 2425 409 2486 51933
453 2410 620 2483 etiam
664 2424 768 2479 YOK
814 2410 1090 2479 baptizata
1118 2409 1334 2465 Christo
1368 2411 1751 2477 testimonium,
1775 2428 1871 2475 au-

288 2499 470 2579 diente
514 2499 673 2573 beato
714 2500 954 2573 Baptista
975 2499 1199 2566 Joanne,
1228 2502 1498 2570 perhibuit
1541 2502 1867 2573 huiusmodi,

290 2588 570 2663 clamans;
598 2588 699 2647 llic
750 2600 823 2645 est
864 2590 1037 2645 Filius
1079 2608 1222 2659 meus
1256 2592 1503 2657 dilectus,
1535 2595 1588 2647 in
1617 2611 1717 2666 quo
1743 2595 1871 2657 milii

292 2679 414 2731 bene
451 2679 742 2747 complacui
779 2680 991 2753 (illattlz,
1026 2697 1108 2753 tu,
1142 2681 1251 2753 l7).
1303 2682 1377 2759 De
1413 2698 1520 2753 quo
1564 2686 1871 2745 testimonio

284 2786 453 2853 supra
502 2771 710 2843 plenius
758 2773 990 2833 diximus
1019 2786 1065 2825 α.
1110 2773 1261 2829 Nunc
1306 2781 1510 2843 tantum
1536 2775 1591 2837 in
1627 2776 1726 2829 hoc
1754 2774 1872 2830 loco

290 2859 627 2939 interrogare
654 2860 804 2939 libet,
833 2861 877 2917 si
907 2863 1023 2917 hac
1050 2877 1151 2917 vox
1178 2871 1404 2932 paterna
1439 2865 1506 2937 ad
1533 2880 1692 2919 unam
1717 2864 1863 2927 Chri-

288 2955 353 3019 sti
379 2970 670 3035 personam
701 2954 1033 3033 pertineret?
1058 2954 1114 3008 Si
1142 2955 1208 3007 ad
1238 2971 1398 3010 unam
1429 2974 1440 3009 :
1477 2971 1603 3026 ergo
1649 2957 1735 3009 illa
1766 2972 1872 3010 una

286 3058 542 3186 gemma,
566 3044 636 3099 ad
683 3059 845 3112 quam
872 3045 987 3099 hrec
1016 3061 1117 3099 vox
1157 3044 1297 3103 facta
1327 3054 1426 3110 est,
1458 3054 1571 3101 tota
1598 3055 1679 3101 est
1706 3047 1873 3103 Filius

334 3135 383 3186 ei
428 3134 680 3186 dilectus.
711 3135 837 3186 licet
863 3136 914 3186 in
945 3136 1153 3186 duabus
1183 3137 1410 3186 naturis.
1445 3137 1502 3186 Si
1533 3139 1598 3186 ad
1624 3138 1873 3186 divinita-

334 3135 383 3187 ei
428 3134 680 3200 dilectus,
711 3135 837 3197 licet
863 3136 914 3189 in
945 3136 1153 3192 duabus
1183 3137 1410 3209 naturis.
1445 3137 1503 3192 Si
1532 3139 1598 3205 ad
1624 3138 1875 3205 divinita-

1963 659 2197 729 5uscepit
2218 674 2280 713 ex
2303 660 2519 730 Virgine
2542 662 2840 727 nascendo;
2874 662 3166 717 secundam
3196 677 3347 735 vero,
3372 679 3537 749 quam

1964 752 2194 806 initiavit
2233 752 2285 805 in
2326 752 2539 807 lavacro
2582 770 2611 806 a
2642 755 2868 809 mortuis
2900 754 3292 826 resurgendo.)
3343 754 3407 808 Et
3433 753 3537 831 hoc

1964 843 2233 898 alIirmare
2273 844 2463 900 niteris
2510 845 2562 899 in
2607 846 2959 917 genealogiis,
2985 862 3103 918 quae
3147 846 3202 901 in
3249 845 3538 921 Evangelii)

1963 936 2228 1009 leguntur,
2253 953 2356 990 una
2390 936 2681 993 secundum
2706 936 3031 1002 Matthaeum,
3055 939 3222 991 altera
3246 936 3538 1015 secundum

1963 1030 2183 1099 Lucam.
2217 1032 2343 1099 Qua:
2380 1034 2561 1089 omnia
2591 1033 2732 1086 sicut
2752 1050 2781 1087 a
2814 1041 2865 1088 te
2893 1035 3066 1104 posita
3093 1043 3236 1099 sunt,
3262 1034 3537 1105 fastidium

1963 1124 2134 1193 magis
2177 1140 2340 1193 quam
2375 1123 2671 1193 profectum
2724 1133 2984 1195 generant
3030 1126 3344 1197 legentibus,
3370 1126 3541 1197 donec

1966 1214 2032 1269 ad
2054 1214 2295 1269 ultimum
2316 1216 2627 1285 pel-venires
2650 1216 2701 1269 in
2723 1216 3027 1285 huiusmodi
3050 1217 3370 1291 sententiam
3394 1233 3407 1269 :
3432 1234 3449 1267 ι
3482 1214 3539 1281 Si

1965 1306 2087 1385 quis
2128 1322 2274 1367 vero,
2308 1307 2408 1371 ais,
2438 1307 2577 1361 hanc
2625 1304 2922 1378 spiritalem
2972 1307 3393 1376 generationem,
3421 1320 3541 1377 quae

1965 1412 2062 1475 per
2107 1397 2443 1465 adoptionem
2491 1397 2577 1462 lit,
2610 1412 2640 1451 a
2682 1396 2898 1459 Christo
2946 1396 3238 1463 secundum
3269 1396 3541 1469 hominem

1968 1487 2217 1541 abdicare
2246 1488 2376 1551 vult,
2406 1488 2556 1556 prius
2605 1504 2825 1543 necesse
2868 1496 2973 1551 est,
3004 1498 3061 1541 ut
3092 1487 3259 1563 illam,
3291 1502 3409 1559 qua:
3452 1501 3539 1543 sc-

1968 1579 2199 1645 cundum
2228 1594 2446 1635 carnem
2477 1588 2577 1639 est,
2610 1579 2677 1633 ab
2715 1594 2778 1631 eo
2806 1577 3044 1632 funditus
3079 1577 3374 1641 abscindat.
3407 1575 3542 1647 Nam

1968 1671 2012 1725 si
2056 1671 2107 1724 in
2153 1671 2277 1737 ista,
2316 1687 2433 1742 qua)
2480 1670 2735 1742 spiritalis
2781 1680 2883 1735 est,
2932 1671 3211 1733 nobiscum
3250 1686 3356 1747 non
3396 1684 3545 1725 com-

1970 1764 2227 1827 municat,
2258 1762 2440 1817 procul
2490 1763 2650 1817 dubio
2696 1777 2870 1832 neque
2912 1762 2968 1819 in
3017 1762 3107 1817 illa
3154 1775 3270 1831 quze
3311 1758 3545 1833 carnalis

2045 1942 2199 1999 XVII.
2229 1946 2418 1999 Videat
2442 1945 2532 2014 qui
2555 1943 2682 2014 legit
2708 1944 2805 1999 has
2826 1941 3038 2013 praefati
3069 1940 3305 1994 doctoris
3328 1944 3547 2001 senten-

1977 2035 2094 2090 tias.
2132 2035 2309 2089 Primo
2338 2036 2569 2104 partium
2595 2035 2855 2089 orationis
2883 2032 3273 2105 quodammodo
3301 2032 3548 2097 inconso-

1970 2127 2212 2183 nantiam
2240 2136 2291 2181 et
2319 2144 2571 2185 sensuum
2599 2127 2983 2187 obscuritatem
3008 2124 3227 2178 involvit
3245 2123 3544 2186 sententia),

1971 2237 2038 2276 ne
2064 2223 2230 2291 810
2263 2221 2438 2275 luceat
2473 2220 2842 2290 intelligentia.
2876 2219 3013 2285 Quid
3045 2225 3223 2271 autem
3250 2214 3366 2268 vult
3389 2214 3548 2271 intel-

1969 2313 2061 2387 ligi
2093 2314 2145 2367 in
2176 2330 2239 2368 eo
2266 2314 2407 2383 quod
2447 2317 2525 2366 ait
2551 2331 2562 2364 :
2586 2310 2822 2365 [uitiauit
2864 2328 2894 2367 α
2937 2309 3151 2363 mortuis
3200 2303 3551 2373 resurgendo?

1970 2404 2014 2471 Α
2044 2404 2239 2473 quibus
2282 2403 2511 2467 mortuis
2551 2401 2853 2463 resurrexit
2892 2399 3137 2473 Christus
3165 2397 3216 2451 in
3247 2392 3552 2464 baptismo?

1970 2480 2225 2563 Nunquid
2264 2502 2485 2567 peccata
2510 2492 2718 2555 habuit,
2751 2499 2863 2565 uta
2894 2476 3067 2555 morte
3096 2494 3439 2558 peccatorum
3466 2496 3553 2537 re-

1969 2593 2237 2659 surgeret,
2265 2584 2430 2637 voluti
2462 2599 2562 2639 nos
2598 2583 2652 2637 in
2680 2581 2917 2657 peccatis
2958 2580 3069 2633 nati
3096 2586 3317 2649 pr0pter
3344 2577 3551 2645 primo-

1972 2692 2089 2745 rum
2115 2658 2610 2747 prcevaricationem
2637 2676 2955 2745 parentum;
2981 2684 3079 2725 nec
3109 2670 3174 2723 ab
3204 2668 3287 2725 his
3313 2664 3548 2728 liberati,

1973 2770 2075 2824 nisi
2103 2770 2157 2825 in
2184 2767 2398 2822 Christo
2425 2764 2551 2827 Jesu
2580 2780 2677 2835 per
2720 2763 3008 2819 secundam
3052 2759 3472 2831 generationem,
3499 2757 3552 2809 in

1973 2879 2077 2933 qua
2107 2861 2197 2916 lilii
2226 2861 2318 2914 irae
2340 2858 2642 2913 elliciuntur
2660 2856 2777 2911 Filii
2802 2854 2929 2908 Dei?
2952 2852 3088 2918 Quin
3113 2850 3292 2919 potius
3305 2847 3553 2901 Christus

1972 2950 2127 3006 Jesus
2157 2950 2357 3017 absque
2387 2947 2530 3007 omni
2559 2953 2781 3017 peccato
2815 2949 3103 3012 conceptus
3130 2948 3185 2993 et
3211 2947 3367 3003 natus
3408 2936 3556 2993 venit

1974 3044 2039 3095 ad
2084 3041 2431 3110 baptismum,
2474 3036 2777 3106 exemplum
2818 3033 3137 3088 humilitatis
3165 3030 3470 3093 ostendere,
3499 3034 3556 3082 et

1976 3149 2143 3203 aquas
2172 3148 2269 3186 suo
2311 3130 2649 3189 sanctilicare
2682 3128 2976 3199 baptismo;
3011 3142 3117 3180 non
3148 3134 3206 3181 ut
3247 3120 3551 3179 sanctiﬁca-

284 3233 396 3301 tum
426 3233 657 3305 tantum,
687 3241 814 3297 ergo
838 3227 1091 3303 divinitas
1130 3202 1399 3301 baptizata
1432 3236 1515 3289 est
1552 3202 1647 3291 ibi,
1676 3238 1729 3293 et
1766 3246 1873 3284 non
1900 3219 1946 3282 C
1979 3232 2128 3278 retur
2155 3224 2205 3276 in
2237 3223 2409 3292 aquis,
2436 3222 2525 3289 qui
2556 3220 2686 3277 nihil
2715 3202 2905 3291 habuit
2947 3220 2998 3272 in
3038 3234 3094 3273 se
3129 3216 3358 3291 peccati,
3392 3230 3423 3281 a
3448 3229 3555 3285 quo

285 3317 598 3399 iiiimanitas
624 3336 636 3371 :
662 3318 788 3389 quia
812 3332 974 3387 super
991 3318 1321 3389 baptizatum
1342 3320 1457 3375 haec
1478 3335 1579 3372 vox
1602 3318 1741 3373 facta
1766 3327 1868 3375 est.

285 3402 461 3489 βριῃρ
492 3407 778 3483 siquidem,
805 3410 896 3477 qui
926 3408 1231 3487 baptizatus
1255 3418 1357 3472 est,
1388 3409 1480 3461 Dei
1510 3407 1676 3475 Filius
1704 3424 1733 3460 a
1766 3409 1873 3462 Deo

282 3492 450 3579 Patre
484 3498 829 3571 praedicatur,
854 3517 1016 3571 super
1045 3518 1203 3572 quem
1226 3510 1279 3555 et
1308 3501 1541 3571 Spiritus
1570 3510 1787 3555 sanctus
1818 3501 1872 3555 in

278 3588 468 3667 ξρθρὶβ
498 3589 757 3647 columbae
788 3591 1082 3667 descendit.
1126 3592 1400 3661 Quatenus
1442 3602 1662 3662 paterna
1690 3608 1792 3646 vox
1818 3600 1874 3647 et

278 3680 460 3757 parieti
496 3679 728 3753 Spiritus
773 3681 1050 3741 descensio
1084 3684 1332 3747 eumdem
1373 3698 1494 3738 esse
1544 3684 1635 3739 Dei
1678 3683 1871 3739 Filium

278 3762 706 3847 demonstraret,
736 3774 826 3843 qui
875 3772 1179 3843 baptizatus
1222 3782 1324 3835 est.
1372 3775 1446 3828 De
1476 3792 1579 3844 qua
1610 3776 1773 3839 etiam
1819 3784 1875 3831 et

280 3860 401 3939 ipse
425 3858 668 3933 Baptista
697 3877 761 3923 eo
792 3862 1104 3935 inspirante,
1137 3864 1227 3934 qui
1258 3877 1315 3918 sc
1344 3864 1492 3925 misit
1512 3864 1577 3916 ad
1600 3864 1875 3933 baptizan-

280 3953 433 4040 tinm,
465 3963 704 4040 paterna:
735 3956 853 4021 voci
889 3970 1182 4027 consonum
1233 3956 1458 4033 protulit
1503 3956 1871 4015 testimonium

629 4063 719 4119 ego
746 4048 868 4121 ridi,
897 4057 943 4105 et
978 4014 1327 4105 testiinonihm
1354 4048 1611 4118 perhibui,
1641 4048 1765 4119 quia
1790 4048 1872 4100 hic

277 4153 359 4217 est
390 4141 567 4219 filius
592 4142 692 4218 Βρὶ
719 4141 903 4215 (Joan.
930 4158 969 4209 ι,
994 4142 1109 4211 54).

356 4232 499 4313 XYi.
541 4233 681 4303 Quid
726 4235 923 4301 adhuc,
968 4252 1001 4299 ι)
1032 4236 1218 4303 doctor
1244 4233 1524 4309 mirabilis,
1568 4232 1872 4309 adoptionis

276 4340 485 4395 nomen
508 4324 725 4399 ,Christo
766 4327 1029 4399 imponis?
1056 4343 1215 4401 quem
1251 4327 1470 4395 insuper
1496 4326 1709 4397 lavacro
1736 4326 1873 4389 indi-

278 4417 469 4489 guisse
517 4417 856 4491 baptismatis
904 4416 1124 4489 [Supple
1169 4418 1386 4493 asseris,
1438 4415 1514 4470 vel
1560 4415 1785 4487 simile],
1820 4422 1875 4477 et

277 4506 525 4582 secunda
572 4508 934 4577 generatione,
966 4508 1107 4571 sicut
1145 4522 1244 4564 nos
1288 4504 1733 4577 peccatoresjam
1760 4505 1872 4563 nati

1975 3317 2224 3372 mundari
2256 3316 2525 3371 debuisset
2551 3330 2646 3384 per
2668 3315 3018 3385 baptismum.
3048 3314 3170 3367 Ideo
3200 3322 3255 3367 et
3292 3314 3407 3380 ipse
3432 3312 3559 3366 bea-

1976 3417 2059 3462 tus
2105 3407 2343 3477 Baptista
2390 3407 2622 3463 venienti
2663 3407 2731 3461 ad
2766 3422 2823 3463 sc
2866 3406 2956 3460 Dei
2988 3404 3121 3459 Filio
3159 3401 3407 3474 ait:Ego
3438 3419 3470 3455 a
3509 3411 3559 3455 te

1973 3499 2128 3573 debeo
2166 3500 2439 3568 baptizari,
2474 3508 2521 3552 et
2560 3509 2615 3551 tu
2659 3498 2799 3552 venis
2849 3496 2917 3557 ad
2957 3513 3035 3557 me
3064 3494 3275 3566 (Matth.
3316 3511 3398 3558 ιιι,
3434 3492 3558 3563 M)?

1974 3592 2126 3662 quasi
2159 3591 2382 3645 dixisset
2406 3610 2418 3643 ;
2445 3590 2502 3644 In
2527 3606 2610 3646 me
2634 3598 2738 3655 est,
2760 3590 2904 3658 quod
2928 3604 3026 3659 per
3048 3596 3099 3641 te
3127 3586 3342 3657 purgari
3367 3584 3555 3649 debet;

1973 3684 2027 3738 in
2059 3692 2110 3744 te
2135 3698 2239 3736 non
2282 3690 2363 3736 est
2410 3682 2550 3750 quod
2579 3697 2675 3753 per
2704 3696 2787 3749 me
2816 3680 3035 3751 purgari
3064 3678 3276 3749 debeat.
3320 3676 3428 3731 Sed
3454 3677 3556 3730 hoc

1972 3774 2251 3829 sciendum
2284 3781 2385 3837 est,
2416 3774 2559 3842 quod
2605 3775 2658 3829 in
2701 3775 3025 3845 baptismate
3070 3771 3314 3832 Joannis,
3348 3770 3399 3823 in
3447 3783 3555 3839 quo

1974 3866 2221 3921 Christus
2264 3866 2567 3934 baptizatus
2608 3872 2709 3927 est,
2756 3879 2863 3933 non
2904 3863 3004 3923 fuit
3052 3860 3411 3931 regeneratio,
3464 3857 3559 3912 sed

1974 3957 2218 4025 quaedam
2242 3956 2595 4025 praecursoria
2617 3954 2935 4027 signiﬁcatio
2959 3951 3299 4023 baptismatis
3319 3947 3554 4011 Christi:

1974 4048 2093 4105 ideo
2115 4057 2169 4102 et
2191 4048 2242 4101 in
2264 4046 2487 4117 Actibus
2508 4044 2875 4115 apostolorum
2900 4043 3149 4119 legimus,
3174 4042 3393 4111 beatum
3418 4037 3558 4101 Pau~

1971 4140 2084 4215 inm
2131 4139 2433 4209 apostolum
2480 4154 2574 4193 eos
2616 4136 2954 4207 rebaptizare
3000 4133 3090 4203 qui
3132 4131 3386 4205 baptizati
3431 4136 3558 4187 sunt

1977 4231 2248 4307 baptismo
2302 4228 2524 4295 Joannis
2563 4228 2699 4299 (Act.
2741 4244 2852 4299 xix,
2895 4226 2970 4296 5).
3013 4224 3121 4291 Nec
3165 4222 3450 4291 quisquam
3496 4220 3554 4289 in

1972 4324 2301 4397 baptismate
2333 4321 2553 4389 Joannis
2601 4320 2941 4389 adoptionem
2986 4317 3217 4371 ﬁliorum
3258 4315 3353 4379 Dei
3382 4314 3557 4385 potuit

1971 4414 2234 4487 accipere.
2265 4412 2476 4485 Quanto
2502 4410 2671 4487 magis
2690 4424 2789 4483 nec
2811 4408 3057 4475 Christus
3079 4407 3362 4475 adoptatus
3382 4404 3486 4461 fuit
3505 4405 3558 4459 in

1975 4484 2168 4577 Filium
2194 4505 2301 4558 Deo
2324 4484 2472 4567 Patri
2495 4502 2549 4555 in
2576 4484 2639 4569 cp
2667 4501 2954 4570 baptismo,
2975 4500 3026 4555 in
3054 4514 3160 4567 quo
3184 4497 3360 4561 nullus
3386 4496 3562 4566 potuit

268 4610 380 4667 per
404 4575 808 4671 generatippem
830 4596 1100 4667 carnalem
1130 4597 1183 4671 in
1210 4575 1346 4655 tilias
1372 4597 1485 4657 irtc,
1516 4603 1574 4648 ut
1595 4604 1777 4664 aperte
1805 4610 1871 4648 ex
1906 4575 1953 4632 ί)
1975 4575 2280 4667 adoptionis
2297 4595 2527 4664 gratiam
2543 4592 2957 4662 accipere?quia
2972 4604 3129 4649 nemo
3148 4588 3559 4664 ineobaptismo

272 4690 392 4767 tuis
445 4688 624 4759 verbis
666 4690 885 4761 intelligi
924 4699 1134 4761 potest;
1166 4690 1245 4749 ais
1289 4694 1431 4757 enim
1458 4689 1600 4749 inter
1629 4696 1866 4760 caetera:

279 4796 298 4829 ι
332 4777 606 4853 Quoniam
638 4779 779 4851 sicut
824 4780 877 4843 in
918 4781 1092 4849 prima
1135 4780 1501 4849 generatione,
1533 4793 1598 4847 ex
1639 4794 1744 4849 qua
1787 4795 1873 4834 se-

264 4871 523 4949 cundum
555 4885 775 4945 carnem
816 4871 1105 4943 nascimur,
1138 4870 1314 4925 nullus
1339 4871 1499 4941 homo
1526 4884 1645 4927 esse
1670 4877 1869 4939 potest,

266 4965 371 5037 qui
398 4962 620 5035 abunde
640 4964 901 5035 ptiginem
925 4964 1124 5031 trahat,
1146 4963 1250 5033 nisi
1274 4963 1339 5017 de
1366 4963 1542 5032 primo
1562 4961 1651 5016 illo
1672 4960 1867 5031 Adam,

262 5057 369 5127 qui
401 5072 469 5128 εξ
504 5064 645 5125 terra
676 5056 880 5125 virgine
921 5064 1137 5123 creatus
1173 5064 1284 5118 est;
1316 5054 1387 5119 ita
1419 5054 1472 5108 in
1507 5054 1607 5121 hac
1638 5053 1870 5123 secunda

258 5147 639 5224 δέρει-θαρρῇ
677 5145 928 5215 spiritali,
961 5146 1015 5211 in
1049 5156 1153 5216 qua
1185 5145 1520 5201 renascimur
1548 5159 1613 5215 ex
1649 5158 1789 5211 aqua
1818 5149 1873 5196 et

216 5252 221 5255 '
258 5235 491 5311 Spiritu
537 5244 744 5305 sancto,
779 5251 938 5307 nemo
984 5235 1213 5305 gratiam
1261 5234 1562 5305 adoptionis
1613 5232 1870 5305 consequi

262 5326 446 5403 )‘glct,
474 5332 675 5397 pater
715 5324 883 5384 illum,
912 5324 1001 5392 qui
1049 5337 1169 5378 eam
1218 5322 1419 5396 (Locus
1457 5324 1760 5395 corruptus)
1816 5322 1870 5381 in

260 5432 400 5473 eam
430 5418 488 5481 in
518 5414 736 5470 Christo
757 5430 823 5473 ex
852 5428 1012 5479 carne
1050 5414 1273 5483 virginis
1304 5423 1542 5468 creatum
1573 5421 1625 5467 et
1656 5420 1862 5476 natum,

260 5510 368 5587 μιιὶ
416 5516 506 5563 est
534 5507 801 5577 secundus
844 5505 1035 5569 Adam,
1062 5508 1269 5576 accepit
1307 5508 1406 5561 has
1437 5508 1677 5577 geminas
1703 5520 1866 5583 gone:-

265 5600 525 5655 tationes
554 5618 564 5653 :
589 5599 819 5669 primam
866 5598 1148 5662 videlicet,
1171 5613 1288 5667 qua:
1326 5600 1621 5652 secundum
1648 5612 1871 5653 carnem

258 5698 395 5773 ἓξὲξ
428 5691 724 5771 ξθρμψιέιιη
756 5706 887 5767 ἵετο
911 5691 1234 5765 ξρίτίιιιιεω,
1264 5706 1383 5759 qua:
1407 5704 1505 5767 per
1530 5691 1872 5769 adoptionem

350 5815 379 5845 ι
424 5802 560 5858 Vide
588 5818 771 5873 supra,
802 5802 896 5859 lib.
928 5819 967 5870 ι,
1000 5820 1146 5859 num.
1178 5803 1245 5857 12
1265 5809 1318 5857 et
1345 5803 1428 5860 18.

1974 4691 2351 4759 remissionem
2392 4696 2737 4759 peccatorum
2781 4684 3037 4751 consequi
3080 4682 3275 4747 valuit;
3316 4681 3412 4753 sed
3441 4688 3559 4739 tan-

1974 4792 2087 4845 tum
2136 4783 2392 4852 baptizati
2438 4788 2563 4835 sunt
2592 4780 2644 4833 in
2672 4776 3077 4847 prenitentiam,
3108 4782 3170 4831 ut
3192 4773 3477 4829 crederent
3505 4770 3559 4824 in

1972 4892 2121 4942 eum,
2142 4877 2280 4930 sicut
2304 4875 2444 4932 idem
2470 4871 2723 4942 prmiatns
2746 4868 3032 4939 Apostolus
3052 4867 3128 4921 ait
3152 4884 3163 4919 :
3190 4864 3295 4932 Qui
3316 4873 3558 4921 venturus

1968 4979 2071 5033 est,
2100 4968 2152 5022 id
2185 4976 2281 5031 est,
2314 4967 2365 5021 in
2391 4965 2592 5025 Iesum.
2622 4962 2780 5025 Nota,
2807 4961 2995 5025 lector,
3028 4958 3174 5029 quod
3198 4958 3328 5029 dicit
3350 4956 3559 5013 credere

1974 5062 2031 5115 in
2056 5062 2254 5119 Jesum.
2288 5056 2622 5118 Nullatenus,
2651 5056 2695 5110 si
2720 5056 2859 5121 Deus
2884 5061 2937 5107 et
2964 5053 3059 5111 Dei
3081 5051 3249 5109 Filius
3277 5065 3384 5107 non
3414 5055 3561 5105 esset

1973 5150 2151 5215 Jesus,
2176 5151 2269 5218 qui
2300 5165 2367 5204 ex
2394 5149 2614 5218 Virgine
2658 5156 2816 5209 natus
2844 5156 2946 5209 est,
2979 5152 3163 5207 tantus
3187 5145 3393 5205 diceret
3418 5140 3559 5210 Apo-

1974 5241 2165 5304 stolus,
2198 5248 2255 5294 ut
2293 5240 2347 5293 in
2384 5237 2567 5293 Iesum
2606 5239 2827 5293 credere
2856 5238 3136 5300 deberent,
3165 5235 3292 5304 quia
3324 5238 3557 5287 tantum-

1972 5331 2132 5391 modo
2154 5328 2283 5382 ﬁdes
2304 5328 2565 5383 catholica
2590 5326 3109 5393 habet,credendum
3122 5340 3243 5383 esse
3258 5324 3311 5376 in
3336 5322 3555 5377 Patrem

1972 5428 2028 5476 et
2053 5421 2107 5472 in
2136 5419 2347 5484 Filium,
2377 5428 2434 5474 et
2458 5421 2511 5473 in
2534 5418 2792 5487 Spiritum
2824 5427 3085 5480 sanctum,
3109 5418 3210 5471 hoc
3234 5420 3317 5468 est
3340 5412 3395 5467 in
3424 5424 3553 5469 san-

1970 5518 2112 5568 ctam
2162 5509 2799 5567 Trinitatem:ca:terum
2840 5511 2893 5564 in
2939 5508 3059 5563 aliis
3102 5503 3380 5562 catholica:
3428 5499 3556 5556 ﬁdei

1966 5600 2395 5673 professionibus
2438 5604 2493 5656 in
2540 5603 2975 5672 prmpositionem
3028 5609 3302 5669 apponere
3360 5593 3556 5657 uolunt

1962 5695 2225 5761 doctores
2247 5694 2598 5759 ecclesiastici
2616 5735 2633 5763 ,
2661 5695 2758 5753 sed
2782 5692 3152 5755 tantummodo
3178 5689 3361 5753 dicere
3380 5706 3397 5749 ε
3415 5686 3550 5751 Gro-
