4072 6346
548 372 657 430 159

1367 372 1429 426 Β.
1469 369 1532 425 F.
1570 369 1796 425 ALBlNl
1837 368 1969 425 SEU
2006 367 2281 425 ALCUlNl
2319 366 2605 425 OPERUM
2639 367 2821 425 PARS
2856 369 2943 427 Ill.

3700 373 3792 428 l60

541 491 719 548 dimus
746 494 989 543 sanctam
1029 486 1325 543 Ecclesiam
1343 527 1357 551 ,
1385 494 1441 540 et
1465 486 1836 540 remissionem
1866 491 2114 551 peccato-
2139 483 2193 544 Α
2220 482 2361 535 tione
2388 498 2509 551 quae
2539 482 2831 537 secundum
2863 481 3172 536 Matthaaum
3198 482 3428 539 habetur
3454 500 3466 537 :
3491 491 3545 539 et
3569 499 3667 554 per
3691 485 3794 540 Lu-

540 599 665 641 rum
684 622 699 647 ,
729 588 786 635 et
810 582 1264 635 resurrectionem
1295 588 1651 640 mortuorum,
1689 585 1743 629 et
1780 586 1973 628 cetera
2002 590 2120 643 quae

542 675 598 729 in
624 671 865 744 symbolo
904 680 1090 726 sancto
1117 669 1478 723 c0..tinentur.
1525 667 1596 718 De
1644 666 1965 718 discretione
1994 680 2123 718 vero

540 764 880 835 baptismatis
926 762 1149 825 Christi,
1186 759 1622 831 et‘lmptismatis
1663 758 1886 811 Joannis
1931 758 2122 812 beatus

542 858 872 929 Augustinus
892 857 944 910 in
972 856 1107 909 libro
1144 854 1486 907 Enchiridiou
1516 853 1587 904 ita
1619 853 1738 905 ait“
1774 870 1784 903 :
1828 870 1842 899 ι
1880 850 2010 904 Illud
2039 858 2120 904 ta-

542 968 666 1008 men
699 966 863 1005 unum
888 960 1200 1020 peccatum,
1232 947 1370 1016 quod
1400 955 1508 999 tam
1540 961 1813 1014 maguum,
1843 944 1894 996 in
1923 943 2040 998 loco
2068 952 2125 998 et

542 1042 731 1097 habitu
759 1049 921 1094 tantm
964 1038 1232 1093 felicitatis
1278 1036 1568 1090 admissum
1600 1044 1702 1099 est,
1732 1042 1786 1086 ut
1818 1035 1867 1087 in
1894 1050 1999 1087 uno
2025 1035 2123 1089 ho-

542 1134 687 1189 mine
714 1132 1068 1203 originaliter,
1106 1140 1180 1193 et,
1207 1137 1265 1181 ut
1292 1131 1365 1182 ita
1394 1128 1587 1189 dicam,
1618 1125 1923 1179 radicalitcr
1952 1132 2122 1180 totum

542 1240 713 1298 genus
738 1225 1035 1278 humanum
1079 1223 1429 1275 damnaretur
1457 1219 1587 1291 [non
1619 1219 1842 1272 solvitur
1873 1235 1936 1272 ac
1965 1218 2123 1272 dilui-

541 1313 674 1385 tur],
705 1312 810 1369 nisi
858 1327 957 1381 per
1004 1328 1169 1365 unum
1218 1311 1568 1365 mediatorem
1600 1310 1692 1362 Dei
1741 1318 1794 1361 et
1844 1310 2121 1362 hominum

545 1404 819 1459 hominem
845 1402 1117 1457 Christum
1140 1401 1345 1465 Jesum,
1374 1403 1460 1471 qui
1488 1402 1630 1455 solus
1654 1400 1826 1469 potuit
1851 1400 1923 1453 ita
1949 1400 2121 1465 nasci,

540 1502 603 1549 ut
616 1496 665 1549 ei
687 1510 793 1549 non
814 1511 951 1564 opus
969 1503 1112 1549 esset
1134 1495 1340 1548 renasci
1370 1512 1381 1545 :
1408 1509 1509 1547 non
1528 1494 1670 1546 enim
1698 1490 2122 1545 renascebantur

542 1586 635 1655 qui
657 1584 1073 1654 baptizabantur
1103 1586 1423 1653 baptismate
1461 1582 1704 1647 Joannis,
1733 1598 1762 1635 a
1795 1598 1901 1650 quo
1927 1589 1980 1637 et
2005 1584 2119 1650 ipse

548 1675 806 1750 [Joannes
820 1676 975 1747 (Aug.
997 1678 1163 1731 omitt.
1199 1693 1365 1729 vocem
1389 1674 1668 1745 Joannes)'|
1684 1673 1984 1742 baptizatus
2007 1681 2119 1737 est;

544 1768 638 1823 sed
654 1768 886 1838 quodam
900 1768 1253 1837 prmcursorio
1277 1766 1416 1821 illius
1441 1766 1755 1828 ministerio,
1772 1766 1860 1834 qui
1879 1764 2118 1818 dicebat:

2222 587 2337 625 cam
2370 579 2493 641 post
2534 573 2860 642 baptismum
2901 574 3229 637 ascendisse,
3254 582 3310 627 et
3352 590 3451 644 per
3496 577 3793 646 adoptionis
3884 566 3891 577 ’

2222 664 2448 732 gratiam
2491 664 2682 717 Filium
2714 663 2807 718 Dei
2838 681 2957 719 esse
2987 665 3205 719 factum.
3238 665 3306 719 Et
3333 681 3400 720 ne
3431 668 3554 736 quis
3583 684 3669 724 me
3695 671 3795 725 l‘al-

2222 772 2339 809 sum
2388 757 2588 827 lingere
2617 760 2682 812 de
2707 775 2772 813 eo
2800 761 3028 814 aestimet
3047 802 3060 823 ,
3085 760 3267 815 audiat
3294 761 3418 815 novi
3443 760 3684 829 ejusdem
3714 765 3795 819 in-

2223 848 2475 915 terpretis
2522 846 2685 902 verba
2727 866 2789 901 :t
2844 848 3124 903 Matthmus
3150 889 3166 915 ,
3219 850 3430 919 inquit,
3483 851 3536 905 in
3576 855 3796 910 exordio

2223 936 2496 1008 Evangelii
2543 938 2734 993 seriem
2779 941 3164 1008 generationis,
3192 956 3311 1009 qua:
3352 944 3646 998 secundum
3676 962 3798 1000 car-

2223 1045 2344 1081 nem
2388 1030 2453 1082 ad
2493 1026 2765 1083 Christum
2813 1031 3117 1095 descendit,
3146 1049 3175 1087 a
3203 1032 3370 1087 David
3402 1048 3495 1088 seu
3527 1034 3797 1091 Abraham

2223 1118 2505 1186 incipiens,
2533 1133 2701 1187 usque
2744 1117 2940 1188 Joseph
2979 1136 3234 1190 sponsum
3279 1121 3480 1189 Mariae,
3504 1139 3603 1193 per
3644 1141 3798 1195 reges

2222 1219 2278 1263 et
2312 1220 2534 1265 caeteros
2559 1211 2625 1264 de
2665 1212 2807 1265 tribu
2835 1209 2973 1266 Juda
3001 1213 3218 1267 sibimet
3246 1215 3613 1280 succedentes,
3644 1217 3800 1271 dinu-

2222 1304 2481 1357 merando
2528 1303 2812 1373 perducit:
2840 1305 2891 1357 in
2923 1320 3028 1373 qua
3066 1306 3409 1376 generatione
3455 1309 3637 1363 carnis
3667 1325 3800 1379 qua-

2223 1403 2346 1450 tuor
2372 1396 2582 1450 fcminm
2613 1396 3041 1451 introducuntur.
3077 1397 3209 1452 Tres
3241 1398 3489 1453 videlicet
3528 1415 3594 1454 ex
3626 1402 3801 1470 genti-

2222 1488 2353 1552 bus;
2384 1495 2575 1556 quarta
2627 1503 2754 1541 vero
2799 1488 2906 1552 illa,
2964 1489 3016 1541 in
3063 1505 3167 1558 qua
3222 1490 3387 1544 David
3432 1491 3675 1559 peccavit
3704 1510 3716 1521 ·
3744 1501 3805 1546 ιιι

2223 1578 2423 1647 liquide
2450 1586 2769 1647 patesceret,
2800 1579 2939 1647 quod
2972 1579 3112 1632 idem
3139 1578 3465 1649 Redemptor
3484 1588 3667 1635 noster
3693 1596 3803 1636 non

2224 1670 2393 1724 solum
2418 1686 2481 1724 ex
2509 1668 2725 1732 Judmis,
2756 1670 2849 1723 sed
2872 1679 2927 1723 et
2947 1670 3011 1724 de
3033 1670 3310 1740 gentibus;
3335 1685 3509 1739 neque
3530 1671 3596 1724 de
3614 1669 3798 1739 justis,

2226 1759 2319 1815 sed
2352 1761 2517 1814 etiam
2554 1768 2608 1813 et
2635 1761 2700 1814 de
2728 1761 3103 1828 peccatoribus
3132 1776 3316 1815 veram
3346 1776 3563 1816 carnem
3589 1777 3656 1817 ex
3685 1760 3806 1815 Vir—

552 1828 751 1913 Parate
772 1861 906 1912 viam
928 1859 1150 1912 Domino
1178 1858 1392 1927 (Matth.
1426 1875 1510 1922 ιιι,
1539 1859 1614 1919 5),
1632 1858 1719 1910 ubi
1752 1873 1915 1910 unum
1937 1855 2118 1927 [Aug.,
2152 1828 2201 1889 Β
2226 1850 2347 1919 gine
2380 1850 2628 1918 Suscepit.
2661 1850 2835 1904 Lucas
2873 1866 3001 1904 vero
3029 1852 3224 1905 seriem
3252 1852 3634 1921 generalimlis.
3681 1866 3807 1920 quae

544 1948 672 2002 huic
693 1946 832 2018 uni],
851 1963 956 2016 quo
982 1948 1097 2001 solo
1130 1948 1339 2001 renasci
1362 1953 1630 2015 poterant,
1646 1946 1995 2015 parabantur.
2012 1946 2123 1999 Hu-

537 2032 629 2101 jus
667 2035 809 2089 enim
833 2035 1132 2105 baptismus
1163 2035 1456 2108 [Quercet.,
1490 2034 1837 2107 baptismum]
1878 2044 1983 2100 est,
2015 2051 2124 2090 non

540 2126 596 2179 in
636 2141 774 2195 aqua
807 2137 1035 2193 tantum,
1061 2129 1200 2183 sicut
1244 2128 1345 2183 fuit
1378 2127 1617 2191 Joannis,
1642 2143 1828 2181 verum
1858 2127 2022 2181 etiam
2067 2128 2123 2182 in

542 2217 745 2288 Spiritu
776 2230 963 2274 sancto
988 2238 1001 2273 :
1026 2230 1083 2274 ut
1108 2222 1174 2275 de
1202 2222 1291 2275 illo
1335 2220 1538 2290 Spiritu
1568 2228 1944 2289 regeneretur,
1970 2220 2123 2289 quis—

538 2312 659 2380 quis
700 2311 755 2365 in
802 2310 1076 2366 Christum
1127 2313 1318 2378 credit,
1342 2312 1407 2367 de
1457 2327 1565 2381 quo
1614 2311 1860 2366 Christus
1911 2311 2125 2381 genitus

542 2401 723 2474 [Aug.,
755 2405 1063 2472 generatus]
1093 2403 1502 2473 regeneratione
1528 2418 1633 2456 non
1662 2404 1825 2473 eguit.
1855 2422 1873 2453 ι
1908 2402 1973 2455 Ει
2003 2410 2126 2470 post

538 2508 708 2563 pauca
739 2492 792 2546 in
822 2494 1010 2547 eodem
1040 2494 1214 2548 libro:
1246 2514 1264 2546 ι
1300 2496 1355 2549 ln
1386 2512 1525 2565 aqua
1569 2511 1697 2565 ergo
1740 2495 2000 2564 baptizari
2029 2510 2125 2550 vo-

540 2584 640 2639 luit
662 2599 692 2638 a
716 2582 943 2649 Joanne,
976 2600 1081 2638 non
1108 2594 1167 2639 ut
1204 2586 1320 2654 ejus
1368 2586 1624 2655 iniquitas
1668 2584 1774 2637 ulla
1804 2585 2122 2649 dilueretur,

538 2675 634 2730 sed
657 2682 715 2729 ut
743 2690 934 2744 magna
967 2676 1441 2731 commendaretur
1475 2676 1772 2731 hmuilitas.
1814 2675 1890 2730 ita
1928 2678 2125 2747 quippe

537 2768 669 2822 nihil
700 2769 750 2821 in
777 2783 841 2821 eo
871 2769 1190 2836 baptismus,
1226 2771 1367 2837 quod
1398 2770 1660 2833 ablueret,
1694 2770 1834 2823 sicut
1862 2785 2008 2825 mors
2034 2771 2121 2824 ni-

539 2858 635 2923 hil,
669 2859 811 2928 quod
837 2860 1071 2928 puniret,
1101 2861 1308 2915 invenit
1332 2875 1345 2914 :
1369 2869 1428 2914 ut
1456 2862 1698 2916 diabolus
1722 2862 1949 2916 veritate
1961 2861 2126 2929 justi-

538 2948 660 3014 tiae,
689 2965 797 3003 non
842 2950 1097 3005 violentia
1142 2954 1425 3022 potestatis
1472 2968 1760 3023 oppressus
1806 2963 1862 3008 et
1905 2955 2080 3010 victus
2107 2996 2123 3019 ,

539 3039 794 3109 quoniam
824 3042 999 3109 ipsum
1045 3044 1161 3098 sine
1187 3044 1295 3098 ullo
1329 3046 1536 3114 peccati
1566 3045 1758 3099 merito
1789 3046 2125 3115 iniquissime

540 3129 941 3199 occiderat,per
959 3131 1133 3200 ipsum
1150 3131 1446 3199 iustissime
1466 3134 1756 3199 amitteret,
1779 3136 1917 3204 quod
1934 3135 2119 3205 [Aug.,

540 3223 710 3296 quos]
760 3225 963 3293 peccati
1014 3226 1209 3279 merito
1259 3226 1549 3280 detinebat.
1619 3226 1917 3296 Utrumque
1978 3228 2121 3282 enim

542 3312 730 3385 [Aug.,
760 3322 1047 3383 utrumque
1075 3314 1257 3386 igitur]
1288 3314 1356 3368 ab
1383 3315 1494 3380 illo,
1527 3315 1579 3369 id
1604 3322 1705 3378 cst,
1738 3324 1793 3369 et
1822 3317 2125 3384 baptismus

542 3408 595 3456 et
620 3415 787 3465 mors,
817 3410 980 3456 certa:
1019 3403 1429 3471 dispensationis
1469 3420 1632 3458 causa
1672 3420 1776 3458 non
1816 3406 2125 3460 miseranda

541 3491 884 3557 necessitate,
904 3492 997 3546 sed
1019 3492 1308 3548 miserante
1327 3495 1503 3563 potius
1524 3495 1797 3549 voluntate
1818 3506 2124 3565 susceptum

543 3591 647 3647 est,
679 3591 738 3637 ut
777 3599 919 3638 unus
964 3594 1246 3652 peccatum
1294 3586 1506 3641 tolleret
1552 3588 1771 3651 mundi,
1801 3587 1939 3641 sicut
1986 3603 2126 3642 unus

541 3681 824 3742 peccatum
867 3675 1016 3730 misit
1044 3676 1094 3729 in
1131 3677 1411 3757 mundum,
1443 3678 1545 3731 hoc
1588 3686 1673 3731 est
1712 3677 1764 3731 in
1814 3679 2124 3734 universum

545 3780 714 3835 genus
770 3767 1093 3833 humanum,
1138 3769 1395 3838 Apostolo
1445 3778 1732 3825 attestante
1759 3789 1767 3824 ;
1796 3770 1943 3825 Sicut
1986 3773 2124 3827 enim

542 3856 597 3910 in
635 3856 804 3910 Adam
844 3874 1019 3914 omnes
1055 3861 1368 3927 moriuntur,
1399 3863 1472 3915 ita
1515 3872 1561 3915 et
1601 3863 1655 3915 iu
1698 3861 1903 3917 Christo
1947 3880 2123 3918 omnes

546 3947 947 4017 viviﬁcabuntur
972 3950 1025 4022 (1
1053 3952 1174 4007 Cor.
1199 3968 1291 4019 xv,
1320 3953 1431 4024 εει).
1470 3974 1488 4005 ι
1777 4000 1781 4007 .

616 4038 795 4094 XVIII.
839 4041 1010 4109 Quam
1042 4053 1229 4113 aperta
1252 4052 1334 4099 est
1377 4045 1491 4098 haec
1518 4044 1872 4112 blasphemia,
1901 4054 1960 4097 ut
1980 4046 2127 4099 dicat

543 4131 819 4188 Christum
864 4137 1101 4191 secunda
1131 4137 1423 4206 indiguisse
1452 4137 1833 4206 generatione?
1860 4136 1926 4189 Et
1964 4153 2124 4205 quem

543 4227 739 4295 saepius
782 4226 898 4282 sine
925 4238 1147 4297 peccato
1177 4228 1407 4283 afﬁrmat
1430 4244 1571 4293 esse,
1599 4245 1740 4283 nunc
1769 4228 1946 4282 subito
1968 4228 2126 4297 quasi

543 4324 883 4386 peccatorem
926 4320 1332 4388 regeneratione
1384 4320 1675 4389 indiguisse
1718 4318 2009 4373 contendit.
2061 4318 2127 4372 Et

545 4409 635 4477 qui
680 4407 851 4461 Deum
887 4408 1048 4477 paulo
1071 4416 1195 4462 ante
1226 4410 1478 4473 asseruit,
1508 4418 1562 4462 et
1592 4425 1657 4462 ex
1700 4417 1853 4463 utero
1878 4408 2126 4477 virginali

543 4506 731 4555 natum
760 4513 911 4562 esse,
943 4514 1086 4553 nunc
1114 4497 1289 4553 subito
1315 4499 1468 4567 quasi
1501 4500 1769 4553 hominem
1811 4515 2003 4567 purum
2048 4499 2125 4552 la-

544 4590 691 4645 vacri
733 4588 1111 4643 emundatione
1150 4588 1486 4658 purgandum
1532 4603 1649 4642 esse
1697 4590 2037 4658 pronuntiat;
2070 4598 2127 4644 et

546 4680 615 4733 ad
641 4678 1042 4733 similitudinem
1072 4687 1313 4732 nostram
1356 4678 1599 4747 adoptari
1634 4680 1793 4749 811
1830 4680 1883 4732 in
1928 4678 2124 4734 Filium

545 4768 665 4834 Dei,
693 4769 783 4838 qui
832 4768 932 4823 fuit
971 4769 1137 4824 Filius
1182 4769 1279 4823 Dei
1322 4778 1611 4837 conceptus
1641 4778 1694 4824 et
1723 4779 1899 4823 natus.
1948 4770 2125 4839 Atque

546 4858 648 4912 has
680 4857 814 4912 duas
839 4858 1211 4929 generationes
1237 4858 1289 4911 in
1316 4857 1533 4913 Christo
1565 4859 1770 4913 duabus
1799 4860 2126 4931 genealogiis

547 4946 768 5013 Christi,
792 4964 911 5018 quae
953 4949 1006 5002 in
1048 4948 1334 5019 Evangelio
1377 4948 1645 5017 leguntur,
1677 4950 1999 5005 confirmare
2026 4968 2121 5022 ag-

549 5035 1017 5107 grediturzunam
1065 5053 1163 5107 per
1200 5053 1363 5106 quam
1402 5036 1709 5103 descendit;
1758 5040 1980 5094 alteram
2028 5057 2124 5110 per

548 5142 713 5200 quam
765 5130 1007 5185 ascendit
1060 5130 1307 5186 Christus
1343 5133 1534 5201 :quasi
1585 5142 1838 5203 peccator
1881 5141 2024 5188 esset
2068 5133 2123 5186 in

549 5219 929 5286 descensione,
961 5229 1015 5277 et
1060 5222 1304 5292 expiatus
1351 5224 1404 5278 in
1452 5226 1763 5280 ascensione
1804 5225 2119 5293 adoptionis.

551 5309 801 5375 Attende,
831 5309 1017 5375 lector,
1036 5326 1232 5365 novum
1256 5313 1573 5382 evangelicaa
1596 5315 1833 5368 historiae
1860 5316 2125 5383 interpre-

552 5407 680 5455 tem.
715 5399 858 5455 Duas
904 5402 1239 5471 genealogias
1264 5404 1463 5458 Christi
1492 5421 1613 5458 cum
1642 5404 1981 5473 evangelistis
2011 5419 2124 5458 me-

552 5500 728 5545 morat
770 5511 783 5544 :
818 5495 1110 5548 secundum
1139 5494 1444 5549 Mattlnnum
1474 5495 1742 5549 Christum
1787 5495 2125 5549 descendisse

552 5597 660 5637 non
705 5583 875 5639 solum
906 5601 1003 5655 per
1040 5584 1248 5653 iustos,
1290 5588 1386 5642 sed
1415 5587 1577 5641 etiam
1608 5602 1703 5654 per
1738 5586 1965 5640 feminas
2004 5600 2127 5656 pec-

554 5672 803 5740 catrices,
826 5683 881 5729 et
908 5676 1200 5747 indiguisse
1229 5692 1353 5731 eum
1382 5677 1646 5745 baptismo
1687 5678 1741 5732 in
1771 5677 1859 5732 illa
1901 5689 2127 5746 genera-

629 5799 658 5831 ι
686 5782 747 5842 Β.
769 5784 930 5857 Aug.,
954 5789 1226 5844 Enchirid.
1255 5805 1373 5859 cap.
1404 5790 1490 5844 48.

2223 1956 2319 2011 per
2364 1941 2703 2009 adoptionem
2739 1950 2854 2005 est,
2884 1957 2990 1995 non
3035 1957 3132 2011 per
3183 1942 3548 2012 genealogiam
3590 1942 3800 2007 carnis,

2222 2036 2667 2104 quemadmodum
2710 2035 3011 2101 Matthreus,
3058 2038 3149 2091 sed
3196 2053 3226 2090 a
3264 2037 3551 2105 baptismo,
3586 2037 3641 2090 in
3686 2051 3800 2105 quo

2222 2125 2524 2194 baptizatus
2565 2132 2645 2178 est
2672 2123 2919 2179 Christus
2948 2125 3001 2178 in
3029 2123 3280 2190 Jordane,
3313 2124 3381 2178 ab
3428 2126 3543 2193 ipso
3584 2123 3808 2180 Christo

2223 2217 2486 2286 incipiens
2509 2232 2614 2270 non
2643 2232 2739 2285 per
2762 2218 2965 2272 tribum
2989 2216 3149 2283 Juda,
3170 2225 3229 2271 ut
3257 2218 3427 2287 prior,
3458 2218 3552 2272 sed
3582 2233 3679 2287 per
3707 2218 3810 2273 tri-

2223 2308 2349 2363 bum
2391 2308 2778 2363 sacerdotalem
2819 2315 3006 2362 texens
3034 2327 3046 2361 :
3073 2323 3246 2377 neque
3284 2308 3535 2362 deorsum
3582 2309 3811 2364 descen-

2226 2400 2422 2463 dendo,
2453 2401 2591 2454 sicut
2620 2399 2726 2463 ille,
2763 2399 2855 2453 sed
2884 2416 3095 2454 sursum
3123 2414 3346 2455 versus:
3371 2415 3478 2453 non
3514 2415 3611 2470 per
3652 2399 3808 2455 Salo-

2225 2509 2438 2548 monem
2462 2509 2527 2547 ex
2550 2492 2814 2547 Bersabee
2843 2494 3079 2562 genitum
3097 2534 3112 2557 ,
3136 2495 3230 2547 sed
3263 2508 3359 2562 per
3385 2492 3593 2548 Nathan
3619 2494 3671 2547 in
3700 2491 3813 2549 Da-

2224 2584 2315 2637 vid
2361 2585 2678 2653 recopulans
2718 2599 2885 2652 usque
2931 2586 2984 2638 in
3022 2584 3189 2639 Adam
3222 2586 3474 2656 perduxit
3501 2586 3568 2641 ad
3607 2584 3810 2655 Deum,

2227 2683 2389 2744 caput
2412 2675 2663 2729 videlicet
2689 2675 2952 2744 replicans
2992 2678 3059 2730 ad
3080 2687 3260 2746 caput.
3286 2698 3302 2730 ι

2299 2764 2440 2820 XIX.
2465 2764 2575 2819 Nec
2600 2766 2731 2821 mihi
2760 2768 2863 2821 hoc
2880 2766 2996 2822 loco
3017 2783 3150 2837 opus
3170 2776 3251 2823 est
3276 2768 3343 2822 ad
3364 2770 3807 2838 respondendum

2227 2861 2393 2914 ver‘aa
2432 2873 2776 2930 exaggerare,
2815 2860 2941 2913 dum
2985 2860 3185 2914 veritas
3214 2861 3491 2931 Evangelii
3540 2863 3808 2929 ostendit,

2228 2951 2293 3005 de
2321 2949 2522 3019 Spiritu
2551 2958 2739 3004 sancto
2760 2965 2825 3004 ex
2858 2949 3024 3005 Maria
3050 2952 3256 3019 virgine
3284 2961 3470 3007 natum
3498 2968 3617 3009 esse
3645 2955 3812 3010 Chri-

2229 3048 2391 3105 stum,
2423 3056 2528 3095 non
2575 3041 2729 3110 quasi
2757 3048 3117 3109 peccatorem,
3174 3043 3266 3097 sed
3300 3058 3427 3098 vere
3466 3044 3657 3097 Filium
3684 3045 3809 3111 Dei,

2230 3132 2338 3186 imo
2384 3140 2438 3185 et
2465 3131 2651 3185 Deum.
2686 3130 2873 3186 Nonne
2903 3132 3169 3187 dubitanti
3213 3131 3412 3202 Joseph
3459 3134 3575 3187 viro
3618 3134 3811 3191 Marias

2228 3225 2447 3295 angelus
2475 3225 2724 3295 apparuit
2752 3225 2804 3279 in
2830 3226 3032 3280 somnis
3060 3226 3243 3280 dicens
3269 3241 3284 3279 :
3311 3225 3438 3279 Noli
3467 3228 3666 3281 timere.
3693 3226 3812 3283 Fili

2226 3317 2421 3381 David,
2454 3318 2684 3385 accipere
2712 3314 2939 3369 Mariam
2971 3317 3244 3386 conjugem
3285 3326 3449 3369 tuam.
3486 3314 3637 3380 Quod
3660 3317 3809 3373 enim

2225 3425 2289 3462 ea:
2322 3426 2382 3462 ea
2414 3418 2593 3462 uatum
2622 3417 2717 3472 est,
2746 3408 2809 3461 de
2840 3407 3041 3477 Spiritu
3076 3418 3255 3462 sancto
3282 3417 3375 3461 est.
3424 3405 3603 3462 Pariet
3626 3418 3811 3465 autem

2225 3498 2445 3565 Filium,
2498 3507 2546 3552 et
2591 3499 2794 3552 vocabis
2844 3516 3029 3553 nomen
3084 3500 3196 3568 ejus
3237 3498 3439 3552 Iesum.
3476 3497 3589 3552 Hoc
3628 3509 3811 3555 autem

2225 3599 2390 3643 totum
2421 3589 2616 3657 factum
2663 3598 2761 3655 est,
2790 3598 2845 3641 ut
2875 3589 3270 3659 adimpleretur,
3306 3589 3445 3660 quod
3494 3590 3692 3643 dictum
3733 3600 3813 3646 est

2224 3698 2315 3753 per
2365 3683 2669 3752 prophetam
2714 3695 2731 3733 :
2770 3679 2951 3735 Pariet
2995 3680 3215 3746 Filium,
3268 3692 3316 3736 et
3366 3683 3569 3737 vocabis
3618 3699 3817 3740 nomen

2224 3776 2339 3845 ejus
2371 3775 2683 3829 Emmanuel
2730 3774 2943 3847 (Matth.
2974 3792 3013 3839 ι,
3042 3776 3276 3848 20-25).
3310 3776 3375 3831 Et
3404 3792 3472 3831 ne
3504 3777 3815 3847 ignorantia

2224 3871 2368 3917 esset
2394 3864 2648 3928 nominis,
2682 3863 2927 3930 adjunxit
2973 3865 3297 3935 evangelista
3329 3880 3343 3917 :
3374 3866 3514 3936 quod
3540 3867 3809 3936 interpre-

2226 3965 2368 4009 tatur
2404 3956 2669 4009 uobiscum
2725 3955 2885 4009 Deus.
2941 3954 3040 4021 Qui
3092 3957 3145 4009 in
3197 3956 3444 4011 Mattham
3493 3956 3817 4013 Emmanuel

2225 4044 2443 4107 dicitur,
2479 4045 2532 4098 in
2560 4044 2706 4098 Luca
2736 4042 2909 4098 Filius
2956 4045 3206 4098 Altissimi
3242 4054 3483 4100 vocatur.
3515 4045 3584 4101 Et
3609 4061 3677 4100 ne
3709 4046 3819 4101 du-

2224 4134 2372 4189 bium
2398 4142 2559 4199 esset,
2590 4134 2709 4205 quis
2740 4143 2883 4190 esset
2931 4134 3260 4202 Altissimus,
3290 4136 3532 4204 adjunxit
3575 4137 3766 4192 statim
3795 4155 3811 4190 :

2225 4241 2272 4282 et
2309 4239 2567 4292 sanctum,
2594 4228 2734 4298 quod
2782 4246 2845 4284 ex
2873 4238 2920 4283 te
2953 4241 3212 4294 nascetur,
3248 4231 3417 4286 Filius
3456 4232 3554 4285 Dei
3600 4232 3817 4287 uocabi-

2226 4328 2312 4371 tur
2344 4317 2494 4389 (Luc.
2532 4335 2569 4383 ι,
2599 4319 2834 4389 52-55).
2891 4320 3039 4374 lllam
3092 4335 3220 4392 ergo
3265 4321 3649 4391 genealogiam,
3685 4336 3814 4389 qua:

2226 4410 2520 4464 secundum
2550 4409 2750 4464 Lucam
2774 4419 2854 4464 est
2879 4450 2892 4474 ,
2941 4409 3089 4463 Felix
3121 4425 3216 4479 per
3239 4410 3583 4478 adoptionem
3605 4411 3812 4464 asserit

2155 4525 2204 4585 υ
2229 4499 2545 4564 ascendere,
2575 4499 2729 4567 quasi
2752 4514 2939 4553 omnes
2980 4500 3087 4552 sint
3116 4499 3373 4568 adoptivi,
3406 4498 3494 4567 qui
3527 4498 3579 4551 in
3605 4511 3671 4550 ea
3699 4514 3812 4552 nu-

2228 4597 2527 4653 merantur,
2564 4589 2705 4658 quod
2753 4588 2912 4658 longe
2961 4584 3120 4642 aliter
3147 4603 3265 4642 esse
3307 4588 3570 4658 agnoscit,
3600 4588 3692 4656 qui
3716 4602 3813 4641 sa-

2225 4695 2347 4734 cras
2375 4688 2573 4734 sancta:
2601 4678 2894 4748 Scriptura:
2916 4679 3046 4749 legit
3073 4679 3348 4733 historias.
3379 4679 3541 4733 Addit
3584 4694 3809 4749 quoque

2224 4770 2617 4824 atrocissimum
2658 4769 2859 4823 erroris
2888 4769 2971 4822 sui
3010 4784 3314 4823 venenum:
3353 4787 3371 4818 ι
3407 4767 3464 4822 Si
3495 4769 3616 4839 quis
3637 4784 3799 4835 vero,

2225 4862 2419 4930 inquit,
2455 4862 2592 4915 hanc
2629 4860 2927 4930 spiritalem
2956 4862 3376 4929 generationem,
3409 4874 3527 4928 qua:
3553 4874 3650 4929 per
3675 4861 3814 4916 ado-

2226 4955 2464 5024 ptionem
2494 4953 2573 5017 ﬁt,
2606 4969 2634 5005 a
2664 4951 2881 5006 Christo
2917 4953 3208 5007 secundum
3253 4951 3525 5005 hominem
3551 4952 3813 5009 abdicare

2230 5045 2359 5107 vult,
2400 5044 2551 5112 prius
2582 5058 2800 5097 necesse
2821 5052 2924 5106 est,
2954 5052 3011 5095 ut
3040 5042 3182 5096 illam
3204 5057 3322 5111 quae
3353 5042 3650 5097 secundum
3677 5057 3808 5098 car-

2230 5152 2352 5190 nem
2380 5143 2482 5201 est,
2514 5135 2581 5189 ab
2610 5149 2675 5187 eo
2710 5134 2949 5188 funditus
2979 5133 3276 5188 abscindat.
3318 5157 3335 5185 ο
3372 5133 3585 5199 Audite,
3620 5135 3812 5193 audite

2229 5227 2467 5295 legentes
2487 5233 2541 5280 et
2568 5225 2945 5295 intelligentes,
2970 5241 3130 5294 quam
3180 5232 3364 5294 aperta
3391 5234 3474 5280 est
3515 5227 3631 5282 haec
3660 5226 3811 5282 blas-

2228 5318 2462 5388 phemia.
2489 5318 2595 5371 Aut
2620 5319 2753 5373 duas
2782 5318 2893 5372 vult
2942 5320 3139 5373 habere
3179 5317 3475 5379 Christum.
3505 5320 3807 5375 secundum

2227 5409 2370 5481 quod
2416 5412 2570 5465 homo
2625 5421 2723 5476 est,
2767 5413 3163 5482 generationes,
3218 5420 3311 5465 aut
3339 5413 3501 5466 etiam
3554 5412 3803 5467 nullam:

2225 5504 2375 5573 quasi
2401 5519 2617 5558 necesse
2647 5506 2737 5569 sit,
2770 5513 2827 5557 ut
2865 5513 2983 5573 post
3010 5503 3282 5557 carnalem
3320 5504 3517 5561 haheat
3542 5504 3705 5558 etiam
3743 5510 3809 5561 et

2224 5596 2517 5665 spiritalem
2548 5600 2598 5648 in
2622 5595 2928 5664 adoptione,
2976 5602 3033 5645 ut
3079 5594 3359 5661 aequaliter
3382 5594 3445 5647 de
3487 5609 3553 5647 eo
3594 5593 3805 5651 dictum

2224 5687 2570 5757 intelligatur.
2598 5687 2739 5742 sicut
2768 5694 2823 5741 et
2864 5686 2929 5741 de
2956 5685 3110 5739 nobis
3140 5685 3254 5756 ipsa
3284 5686 3495 5741 Veritas
3529 5686 3645 5742 ait:
3676 5684 3805 5743 Nisi
