4072 6346
345 328 435 390 161

1063 328 1478 389 DOGMATICA.
1502 364 1575 376 —
1599 333 1757 391 ADV.
1795 333 2088 393 FELICEM
2127 332 2306 391 LIBRI
2339 330 2449 389 VII.
2488 360 2560 373 —
2594 327 2723 386 LIB.
2762 325 2849 384 III.

3478 328 3584 384 {62

340 452 454 524 quis
477 454 694 505 renatus
744 444 904 521 fuerit
943 465 1007 504 ex
1027 467 1162 521 aqua
1190 459 1237 504 et
1268 447 1489 521 Spiritu,
1516 468 1621 506 non
1644 461 1806 523 potest
1836 454 1918 507 in-
1941 457 1989 512 Α
2017 449 2129 520 ptio
2152 455 2236 503 est
2260 455 2636 517 peccatorum;
2675 447 2817 517 quod
2845 438 3024 501 autem
3052 444 3165 501 ait:
3201 452 3259 499 ut
3285 442 3349 499 de
3373 452 3584 516 peccata

340 548 499 601 traire
512 546 570 597 in
594 559 810 615 regnum
828 541 925 596 Dei
952 540 1129 611 (Ioan.
1162 558 1245 606 ιιι,
1267 541 1341 613 5).
1362 542 1674 597 Nullatenus
1695 542 1911 612 quippe,

337 641 475 694 sicut
520 636 771 706 superius
820 635 1150 690 ostendimus
1204 633 1390 703 (Num.
1416 634 1525 704 17),
1557 636 1612 689 in
1646 636 1914 705 baptismo

336 728 562 783 Joannis
600 726 938 797 regeneratio
976 723 1076 778 fuit
1118 723 1365 793 alicujus,
1397 725 1491 780 sed
1520 724 1913 780 demonstratio

336 822 562 890 majoris
580 819 845 892 mysterii.
881 816 1063 888 Neque
1088 816 1305 872 Christo
1333 817 1657 872 ascendente
1686 818 1751 872 de
1775 832 1914 887 aqua

335 915 407 970 ibi
440 914 559 983 ejus
582 914 766 969 unctio
798 912 915 976 fuit,
948 911 1000 966 id
1040 918 1145 977 est,
1176 908 1528 965 sanctiﬁcatio
1569 909 1771 978 Spiritu
1792 924 1916 981 san-

335 1016 424 1063 cto
452 1006 813 1062 descendente
843 1020 1004 1074 super
1037 1019 1179 1067 eum,
1235 1004 1328 1059 sed
1379 1003 1766 1058 demonstratio
1791 1002 1913 1071 quis

333 1107 501 1164 esset,
532 1109 587 1154 et
614 1098 862 1170 ﬁguratio
881 1106 1080 1175 nostrae
1098 1097 1365 1152 unctionis
1388 1105 1443 1152 et
1462 1097 1785 1166 adoptionis,
1807 1110 1913 1165 qua

335 1192 390 1246 in
418 1192 690 1261 baptismo
721 1189 1121 1246 sanctiﬁcamur
1146 1190 1199 1242 in
1230 1188 1366 1244 ﬁlios
1407 1188 1521 1253 Dei,
1550 1188 1690 1243 sicut
1725 1189 1913 1242 beatus

334 1280 482 1337 Beda
505 1282 789 1352 presbyter
807 1280 1041 1335 ostendit
1072 1279 1125 1332 in
1163 1279 1494 1347 expositione
1512 1278 1913 1347 praedicationis

322 1370 481 1426 'heati
516 1369 667 1424 Petri
722 1368 980 1438 principis
1032 1368 1415 1437 apostolorum,
1453 1380 1559 1435 qua
1604 1365 1911 1420 Cornelium

332 1475 458 1516 cum
485 1459 609 1515 aliis
633 1459 878 1529 plurimis
904 1458 1125 1513 instruit
1150 1458 1216 1512 ad
1244 1456 1404 1512 ﬁdem
1434 1470 1459 1496 ιι
1494 1474 1507 1508 :
1547 1472 1566 1507 ι
1607 1455 1811 1511 Unctus
1830 1464 1915 1511 est

333 1568 488 1626 ergo,
512 1552 711 1622 inquit,
730 1550 890 1607 Jesus
907 1566 1015 1605 non
1035 1550 1155 1606 oleo
1183 1549 1435 1605 invisibili
1459 1548 1646 1622 [Beda,
1666 1550 1909 1623 visibili],

332 1646 431 1701 sed
456 1646 598 1700 dono
615 1644 819 1715 gratiae,
852 1643 993 1712 quod
1032 1641 1227 1695 visibili
1258 1640 1590 1713 signiﬁcatur
1617 1649 1906 1712 unguento,

332 1750 444 1806 quo
461 1736 765 1804 baptizatos
810 1734 962 1803 ungit
1010 1732 1249 1787 Ecclesia
1281 1750 1293 1786 :
1331 1720 1431 1787 nec
1461 1741 1641 1786 tamen
1665 1739 1792 1787 tunc
1812 1748 1912 1787 un-

334 1835 456 1883 ctus
484 1833 570 1881 est
625 1824 829 1893 Spiritu
881 1831 1089 1887 sancto,
1135 1824 1349 1893 quando
1382 1838 1545 1891 super
1593 1836 1716 1877 eum
1764 1822 1911 1877 velut

332 1918 583 1975 columba
605 1916 836 1985 Spiritus
848 1915 1138 1970 descendit.
1171 1915 1323 1969 Tunc
1339 1916 1482 1969 enim
1508 1930 1706 1984 corpus
1730 1930 1906 1981 suum,

331 2009 387 2064 id
426 2016 530 2071 est,
563 2007 854 2061 Ecclesium
895 2021 1046 2060 suam
1083 2006 1246 2075 812
1283 2004 1627 2076 prmﬁgurare
1663 2006 1911 2076 dignatus

330 2108 436 2161 est,
468 2099 525 2152 in
569 2112 673 2167 qua
711 2096 978 2165 praecipue
1034 2096 1288 2165 haptizati
1338 2095 1607 2164 accipiunt
1652 2093 1911 2164 Spiritum

330 2200 602 2248 sanctum.
637 2190 743 2245 Sed
764 2190 867 2247 ista
897 2190 1123 2260 mystica
1146 2197 1201 2243 et
1228 2187 1481 2242 invisibili
1506 2186 1759 2242 unctione
1785 2196 1912 2242 tunc

330 2280 713 2354 intelligendus
759 2291 842 2337 est
869 2289 1083 2343 unctus,
1136 2278 1350 2348 quando
1402 2278 1632 2332 Verbum
1664 2278 1757 2332 Dei
1782 2293 1911 2332 caro

330 2370 537 2431 factum
563 2384 663 2435 est,
696 2374 749 2428 id
777 2381 881 2436 est,
912 2371 1126 2440 quando
1149 2371 1381 2424 humana
1407 2378 1619 2434 natura,
1649 2369 1764 2422 sine
1789 2369 1909 2423 ullis

327 2465 764 2537 praecedentibus
789 2465 1052 2519 bonorum
1084 2476 1305 2531 operum
1340 2461 1566 2525 meritis,
1594 2460 1704 2514 Deo
1735 2461 1908 2516 Verbo

329 2566 437 2624 est,
479 2558 537 2611 in
570 2567 725 2612 utero
749 2555 973 2626 virginis
994 2554 1265 2623 copulata,
1294 2552 1367 2607 ita
1406 2561 1467 2607 ut
1489 2569 1610 2607 cum
1641 2552 1733 2606 illo
1756 2552 1908 2606 ﬁeret

326 2661 439 2703 una
461 2660 718 2718 persona.
750 2645 829 2701 0b
853 2645 956 2699 hoc
976 2660 1098 2699 eum
1132 2643 1454 2698 conﬁtemur
1476 2651 1661 2697 natum
1688 2643 1753 2698 de
1784 2643 1909 2714 Spi-

326 2737 439 2794 ritu
460 2745 651 2794 sancto
676 2746 731 2792 et
752 2737 918 2791 Maria
940 2736 1165 2806 virgine.
1210 2756 1229 2787 ι

400 2828 523 2883 XX.
564 2830 640 2884 De
660 2828 988 2900 genealogiis
1009 2843 1138 2882 vero
1163 2827 1362 2883 Christi
1389 2828 1463 2882 ita
1501 2829 1680 2899 potius
1710 2829 1907 2885 intelli-

329 2920 565 2992 gendum
596 2919 943 2983 arbitramur,
979 2919 1119 2987 quod
1142 2934 1262 2987 qua:
1293 2934 1390 2987 per
1433 2919 1741 2974 Matthreum
1782 2935 1905 2974 nar-

329 3018 504 3075 ratur,
555 3016 864 3064 nostrorum
905 3008 1172 3079 signiﬁcet
1215 3010 1611 3079 susceptionem
1655 3019 1907 3079 peccato—

328 3114 452 3152 rum
481 3114 513 3152 a
539 3098 763 3153 Domino
790 3097 1029 3162 Christo,
1076 3106 1293 3168 propter
1320 3114 1439 3169 qua:
1480 3100 1532 3153 in
1562 3101 1740 3154 crucis
1768 3102 1904 3168 pati-

325 3186 458 3242 bulo
482 3190 914 3257 suspensustest.
950 3188 1006 3241 In
1050 3189 1483 3258 generationibus
1513 3198 1692 3243 autem
1719 3190 1898 3255 Lucae,

319 3295 452 3350 quae
496 3278 795 3335 ascendunt
833 3279 900 3333 ad
943 3280 1133 3345 Deum,
1168 3279 1513 3334 abolitionem
1558 3290 1901 3351 peccatorum

325 3378 643 3425 nostrorum
693 3369 989 3441 signiﬁcari
1039 3385 1136 3439 per
1180 3372 1448 3433 eumdem,
1494 3372 1583 3441 qui
1614 3373 1902 3428 cruciﬁxus

324 3470 418 3515 est
465 3476 562 3531 pro
619 3462 852 3531 peccatis
896 3461 1115 3516 nostris.
1164 3461 1287 3515 Ideo
1309 3477 1402 3517 eas
1449 3462 1537 3517 ille
1573 3464 1903 3519 descendens

322 3561 569 3620 enarrat,
607 3554 707 3609 iste
734 3553 1028 3609 ascendens
1056 3572 1068 3607 :
1101 3554 1227 3623 quia
1261 3554 1537 3609 descendit
1563 3554 1810 3610 Christus
1834 3556 1903 3609 ad

322 3646 639 3703 liberandos
664 3662 780 3712 nos,
802 3647 1042 3702 ascendit
1067 3654 1244 3701 autem
1277 3648 1344 3701 ad
1368 3647 1739 3716 jnstiﬁcandos
1766 3663 1900 3713 nos;

325 3738 610 3793 descendit
634 3746 694 3793 ut
730 3746 1029 3793 moreretur
1060 3753 1160 3807 pro
1181 3738 1358 3805 nobis,
1392 3740 1651 3805 ascendit,
1676 3749 1736 3793 ut
1755 3742 1906 3793 viva-

323 3847 452 3886 mus
482 3832 536 3887 in
579 3831 690 3886 illo.
722 3830 876 3897 Quod
919 3832 1062 3885 enim
1092 3830 1167 3884 ait
1208 3830 1535 3901 Apostolus:
1571 3830 1717 3885 Misit
1762 3831 1902 3886 Deus

324 3921 533 3979 Filium
559 3941 713 3979 suum
740 3924 795 3978 in
834 3923 1226 3978 similitudinem
1253 3925 1427 3978 carnis
1456 3925 1674 3989 peccati,
1714 3939 1900 3979 susce-

404 4071 432 4101 ι
467 4058 602 4115 Ven.
624 4056 791 4124 Beda,
822 4059 877 4112 in
898 4071 1017 4128 cap.
1045 4073 1080 4111 ιι
1103 4056 1225 4111 Act.
1255 4065 1428 4127 apost.

2013 542 2284 594 damnaret
2320 549 2584 610 peccatum
2612 541 2669 593 in
2708 554 2864 593 carne
2892 536 3066 606 (Rom.
3094 552 3214 602 vni,
3241 535 3319 608 5),
3350 535 3588 606 expiatio

2013 642 2097 690 est
2123 642 2490 705 peccatorum.
2546 633 2671 688 Ideo
2724 632 3005 687 Matthaeus
3032 631 3100 686 ab
3138 631 3254 700 ipso
3289 629 3457 684 David
3490 644 3589 700 per

2015 725 2358 781 Salomonem
2388 724 2683 787 descendit,
2725 723 2780 777 in
2805 722 2958 792 cujus
2981 731 3157 777 matre
3183 722 3273 776 ille
3292 722 3541 791 peccavit
3568 739 3583 776 :

2011 815 2187 873 Lucas
2228 831 2357 873 vero
2400 817 2468 870 ad
2512 816 2685 885 ipsum
2718 814 2884 869 David
2927 829 3025 884 per
3060 813 3274 868 Nathan
3321 812 3584 879 ascendit,

2012 923 2112 978 per
2134 922 2292 977 quem
2322 908 2639 977 prophetam
2673 904 2814 959 Deus
2842 911 3123 973 peccatum
3159 902 3300 957 illius
3329 903 3583 973 expiavit.

2013 998 2299 1055 Descendit
2322 1014 2416 1068 per
2440 997 2617 1069 regale
2655 1011 2845 1067 genus,
2873 1003 2928 1048 et
2950 996 3192 1051 ascendit
3213 1010 3311 1064 per
3338 996 3587 1050 sacerdo-

2014 1091 2141 1156 tale,
2168 1091 2259 1161 qui
2288 1106 2387 1161 pro
2441 1090 2595 1145 nobis
2647 1089 2897 1144 sacerdos
2925 1095 3009 1142 est
3055 1095 3109 1143 et
3151 1089 3324 1144 hostia
3366 1088 3583 1145 factus:

2012 1184 2138 1253 quia
2166 1191 2456 1252 utrumque
2498 1190 2600 1245 est,
2634 1197 2725 1236 rex
2756 1189 2812 1235 et
2834 1180 3083 1235 sacerdos
3103 1188 3158 1235 et
3183 1180 3441 1235 Dominus
3463 1196 3589 1251 pro-

2010 1272 2250 1343 pitiator.
2282 1270 2618 1327 Firmissime
2664 1286 2895 1340 namque
2920 1271 3207 1324 tenendum
3234 1278 3338 1335 est,
3366 1285 3585 1325 carnem

2011 1362 2211 1421 Christi
2251 1379 2317 1418 ex
2346 1374 2575 1433 utroque
2616 1379 2812 1433 genere
2844 1370 3214 1432 propagatam,
3251 1364 3417 1433 regali
3439 1363 3587 1419 scili-

2011 1464 2098 1513 cet
2129 1464 2185 1511 et
2209 1456 2547 1520 sacerdotali,
2576 1456 2631 1509 in
2658 1456 2852 1524 quibus
2872 1456 3117 1525 personis
3139 1456 3280 1525 apud
3315 1456 3466 1510 illum
3490 1471 3588 1526 po-

2010 1546 2195 1617 pulum
2247 1546 2590 1601 iiebraeorum
2620 1546 2782 1600 etiam
2826 1547 3051 1616 mystica
3100 1546 3286 1601 unctio
3312 1545 3586 1617 ﬁguraba»

2015 1646 2120 1702 tur,
2156 1638 2207 1693 id
2241 1647 2341 1701 est,
2391 1638 2660 1703 Chrisma,
2715 1639 2855 1693 unde
2904 1638 3105 1693 Christi
3146 1652 3343 1693 nomen
3387 1637 3585 1705 elucet,

2014 1734 2165 1782 tanto
2198 1738 2324 1783 ante
2366 1730 2765 1784 evidentissima
2814 1728 3206 1800 signiﬁcatione
3257 1730 3586 1800 praenuntia-

1940 1800 1986 1859 Β
2013 1829 2146 1877 ιιιιιι.
2187 1820 2291 1876 Sed
2313 1838 2411 1877 nos
2432 1821 2600 1876 libera
2624 1837 2756 1877 voce
2783 1822 3079 1876 clamamus
3108 1837 3229 1877 cum
3262 1830 3370 1878 tota
3400 1822 3586 1878 Eccle-

2013 1913 2092 1968 sia
2120 1912 2337 1976 Christi,
2368 1911 2642 1968 Christum
2672 1927 2772 1967 nec
2818 1922 3098 1982 peccatum
3129 1914 3398 1979 habuisse,
3442 1914 3585 1984 quod

2011 2005 2357 2073 expiaretur;
2391 2019 2491 2058 nec
2520 2006 2755 2058 secunda
2784 2004 3078 2073 indiguisse
3100 2005 3466 2075 generatione,
3492 2005 3585 2075 qui

2010 2094 2154 2149 Deus
2178 2111 2340 2149 verus
2365 2102 2419 2149 et
2446 2110 2607 2148 verus
2630 2094 2725 2149 Dei
2753 2092 2922 2148 Filius
2943 2095 3008 2149 de
3030 2093 3234 2164 Spiritu
3256 2103 3442 2150 sancto
3459 2110 3588 2149 con-

2010 2196 2199 2256 ceptus
2222 2194 2305 2241 est
2333 2195 2387 2241 et
2412 2195 2590 2241 natus.
2622 2185 2758 2240 Nam
2771 2185 3077 2241 siChristus
3103 2187 3335 2241 secunda
3359 2187 3588 2257 indiguit

2010 2279 2379 2351 generatione,
2401 2278 2586 2347 utique
2606 2288 2859 2347 peccator
2881 2277 3012 2332 fuit:
3044 2287 3098 2333 et
3123 2279 3167 2332 si
3196 2287 3448 2348 peccator
3465 2278 3585 2347 fuit,

2008 2373 2139 2443 quid
2180 2382 2296 2437 est,
2342 2373 2483 2441 quod
2530 2372 2643 2441 ipse
2692 2372 2952 2427 Dominus
2992 2373 3071 2427 ait
3110 2391 3122 2426 :
3162 2366 3587 2445 Venit'princeps

2008 2464 2191 2517 mundi
2210 2464 2390 2533 hujus,
2412 2473 2458 2516 et
2474 2465 2527 2516 in
2554 2481 2633 2517 me
2659 2480 2763 2517 non
2783 2464 2933 2519 habet
2960 2466 3245 2537 quidquam
3270 2465 3452 2538 (Joan.
3471 2484 3584 2535 xlv,

2007 2553 2131 2624 '50)?
2158 2555 2213 2609 Si
2230 2555 2521 2623 quidquam
2538 2556 2590 2608 in
2610 2570 2674 2610 eo
2691 2571 2795 2610 non
2811 2556 2998 2611 habuit
3014 2558 3268 2628 princeps
3288 2559 3472 2613 mundi
3488 2560 3587 2614 hu-

2001 2646 2107 2717 jus,
2137 2647 2189 2700 id
2219 2656 2319 2711 est,
2352 2648 2617 2712 diabolus,
2635 2664 2731 2703 cur
2754 2650 2902 2717 eguit
2926 2650 3174 2705 renasci?
3201 2646 3309 2705 Nos
3321 2665 3451 2706 vero
3479 2666 3589 2706 non

2006 2737 2127 2792 Filii
2158 2738 2251 2792 Dei
2279 2740 2570 2805 nascimur,
2613 2742 2705 2795 sed
2734 2742 3086 2796 renascimur.
3112 2743 3203 2799 Ille
3228 2757 3353 2799 mox
3382 2745 3477 2800 Dei
3498 2745 3590 2801 Fi-

2006 2830 2110 2885 lius
2144 2840 2434 2899 conceptus
2459 2840 2542 2886 est
2567 2841 2622 2887 et
2659 2842 2820 2888 natus
2849 2853 2861 2888 :
2893 2843 2949 2889 et
2994 2835 3115 2891 ideo
3155 2837 3440 2906 adoptione
3474 2854 3581 2895 non

2006 2920 2156 2991 eguit
2182 2927 2242 2974 ιιι
2272 2920 2439 2975 Filius
2488 2922 2583 2976 Dei
2611 2932 2775 2988 esset,
2813 2925 2905 2993 qui
2958 2925 3125 2980 Filius
3154 2925 3249 2979 Dei
3299 2935 3456 2982 natus
3482 2936 3583 2983 est.

2008 3008 2064 3064 Si
2095 3011 2259 3081 igitur
2285 3026 2383 3080 per
2422 3012 2759 3082 adoptionem
2790 3013 2960 3069 Filius
2990 3015 3083 3070 Dei
3137 3014 3313 3071 factus
3357 3024 3462 3083 est,
3494 3018 3585 3087 qui

2008 3102 2074 3156 de
2106 3103 2321 3173 Virgine
2345 3112 2504 3159 natus
2531 3115 2615 3160 est
2644 3124 2657 3158 :
2699 3122 2828 3177 ergo
2875 3122 2974 3161 nec
3003 3109 3160 3162 beata
3188 3108 3349 3180 Virgo
3375 3108 3469 3164 Dei
3497 3124 3587 3179 ge-

1963 3192 1978 3216 '
2007 3193 2171 3247 nitrix
2202 3203 2340 3260 erat,
2376 3197 2468 3250 sed
2495 3199 2865 3253 tantummodo
2893 3200 3147 3266 hominis,
3181 3201 3272 3270 qui
3300 3209 3419 3271 post
3444 3203 3586 3257 nati-

2006 3284 2229 3339 vitatem
2259 3286 2546 3354 adoptatus
2589 3297 2673 3341 est
2699 3289 2751 3342 in
2795 3289 2988 3343 Filium
3019 3291 3134 3346 Dei.
3167 3289 3318 3357 Quod
3360 3292 3583 3362 impium

2007 3376 2247 3439 credere,
2281 3386 2485 3446 quanto
2514 3380 2689 3449 magis
2716 3388 2772 3434 et
2806 3382 3028 3437 dicere?

2082 3475 2218 3529 XXI.
2265 3475 2369 3532 Sed
2400 3479 2558 3545 hujus
2590 3480 2969 3549 disputationis
2998 3481 3086 3536 hic
3112 3478 3235 3537 ﬁnis
3258 3482 3348 3549 sit,
3378 3491 3439 3538 ut
3459 3484 3586 3541 libe«

2005 3568 2122 3623 rius
2148 3570 2216 3623 ab
2245 3570 2350 3624 alio
2382 3572 2648 3641 principio
2689 3573 2914 3643 incipiat
2953 3589 3131 3629 sermo
3161 3571 3227 3629 de
3256 3573 3341 3630 his
3366 3590 3485 3644 quae
3507 3575 3588 3631 di-

2008 3663 2178 3716 cenda
2203 3670 2343 3716 sunt.
2376 3662 2509 3716 Nam
2555 3665 2821 3733 quoddam
2868 3664 3206 3737 refrigerium
3234 3664 3432 3738 legenti
3462 3667 3586 3724 ﬁnis

2008 3752 2173 3806 libelli
2201 3762 2441 3823 praestat,
2485 3756 2625 3810 sicut
2651 3757 2923 3827 naviganti
2948 3767 3157 3825 portus,
3203 3760 3437 3815 maxime
3462 3773 3585 3814 cum

2007 3839 2237 3912 fragosis
2260 3843 2390 3897 locis
2429 3844 2654 3900 diversae
2682 3846 3061 3915 disputationis
3082 3846 3297 3903 laborat
3313 3847 3585 3918 eloquium

2008 3936 2401 4004 respondentis.

334 4182 3569 4216 Ἥ

1632 4277 1866 4338 LIBER
1910 4278 2269 4344 TERTIUS.

401 4476 447 4533 Ι.
481 4474 630 4531 Nova
675 4480 1019 4545 proponentls
1057 4477 1474 4543 argumentatio,
1502 4484 1703 4526 novum
1731 4469 1895 4526 libelli
1926 4474 1977 4535 υ
2000 4470 2133 4525 niat.
2168 4467 2352 4538 Neque
2372 4470 2518 4525 enim
2550 4470 2667 4527 ﬁeri
2695 4478 2896 4542 potest,
2922 4478 2984 4527 ut
3017 4486 3157 4527 unus
3183 4471 3328 4528 ﬁlius
3353 4480 3583 4532 natura-

326 4570 508 4641 poscit
530 4567 829 4632 exordium,
858 4582 925 4620 ne
950 4563 1172 4621 confusa
1201 4565 1468 4619 sermonis
1495 4565 1664 4619 series
1706 4564 1904 4634 legenti

328 4660 613 4716 fastidium
640 4657 824 4723 faciat,
851 4665 906 4711 et
932 4658 1110 4711 minus
1135 4655 1467 4725 intelligatur
1498 4655 1628 4724 quid
1654 4656 1738 4709 cui
1763 4658 1904 4725 parti

327 4750 641 4813 conveniat,
668 4748 713 4802 si
742 4764 848 4803 non
888 4748 1317 4817 competentibus
1362 4747 1496 4801 locis
1525 4748 1592 4801 ab
1622 4747 1729 4801 alio
1755 4748 1905 4816 prin-

329 4843 475 4912 cipio
512 4840 778 4895 orationis
829 4840 1051 4910 incipiat
1098 4846 1294 4893 textus.
1352 4837 1503 4907 Saepe
1535 4839 1711 4892 dictus
1745 4839 1908 4909 igitur

330 4931 577 5001 sophista
602 4930 778 4985 subito
803 4943 833 4982 a
858 4929 1177 4999 baptismate
1223 4927 1422 4983 Christi
1452 4929 1684 4983 recurrit
1711 4929 1779 4982 ad
1806 4945 1907 4982 na-

330 5022 602 5076 tivitatem
630 5035 645 5073 :
691 5027 746 5073 et
767 5034 926 5088 quem
949 5020 1261 5088 adoptatum
1294 5018 1344 5071 in
1369 5016 1562 5071 Filium
1593 5018 1686 5072 Dei
1717 5032 1908 5072 secun-

329 5117 401 5172 da
422 5115 768 5186 generatione
798 5113 909 5168 vult
950 5112 1193 5182 intelligi,
1247 5112 1496 5166 eumdem
1545 5111 1713 5166 David
1762 5113 1906 5182 regis

330 5208 507 5277 magis
535 5218 657 5261 esse
683 5203 874 5258 Filium
903 5218 1060 5271 quam
1105 5201 1197 5256 Dei
1224 5201 1422 5264 Patris,
1465 5208 1711 5256 testatur.
1754 5202 1822 5255 Et
1850 5210 1909 5255 ut

330 5297 576 5368 ejusdem
633 5295 799 5350 verba
866 5307 1147 5363 ponamus,
1204 5294 1279 5347 ait
1317 5307 1483 5365 ergo:
1521 5311 1539 5343 ι
1576 5292 1736 5347 Certe
1765 5294 1908 5347 enim

335 5387 478 5444 idem
500 5386 809 5455 redemptor
834 5392 1016 5438 noster
1045 5384 1098 5437 in
1142 5380 1311 5437 forma
1333 5383 1703 5447 immanitatis,
1738 5390 1798 5436 ut
1824 5399 1908 5439 sav

333 5490 433 5534 cra
457 5475 671 5546 eloquia
716 5482 1000 5539 testantur,
1049 5472 1189 5526 ﬁlius
1216 5473 1382 5527 David
1419 5482 1502 5528 est
1544 5479 1600 5528 et
1622 5472 1762 5527 ﬁlius
1788 5472 1906 5527 Dei.

335 5566 491 5637 Quod
508 5576 799 5637 utrumque
821 5582 1005 5621 verum
1029 5574 1151 5622 est:
1183 5567 1325 5636 quod
1349 5575 1526 5620 tamen
1552 5582 1656 5619 non
1678 5565 1911 5622 absurde

334 5660 687 5733 querendum
730 5671 835 5726 est,
863 5659 1130 5730 quomodo
1160 5658 1215 5711 in
1244 5672 1368 5712 eum
1396 5665 1687 5728 utrumque
1713 5670 1911 5713 conve-
1933 5725 1957 5732 __

411 5781 444 5815 ⁸
478 5770 616 5829 Vide
646 5786 831 5844 supra,
853 5770 948 5829 lib.
971 5785 1183 5842 i,num.
1216 5769 1301 5824 l2.

2009 4560 2133 4617 liter
2162 4562 2295 4616 duos
2346 4569 2528 4632 patres
2565 4564 2767 4618 habere
2809 4564 3023 4634 possit:
3055 4577 3222 4619 unum
3272 4575 3453 4620 tamen
3478 4581 3580 4638 per

2007 4661 2280 4719 naturam,
2312 4652 2476 4708 alium
2508 4663 2690 4709 autem
2719 4669 2819 4724 per
2855 4656 3198 4726 adoptionem
3235 4666 3461 4725 prorsus
3486 4672 3584 4728 po-

2009 4752 2133 4799 test.
2193 4766 2212 4797 »
2267 4744 2437 4815 Hujus
2470 4746 2695 4815 duplicis
2735 4748 3096 4815 paternitatis,
3147 4744 3243 4802 Dei
3293 4748 3501 4805 scilicet
3526 4758 3585 4805 et

2006 4834 2202 4901 Patris,
2245 4846 2302 4891 et
2337 4836 2505 4891 David
2541 4837 2685 4908 regis
2713 4837 2768 4891 in
2814 4837 3029 4892 Christo
3056 4837 3219 4909 813
3258 4836 3387 4894 Jesu
3413 4839 3468 4894 in
3491 4854 3583 4895 su-

2006 4927 2311 4997 perioribus
2357 4928 2649 4984 secundum
2693 4929 3147 4999 opportunitatem
3192 4930 3379 5001 procul
3420 4932 3582 4988 dubio

2008 5022 2388 5091 disputationis
2417 5038 2731 5093 responsum
2757 5025 2925 5079 habes
2953 5037 2979 5065 α
3009 5043 3022 5078 :
3066 5026 3170 5080 nisi
3196 5026 3335 5082 forte
3364 5028 3467 5083 hoc
3490 5027 3582 5083 ad-

2008 5114 2239 5167 dendum
2261 5127 2380 5167 esse
2406 5113 2669 5180 videatur,
2710 5115 2857 5183 quod
2897 5130 3162 5186 nusquam
3206 5117 3262 5171 in
3287 5115 3583 5187 Scripturis

2008 5205 2210 5262 sanctis
2238 5205 2481 5260 invenies
2507 5207 2787 5276 scriptum,
2820 5206 2988 5261 David
3012 5206 3080 5263 de
3100 5206 3315 5264 Christo
3336 5208 3577 5263 dixisse:

2011 5296 2088 5349 Tu
2116 5313 2168 5349 ea
2212 5295 2384 5350 Filius
2409 5311 2555 5350 meus
2579 5296 2819 5362 dilectus,
2869 5301 3136 5368 quomodo
3170 5299 3339 5355 Deum
3362 5298 3580 5353 Patrem

2007 5386 2235 5457 legimus
2263 5403 2425 5458 super
2453 5387 2669 5443 Christo
2689 5403 2874 5444 vocem
2905 5390 3155 5445 emittere
3198 5388 3424 5444 dicendo
3453 5405 3467 5443 :
3499 5386 3579 5443 Tu

2007 5499 2061 5536 es
2090 5481 2137 5535 F
2140 5482 2262 5537 ilius
2289 5499 2434 5537 meus
2482 5482 2724 5549 dilectus,
2767 5483 2824 5537 in
2848 5500 2949 5553 quo
2979 5483 3107 5537 mihi
3135 5483 3260 5535 bene
3287 5479 3581 5552 complacui

2009 5572 2223 5645 (Matth.
2254 5591 2339 5641 ιιι,
2368 5574 2478 5646 17).
2500 5573 2606 5630 Sed
2632 5574 2802 5640 illum,
2827 5590 2985 5645 quem
3007 5580 3231 5644 paterna
3255 5587 3360 5629 vox
3383 5572 3579 5630 Filium

2005 5680 2165 5722 suum
2206 5664 2464 5723 dilectum
2514 5672 2709 5725 testata
2752 5675 2862 5735 est,
2909 5666 3056 5721 hunc
3106 5664 3355 5723 eumdem
3406 5664 3577 5722 David
