4072 6346
508 418 615 483 165

1355 412 1416 473 Β.
1456 415 1520 473 F.
1543 413 1768 471 ALBINI
1807 413 1937 468 SEU
1975 410 2250 468 ALCUINI
2287 408 2570 467 OPERUM
2607 405 2791 463 PARS
2824 403 2907 461 Ill.

3659 393 3760 452 164

505 533 819 609 prophetico
845 531 1037 604 spiritu
1081 524 1366 585 Dominum
1418 542 1571 599 suum
1609 527 1811 581 dixisse
1861 525 2073 595 legitur.
2108 523 2320 591 Arlpse,
2355 522 2442 591 qui
2474 521 2557 575 lex
2584 530 2667 575 est
2704 528 3039 581 naturarum,
3069 512 3217 571 nulla
3261 513 3378 585 lege
3409 512 3635 609 alterius
3662 529 3760 567 na-

508 626 676 700 lgitu'r
717 625 870 695 juxta
918 622 1207 678 humanam
1262 620 1703 675 consuetudinem
1747 619 1915 671 David
1943 619 2080 671 inter

510 728 638 772 avos
676 717 763 770 vel
815 722 1046 784 proavos
1097 712 1298 768 Christi
1347 710 1709 764 ndmerandus
1752 718 1856 775 est,
1912 708 2082 776 magis

510 816 667 878 quam
696 808 843 876 prius
869 802 1072 876 [Forte,
1108 800 1296 872 ipsius]
1326 799 1484 854 Pater
1515 800 1773 853 dicendus
1822 799 1909 852 sit.
1948 798 2081 851 Nam

509 900 553 955 si
586 896 727 953 Deus
755 897 937 961 Pater,
981 896 1231 965 proprius
1260 908 1363 946 non
1386 901 1471 945 est
1497 891 1698 945 Christi
1722 891 1883 943 Pater
1910 909 1920 942 :
1954 904 2082 957 ergo

510 990 713 1046 nullum
743 989 901 1042 habet
942 986 1217 1057 proprium
1266 984 1516 1037 Patrem:
1556 982 1680 1049 quia
1732 982 1887 1034 beata
1923 981 2083 1049 Virgo

510 1097 575 1135 ex
608 1079 800 1135 nullius
826 1079 925 1132 viri
958 1077 1160 1131 semine
1200 1075 1461 1143 concepit,
1494 1073 1586 1128 sed
1626 1074 1691 1126 de
1729 1072 1931 1140 Spiritu
1958 1088 2083 1126 san-

509 1179 596 1225 ctu
625 1173 973 1241 iniprtegnata
1003 1176 1104 1221 est.
1158 1166 1215 1219 Si
1244 1165 1338 1218 Dei
1376 1164 1553 1216 Patris
1609 1162 1917 1215 testimonio
1961 1178 2082 1215 cre—

511 1264 744 1317 dendum
774 1262 1030 1325 aestimes,
1079 1259 1238 1312 crede
1265 1257 1540 1310 Christum
1583 1268 1700 1307 esse
1730 1255 1817 1306 Dei
1847 1254 2040 1307 Filium
2068 1272 2082 1308 ;

508 1356 591 1409 vel
641 1355 685 1409 si
717 1353 1035 1425 prephetico
1074 1352 1242 1419 ipsius
1287 1348 1455 1401 David
1504 1346 1811 1400 testimonio
1861 1348 2086 1400 credere

508 1456 714 1502 rectum
743 1442 1039 1507 arbitreris;
1074 1443 1232 1497 crede
1258 1440 1524 1505 eumdem,
1567 1438 1657 1507 qui
1699 1438 1865 1493 Filius
1890 1438 2087 1493 dicitur

510 1540 697 1606 David,
729 1532 1012 1592 DominiIm
1038 1550 1157 1590 esse
1181 1534 1341 1588 illius.

578 1632 639 1685 ll.
684 1631 828 1684 Dicis
868 1630 1048 1697 itaque
1084 1628 1227 1695 quod
1254 1638 1393 1679 unus
1418 1624 1579 1677 homo
1610 1622 1745 1676 duos
1772 1627 1955 1689 patres
1993 1633 2087 1672 na-

508 1724 709 1779 turales
749 1732 854 1777 noii
900 1722 1067 1791 postsit
1096 1720 1314 1782 habere,
1360 1731 1524 1771 unum
1556 1730 1686 1769 vero
1728 1714 1896 1782 possit
1925 1721 2085 1764 natu-

509 1817 676 1872 ralem
705 1814 931 1877 habere,
958 1820 1011 1865 et
1050 1811 1277 1863 alterum
1307 1808 1633 1876 adoptivum.
1675 1806 1859 1857 Dicam
1879 1812 1932 1857 et
1960 1818 2080 1871 ego,

2187 625 2321 670 tura:
2347 613 2605 683 subjacet,
2636 630 2734 667 nec
2764 610 2991 666 infirmis
3037 610 3282 663 humana:
3317 603 3645 672 coniecturae
3671 620 3761 658 ra-

2186 706 2457 769 tiunculis,
2502 705 2591 773 qui
2639 701 3198 773 incomprehensibilis
3238 708 3342 765 est,
3373 697 3759 769 comprehendi

2184 798 2397 865 poterit.
2439 796 2773 863 Quapropter
2817 793 3076 864 unigeniti
3130 792 3224 846 Dei
3264 791 3624 855 nativitatem,
3668 791 3761 847 vel

2184 888 2418 942 divinam
2468 887 2552 940 vel
2596 886 2757 940 etiam
2806 885 3114 946 humanam.-
3152 884 3335 938 desine
3392 883 3461 937 ad
3512 891 3760 938 nostrain

2184 978 2529 1031 mortalitatis
2554 976 3035 1045 impossibilitatem
3059 974 3302 1045 redigere
3327 992 3339 1026 :
3374 986 3545 1042 neque
3571 974 3644 1037 ei,
3664 972 3761 1042 qui

2183 1078 2336 1122 extra
2381 1079 2697 1138 conceptum
2748 1069 2994 1123 humana:
3032 1068 3256 1138 originis
3300 1074 3458 1122 natus
3505 1076 3609 1132 est,
3658 1067 3763 1121 hu-

2186 1164 2360 1218 manis
2390 1163 2817 1218 diftinitiimculis
2870 1161 3225 1232 pra‘judicare
3261 1170 3460 1226 tentes,
3486 1160 3763 1232 quomodo

2185 1255 2335 1308 nasci
2364 1256 2645 1322 potuisset,
2692 1254 2777 1309 vel
2821 1254 3089 1322 quomodo
3125 1261 3269 1308 esset
3310 1254 3559 1324 proprius
3590 1254 3764 1313 Filius

2189 1345 2303 1407 Dei,
2343 1345 2466 1399 dum
2501 1355 2658 1400 natus
2697 1352 2857 1399 esset.
2909 1344 2965 1397 Si
2995 1344 3105 1398 Deo
3131 1345 3313 1399 omnia
3360 1345 3634 1415 possibilia
3662 1361 3763 1403 co-

2188 1450 2435 1505 gnoscas,
2463 1444 2517 1489 et
2547 1437 2649 1490 hoc
2674 1436 2723 1490 ei
2768 1435 3023 1504 possibile
3065 1451 3185 1491 esse
3216 1437 3372 1501 scito,
3401 1444 3459 1490 ut
3482 1439 3765 1509 preprium

2188 1526 2382 1579 Filium
2418 1540 2483 1580 ex
2513 1527 2735 1597 Virgine
2761 1536 3003 1582 creatum
3025 1527 3231 1583 habere
3248 1527 3525 1583 valuisset.

2258 1618 2423 1689 814
2458 1619 2539 1672 lli.
2582 1604 2725 1673 Dicis
2758 1634 2770 1673 :
2809 1638 2825 1669 ‹
2864 1619 3002 1685 Quid
3033 1620 3205 1688 potuit
3258 1635 3324 1674 ex
3374 1620 3566 1675 ancilla
3610 1621 3767 1691 nasci

2188 1710 2293 1763 nisi
2332 1710 2566 1763 servus?
2604 1729 2621 1761 ›
2676 1710 2787 1764 lloe
2811 1720 2865 1764 et
2910 1719 3221 1766 antecessor
3246 1718 3371 1767 tuus
3400 1698 3665 1782 Pelagius,
3698 1712 3770 1767 li-

2190 1808 2277 1854 cet
2300 1800 2420 1855 aliis
2445 1801 2645 1864 verbis,
2697 1810 2875 1854 tamen
2921 1800 3112 1857 eodem
3141 1816 3303 1859 sensu
3347 1800 3474 1863 olim
3525 1801 3766 1867 dicebat,

510 1912 650 1979 quod
672 1908 847 1961 nullus
868 1912 1023 1975 pater
1050 1918 1216 1956 unum
1238 1902 1405 1955 [ilium
1435 1907 1613 1969 potest
1632 1900 1853 1961 habere,
1877 1904 2086 1950 utrum-
2115 1879 2161 1938 Β
2188 1906 2439 1945 asserens
2460 1892 2731 1946 Christum
2752 1891 3053 1947 solitarium
3077 1907 3196 1947 esse
3225 1892 3495 1946 hominem
3520 1911 3532 1945 :
3565 1908 3629 1947 ex
3653 1910 3767 1964 quo

510 2008 614 2071 true
639 2008 692 2055 et
723 1997 1019 2052 naturalem
1052 1996 1154 2049 sibi
1193 2002 1247 2049 et
1282 1993 1629 2063 adoptivum:
1666 1993 1788 2060 quia
1821 1991 1914 2045 ille
1946 2005 2086 2045 unus

512 2091 655 2146 filius
680 2098 784 2143 non
820 2094 997 2159 potest
1043 2086 1227 2149 dividi,
1256 2093 1316 2138 ut
1359 2083 1429 2138 sit
1458 2098 1595 2137 unus
1640 2082 1809 2151 patris
1844 2089 1901 2135 et
1927 2088 2086 2134 natu-

509 2181 638 2242 ralis
663 2188 716 2233 et
744 2179 1025 2247 adoptivus
1057 2193 1068 2228 :
1106 2175 1186 2228 vel
1227 2175 1469 2245 quaedam
1530 2188 1656 2241 pars
1714 2172 1805 2225 lilii
1854 2173 1924 2225 sit
1952 2171 2086 2224 ado-

508 2264 679 2342 p‘tiva,
710 2278 764 2323 et
812 2270 980 2323 altera
1025 2266 1284 2320 naturalis
1314 2266 1367 2318 in
1396 2264 1491 2318 filii
1535 2264 1808 2333 dignitate,
1866 2263 2010 2316 velut
2039 2262 2087 2315 si

509 2376 615 2420 una
641 2374 831 2419 manus
856 2366 925 2419 sit
958 2364 1226 2432 adoptiva,
1256 2370 1310 2416 et
1342 2362 1509 2414 altera
1539 2361 1771 2429 propria,
1798 2358 1880 2411 vel
1908 2358 2085 2410 anima

510 2460 583 2512 sit
610 2458 874 2527 adoptiva,
928 2465 982 2510 et
1034 2470 1163 2510 caro
1219 2455 1271 2506 in
1301 2453 1628 2522 proprietate
1672 2450 1781 2502 lilii.
1833 2448 2087 2513 Quamvis

511 2544 654 2604 enim
685 2550 863 2602 anima
887 2556 992 2603 non
1021 2548 1091 2601 sit
1118 2562 1180 2600 ex
1204 2545 1376 2615 patris
1407 2544 1629 2606 semine,
1658 2541 1797 2593 sicut
1827 2548 1907 2592 est
1934 2552 2081 2602 caro,

509 2649 690 2697 tamen
724 2642 864 2695 unus
904 2648 988 2695 eet
1038 2640 1176 2693 illius
1220 2640 1389 2708 patris
1438 2638 1614 2690 anima
1645 2643 1697 2689 et
1723 2649 1909 2697 carne,
1944 2640 2085 2687 totus

508 2726 596 2789 vel
633 2730 930 2803 adeptivus,
962 2733 1045 2787 vel
1082 2733 1350 2801 proprius,
1382 2740 1544 2799 prout
1586 2730 1825 2784 conditio
1850 2728 2085 2782 nominis

508 2824 596 2881 vel
624 2828 829 2882 naturae
882 2825 983 2879 sibi
1038 2824 1296 2877 attulerit.
1348 2823 1531 2877 Potest
1561 2837 1690 2875 vero
1743 2821 1795 2874 in
1825 2836 1929 2873 una
1960 2834 2083 2888 per-

510 2926 642 2973 sona
676 2928 793 2971 esse
822 2912 1091 2986 passibilis
1115 2925 1167 2969 et
1207 2914 1570 2985 impassibilis,
1626 2914 1872 2969 mortalis
1902 2920 1958 2967 et
1986 2914 2087 2966 im-

514 3007 778 3070 mortalis,
809 3006 971 3059 veluti
1007 3007 1169 3061 homo
1196 3002 1517 3060 immortalis
1545 3013 1627 3058 est
1656 3006 1855 3069 anima,
1884 3013 2085 3058 morta—

512 3097 581 3152 lis
604 3110 768 3152 carne
795 3114 807 3149 :
839 3098 917 3151 sie
948 3099 1107 3151 etiam
1142 3105 1197 3149 et
1226 3096 1473 3151 Christus
1505 3094 1850 3165 impassibilis
1894 3092 2087 3147 divini-

513 3192 643 3251 tate,
673 3187 945 3256 passibilis
995 3202 1194 3252 carne;
1234 3196 1413 3241 tamen
1461 3196 1603 3241 totus
1649 3200 1789 3241 unus
1836 3187 2084 3255 idemque

513 3286 597 3332 est
624 3278 763 3333 Deus
790 3288 843 3332 et
870 3280 1033 3333 homo
1060 3294 1072 3331 :
1106 3293 1244 3332 unus
1290 3286 1371 3333 est
1408 3277 1654 3333 Christus
1683 3279 1735 3333 in
1764 3278 1935 3332 forma
1968 3278 2078 3340 Dei,

512 3376 567 3421 et
594 3384 728 3423 unus
776 3368 1020 3423 Christus
1074 3367 1329 3422 informa
1381 3370 1544 3434 servi,
1583 3380 1636 3423 et
1662 3384 1801 3425 unus
1839 3372 2085 3427 Christus

513 3456 737 3524 aequalis
785 3456 951 3520 Patri,
989 3467 1043 3512 et
1073 3474 1210 3513 unus
1257 3467 1340 3513 est
1388 3459 1633 3514 Christus
1686 3462 1863 3514 minor
1906 3461 2082 3527 Patre,

514 3545 655 3601 idem
686 3546 843 3613 Deus,
874 3548 1013 3601 idem
1044 3550 1228 3615 homo,
1259 3566 1397 3605 unus
1425 3550 1594 3605 Filius
1626 3552 1715 3605 Dei
1748 3552 1923 3607 Patris
1946 3563 2087 3609 totus

511 3634 785 3703 proprius,
820 3644 874 3690 et
898 3636 1134 3708 Virginis
1185 3640 1378 3694 matris
1430 3650 1574 3695 totus
1623 3643 1892 3711 proprius.
1934 3644 2085 3710 Quod

511 3722 699 3778 beatus
728 3723 835 3781 Leo
861 3742 997 3796 papa
1031 3726 1302 3782 Romanus
1324 3729 1377 3783 in
1416 3730 1643 3799 epistola
1673 3733 1740 3785 ad
1767 3732 2085 3789 Flavianum

512 3816 795 3885 perspicue
840 3826 1072 3875 testatur
1104 3831 1127 3859 ι
1157 3838 1168 3873 ;
1206 3840 1222 3871 i
1257 3822 1389 3876 Cum
1439 3838 1591 3892 ergo,
1628 3825 1822 3893 inquit,
1856 3842 1993 3880 unus
2020 3828 2090 3880 sit

412 3946 415 3947 ν
515 3902 769 3963 Dominus
794 3908 950 3966 Jesns
994 3912 1265 3979 Christus,
1296 3923 1351 3970 et
1386 3932 1528 3971 vera:
1575 3919 1789 3974 deitatis
1840 3936 2088 3990 veraeque

512 3998 861 4056 humanitatis
893 4005 943 4056 in
984 4005 1098 4074 ipso
1121 4023 1223 4061 una
1264 4023 1483 4077 prorsus
1542 4011 1836 4080 eademque
1856 4029 2087 4081 persona

514 4093 605 4158 sit,
647 4095 1025 4151 exaltationcm
1081 4109 1279 4164 tamen,
1329 4118 1433 4169 qua
1484 4102 1650 4163 illiilli,
1703 4104 1841 4156 sicut
1892 4105 2089 4159 Doctor

515 4172 765 4241 Uéiiiiuiii
798 4176 946 4253 dicit,
978 4184 1236 4244 eXaltavit
1260 4200 1313 4245 et
1342 4178 1559 4245 donavit
1599 4178 1670 4246 illi
1702 4210 1916 4259 nomen,
1945 4198 2087 4267 quod

514 4291 672 4329 omne
701 4294 894 4331 nomen
930 4281 1142 4333 excellit
1173 4281 1389 4352 (Philip.
1420 4300 1478 4347 ii,
1511 4283 1584 4353 9),
1621 4285 1687 4337 ad
1720 4288 1961 4341 eamdem
1992 4289 2078 4344 iii-

513 4363 802 4433 telligimus
820 4369 1089 4435 pertinere
1122 4369 1368 4437 formam,
1399 4389 1518 4442 quae
1542 4374 1757 4429 ditanda
1779 4387 1893 4431 erat
1925 4388 2087 4437 tanta!

515 4456 920 4526 gloriiicationis
941 4466 1247 4526 augmento.
1284 4462 1343 4516 in
1366 4460 1535 4516 forma
1567 4466 1763 4535 quippe
1790 4469 1882 4522 Dei
1905 4478 2088 4541 {equa-

2186 1982 2337 2038 fonte
2367 1993 2420 2038 et
2449 1982 2730 2039 Nestorius
2754 2000 2906 2039 suam
2934 1984 3172 2040 condidit
3202 1985 3472 2051 hasresiin,
3501 2000 3606 2054 qua
3628 1985 3769 2041 duas

2186 2086 2446 2146 personas
2476 2077 2530 2131 in
2575 2076 2790 2133 Christo
2822 2077 2989 2131 voluit
3040 2077 3284 2151 intelligi.
3322 2078 3542 2146 Expone
3576 2079 3765 2147 igitur,

2187 2169 2456 2236 quomodo
2487 2183 2611 2237 apes
2641 2168 2893 2223 animalia
2920 2169 3040 2223 viva
3085 2169 3150 2223 de
3180 2168 3425 2234 ﬂoribus,
3457 2172 3622 2226 rebus
3651 2171 3768 2225 sci-
3862 2174 3865 2175 ⁷

2187 2262 2313 2316 lieet
2340 2262 2648 2326 insensatis,
2674 2271 3005 2327 nascantur;
3054 2262 3137 2317 vel
3190 2263 3494 2320 mirabilem
3545 2264 3769 2319 illarum

2187 2362 2456 2420 naturain,
2485 2356 2670 2425 reique
2699 2357 2923 2424 publica:
2951 2357 3410 2413 ordinatissimam
3456 2360 3773 2430 dispositio-

2186 2462 2311 2501 nem
2340 2447 2393 2499 in
2416 2461 2603 2500 earum
2639 2446 3107 2503 administratione
3131 2449 3390 2504 edissere.
3421 2449 3579 2507 Dices
3603 2451 3773 2507 forsi-

2188 2548 2301 2604 tan,
2349 2541 2475 2609 quia
2507 2540 2628 2595 talis
2673 2557 2704 2596 a
2730 2550 2974 2598 creatore
3027 2551 3219 2599 natura
3266 2544 3371 2599 illis
3419 2547 3633 2600 condita
3660 2554 3771 2603 est.

2186 2636 2371 2704 Cogita
2410 2643 2465 2689 et
2499 2634 2756 2705 intellige,
2805 2636 2897 2705 qui
2951 2637 3067 2691 hzec
3119 2637 3381 2692 miracula
3427 2638 3481 2693 in
3528 2639 3778 2695 minimis

2187 2739 2371 2778 creare
2401 2725 2592 2793 potuit,
2619 2740 2738 2794 quae
2762 2727 2833 2780 ab
2853 2726 3071 2781 homine
3094 2743 3194 2783 nee
3223 2728 3470 2800 intelligi,
3496 2745 3594 2785 nec
3614 2744 3775 2785 enar-

2188 2820 2298 2873 rari
2328 2828 2571 2889 possunt,
2609 2822 2751 2889 quod
2779 2823 2950 2891 putuit
2975 2836 3040 2876 ex
3073 2822 3320 2893 virginali
3355 2825 3509 2879 utero
3534 2822 3773 2879 liberum

2187 2913 2289 2967 sibi
2320 2926 2507 2966 creare
2531 2910 2745 2967 Filium.
2788 2913 3083 2969 Considera
3108 2916 3230 2971 coeli
3265 2914 3624 2982 altitudinem,
3653 2925 3775 2972 ter-

2186 3018 2262 3061 rae
2306 3008 2677 3071 stabilitatem,
2729 3021 2989 3076 aquarum
3036 3008 3479 3079 profunditatem;
3528 3010 3776 3065 omnium

2186 3098 2482 3155 virentium
2514 3101 2881 3156 diversitatem
2908 3117 2923 3167 ;
2971 3102 3230 3168 edissere,
3263 3103 3307 3157 si
3341 3102 3541 3168 valeas,
3572 3103 3777 3157 harum

2189 3193 2427 3247 omnium
2448 3204 2625 3271 rerum
2652 3194 2908 3257 rationes,
2937 3198 2991 3248 et
3019 3195 3064 3248 si
3102 3196 3205 3249 hoc
3227 3192 3559 3264 impossibile
3580 3203 3631 3248 te
3645 3209 3778 3264 pro-

2190 3285 2415 3349 ﬂlearis,
2454 3286 2581 3355 quid
2610 3293 2661 3339 te
2683 3291 3107 3354 pmumptu‘ose
3134 3285 3333 3355 ingeris
3377 3283 3633 3339 ἱκεσιώίιὶ
3664 3284 3774 3339 mi-

2189 3378 2373 3433 raculo
2425 3379 2720 3432 nativitatis
2766 3378 2989 3442 Christi,
3039 3377 3273 3447 qualiter
3302 3376 3386 3433 vel
3438 3378 3587 3432 Deus
3606 3376 3777 3433 homo

2189 3470 2305 3523 fieri
2361 3472 2644 3540 potuisset,
2696 3469 2781 3524 vel
2824 3470 2986 3525 homo
3007 3468 3184 3535 Deus;
3215 3469 3300 3525 vel
3340 3469 3434 3525 Dei
3479 3469 3645 3524 Filius
3671 3469 3778 3524 lio-

2188 3560 2350 3615 minis
2381 3559 2539 3614 ﬁlius.
2594 3560 2726 3614 Nam
2775 3561 2935 3629 huius
2973 3562 3295 3627 nativitatis,
3345 3561 3431 3616 vel
3458 3561 3623 3616 etiam
3652 3560 3779 3615 uiii-

2189 3652 2317 3705 tatis
2348 3652 2401 3705 in
2458 3652 2567 3705 Deo
2605 3654 2659 3705 et
2698 3646 2916 3707 homine
2969 3653 3145 3723 majus
3197 3662 3279 3709 est
3339 3662 3772 3719 sacramentum,

2191 3746 2352 3814 quam
2398 3746 2637 3799 omnium
2677 3747 3052 3811 creaturarum
3092 3746 3350 3801 conditio.
3391 3746 3640 3801 Concede
3670 3746 3777 3815 lgi—

2189 3842 2278 3891 tur
2307 3838 2472 3891 Deum
2518 3838 2719 3907 aliquid
2762 3842 2939 3908 posse,
2983 3839 3125 3908 quod
3163 3841 3395 3893 humana
3447 3852 3553 3893 non
3592 3838 3779 3893 valeat

2189 3928 2471 3982 inﬁrmitas
2492 3930 2985 3999 comprehendere;
3021 3938 3121 3985 nec
3143 3938 3326 3984 nostra
3355 3922 3777 3985 ratiocinatione

2188 4020 2362 4090 legem
2388 4037 2652 4090 ponamus
2692 4022 2958 4091 majestati
2994 4030 3229 4086 aeternae,
3267 4021 3395 4092 quid
3420 4022 3611 4091 possit,
3639 4020 3777 4081 dum

2188 4126 2365 4182 omnia
2411 4121 2609 4182 potest,
2664 4112 2754 4183 qui
2813 4108 3150 4185 omnipotens
3180 4122 3281 4169 est.
3340 4114 3449 4169 Nec
3495 4112 3639 4166 enim
3669 4112 3778 4168 hac

2189 4202 2300 4256 sola
2332 4204 2611 4257 nativitate
2639 4203 2838 4258 Christi
2885 4204 3145 4262 defectiva
3176 4214 3259 4261 est
3306 4207 3546 4277 potentia
3599 4198 3772 4273 illius,

2190 4291 2281 4362 Qui
2306 4294 2644 4363 omnipotens
2672 4304 2779 4359 est,
2826 4303 2885 4349 ut
2925 4313 3027 4350 non
3065 4305 3247 4367 posset
3295 4297 3444 4352 illum
3475 4297 3775 4367 hominem,

2190 4386 2279 4452 qui
2309 4400 2375 4438 ex
2402 4386 2618 4455 Virgine
2653 4394 2812 4441 natus
2856 4395 2958 4449 est,
2987 4388 3088 4442 sibi
3129 4389 3406 4458 proprium
3432 4388 3516 4444 vel
3545 4399 3776 4445 natura-

2190 4475 2293 4530 lem
2328 4475 2521 4530 Filium
2571 4492 2778 4533 creare.
2820 4479 3062 4550 lntellige
3088 4482 3305 4536 tandem
3359 4474 3669 4553 aliquando,
3704 4485 3775 4540 ad

516 4546 710 4601 liserat
722 4547 889 4642 Filius
902 4549 1069 4615 Patri,
1094 4559 1147 4605 et
1171 4551 1311 4607 inter
1340 4554 1634 4624 genitorem
1661 4567 1822 4627 atque
1848 4563 2092 4633 unigeni-
2119 4567 2175 4627 Β
2194 4581 2355 4635 quem
2384 4565 2545 4621 linem
2588 4568 2673 4623 vel
2703 4570 2769 4623 ad
2808 4546 3063 4638 quantam
3113 4546 3497 4642 blasphemiam
3537 4546 3663 4629 hac?
3682 4583 3776 4629 tua

517 4645 631 4692 tum
686 4638 829 4692 nulla
875 4648 993 4693 erat
1014 4643 1262 4696 essentia:
1324 4644 1597 4711 discretio,
1658 4650 1803 4703 nulla
1836 4652 1889 4705 in
1918 4653 2088 4721 maje-

514 4736 661 4783 state
685 4732 1004 4795 diversitas;
1056 4749 1157 4787 nec
1182 4749 1279 4803 per
1329 4737 1717 4797 incarnationis
1770 4747 2088 4815 mysterium

516 4821 718 4890 aliquid
762 4822 1063 4879 liee‘eéserat
1089 4840 1154 4879 ex
1184 4828 1376 4892 Verho,
1411 4830 1552 4900 quod
1596 4834 1645 4888 ei
1673 4834 1851 4891 Patris
1879 4846 1943 4892 ex
1974 4836 2091 4894 mu-

515 4924 643 4966 nere
696 4915 1009 4970 redderetur
1038 4936 1050 4947 ·
1084 4917 1255 4973 i‘orma
1307 4931 1486 4976 autem
1536 4923 1742 4998 [servi],
1801 4945 2090 4999 perquam

516 5007 861 5076 impaSsihiiis
923 5010 1093 5066 deitas
1158 5025 1555 5072 sacramentum
1605 5035 1811 5092 magna:
1876 5025 2091 5092 pietatis

518 5098 775 5167 implevit,
825 5102 1059 5157 humana
1121 5105 1395 5162 humilitas
1445 5116 1549 5174 est,
1598 5122 1716 5179 qua:
1763 5114 1817 5167 in
1860 5117 2089 5185 gloriam

518 5192 710 5247 divitiae
735 5196 1013 5263 potestatis
1050 5205 1258 5264 evecta,
1293 5207 1376 5253 est
1425 5201 1477 5254 in
1502 5208 1703 5257 tantam
1737 5207 2000 5262 unitatem
2023 5212 2091 5265 ab

518 5281 635 5351 ipso
657 5282 912 5354 conceptu
943 5286 1180 5355 Virginis
1208 5290 1406 5344 deitate
1428 5296 1483 5345 et
1510 5293 1845 5349 humanitate
1875 5312 2093 5353 conser-

518 5370 595 5438 ta,
640 5380 701 5427 ut
732 5388 834 5429 nec
878 5376 995 5430 sine
1023 5376 1245 5433 homine
1290 5381 1490 5446 divina,
1540 5396 1640 5437 nec
1678 5386 1793 5438 sine
1830 5386 1938 5441 Deo
1967 5404 2093 5459 age—

516 5470 709 5518 rentur
732 5465 985 5520 humana.
1020 5485 1041 5519 ι
1094 5467 1408 5524 Nullatenus
1432 5482 1561 5541 ergo
1591 5482 1661 5539 te,
1715 5488 1748 5528 ο
1768 5476 1938 5543 Felix,
1984 5481 2085 5533 hu-

520 5556 680 5607 mana
702 5556 911 5610 ratione
935 5558 1258 5628 investigare
1288 5560 1624 5617 nativitatem
1651 5564 1811 5618 Verbi
1842 5566 1955 5632 Dei,
1987 5584 2091 5638 qua

520 5650 647 5699 caro
696 5644 903 5701 factum
954 5654 1056 5710 est,
1104 5658 1266 5719 posse
1315 5659 1515 5720 putes:
1546 5666 1651 5707 non
1682 5654 1827 5710 enim
1858 5660 2092 5717 humana

517 5736 872 5805 possibilitate
892 5738 1333 5806 omnipotentiam
1358 5742 1656 5800 divinitatis
1694 5751 1871 5804 metiri
1906 5753 2088 5810 debes.

2194 4659 2421 4713 assertio
2473 4661 2787 4730 perveniat;
2821 4668 2913 4716 aut
2952 4661 3049 4717 Dei
3078 4662 3255 4719 Patris
3304 4656 3578 4720 Christum
3604 4666 3778 4721 eonﬁ-

2192 4755 2306 4803 tere
2328 4750 2602 4819 preprium
2628 4754 2747 4807 esse
2788 4751 2963 4807 Flium
2986 4760 3040 4807 et
3084 4766 3289 4821 verum,
3328 4752 3480 4824 juxla
3529 4760 3780 4827 eninipoo

2195 4842 2414 4895 tentiam
2465 4854 2575 4897 suae
2618 4842 2902 4900 ineﬂ‘ahilis
2948 4846 3274 4913 voluntatis;
3311 4855 3400 4902 aut
3427 4849 3471 4903 si
3511 4850 3625 4905 haec
3653 4850 3778 4907 fieri

2191 4946 2297 4985 non
2345 4948 2501 5002 posse
2532 4936 2903 5001 contenderis,
2960 4937 3309 5007 impotentem
3343 4954 3453 4995 sua:
3479 4939 3779 4999 voluntatis

2194 5021 2381 5078 fateris
2432 5025 2637 5080 Deum:
2675 5027 2817 5096 quod
2862 5026 3237 5099 impiissimum
3290 5040 3373 5086 est
3414 5033 3641 5088 credere
3688 5028 3775 5089 vel

2194 5114 2392 5169 dicere.
2446 5115 2588 5186 Ergo
2614 5133 2678 5171 ex
2704 5119 2805 5173 hac
2837 5121 3265 5177 consideratione
3304 5123 3511 5178 meliori
3541 5125 3773 5195 teips‘um

2195 5205 2355 5261 indue
2390 5207 2513 5273 ﬁde,
2548 5217 2799 5279 tuamque
2832 5226 3160 5284 cognoscens
3204 5214 3571 5274 inﬁrmitatem
3601 5220 3772 5277 Deum

2194 5297 2450 5352 confitere
2478 5299 2657 5353 omnia
2694 5316 2850 5371 posse
2900 5304 3100 5373 facere,
3150 5323 3268 5377 quae
3290 5309 3425 5375 vult,
3466 5316 3519 5365 et
3557 5314 3613 5365 te
3634 5310 3773 5365 etin-

2196 5395 2282 5441 cta
2336 5404 2442 5443 non
2491 5404 2649 5459 posse
2714 5393 3029 5467 intelligere,
3079 5402 3199 5457 uuae
3252 5398 3371 5455 vult
3416 5409 3649 5468 creator,
3713 5411 3772 5458 ut

2194 5478 2343 5535 ﬁanL

2266 5572 2351 5629 Ν.
2393 5572 2616 5631 Plurimi
2640 5578 2782 5635 enim
2810 5590 3120 5637 sanctorum
3147 5584 3376 5655 professi
3404 5580 3529 5643 sunt
3552 5586 3660 5642 non
3690 5580 3774 5643 ln—

2193 5664 2482 5734 tellexisse,
2508 5685 2608 5725 nec
2629 5672 2884 5728 enarrare
2914 5670 3152 5743 potuisse
3177 5678 3315 5733 hanc
3345 5672 3647 5733 mirabilem
3676 5676 3772 5749 ge-

2194 5759 2526 5815 nerationem
2553 5763 2773 5829 Christi,
2802 5770 2868 5819 ex
2893 5765 3089 5833 quibus
3132 5764 3321 5835 kal”,
3364 5766 3501 5826 diuit
3540 5765 3775 5825 inﬁrmi-

591 5860 624 5928 }
660 5846 721 5904 S.
745 5846 856 5905 Leo
878 5861 1043 5921 papa,
1085 5850 1248 5923 epist.
1296 5851 1402 5912 165
1427 5852 1501 5914 ad
1546 5854 1787 5918 Leonem
1816 5860 2142 5941 Augustum,
2175 5882 2297 5945 cap.
2326 5869 2382 5926 8.
