4072 6346
311 425 417 484 165

1025 389 1440 476 nociiATiC'A.
1475 445 1547 460 -
1573 389 1732 476 Abv’.
1774 387 2068 472 riguum
2105 393 2288 474 Lirim
2323 413 2434 477 vn.
2464 452 2532 463 _
2561 393 2687 478 im.
2729 423 2812 479 ιιι.

3469 409 3569 484 ltiti

311 553 484 608 tates,
511 513 826 611 opprobria,
850 513 1059 608 ﬂagella
1085 547 1140 593 et
1169 546 1347 609 sputa,
1364 609 1366 612 ι
1383 552 1500 608 quae
1521 536 1772 592 Christus
1790 523 1887 604 pro
1915 517 1965 592 Ᾱ
1992 525 2136 587 milia
2174 527 2418 590 Paschali
2463 527 2943 608 praesumptuosam
2989 517 3390 609 inquisitionem
3427 518 3569 597 nati-

312 644 505 694 nostra
555 649 746 706 passus
787 641 870 690 est
914 633 1108 699 salute,
1152 632 1503 703 praedixisset,
1550 631 1652 688 hoc
1680 643 1894 699 quoque

312 727 514 798 adjecit
542 741 557 780 :
601 723 998 782 Generatiouem
1027 725 1141 796 ejus
1165 724 1281 796 quis
1301 724 1565 780 enarrabit
1593 721 1746 790 (Isai.
1773 737 1890 788 Lm,

309 819 419 890 8)?
457 818 658 874 Beatus
693 830 907 886 quoque
949 815 1190 886 Baptista
1240 813 1474 870 Joannes
1505 829 1563 868 se
1621 813 1892 883 indignum

308 917 550 964 testatus
605 916 689 979 est
736 907 948 962 solvere
1011 906 1302 975 corrigiam
1364 905 1714 960 calceamenti
1774 903 1893 972 ejus

309 1002 512 1072 (Han.
545 1016 588 1065 ι,
616 999 692 1070 7).
732 998 886 1066 Quod
905 1000 1096 1053 beatus
1121 997 1418 1067 Gregorius
1448 997 1501 1050 in
1530 995 1765 1050 bomiliis
1781 993 1892 1049 suis

308 1094 388 1149 ita
429 1091 733 1162 exposuit!I
769 1107 782 1142 :
829 1107 846 1139 ι
894 1087 1000 1145 Sed
1041 1086 1218 1155 hujus,
1268 1087 1462 1156 inquit,
1507 1085 1892 1141 incarnationis

308 1183 634 1254 mysterium
662 1181 928 1252 humanus
955 1175 1142 1233 oeulus
1167 1184 1450 1247 penetrare
1493 1191 1602 1230 non
1647 1174 1848 1230 sufﬁcit
1876 1191 1888 1227 :

307 1271 626 1344 investigari
653 1261 798 1326 enim
817 1268 1122 1326 nullatenus
1151 1275 1350 1337 potest,
1395 1265 1664 1336 quomodo
1702 1281 1894 1334 corpo-

309 1362 756 1432 raturAVerbum,
782 1361 1048 1431 quomodo
1087 1375 1330 1416 summus
1351 1367 1406 1414 et
1446 1358 1748 1430 viviﬁcator
1774 1358 1894 1428 Spi-

307 1457 450 1510 ritus
469 1445 617 1508 intra
645 1460 858 1528 uterum
887 1452 1078 1506 matris
1105 1452 1396 1516 animatur,
1433 1452 1699 1520 quomodo
1727 1451 1773 1505 is
1801 1451 1892 1519 qui

307 1547 528 1601 initium
555 1560 664 1599 non
707 1539 886 1607 habet,
913 1551 968 1597 et
1007 1544 1188 1597 existit
1215 1551 1269 1597 et
1297 1543 1617 1612 concipitur.
1647 1542 1892 1613 Corrigia

307 1653 443 1708 ergo
463 1635 816 1692 calceamenti
837 1643 918 1690 est
957 1635 1185 1705 ligatura
1227 1635 1489 1704 mysterii.
1523 1633 1757 1690 Joannes
1785 1635 1888 1688 ita—

306 1745 415 1798 que
437 1727 730 1798 corrigiam
775 1724 1122 1780 calceamenti
1149 1723 1356 1778 solvere
1405 1740 1510 1778 non
1554 1723 1719 1787 valet,
1765 1723 1890 1798 quia

307 1819 700 1876 incarnationis
729 1803 1043 1887 mysterium
1065 1829 1164 1868 nec
1185 1815 1301 1886 ipse
1327 1813 1649 1882 investigate
1673 1811 1884 1876 sufﬁcit,

1993 624 2177 679 vitatis
2200 625 2398 681 Christi
2430 627 2513 682 his
2537 629 2715 685 verbis
2744 625 3072 702 compescuit
3097 644 3120 671 ο
3153 647 3167 686 :
3197 651 3216 683 ι
3253 629 3350 700 Qui
3379 633 3568 704 igitur,

1994 713 2090 779 ait,
2133 716 2401 784 paschalis
2437 719 2612 787 gaudii
2641 707 3029 776 solemnitatem
3058 721 3330 779 celebrare
3358 724 3568 780 deside-

1993 823 2098 878 rat,
2131 828 2323 883 agnum
2352 827 2449 866 nec
2479 827 2614 882 aqua
2647 801 2863 883 coquat,
2903 829 3001 869 nec
3030 811 3254 868 crudum
3281 813 3564 870 comedat:

1992 911 2053 959 ut
2099 919 2270 974 neque
2308 919 2401 975 per
2449 906 2738 958 lmn'tauam
2785 903 3098 974 sapientiam
3145 893 3565 976 profunditatem
3643 897 3652 912 ’

1992 996 2378 1054 incarnationis
2408 999 2548 1052 illius
2580 1007 2861 1068 penetrare
2899 1007 3140 1068 appetat;
3171 1011 3343 1070 neque
3367 999 3422 1056 in
3445 1016 3566 1056 eum

1995 1097 2249 1162 tanquam
2281 1091 2333 1144 in
2369 1091 2638 1146 hominem
2669 1107 2862 1160 purum
2893 1089 3109 1158 credat;
3142 1091 3236 1147 sed
3265 1095 3417 1148 assas
3445 1093 3569 1165 igne

1993 1196 2184 1236 carnes
2212 1183 2477 1246 comedat,
2517 1190 2576 1235 ut
2602 1181 2894 1250 dispensari
2925 1179 3103 1235 omnia
3132 1197 3230 1251 per
3256 1183 3425 1238 sancti
3449 1181 3570 1253 Spi-

1995 1273 2130 1328 ritus
2156 1275 2449 1341 potentiam
2475 1275 2629 1329 sciat.
2661 1293 2678 1324 ›
2711 1269 2776 1326 Et
2802 1271 2958 1342 paulo
2987 1281 3106 1342 post
3133 1291 3144 1326 :
3181 1292 3199 1323 ε
3223 1271 3292 1326 Et
3319 1274 3456 1346 quod
3491 1291 3569 1328 re-

1992 1364 2266 1426 manserit,
2303 1364 2410 1432 igni
2451 1355 2758 1416 comburetis
2806 1357 3000 1432 (Exod.
3042 1380 3136 1426 xu,
3179 1347 3288 1430 t0).
3324 1359 3476 1432 Quod
3503 1380 3570 1420 ex

1994 1467 2131 1526 agno
2164 1455 2424 1517 remanet,
2456 1453 2562 1522 igni
2605 1447 2991 1520 combdrimus,
3020 1447 3232 1524 quando
3277 1449 3398 1520 hoc,
3427 1455 3571 1525 quod

1992 1545 2059 1622 de
2094 1539 2478 1600 incarnationis
2523 1546 2636 1616 ejus
2681 1541 2936 1617 mysterio
2979 1531 3279 1618 intelligere
3323 1556 3377 1602 et
3403 1563 3569 1617 pene-

1990 1640 2137 1690 trare
2166 1651 2271 1689 non
2297 1652 2599 1705 possumus,
2625 1639 2876 1706 potestati
2902 1629 3070 1692 sancti
3101 1631 3332 1708 Spiritus
3358 1631 3573 1694 humili-

1991 1733 2078 1784 ter
2126 1743 2464 1782 reservamus
2495 1748 2506 1782 :
2537 1737 2596 1782 ut
2644 1745 2749 1784 non
2802 1729 3030 1798 superbe
3080 1725 3204 1799 quis
3249 1711 3444 1785 audeat
3487 1729 3573 1785 vel

1992 1826 2332 1872 contemnere
2362 1820 2442 1874 vel
2478 1822 2814 1887 denuntiare,
2843 1821 2984 1891 quod
3027 1839 3134 1878 non
3179 1815 3442 1893 intelligit,
3478 1824 3574 1879 sed

307 1915 400 1984 qui
431 1915 574 1986 hanc
605 1928 702 1982 per
734 1908 1026 1982 prophetia:
1067 1907 1314 1978 spiritum
1367 1907 1600 1976 agnovit.
1639 1906 1776 1972 Quid
1807 1913 1890 1960 est
1919 1887 1967 1950 Β
1992 1908 2096 1984 hoc
2127 1909 2236 1977 igni
2269 1912 2520 1965 traditum
2557 1910 2636 1984 [8.
2670 1887 2994 1984 Greg.,—igni
3025 1907 3212 1985 tradit]
3235 1887 3574 1972 cum'sanclo

305 2022 438 2076 ergo
458 2006 664 2069 dicere,
713 2019 816 2056 non
845 2018 960 2055 sum
988 2000 1176 2070 dignus
1229 1999 1423 2054 solvere
1466 2001 1746 2070 corrigiam
1781 1997 1890 2052 cal-

304 2099 562 2166 ceamemi
617 2097 754 2166 ejus,
794 2092 899 2160 nisi
931 2098 1115 2160 aperte
1142 2098 1196 2145 et
1237 2090 1516 2144 humiliter
1555 2105 1707 2144 suam
1738 2087 1889 2158 igno-

305 2189 544 2258 rantiam
589 2185 880 2252 conﬁteri?
930 2181 1007 2236 Ac
1038 2183 1083 2236 si
1119 2189 1366 2251 patenter
1391 2181 1536 2236 dicat
1567 2198 1580 2234 :
1619 2180 1756 2248 Quid
1787 2177 1888 2233 mi-

301 2295 448 2343 rum,
471 2280 518 2334 si
545 2278 676 2333 mihi
707 2276 794 2331 ille
812 2275 1063 2347 praelatus
1093 2283 1196 2336 est,
1225 2289 1384 2342 quem
1415 2281 1534 2342 post
1562 2288 1647 2326 me
1668 2272 1885 2341 quidem

302 2379 494 2426 natum
524 2370 830 2444 considero,
867 2367 963 2422 sed
990 2367 1290 2422 nativitatis
1319 2365 1632 2437 mysterium
1657 2381 1764 2418 non
1786 2380 1883 2435 ap-

301 2449 629 2540 prehende?
663 2479 682 2513 ι

505 2550 862 2623 Hieronymus
915 2563 1128 2620 quoque
1181 2547 1370 2602 doctor
1425 2545 1573 2602 omni
1631 2529 1906 2600 Ecclesiae.

303 2623 510 2722 tlhristi
536 2641 869 2697 honorabilis
896 2641 950 2696 in
977 2640 1310 2712 expositione
1339 2638 1673 2709 nonagesimi
1701 2637 1881 2718 octavi

303 2711 507 2792 i’salmi
546 2719 718 2806 (Psal.
747 2749 938 2798 xcvm,
970 2711 1079 2803 15),
1117 2733 1256 2788 hanc
1291 2719 1696 2803 generationem
1726 2711 1886 2783 Chri-

301 2815 388 2896 sti
421 2842 481 2881 se
528 2811 749 2882 omnino
803 2824 1074 2896 ignorare,
1114 2839 1222 2878 non
1275 2823 1490 2876 erubuit
1540 2819 1780 2890 proﬁteri
1809 2819 1879 2871 b:

307 2937 327 2970 σ
367 2895 582 3000 Videte,
632 2917 820 2985 inquit,
859 2931 1019 2986 quam
1047 2931 1159 2970 rem
1206 2915 1430 2970 audeam
1459 2913 1601 2982 loqui
1630 2931 1643 2967 ;
1675 2913 1784 2994 Ego
1811 2913 1885 2966 ita

301 3008 442 3093 adeo
458 2989 612 3080 [Ηὲη
631 3007 818 3089 adoro]
837 3007 1149 3072 scabellum,
1165 3008 1305 3076 quod
1323 3007 1594 3077 quondam
1610 2989 1727 3067 fuit,
1746 3004 1886 3058 sicut

302 3087 586 3183 thronum.
634 3087 702 3155 Et
737 3102 792 3182 isi
827 3102 967 3168 enim
1009 3115 1332 3156 noveramus
1371 3099 1643 3154 Christum
1689 3111 1884 3151 secun-

247 3217 254 3222 -
302 3192 437 3247 duin
467 3207 709 3273 carnem,
737 3192 854 3266 [sed
885 3191 1000 3261 jam
1027 3183 1133 3246 non
1165 3191 1412 3246 novimus
1440 3206 1560 3244 eum
1589 3190 1882 3270 secundum
1915 3231 1926 3273 λ

301 3299 528 3340 carnem
559 3282 642 3356 (II
673 3280 795 3338 Cor.
823 3301 877 3350 v,
910 3285 997 3355 16)
1027 3282 1069 3356 1.
1107 3282 1369 3338 Habuerit
1418 3278 1564 3358 forte
1595 3279 1884 3336 scabellum

299 3375 434 3435 ante
461 3386 730 3460 'mortem,
786 3386 910 3454 ante
961 3377 1432 3440 resurrectionem,
1473 3373 1638 3446 815
1673 3373 1885 3443 quando

303 3470 687 3550 manducabat,
718 3471 930 3541 quando
953 3470 1190 3532 bibebat,
1235 3467 1448 3539 quando
1478 3475 1690 3520 nostros
1710 3464 1883 3534 patie-

299 3563 472 3642 batur
491 3561 752 3628 affectus;
793 3559 1076 3631 pestquam
1111 3575 1241 3614 vero
1265 3557 1583 3622 resurrexit,
1612 3563 1668 3610 et
1689 3556 1756 3610 ad
1782 3571 1886 3612 co:-

303 3656 387 3711 los
412 3656 591 3710 victor
615 3655 874 3719 ascendit,
908 3667 1006 3721 ego
1041 3668 1146 3706 non
1175 3649 1416 3720 intelligo
1475 3648 1642 3702 alium
1687 3647 1880 3702 seden-

303 3754 439 3810 tem,
465 3753 523 3800 et
546 3744 710 3802 alium
737 3743 1050 3809 scabellum,
1083 3742 1178 3798 sed
1207 3749 1378 3796 totum
1411 3741 1465 3794 in
1495 3739 1712 3794 Christo
1737 3739 1884 3793 thro-

301 3828 410 3893 inus
434 3831 536 3892 ‘e'st.
583 3825 784 3904 Qdmrit
827 3841 880 3890 et
928 3833 1098 3889 dicit:
1129 3819 1329 3901 Quare,
1378 3832 1462 3886 vel
1494 3831 1699 3902 quare?
1743 3821 1886 3897 Quo-

305 3913 472 4006 lii'oiio
508 3919 596 3991 Sit,
628 3919 832 3990 nescio,
861 3927 914 3980 'et
951 3933 1126 3980 tamen
1157 3925 1320 3978 credo
1349 3917 1491 3992 quod
1516 3921 1604 3976 slt.
1657 3919 1885 3976 Mirarer

303 4005 464 4092 [Μὲη
479 4011 740 4093 miraris],
763 4013 808 4074 Si
825 4011 1063 4088 ignorem
1090 4015 1385 4072 divinitatis
1406 4013 1740 4085 mysterium,
1760 4019 1884 4067 cum

299 4103 572 4182 hietpsmh
603 4109 859 4165 nesciam.
923 4095 1226 4179 interrogas
1263 4123 1349 4162 me
1393 4101 1691 4176 quomodo,-
1742 4105 1884 4173 quod

301 4197 396 4272 in,
430 4199 485 4261 et
510 4195 761 4260 divinitas
783 4207 838 4258 et
865 4203 1165 4257 incarnatio
1211 4207 1349 4256 unus
1371 4201 1442 4256 sit
1469 4197 1623 4272 [Ms.,
1652 4205 1880 4267 quomo-

303 4289 374 4352 ‘dd
403 4297 458 4351 et
488 4283 741 4351 divinitas
761 4303 816 4349 et
843 4288 1146 4349 incarnatio
1176 4298 1339 4346 unam
1365 4291 1479 4364 sit],
1512 4293 1633 4346 citm
1664 4301 1764 4361 ego
1792 4304 1885 4343 ne-

301 4387 498 4457 scim,
540 4381 807 4459 qlio'in'o'do
829 4385 1024 4442 vivai'n‘.
1046 4387 1212 4442 Deum
1236 4386 1562 4441 intellexisse
1589 4381 1883 4440 credidisse

302 4475 430 4548 est;
463 4467 636 4538 bettm
672 4485 832 4536 nosse
873 4483 1140 4537 honorare
1165 4481 1266 4535 est.
1323 4478 1533 4534 Suﬁicit
1584 4477 1714 4532 mihi
1743 4475 1882 4532 scire

1992 1997 2196 2083 Spiritu
2224 2012 2481 2058 reservat.
2515 2025 2532 2055 ι
2561 2005 2656 2060 llis
2683 2013 2737 2059 et
2767 2005 3072 2075 hujusmodi
3103 1997 3422 2060 testimoniis
3450 2009 3573 2059 sah-

1989 2101 2197 2148 ctorum
2230 2094 2470 2160 Patrum,
2497 2096 2729 2150 humana
2755 2095 3029 2152 humilitas
3057 2097 3288 2166 seipsam
3321 2093 3570 2151 coerceat

1989 2183 2127 2262 intra
2149 2185 2446 2250 terminum
2481 2173 2678 2239 moduli
2709 2186 2811 2248 sui,
2840 2176 3246 2256 Salvatorisque
3271 2187 3442 2262 nostri
3473 2185 3574 2243 mi-

1987 2276 2213 2330 rabilem
2283 2277 2616 2332 nativitatem
2680 2278 2932 2332 humanis
2991 2278 3309 2333 ratiunculis
3365 2259 3574 2332 desinat

1986 2368 2275 2444 aestimare,
2315 2384 2413 2423 nec
2441 2368 2560 2438 plus
2589 2381 2776 2437 sapere
2804 2377 3011 2438 quterat
3047 2383 3208 2439 quam
3238 2367 3449 2438 oportet
3477 2371 3570 2422 sa-

1983 2472 2132 2528 pere.
2160 2458 2461 2528 Audiatque
2505 2457 2888 2528 sapientissimi
2937 2457 3238 2514 Salomonis
3283 2457 3567 2512 consilium

1987 2550 2251 2605 dicentis:
2281 2549 2482 2604 Altiora
2523 2561 2571 2604 te
2611 2569 2674 2606 ne
2715 2553 3005 2622 quwsieris,
3047 2562 3096 2605 et
3131 2547 3475 2622 profundiora
3503 2566 3567 2605 ne

1985 2642 2230 2695 scrutaris
2266 2639 2452 2711 (Eccli.
2501 2659 2584 2706 ιιι,
2634 2642 2745 2712 22).
2793 2642 3041 2712 Opponat
3087 2656 3299 2712 quoque
3350 2639 3569 2694 sibimet

1987 2735 2145 2790 aliam
2175 2734 2412 2803 ejusdem
2441 2737 2781 2796 sententiam,
2813 2751 2918 2806 qua
2960 2731 3156 2790 terruit
3183 2729 3571 2803 praesumptuo—

1987 2843 2102 2881 sam
2144 2827 2391 2880 humanm
2423 2827 2754 2882 inﬁrmitatis
2783 2827 3160 2882 temeritatem.
3191 2817 3293 2890 Qui
3325 2823 3570 2890 multum,

1987 2918 2082 2981 ait,
2112 2917 2210 2971 me!
2237 2918 2480 2982 comedit,
2522 2935 2623 2972 non
2659 2929 2734 2972 est
2774 2919 2820 2972 ei
2865 2919 3054 2972 bonum
3080 2933 3097 2970 :
3119 2925 3168 2970 et
3193 2915 3282 2987 qui
3310 2923 3574 2969 scrutator

1987 3020 2060 3064 est
2089 3009 2383 3080 majestatis
2409 3011 2717 3080 opprimitur
2747 3029 2777 3064 a
2808 3008 2975 3080 gloria
3002 2991 3181 3080 (Prov.
3218 3023 3342 3070 xxv,
3374 3001 3481 3078 16).
3515 2999 3573 3061 Si

1987 3107 2186 3154 nostra:
2210 3101 2432 3170 originis
2451 3101 2721 3169 patienter
2747 3097 3016 3153 nescimus
3046 3095 3404 3160 nativitatem,
3438 3101 3573 3167 quo-

1989 3194 2148 3248 modo
2195 3194 2373 3247 anima
2425 3194 2478 3247 in
2533 3179 2686 3247 utero
2736 3191 2926 3246 matris
2977 3189 3325 3245 tenerrimam
3376 3187 3573 3244 nostra:

1991 3286 2170 3341 carnis
2189 3286 2545 3340 substantiam
2572 3284 2804 3340 viviﬁcet
2828 3299 2841 3337 :
2861 3291 3059 3353 quanto
3088 3277 3258 3351 magis
3277 3272 3370 3334 Dei
3397 3280 3574 3335 omni-

1988 3377 2223 3449 potentis
2252 3377 2607 3445 humanaeque
2653 3384 2858 3428 natura:
2888 3371 3208 3427 ineffabilem
3237 3367 3571 3439 conjunctio-

1988 3488 2112 3526 nem
2147 3486 2246 3525 nos
2282 3469 2425 3524 nullo
2473 3470 2629 3523 modo
2653 3463 3125 3539 comprehendere
3161 3480 3340 3536 posse,
3373 3463 3457 3520 vel
3489 3463 3572 3520 in-

1987 3562 2228 3632 telligere
2259 3561 2531 3616 fatendum
2556 3563 2669 3616 est?
2695 3561 2837 3615 Deus
2862 3567 3062 3622 autem,
3091 3549 3356 3628 quomodo
3382 3547 3572 3624 voluit,

1987 3662 2040 3708 et
2060 3655 2274 3724 quando
2299 3653 2488 3716 voluit,
2516 3661 2569 3708 et
2601 3668 2666 3708 ex
2697 3666 2803 3722 qua
2830 3637 3020 3715 voluit,
3054 3647 3270 3703 advenit
3318 3639 3372 3701 in'
3415 3659 3573 3702 mun-

1988 3745 2138 3809 dum,
2174 3759 2273 3798 nec
2317 3750 2526 3812 tempus
2564 3737 2636 3808 ei,
2679 3757 2778 3796 nec
2820 3739 3070 3810 persona,
3106 3733 3206 3793 nec
3240 3727 3573 3792 consuetudo

1987 3839 2290 3902 hominum,
2333 3851 2432 3891 nec
2466 3836 2708 3906 exempla
2757 3843 2936 3888 rerum
2972 3827 3406 3904 praeiudicarunt,
3443 3826 3573 3899 quin

1986 3932 2166 3987 minus
2213 3939 2356 3984 esset
2383 3931 2522 3998 quod
2553 3929 2740 3982 voluit.
2772 3925 2907 3980 Nam
2935 3919 3199 3980 obsistere
3237 3917 3284 3976 ei
3328 3921 3415 3976 lex
3457 3935 3566 3975 non

1984 4023 2159 4104 potuit
2182 4019 2576 4082 creaturarum,
2609 4017 2700 4086 qui
2726 4023 2808 4070 est
2837 4011 3188 4082 creatoripse
3225 4007 3563 4065 cunctorum.

1988 4093 2058 4169 Ut
2087 4118 2286 4182 posset,
2325 4111 2465 4181 quod
2493 4109 2678 4170 voluit,
2720 4113 3023 4178 promptum
3066 4099 3144 4158 illi
3190 4105 3401 4172 semper
3441 4093 3567 4166 fliit,

1986 4207 2110 4277 quia
2152 4197 2391 4276 potestas
2417 4203 2588 4259 adfuit
2623 4185 2981 4277 voluntati.O
3023 4193 3188 4253 homo
3221 4199 3279 4251 tu
3328 4191 3449 4266 quis
3487 4209 3568 4261 es,

1987 4300 2079 4370 qui
2123 4299 2448 4370 respondeas
2492 4297 2634 4350 Deo?
2681 4271 2931 4363 Nunquid
2973 4285 3144 4360 legem
3193 4277 3435 4357 impoites
3470 4281 3567 4350 illi,

1987 4391 2183 4459 quiest
2211 4389 2294 4444 lex
2326 4387 2710 4450 universitatis,
2743 4385 2865 4455 quia
2897 4375 3072 4439 omnis
3106 4377 3354 4436 creatura
3380 4375 3572 4434 volun-

1987 4481 2085 4534 tati
2113 4480 2256 4534 illius
2284 4477 2523 4546 subjecta
2551 4478 2665 4532 est?

303 4567 450 4646 quod
481 4569 742 4644 scriptum
772 4580 891 4639 est;
924 4570 1119 4627 SillIicit
1146 4571 1276 4625 mihi
1329 4570 1469 4625 scire
1503 4570 1644 4640 quod
1674 4568 1835 4623 credo
1863 4586 1875 4622 :
1906 4595 1960 4666 Β
2061 4572 2166 4626 Vll.
2211 4568 2317 4624 Sed
2363 4569 2520 4633 dicis,
2551 4576 2610 4622 ut
2653 4571 2706 4620 in
2747 4565 2854 4620 tuis
2903 4561 3098 4635 legitur
3145 4561 3365 4627 litteris,
3395 4580 3412 4614 α
3444 4555 3570 4636 quia

301 4661 429 4740 plus
453 4661 637 4719 autem
669 4677 769 4722 nec
814 4663 954 4729 vo'lo',
1008 4678 1109 4718 nec
1141 4662 1314 4732 cupio.
1350 4659 1407 4715 Si
1434 4662 1578 4714 enim
1606 4661 1744 4715 scire
1782 4676 1878 4713 v0-

303 4753 478 4823 l'uei'i)‘,
523 4743 576 4812 et
615 4753 720 4812 h’o'c
766 4748 964 4826 incipio
1011 4753 1252 4826 perdere,
1288 4753 1428 4825 quod
1462 4753 1662 4812 credo:
1697 4753 1881 4807 ﬁdeles

305 4845 559 4918 diciniur,
596 4849 704 4907 ἤδη
731 4849 1019 4907 rationales
1046 4837 1199 4922 [Ma.,
1231 4847 1614 4920 ratiocinales].
1647 4849 1886 4919 Denique

305 4931 508 5002 dicitur
536 4945 592 4999 et
617 4947 646 4997 a'
671 4927 898 4999 iibmin'o
921 4984 934 4996 .
985 4931 1195 5004 Credis,
1244 4939 1387 5010 quod
1413 4955 1511 5011 ego
1538 4955 1754 5010 possum
1783 4939 1882 4992 hoc

305 5029 489 5092 facere
513 5029 538 5088 Ῥ
566 5031 633 5088 Et
661 5033 857 5090 dicitur
879 5021 946 5088 ad
966 5029 1243 5088 mulierem
1274 5050 1285 5084 :
1320 5027 1480 5085 Fides
1502 5041 1590 5085 ma
1615 5041 1661 5084 te
1685 5029 1881 5084 salvam

303 5119 431 5200 fecit
457 5117 677 5200 (Matth.
705 5127 780 5192 ix,
810 5113 924 5197 εξ),
954 5139 1062 5178 non
1102 5123 1260 5189 ratio,
1305 5138 1409 5177 non
1455 5121 1750 5192 inquisitio,
1777 5139 1882 5176 non

303 5209 496 5288 quare,
529 5207 616 5272 vel
643 5209 811 5286 quate
858 5207 1054 5271 factum
1101 5213 1188 5270 sit.
1221 5213 1482 5280 credidit,
1534 5216 1658 5285 quia
1711 5207 1884 5278 ﬁeret,

303 5309 363 5367 et
389 5299 592 5382 factum
618 5315 703 5365 est
731 5293 883 5382 [Μεη
913 5311 967 5362 et
1003 5305 1202 5362 factum
1227 5316 1308 5363 est
1343 5308 1468 5378 quia
1499 5307 1771 5380 credidit].
1809 5329 1827 5361 υ

385 5373 471 5456 Vi.
495 5393 671 5456 Simili
691 5373 848 5456 ntde
870 5373 925 5455 et
948 5397 1199 5470 "praefatus
1220 5373 1381 5454 Pater
1401 5393 1692 5470 Gregorius
1716 5373 1770 5454 in
1795 5400 1891 5454 ho-

385 5569 414 5648 ἐ
451 5569 511 5648 s.
542 5576 730 5648 ρνεεη
752 5575 911 5648 ,hom-
943 5571 974 5648 7
1003 5573 1056 5629 ιη
1088 5571 1291 5648 Eme:

387 5589 414 5648 ις
451 5589 511 5631 :5.
542 5589 730 5647 6reg.,
766 5589 911 5631 nom.
943 5589 972 5629 Ἰ
1003 5589 1056 5629 ιιι
1088 5589 1234 5628 uvan
1279 5613 1291 5626 .

387 5645 418 5688 ³
454 5647 513 5702 S.
545 5646 720 5713 Hicin,
748 5647 803 5700 in
849 5646 983 5716 psal.
1031 5659 1218 5701 xcvm.
1241 5589 1446 5707 ζει-Μ,
1471 5657 1622 5716 _qute_
1643 5641 1745 5716 hoc
1775 5641 1890 5716 loco

310 5713 387 5794 ab
403 5717 636 5794 Algqu
665 5713 996 5794 referuntur,
1017 5727 1122 5772 non
1148 5723 1364 5794 exstant
1394 5715 1448 5768 in
1470 5713 1660 5794 Brevia
1669 5713 1752 5794 rio
1775 5714 1892 5766 vul-

317 5783 446 5874 sae
475 5785 534 5874 ξ·
549 5787 1150 5874 ,Βίεξοθιιξξῖςλεδειεηὲ
1173 5801 1307 5874 νθτίξ
1323 5783 1891 5874 ξιξνβιυξὲἱξεέέυοηφ·

298 5847 441 5946 ,δίῶ
624 5853 680 5917 ti
715 5847 1054 5916 bibliothecae
1100 5855 1414 5914 monasterii
1467 5851 1635 5911 nostri
1666 5853 1721 5910 S.
1762 5849 1892 5908 Eni—-

1985 4663 2133 4718 nullo
2159 4663 2316 4716 modo
2343 4660 2670 4716 cr’edendum
2704 4667 2802 4719 est,
2830 4665 2890 4711 ut
2922 4655 3263 4726 omnipotens
3302 4653 3444 4709 Deus
3467 4653 3572 4708 Pa-

1985 4764 2092 4820 ter,
2117 4755 2206 4823 qui
2232 4751 2455 4821 spiritus
2485 4761 2586 4814 est,
2619 4748 2684 4802 de
2707 4747 2997 4816 semetipso
3026 4761 3245 4801 carnem
3276 4733 3516 4818 generet.
3543 4761 3562 4794 ›

1987 4845 2103 4908 Dic,
2137 4858 2286 4913 rogo,
2317 4843 2362 4896 si
2395 4841 2535 4896 scias
2576 4848 2628 4895 te
2659 4840 2894 4894 animam
2923 4837 3142 4902 habere,
3174 4849 3242 4891 an
3273 4823 3413 4892 non?
3442 4827 3572 4890 Nul-

1985 4938 2198 4991 latcnus
2228 4923 2377 4988 tanta
2414 4941 2497 4987 est
2523 4932 2824 5002 ignorantia
2849 4932 2906 4988 in
2939 4939 3014 4996 te,
3038 4939 3096 4985 ut
3136 4930 3348 4985 nescias
3374 4933 3426 4984 te
3456 4927 3572 4982 ani-

1988 5044 2130 5082 mam
2174 5028 2392 5082 habere.
2429 5013 2545 5080 Scis
2583 5024 2744 5078 etiam
2780 5025 2989 5093 patrem
3020 5029 3073 5076 te
3101 5017 3352 5076 habuisse
3372 5035 3567 5075 carna-

1987 5117 2114 5182 lem,
2142 5133 2208 5171 ex
2251 5115 2403 5182 cujus
2440 5129 2600 5168 carne
2638 5111 2835 5177 aniina,
2866 5129 2985 5182 quae
3023 5119 3106 5167 est
3141 5112 3195 5165 in
3235 5120 3308 5177 te,
3348 5111 3454 5165 non
3490 5105 3572 5163 eat

1987 5215 2296 5280 procreata,
2328 5223 2428 5261 nec
2456 5215 2727 5276 generata,
2760 5215 2820 5260 ut
2843 5203 3107 5261 catholica
3131 5187 3264 5260 ﬁdes
3294 5187 3474 5258 habet.
3503 5197 3570 5254 Et

1991 5299 2258 5369 quomodo
2285 5306 2461 5370 potest
2489 5297 2626 5363 ﬁeri,
2669 5293 2727 5352 ut
2772 5289 2824 5351 tu
2854 5295 2965 5367 ipse
2992 5293 3138 5352 totus
3171 5295 3244 5352 sis
3291 5287 3367 5348 tu'i
3399 5289 3570 5363 patris

1991 5391 2242 5478 pr0prius
2284 5389 2426 5446 ﬁlius
2455 5399 2508 5446 et
2537 5392 2716 5457 verus,
2747 5406 2815 5446 ex
2849 5388 3001 5462 cujus
3045 5391 3208 5446 carne
3255 5389 3343 5442 tua
3388 5383 3568 5440 anima

1990 5571 2238 5637 merami,
2266 5575 2448 5625 notato
2478 5563 2626 5622 num.
2676 5567 2801 5623 154.
2854 5566 2954 5634 Qui
3001 5563 3244 5637 continet
3269 5557 3563 5637 tractatam

1991 5627 2350 5700 dePsalt'erio
2386 5641 2484 5695 sub
2531 5640 2748 5694 nomine
2780 5638 2838 5692 S.
2865 5627 3218 5704 "Hieronymi,
3272 5629 3332 5685 in
3378 5627 3566 5688 multis

1991 5719 2061 5771 ab
2084 5715 2252 5771 editis
2280 5712 2633 5768 diﬁ'erentem.
2935 5769 2975 5771 _
3523 5751 3526 5754 .

2067 5769 2107 5827 ε’
2135 5769 2193 5842 S.
2223 5785 2382 5856 Greg.
2417 5783 2509 5850 M.,
2535 5777 2724 5838 homil.
2750 5773 2824 5830 22
2843 5772 2906 5830 in
2932 5769 3166 5850 Evang.,
3187 5787 3344 5840 mm.
3366 5773 3427 5836 8.
