4072 6346
537 363 635 422 I67

1386 360 1448 419 B.
1483 360 1546 419 F.
1582 362 1811 423 ALBINI
1848 360 1981 423 SEU
2012 359 2289 421 ALCUINI
2318 358 2604 421 OPERUM
2637 356 2816 419 PARS
2849 355 2936 418 ΠΙ.

3688 356 3795 424 168

530 499 640 541 ιιοιι
668 488 751 538 est
779 482 1064 553 generata?
1082 480 1152 537 At
1172 481 1217 537 si
1243 482 1470 551 teipsum
1492 482 1796 537 consentias
1820 480 2099 552 proprium
2126 480 2179 540 Α
2204 494 2302 549 pos
2322 486 2407 534 est
2428 477 2606 533 Patris
2633 478 2925 533 secundum
2950 474 3337 531 humanitatem
3359 473 3632 543 Christus,
3660 476 3792 548 quia

531 587 652 628 esse
689 570 857 626 ﬁlium
883 573 1055 642 patris
1088 570 1163 625 tui
1190 587 1309 626 cum
1340 571 1517 625 anima
1545 578 1598 626 et
1628 585 1813 635 carne,
1861 570 2106 639 quamvis

532 680 660 719 caro
702 665 815 719 sola
852 664 916 719 de
946 664 1242 718 substantia
1284 663 1453 733 patris
1496 672 1547 718 et
1595 666 1783 718 matris
1821 669 2108 732 procreata

531 757 604 811 sit
628 775 641 810 :
668 771 796 827 ergo
818 755 985 809 multo
1011 754 1185 825 magis
1215 754 1481 825 perpende
1509 754 1682 808 oculis
1710 754 1905 819 cordis,
1945 762 2003 809 ut
2032 755 2109 807 in-

531 848 739 920 telligas
780 848 877 902 Dei
918 846 1096 902 Patris
1122 846 1303 902 Jesum
1335 846 1605 902 Christum
1636 848 1691 900 in
1728 857 1954 916 utraque
1984 848 2108 901 sub-

530 942 730 997 stantia
774 942 1048 1011 proprium
1098 939 1291 994 Filium
1336 947 1390 993 et
1428 955 1614 993 verum
1659 938 1771 993 ﬁeri
1818 955 1992 1008 posse.
2024 938 2108 993 An

531 1036 676 1092 illius
705 1036 945 1105 potentia
976 1035 1029 1089 in
1058 1034 1163 1089 hoc
1196 1033 1461 1103 impotens
1487 1041 1588 1097 est,
1621 1044 1679 1085 ut
1714 1032 1815 1087 hoc
1854 1047 1958 1085 non
1986 1046 2109 1100 pos-

530 1127 602 1182 sit
630 1125 892 1196 perﬁcere
923 1126 976 1179 in
1006 1124 1117 1178 tilio
1160 1138 1275 1187 suo,
1308 1123 1448 1192 quod
1476 1122 1530 1176 in
1561 1124 1765 1177 cunctis
1803 1122 2108 1176 hominibus

530 1217 660 1273 facit
681 1218 832 1271 ﬁeri?
855 1217 961 1271 Aut
991 1225 1114 1271 tuus
1137 1223 1291 1286 pater
1330 1216 1602 1284 potentior
1637 1222 1720 1269 est
1757 1213 1868 1267 Deo
1910 1213 1963 1267 in
2009 1214 2108 1267 hac

529 1318 704 1378 parte,
733 1318 787 1363 et
817 1310 992 1378 potuit
1019 1316 1072 1361 te
1098 1307 1373 1376 proprium
1412 1306 1582 1360 ﬁlium
1612 1306 1810 1359 habere
1832 1320 1898 1358 ex
1928 1302 2108 1356 anima

529 1408 585 1455 et
609 1412 854 1470 corpore,
884 1400 1051 1471 816
1079 1398 1200 1453 licet
1225 1398 1403 1451 anima
1435 1396 1647 1450 aliunde
1672 1395 1743 1450 sit
1770 1394 1980 1463 corpori
2010 1393 2108 1446 im-

534 1489 732 1543 missa”
762 1487 819 1544 Si
846 1504 975 1544 vero
1009 1487 1184 1543 nullus
1225 1487 1475 1557 proprius
1515 1486 1658 1540 ﬁlius
1687 1493 1742 1540 et
1768 1501 1929 1541 verus
1956 1493 2109 1555 pote-

530 1578 603 1633 rit
628 1588 767 1643 esse,
808 1578 912 1633 nisi
956 1594 1023 1633 ex
1068 1577 1368 1632 substantia
1396 1575 1573 1631 Patris
1610 1584 1752 1631 totus
1794 1584 1952 1630 natus
2003 1574 2102 1640 sit;

530 1687 657 1742 ergo
697 1671 751 1726 in
796 1671 943 1726 omni
974 1673 1210 1725 humano
1240 1670 1416 1724 nullus
1444 1677 1599 1738 pater
1627 1669 1787 1723 habet
1830 1668 2104 1738 proprium

532 1763 699 1819 ﬁlium
725 1773 780 1818 et
802 1778 1012 1829 verum,
1036 1763 1139 1817 nisi
1165 1770 1372 1817 tantum
1405 1761 1471 1815 de
1494 1776 1656 1815 carne
1687 1760 1818 1815 sola.
1853 1759 2101 1824 Videsne,

2207 584 2241 625 a
2270 569 2365 623 Dei
2400 569 2537 623 Filio
2559 577 2864 639 assumptus
2886 576 2968 624 est
3002 569 3182 633 homo,
3222 568 3328 634 vel,
3359 575 3419 622 ut
3449 577 3503 623 tu
3529 570 3635 631 vis.
3663 572 3796 626 ado-

2205 670 2409 733 ptatus.
2442 661 2555 715 Non
2583 676 2711 731 ergo
2737 661 2913 717 omnis
2952 660 3244 729 assumptio
3269 660 3486 729 adoptio
3506 668 3609 716 est.
3635 661 3797 733 Legi-

2206 758 2296 807 tur
2338 753 2391 806 in
2440 751 2728 822 Evangelio
2768 753 2833 807 de
2872 750 3111 816 Christo,
3164 752 3307 821 quod
3347 754 3628 823 assumpsit
3672 770 3797 807 eum

2208 842 2467 907 diabolus,
2501 851 2549 896 et
2576 829 2757 897 stam
2801 860 2957 912 super
2980 842 3321 913 pinnaculum
3366 843 3542 915 templi
3571 843 3794 916 (Matth.

2208 952 2283 1001 1v,
2313 937 2389 1009 5).
2421 938 2479 991 In
2517 953 2619 1006 qua
2664 938 3030 1007 assumptione
3060 937 3258 993 diaboli
3297 937 3442 992 nulla
3471 946 3648 1009 potest
3671 940 3799 994 esse

2210 1026 2448 1095 adeptio,
2480 1026 2571 1080 sed
2598 1041 2764 1096 prava
2800 1027 3045 1081 tentatio.
3074 1027 3335 1082 Placitum
3368 1042 3514 1092 vero,
3546 1031 3669 1097 quis
3697 1044 3801 1083 ne-

2210 1117 2332 1180 scit,
2362 1116 2413 1169 in
2446 1118 2630 1171 multis
2673 1119 2834 1173 rebus
2871 1134 2989 1173 esse
3037 1134 3217 1189 posse,
3264 1134 3365 1175 nec
3407 1120 3462 1174 in
3503 1121 3799 1190 adoptione

2209 1206 2357 1261 sola?
2385 1205 2645 1262 Similiter
2672 1216 2726 1261 et
2754 1209 3054 1279 applicatio.
3099 1210 3233 1264 Nam
3263 1210 3460 1279 sapius
3501 1210 3697 1282 legitur
3740 1213 3798 1267 in

2208 1298 2449 1355 historiis
2481 1317 2493 1353 :
2526 1301 2594 1355 Et
2615 1301 2869 1370 applicuit
2890 1302 2995 1356 dux
3019 1302 3107 1358 ille
3133 1303 3216 1357 vel
3236 1302 3323 1358 ille
3348 1311 3527 1359 castra
3556 1305 3625 1360 ad
3653 1305 3800 1362 hanc

2208 1390 2293 1445 vel
2321 1393 2386 1444 ad
2417 1391 2561 1445 illam
2590 1392 2883 1448 civitatem.
2902 1392 2958 1448 Si
2981 1395 3267 1464 applicatio
3296 1403 3380 1451 est
3400 1396 3639 1467 adoptio,
3662 1413 3800 1467 ergo

2208 1480 2482 1549 adoptavit
2511 1481 2781 1537 civitatem
2814 1484 2914 1539 sibi
2944 1485 2997 1538 in
3026 1484 3216 1551 ﬁlium,
3247 1500 3408 1555 quam
3443 1488 3617 1559 magis
3643 1490 3799 1546 venit

2208 1570 2499 1625 debellare.
3116 1566 3121 1575 ¹

2276 1658 2365 1713 ΙΧ.
2395 1659 2535 1715 Ecce
2563 1669 2617 1715 et
2646 1661 2734 1717 hic
2758 1677 2899 1717 caeca
2927 1663 3155 1719 stultitia
3181 1673 3271 1720 tua
3305 1673 3358 1722 et
3378 1666 3595 1724 indocta
3623 1677 3799 1727 teme-

2206 1751 2341 1807 ritas
2388 1762 2629 1823 apparet,
2676 1769 2781 1823 qua
2814 1770 2918 1808 non
2948 1755 3224 1827 intelligis,
3256 1772 3418 1826 quam
3463 1760 3689 1815 adversa
3738 1769 3799 1816 et

526 1855 583 1912 in
609 1862 864 1926 quantam
893 1854 1175 1909 stultitiam
1202 1854 1303 1907 iste
1334 1862 1455 1906 tuus
1486 1867 1679 1907 sensus
1706 1850 2022 1914 devolvitur,
2051 1856 2104 1903 et
2138 1831 2180 1890 Β
2208 1848 2476 1897 contraria
2520 1845 2664 1899 omni
2716 1846 2909 1900 rationi
2948 1848 3102 1915 ponis
3144 1856 3197 1902 el
3238 1848 3544 1917 conﬁrniaS,
3593 1852 3799 1908 addere

528 1960 690 2015 quam
716 1944 984 2000 contraria
1012 1943 1158 1998 omni
1188 1941 1381 1997 rationi
1412 1950 1465 1995 et
1486 1941 1630 1994 omni
1662 1941 1897 1994 humano
1923 1938 2105 2010 generi

528 2039 758 2095 asseris?
793 2036 892 2091 Tui
928 2036 1092 2107 igitur
1121 2035 1289 2105 ipsius
1317 2042 1474 2088 utens
1501 2033 1745 2102 exemplo
1775 2042 1827 2087 et
1876 2033 2106 2101 teipsum

528 2129 899 2191 considerans,
939 2126 1324 2196 proprietatem
1369 2124 1485 2190 ﬁlii,
1521 2140 1682 2193 quam
1722 2124 1775 2176 in
1804 2132 1855 2177 te
1886 2124 2104 2188 asseris,

526 2236 792 2291 cognosce
838 2220 893 2274 in
938 2219 1076 2273 Filio
1116 2219 1213 2273 Dei
1260 2216 1380 2273 ﬁeri
1420 2233 1618 2287 posse:
1649 2225 1702 2271 et
1746 2218 1835 2286 qui
1880 2218 2107 2287 teipsum

528 2312 768 2367 dividere
799 2325 908 2363 non
935 2309 1016 2363 vis
1046 2316 1267 2377 propter
1307 2308 1540 2360 animam
1569 2316 1624 2361 et
1650 2323 1866 2362 carnem
1897 2308 1949 2361 in
1974 2308 2108 2363 duos

526 2401 689 2467 ﬁlios,
730 2401 1006 2470 proprium
1053 2399 1260 2454 scilicet
1305 2408 1359 2452 et
1409 2398 1716 2468 adoptivum
1748 2416 1759 2450 :
1786 2413 1850 2452 ea
1900 2398 2107 2451 ratione

529 2509 631 2549 nec
656 2492 933 2548 Christum
970 2492 1210 2546 dividere
1240 2499 1414 2545 tentes
1457 2491 1511 2544 in
1546 2491 1681 2545 duos
1713 2489 1852 2543 ﬁlios
1886 2497 2107 2559 propter

524 2584 777 2655 perfectae
824 2584 1120 2638 divinitatis
1166 2591 1218 2638 et
1259 2582 1512 2652 perfectae
1552 2584 1905 2637 humanitatis
1952 2592 2107 2637 natu-

526 2693 662 2742 ram,
693 2677 819 2746 quia
846 2691 984 2729 unus
1007 2683 1091 2729 est
1120 2674 1383 2728 mediator
1406 2683 1589 2729 noster
1617 2672 1775 2728 Jesus
1796 2674 2064 2728 Christus.

594 2768 724 2822 Vlll.
758 2768 1015 2837 Sequitur
1038 2767 1091 2821 in
1118 2774 1269 2821 textu
1300 2765 1461 2821 libelli
1486 2766 1561 2820 tui
1589 2783 1600 2818 :
1636 2784 1654 2814 ‹
1684 2765 1867 2835 Igitur,
1902 2767 2101 2834 inquis,

523 2861 569 2916 si
615 2860 918 2930 adoptionis
946 2873 1143 2913 nomen
1174 2858 1228 2911 in
1272 2856 1489 2912 Christo
1536 2857 1764 2911 Domino
1807 2858 2102 2911 secundum

524 2968 743 3010 carnem
780 2951 925 3005 claro
953 2959 1246 3020 apertoque
1275 2964 1526 3003 sermone
1568 2950 1621 3002 in
1651 2958 1881 3018 utroque
1919 2950 2105 3003 Testa-

523 3053 729 3105 mento,
766 3048 825 3095 ut
852 3056 944 3095 vos
988 3040 1333 3106 contenditis,
1375 3040 1613 3108 reperire
1652 3042 1965 3109 nequimus;
2000 3058 2102 3095 ca;-

519 3141 636 3189 tera
668 3142 843 3187 tamen
866 3132 1069 3197 omnia,
1094 3148 1212 3201 quae
1236 3132 1537 3201 adoptionis
1561 3135 1724 3189 verbo
1753 3135 2093 3193 Conveniunt,

2212 1931 2418 2005 [Forle,
2467 1935 2688 2008 addens]
2721 1937 2883 1991 etiam
2913 1956 2925 1991 :
2958 1936 3028 1991 Ut
3062 1948 3271 2009 propter
3312 1958 3498 1997 nomen
3539 1946 3673 1999 servi
3699 1946 3796 1999 osit

2206 2044 2409 2098 quoque
2437 2029 2745 2099 adoptivus;
2776 2047 2883 2085 non
2910 2032 3212 2104 intelligens
3243 2036 3382 2105 apud
3421 2038 3657 2106 priorem
3696 2054 3798 2109 po-

2206 2119 2414 2187 pulum,
2440 2120 2531 2188 qui
2565 2124 2696 2175 dura
2741 2120 2874 2192 legis
2916 2124 3175 2179 servitute
3223 2125 3494 2194 subjectus
3534 2138 3635 2195 est,
3666 2143 3799 2201 pro-

2207 2217 2327 2278 pter
2356 2225 2609 2280 magnum
2638 2213 2954 2269 humilitatis
2980 2228 3398 2283 sacramentum,
3429 2220 3797 2291 dispensatio-

2207 2315 2438 2370 nemque
2467 2317 2607 2357 verte
2646 2305 3018 2374 humanitatis,
3061 2324 3274 2365 servum
3316 2327 3346 2365 a
3374 2317 3651 2383 prophetis
3692 2333 3799 2375 no-

2208 2392 2401 2445 minari
2439 2392 2729 2449 Christum.
2772 2397 3054 2467 Aliquibus
3099 2401 3153 2454 in
3194 2401 3326 2457 locis
3370 2404 3611 2474 legimus.
3645 2407 3799 2465 Inter

2207 2482 2346 2536 ﬁlios
2380 2485 2643 2552 siquidem
2673 2489 2876 2556 gratim,
2907 2489 2960 2543 id
2996 2500 3098 2556 est,
3146 2492 3201 2546 in
3234 2509 3373 2549 novo
3401 2498 3595 2565 populo
3618 2498 3797 2557 Filius

2206 2576 2402 2645 ubique
2430 2579 2756 2634 nominatur.
2786 2582 2915 2648 Quae
2941 2586 3200 2640 vocabula
3243 2588 3299 2640 in
3343 2588 3478 2644 Isaia
3525 2593 3796 2663 propheta

2204 2670 2488 2725 manifeste
2536 2673 2765 2740 quodam
2815 2675 2868 2727 in
2915 2676 3031 2732 loco
3075 2679 3495 2749 distinguuntur,
3524 2684 3618 2738 ubi
3667 2686 3794 2741 ait:

2205 2759 2465 2816 Parvulas
2506 2775 2659 2819 natus
2700 2776 2771 2819 est
2815 2768 2982 2832 nobis,
3022 2778 3069 2823 et
3109 2769 3281 2825 Filius
3323 2773 3479 2827 datus
3522 2785 3596 2829 est
3641 2778 3794 2831 nobis

2205 2850 2358 2922 (Isai.
2393 2870 2468 2917 ιχ,
2495 2854 2570 2925 6).
2602 2856 2703 2920 Qui
2736 2854 2834 2911 fuit
2860 2860 3114 2927 parvulus
3138 2861 3221 2916 vel
3250 2877 3438 2919 servus
3459 2867 3599 2935 apud
3624 2882 3793 2937 syna-

2201 2960 2391 3015 gogam
2436 2948 2487 2999 in
2534 2951 2721 3002 umbra
2765 2951 3107 3019 servientem,
3157 2957 3296 3026 apud
3327 2956 3683 3026 Christianos,
3731 2960 3793 3015 in

2202 3038 2321 3093 luce
2367 3042 2632 3096 libertatis
2668 3043 2926 3108 viventes,
2965 3045 3133 3101 Filius
3176 3057 3280 3103 est.
3308 3048 3480 3115 Quam
3509 3051 3795 3107 discretio-

2203 3146 2323 3185 nem
2357 3132 2451 3185 ﬁlii
2483 3142 2536 3186 ct
2564 3136 2702 3188 servi
2732 3136 2844 3204 ipse
2873 3153 3087 3207 quoque
3119 3139 3377 3195 Dominus
3414 3143 3467 3196 in
3495 3143 3793 3214 Evangelia

1058 3195 1061 3197 .
1112 3195 1127 3201 -
1340 3195 1355 3201 -
2750 3195 2765 3204 .
2892 3195 2907 3205 ,
3000 3195 3015 3207 ,
3495 3195 3786 3214 _._--,,_-_-

519 3228 575 3282 in
616 3226 813 3283 divinis
865 3225 1016 3279 libris
1057 3226 1351 3294 perspicue
1379 3232 1539 3293 atque
1591 3226 1873 3281 manifeste
1919 3228 2098 3281 multis
2128 3195 2173 3255 C
2205 3223 2485 3292 designare
2514 3225 2740 3287 videtur,
2764 3224 2855 3279 ubi
2877 3228 2952 3280 ait
2982 3246 2993 3279 :
3025 3227 3215 3284 Servus
3239 3247 3341 3285 non
3360 3244 3532 3287 manet
3556 3236 3607 3287 in
3629 3235 3788 3290 domo

520 3318 697 3373 modis
726 3317 1084 3386 reperiuntur.
1112 3315 1244 3369 Nam
1278 3317 1425 3385 quid,
1450 3333 1659 3386 quisse,
1686 3327 1766 3373 est
1794 3320 2011 3371 cuilibet
2040 3320 2100 3371 ﬁ-

517 3408 591 3465 lio
635 3409 868 3478 ad0ptio,
904 3408 1005 3462 nisi
1048 3408 1271 3473 electio,
1319 3409 1421 3463 nisi
1456 3411 1647 3480 gratia,
1694 3412 1794 3465 nisi
1825 3412 2094 3475 voluntas,

518 3503 625 3557 nisi
655 3501 968 3569 assumptio,
998 3501 1099 3553 nisi
1133 3502 1427 3569 susceptio,
1455 3502 1556 3555 nisi
1587 3502 1841 3570 placitura
1877 3520 1969 3557 seu
2006 3520 2099 3572 ap-

515 3592 769 3662 plicatio?
796 3590 924 3657 Quae
952 3590 1204 3645 universa
1244 3590 1388 3644 nullo
1432 3592 1589 3645 modo
1632 3594 1847 3661 proprio
1876 3610 1937 3647 ac
1969 3610 2097 3648 vero

516 3683 628 3739 ﬁlio
658 3683 943 3737 convenire
980 3692 1200 3751 queunt.
1234 3682 1291 3736 Si
1332 3684 1455 3752 quis
1500 3698 1629 3737 vero
1676 3684 1727 3736 in
1760 3684 1959 3738 Christi
1993 3687 2094 3739 hu-

516 3776 834 3829 manitatem
884 3774 1183 3845 adoptionis
1241 3775 1467 3844 gratiam
1514 3792 1710 3846 negare
1756 3777 1886 3841 vult,
1937 3780 2096 3832 simul

516 3874 732 3932 cuncta,
770 3881 888 3935 qua:
927 3866 1098 3921 dictas
1125 3863 1333 3937 [Forte,
1365 3866 1505 3920 dicta
1554 3866 1700 3939 sunt]
1738 3883 1859 3923 cum
1906 3870 2093 3923 eadem

516 3958 803 4029 adoptione
830 3957 884 4011 in
914 3972 980 4012 eo
1008 3971 1204 4028 negare
1240 3957 1470 4012 studeat.
1498 3977 1516 4010 ›
1538 3957 1677 4025 Quid
1700 3961 1913 4026 hormn,
1943 3976 2092 4030 rogo,

515 4068 635 4122 qua:
679 4049 1030 4122 proposuisti,
1058 4050 1112 4103 in
1157 4050 1375 4121 proprio
1426 4050 1535 4104 ﬁlio
1581 4050 1695 4105 ﬁeri
1743 4066 1848 4105 non
1886 4052 2095 4120 potest?

513 4142 766 4214 Nunquid
803 4159 909 4197 non
953 4140 1124 4195 David
1156 4156 1253 4195 rex
1297 4139 1499 4208 majore
1530 4143 1700 4209 gratia
1749 4142 1907 4213 elegit
1943 4142 2095 4198 Salo-

511 4250 728 4289 monem
757 4234 1036 4304 proprium
1080 4233 1248 4287 ﬁlium
1287 4247 1441 4286 suum
1484 4248 1848 4288 successorem
1880 4237 1979 4290 sibi
2010 4253 2095 4292 re-

511 4324 623 4396 gni,
661 4339 823 4393 quam
868 4323 1002 4378 alios
1029 4322 1169 4377 ﬁlios
1217 4322 1481 4391 proprios,
1510 4339 1647 4393 quos
1692 4325 1909 4379 habuit?
1953 4327 2092 4382 Ecce

509 4412 684 4481 major
724 4412 896 4483 gratia
927 4411 1118 4482 patris,
1154 4412 1326 4481 major
1366 4412 1633 4478 voluntas,
1678 4413 1956 4486 majorque
1984 4418 2093 4472 ele-

510 4506 619 4562 ctio
660 4506 714 4559 in
752 4519 817 4559 eo
855 4503 979 4563 fuit,
1011 4519 1172 4572 quam
1214 4504 1266 4557 in
1311 4504 1427 4557 aliis
1466 4505 1589 4559 ﬁliis
1622 4507 1755 4572 suis,
1784 4506 1909 4562 licet
1935 4518 1989 4563 et
2014 4510 2088 4564 illi

506 4596 709 4667 proprii
740 4603 922 4651 essent
946 4593 1060 4647 ﬁlii.
1093 4592 1198 4648 Sed
1230 4610 1327 4649 nec
1357 4597 1532 4651 oumis
1569 4600 1864 4667 assumptio
1909 4610 2086 4670 potest

507 4697 628 4742 eSse
662 4686 903 4755 adoptio;
935 4686 1225 4754 assumpsit
1248 4686 1391 4741 enim
1432 4687 1525 4741 Dei
1567 4688 1733 4744 Filius
1760 4705 1979 4746 carnem
2017 4707 2084 4750 ex

508 4784 665 4830 utero
712 4775 959 4844 virginali
1008 4774 1062 4828 in
1105 4776 1364 4829 unitatem
1419 4793 1528 4832 sua:
1565 4793 1829 4846 personae,
1872 4797 1977 4836 non
2028 4783 2082 4837 in

510 4882 728 4923 carnem
756 4873 1009 4929 mutatus,
1040 4867 1134 4921 sed
1176 4875 1235 4921 ut
1260 4875 1403 4922 esset
1428 4871 1679 4939 proprius
1717 4870 1884 4927 Filius
1908 4873 2003 4928 Dei
2028 4875 2083 4928 in

508 4959 715 5016 duabus
754 4961 1091 5027 substantiis,
1134 4960 1228 5015 Dei
1274 4963 1477 5017 scilicet
1506 4973 1561 5018 et
1601 4965 1870 5026 hominis;
1917 4968 2082 5023 veluti

510 5060 636 5106 ante
674 5052 858 5106 fuitin
908 5068 1012 5107 una
1059 5060 1249 5107 natura
1294 5055 1545 5124 proprius
1588 5056 1683 5109 Dei
1730 5057 1896 5113 Filius
1948 5060 2081 5114 nihil

509 5145 763 5201 amittens
786 5147 929 5215 quod
959 5154 1098 5211 erat,
1126 5148 1373 5217 quamvis
1397 5151 1775 5219 assumpsisset
1805 5152 1945 5221 quod
1978 5169 2082 5209 non

507 5247 642 5304 erat,
675 5255 780 5294 non
806 5240 1121 5295 divisionem
1145 5240 1347 5298 faciens
1370 5243 1423 5297 in
1464 5259 1707 5314 personae
1728 5257 2081 5316 proprietate,

506 5347 607 5387 nec
648 5331 1074 5387 commistionem
1119 5335 1173 5387 in
1217 5343 1531 5390 naturarum
1580 5338 1973 5406 conjunctione.
2026 5341 2081 5396 Si

505 5432 686 5479 autem
715 5433 934 5495 propter
962 5429 1381 5497 assumptionem
1408 5430 1490 5483 vel
1511 5431 1902 5500 susceptionem
1933 5434 2083 5490 Chri-

504 5524 621 5571 stus
664 5517 946 5586 adoptivus
977 5526 1057 5573 est
1100 5520 1262 5583 ﬁlius,
1293 5521 1384 5589 qui
1429 5536 1493 5574 ex
1528 5521 1747 5592 Virgine
1777 5532 1936 5578 natus
1975 5534 2078 5591 est,

504 5604 656 5673 cujus
682 5622 927 5677 persona:
952 5608 1003 5662 in
1039 5617 1226 5663 sancta
1260 5608 1523 5664 Trinitate
1551 5611 1830 5680 adoptivus
1857 5629 1975 5668 esse
2001 5616 2079 5670 di-

504 5696 707 5751 cendus
731 5698 849 5753 est?
879 5698 1074 5767 Utique
1111 5699 1330 5754 omnino
1368 5700 1490 5755 Filii
1527 5718 1792 5772 personae.
1839 5706 1955 5777 ipse
1992 5725 2080 5765 as-

504 5789 735 5859 sumpsit
760 5791 1056 5857 hominem,
1086 5789 1171 5847 vel
1200 5793 1455 5863 suscepit.
1479 5794 1631 5864 Quod
1659 5799 1704 5855 si
1734 5800 1809 5856 ita
1852 5810 1957 5873 est,
1975 5819 2078 5862 ne-

2202 3315 2255 3366 in
2287 3326 2560 3379 (uernum,
2585 3316 2759 3371 Filius
2790 3328 2961 3374 autent
2985 3332 3159 3375 manet
3182 3324 3237 3376 in
3259 3334 3527 3379 (uernum.
3554 3327 3791 3398 Moxque
3876 3342 3879 3345 '

2201 3407 2469 3476 subjungit
2493 3408 2676 3462 dicens
2708 3428 2720 3461 :
2755 3408 2814 3463 Si
2853 3409 3023 3465 Filius
3046 3429 3131 3467 vos
3164 3413 3477 3483 liberaverit,
3504 3436 3614 3472 vere
3634 3419 3793 3474 liberi

2200 3498 2343 3549 eritis
2388 3498 2567 3568 (Joan.
2616 3516 2732 3564 Vlll,
2772 3500 2857 3565 55,
2889 3502 2997 3573 56).
3030 3504 3129 3570 Qui
3160 3507 3301 3576 apud
3333 3508 3576 3565 inﬁdeles
3616 3510 3793 3567 Filius

2199 3595 2282 3640 est
2327 3586 2464 3640 fabri
2511 3597 2563 3641 et
2604 3606 2792 3644 servus
2826 3610 2837 3643 :
2871 3594 3010 3661 apud
3053 3593 3236 3649 ﬁdeles
3277 3594 3443 3652 Filius
3470 3606 3553 3652 est
3578 3599 3692 3665 Dei,
3727 3610 3794 3656 et

2200 3675 2340 3731 Deus
2361 3694 2538 3733 verus.
3444 3694 3447 3697 ’

2270 3789 2337 3844 Χ.
2378 3792 2591 3859 Nescio,
2636 3811 2741 3864 qua
2769 3794 2944 3853 fronte
2975 3800 3310 3857 sacerdotem
3336 3802 3557 3872 Christi,
3588 3821 3621 3862 o
3643 3823 3791 3865 nove

2198 3886 2403 3951 doctor,
2460 3898 2511 3943 te
2565 3889 2872 3945 conﬁtearis
2917 3908 3058 3959 esse,
3109 3895 3235 3949 dum
3281 3895 3555 3953 Christum
3609 3900 3788 3957 Deum

2198 3978 2448 4049 denegas.
2474 3977 2641 4035 Judaei
2660 3981 2981 4038 claudebant
3006 4001 3165 4043 aures
3184 3991 3445 4059 corporis,
3475 4007 3543 4046 ne
3566 4001 3791 4063 aposto—

2196 4069 2305 4124 lum
2338 4072 2501 4141 817
2528 4072 2750 4126 Paulum
2785 4077 3165 4145 prmdicantem
3200 4083 3468 4149 audirent,
3500 4084 3788 4142 Christum

2195 4161 2363 4217 Deum
2392 4177 2512 4218 esse
2541 4182 2554 4217 :
2582 4164 2661 4218 Tu
2697 4166 2902 4223 claudis
2930 4172 3114 4226 oculos
3159 4176 3355 4240 cordis,
3406 4191 3472 4231 ne
3513 4178 3787 4248 intelligas

2194 4256 2439 4310 eumdem
2468 4258 2633 4312 Deum
2660 4274 2798 4316 esse.
2843 4263 2918 4318 De
2952 4281 3059 4335 quo
3090 4266 3203 4336 ipse
3230 4276 3478 4341 egregius
3518 4274 3788 4342 praedica-

2195 4355 2280 4401 tor
2307 4348 2383 4401 ait
2406 4367 2417 4403 :
2447 4349 2559 4403 Nos
2586 4361 2759 4407 autem
2777 4356 3126 4424 prwdicamus
3153 4358 3419 4415 Christum
3441 4364 3780 4433 cruciﬁxum,

2192 4439 2406 4496 Domini
2448 4442 2598 4513 [Leg.
2636 4444 2733 4499 Dei
2774 4447 2856 4500 hic
2894 4459 2941 4502 et
2985 4450 3151 4523 infra]
3184 4454 3420 4508 virtutem
3465 4466 3511 4510 et
3558 4455 3784 4513 Domini

2193 4532 2503 4599 sapientium
2535 4532 2586 4605 (1
2614 4531 2736 4587 Cor.
2766 4552 2805 4601 ι,
2831 4536 2919 4599 25,
2947 4537 3057 4609 24).
3079 4541 3144 4594 Εῑ
3172 4544 3389 4611 quidem
3429 4548 3693 4616 sapientia
3720 4557 3783 4603 et

2195 4621 2366 4677 virtus
2402 4622 2517 4687 Dei,
2552 4624 2779 4680 Domino
2820 4629 3001 4696 utique
3032 4629 3229 4702 [Locus
3272 4648 3578 4707 corruptus.
3611 4638 3780 4696 Forte

2193 4709 2291 4781 leg.
2318 4726 2336 4764 :
2362 4712 2430 4768 Et
2453 4713 2578 4783 quid
2602 4723 2683 4770 est
2709 4717 2968 4786 sapientia
2993 4730 3046 4774 et
3070 4723 3241 4778 virtus
3268 4727 3364 4781 Dei
3392 4729 3646 4786 Dominus
3669 4735 3783 4787 uti-

2191 4806 2339 4878 que].
2369 4806 2482 4861 Nos
2509 4826 2629 4879 ergo
2658 4811 3005 4880 pra’dicamus
3046 4814 3312 4873 Christum
3337 4826 3667 4893 cruciﬁxum,
3694 4828 3782 4881 in-

2191 4899 2326 4967 quit,
2353 4897 2555 4953 Judwis
2575 4900 2783 4970 quidem
2806 4905 3140 4975 scandalum,
3174 4913 3410 4981 gentibus
3432 4929 3601 4971 autem
3636 4920 3775 4972 stul-

2191 4989 2378 5042 titiam.
2405 4989 2548 5045 Crux
2580 4993 2724 5047 enim
2757 4986 2994 5064 Domini,
3020 5015 3140 5069 quae
3163 5003 3389 5059 stultitia
3417 5008 3779 5078 gentibus,.et

2190 5077 2388 5133 Judzeis
2435 5082 2745 5136 scandalum
2794 5083 2915 5152 fuit,
2963 5088 3062 5143 tibi
3101 5099 3390 5164 utrumque
3433 5077 3543 5153 est.
3586 5098 3776 5171 Neque

2189 5168 2332 5222 enim
2363 5177 2455 5222 aut
2485 5171 2711 5226 stultitia
2737 5172 2845 5228 ulla
2885 5176 3059 5247 major
3079 5190 3190 5249 est,
3222 5199 3384 5254 quam
3414 5203 3518 5243 non
3549 5168 3775 5247 credere

2188 5260 2402 5313 veritati
2429 5275 2443 5315 :
2470 5270 2564 5315 aut
2604 5262 2777 5332 majus
2822 5268 3156 5338 scandalum,
3187 5291 3345 5345 quam
3393 5280 3578 5337 audire
3625 5286 3774 5352 quod

2186 5365 2373 5406 verum
2418 5362 2500 5406 est
2530 5354 2687 5410 nolle.
2729 5355 2968 5415 Stultitia
2997 5363 3110 5418 visa
3157 5376 3239 5421 est
3281 5372 3546 5440 gentibus,
3585 5374 3775 5430 Domi-

2188 5458 2316 5499 num
2346 5444 2618 5516 cruciﬁgi;
2649 5456 2704 5503 et
2730 5447 2949 5517 Iudaeis,
2986 5453 3080 5509 Dei
3114 5456 3306 5513 Filium
3341 5462 3499 5528 mori,
3541 5465 3771 5520 scanda-

2182 5532 2292 5587 lum
2323 5532 2439 5589 fuit.
2473 5536 2578 5593 Par
2623 5538 2760 5595 forte
2793 5544 2965 5599 videri
3007 5550 3268 5618 potuisset
3294 5562 3349 5607 et
3395 5555 3641 5626 impietas
3674 5566 3769 5613 tua

2183 5638 2305 5679 cmn
2351 5623 2566 5691 Judmis,
2616 5630 2721 5685 nisi
2768 5635 2911 5702 quod
2960 5636 3012 5690 in
3060 5639 3164 5694 hoc
3211 5642 3381 5710 majus
3429 5623 3510 5700 est
3554 5648 3765 5703 crimen

2181 5724 2352 5783 tuum,
2397 5723 2539 5789 quod
2587 5723 2659 5777 illi
2691 5741 2814 5780 eum
2863 5731 3132 5798 negabant
3172 5734 3338 5789 Deum
3383 5752 3524 5805 esse,
3573 5738 3625 5793 in
3654 5755 3765 5809 quo

2178 5811 2356 5869 adhuc
2380 5816 2561 5886 passio
2586 5817 2905 5877 ostendebat
2931 5822 3206 5884 hominem
3242 5846 3255 5884 :
3287 5836 3345 5885 tu
3372 5845 3495 5887 eum
3525 5831 3764 5903 deneges
