4072 6346
254 280 359 338 169

968 257 1381 329 DOCMATICA.
1418 297 1484 308 --
1533 264 1690 318 ADY.
1733 256 2025 315 raucus!
2068 254 2243 310 unm
2285 250 2393 309 vn.
2436 282 2494 290 -
2541 248 2665 303 ue.
2711 247 2797 303 Ill.

3400 236 3502 293 1⁸10

253 396 445 457 Deum,
493 404 655 460 quem
697 387 807 456 jam
848 386 1171 443 resurrectio
1214 380 1461 453 prof‘avit
1516 379 1706 432 Deum.
1753 374 1830 427 Ac
1861 377 1906 434 Α
1935 369 2205 431 nonilitas,
2251 375 2475 425 veritas,
2523 373 2578 417 et
2604 360 2855 432 dignitas,
2893 374 2998 458 non
3029 354 3332 460 adoptionis
3357 369 3509 458 cont-

250 501 351 558 per
395 444 607 539 hoe'illi
646 495 770 535 eum
808 480 1265 549 persequebantur
1308 475 1361 526 in
1407 480 1575 534 terra,
1621 477 1672 522 tu
1709 482 1831 522 eum
1933 458 2117 512 muniO
2143 466 2266 510 Cum
2297 454 2527 516 cameris,
2559 451 2641 505 vel
2684 446 3097 558 nuncupationis
3141 444 3403 558 fragilitas
3429 446 3510 547 in-

250 574 601 648 persequeris
626 580 681 626 et
709 572 760 625 in
782 570 938 633 cosio,
969 568 1152 621 nolens
1177 566 1323 619 illum
1348 564 1517 617 Deum
1542 560 1835 632 przedicare

254 636 574 738 regnantem
600 664 655 717 in
681 661 841 725 coelo,
869 660 1020 730 cujus
1054 656 1353 711 ministerio
1383 653 1620 724 iungeris
1656 652 1708 705 in
1738 650 1837 703 Εοι
1936 639 2173 703 Christo.
2203 638 2296 707 qui
2325 643 2411 738 (ξεῖ
2434 636 2654 738 inferius,

1938 733 2066 787 tudo
2092 728 2405 789 divinitatis,
2434 725 2552 780 ﬁeri
2571 724 2774 795 potuit,
2804 720 3061 791 Apostolo
3084 724 3396 781 attestante,
3424 716 3515 785 qni

251 758 443 814 clesia.

1938 558 2019 604 ter
2037 555 2262 604 caeteros
2290 563 2303 598 :
2335 545 2461 613 quia
2490 543 2693 596 nullum
2720 540 3029 611 ﬁgmentum
3063 535 3430 607 appellationis
3458 538 3510 591 in

2704 642 2761 687 et
2786 632 2840 686 in
2879 645 2985 701 quo
3018 628 3192 684 omnis
3228 634 3312 683 est
3346 627 3517 696 pleni-

323 847 417 901 χι,
449 846 581 901 post
605 830 800 898 ιισηιη,
839 844 1022 911 itaque
1049 806 1511 895 ρηιιωριιεὶῖῖοηρπι
1540 835 1840 897 nominum,
1941 825 2018 878 ait
2046 824 2179 878 :Dei
2212 824 2348 876 enim
2378 818 2551 873 Filius
2596 818 2751 872 Iesus
2781 814 3033 911 Christus
3060 810 3519 911 qui—infobisnper

252 940 456 1010 quibus
478 937 754 992 Christum
790 934 978 988 niteris
1015 932 1341 987 conﬁrmare
1370 929 1674 997 adoptivum
1700 941 1840 988 esse,

1942 932 2035 969 nos
2076 913 2390 985 praedicatus
2409 919 2501 974 est,
2532 925 2625 980 per
2646 924 2727 961 me
2754 906 2843 978 [η.
2868 922 2972 959 non
3006 904 3104 973 fuit
3133 902 3254 975 Est]
3279 911 3327 959 et
3368 902 3514 963 Non,

255 992 415 1084 addis
458 1036 516 1082 et
548 1028 650 1081 hoc
684 1044 696 1077 :
731 1043 750 1074 ι
787 1010 1041 1091 Quisquis
1088 992 1533 1089 unumquodlibet
1577 1018 1843 1087 denegare

1966 1005 2032 1059 ed
2060 1004 2154 1057 Est
2183 1004 2237 1057 in
2274 1000 2364 1055 illo
2392 1001 2510 1071 fuit.
2550 998 2813 1069 Quotquot
2850 998 2986 1049 enim
3014 996 3381 1066 promissione;
3419 992 3520 1049 Dei

256 1117 586 1180 decreverit,
636 1116 764 1187 quia
810 1128 975 1168 unum
1013 1112 1219 1180 absque
1265 1109 1370 1165 alio
1420 1117 1566 1163 stare
1612 1107 1841 1176 nequit:

256 1211 388 1279 quin
442 1209 645 1279 potius,
701 1206 1011 1276 quicunque
1059 1202 1148 1257 ille
1196 1210 1302 1267 est,
1347 1200 1572 1255 rationis
1617 1199 1847 1252 veritate

256 1301 565 1363 convictus,
597 1298 727 1352 velit
763 1296 918 1358 nolit,
944 1304 1241 1366 negaturus
1264 1301 1348 1350 est
1374 1306 1497 1346 eum
1528 1306 1715 1345 verum
1750 1290 1847 1343 ho-

258 1392 487 1445 minem.
519 1409 538 1440 ι
585 1387 692 1442 Nos
719 1403 851 1441 vero
875 1401 1062 1439 verum
1100 1384 1374 1438 hominem
1403 1397 1521 1436 esse
1547 1380 1843 1445 Christum,

258 1489 315 1537 et
340 1495 532 1536 veram
558 1493 776 1533 carnem
815 1477 880 1530 de
922 1474 1131 1544 virgine
1166 1473 1543 1543 assumpsisse,
1582 1471 1849 1525 veraciter

258 1570 693 1649 et_ﬁducialiter
727 1568 1068 1623 conﬁtemur.
1114 1564 1222 1620 Sed
1261 1574 1316 1619 et
1357 1565 1480 1627 hoc,
1531 1563 1674 1632 quod
1723 1561 1842 1615 ais:

265 1681 285 1713 α
321 1662 425 1728 Qui
455 1677 625 1714 unum
655 1660 846 1714 horum
870 1659 1137 1728 denegare
1163 1654 1459 1719 contendit,
1491 1655 1633 1724 quod
1653 1661 1849 1708 cretera

1942 1107 2086 1163 sunt,
2109 1097 2163 1150 in
2188 1094 2278 1149 illo
2307 1094 2401 1148 Est
2421 1091 2506 1164 (ΙΙ
2530 1090 2654 1146 Cor.
2679 1106 2719 1157 ι,
2753 1089 2840 1153 l9,
2865 1086 2979 1159 20).

2013 1208 2183 1279 818
2208 1205 2346 1261 XIV.
2380 1204 2505 1258 Haec
2538 1210 2621 1256 est
2645 1216 2878 1270 namque
2908 1214 3114 1254 summa
3146 1199 3524 1269 disputationis

1946 1307 2174 1361 nostra);
2221 1311 2346 1349 nam
2377 1300 2475 1364 ego
2504 1294 2644 1357 dico,
2676 1300 2731 1346 et
2759 1307 2865 1346 non
2893 1290 3037 1345 solus
3064 1305 3185 1360 ego,
3213 1292 3307 1345 sed
3331 1300 3385 1345 et
3413 1300 3523 1347 tota

1947 1391 2276 1446 unanimitas
2298 1388 2578 1443 catholica:
2617 1386 2870 1440 Ecclesize
2901 1386 2988 1455 pia
3021 1384 3335 1439 credulitate
3363 1393 3527 1440 testa-

1950 1491 2058 1547 tur,
2082 1481 2253 1536 Deum
2283 1494 2402 1535 esse
2440 1478 2712 1533 Christum
2739 1484 2794 1532 et
2819 1476 3012 1531 Filium
3046 1476 3137 1531 Dei
3164 1492 3371 1541 verum,
3420 1477 3528 1531 imo

1948 1591 2136 1631 verum
2161 1574 2351 1637 Deum,
2382 1572 2473 1643 qui
2497 1582 2655 1627 natus
2674 1579 2756 1625 est
2784 1571 2849 1625 de
2878 1570 3080 1639 Spiritu
3122 1576 3309 1624 sancto
3336 1576 3390 1624 et
3418 1569 3529 1623 Ma-

1951 1669 2032 1723 ria
2057 1666 2266 1738 virgine
2299 1679 2313 1720 :
2345 1674 2401 1721 tu
2430 1664 2565 1720 dicis
2594 1663 2843 1719 eumdem
2873 1678 2992 1717 esse
3021 1663 3330 1731 adoptivum
3360 1660 3528 1716 ﬁlium

259 1763 409 1809 stare
437 1767 548 1806 non
594 1750 826 1820 possint;
865 1769 883 1801 ι
921 1749 1224 1802 nullatenus
1247 1762 1435 1801 verum
1466 1754 1547 1799 est
1579 1762 1591 1796 :
1621 1743 1845 1807 scilicet,
1880 1721 1924 1780 Β
1953 1766 2007 1813 et
2030 1756 2452 1825 nuncupatim,“
2479 1755 2666 1810 Deum.
2697 1752 2811 1807 Hoc
2836 1767 2963 1823 ergo
3007 1768 3037 1806 ει
3076 1760 3129 1807 ιε
3174 1754 3359 1808 audire
3390 1752 3533 1807 ἀρεῖ..

262 1845 408 1916 quod
440 1851 664 1914 propter
691 1842 1113 1911 assumptionem
1143 1840 1450 1896 necessario
1479 1840 1550 1894 sit
1569 1838 1850 1907 adoptivus

260 1938 359 1991 Dei
390 1937 575 1992 Patris
591 1935 758 1989 Filius
800 1936 960 1989 homo
987 1935 1051 1989 de
1074 1934 1281 2004 virgine
1303 1941 1483 1997 nams,
1527 1932 1669 1986 sicut
1696 1942 1853 1999 supe-

265 2032 380 2085 rius
406 2027 782 2098 probavimus.
828 2027 896 2080 Et
941 2027 984 2081 si
1026 2027 1129 2081 hoc
1154 2041 1321 2079 unum
1359 2039 1480 2079 esse
1522 2038 1630 2077 non
1653 2030 1849 2091 potest,

260 2122 489 2177 omnino
546 2120 840 2175 secundum
888 2127 1032 2173 tiam
1081 2119 1400 2172 sententiam
1447 2125 1503 2171 et
1534 2115 1637 2170 alia
1671 2114 1851 2170 omnia

262 2215 575 2285 abjictenda
594 2222 742 2277 sunt,
772 2212 896 2281 quia
934 2213 1037 2266 hoc
1056 2224 1221 2265 unum
1245 2211 1360 2265 sine
1386 2209 1547 2264 dubio
1574 2216 1719 2262 stare
1745 2222 1852 2261 non

262 2315 466 2376 potest,
498 2304 643 2374 quod
687 2311 907 2373 propter
932 2302 1351 2371 assumptionem
1386 2300 1564 2355 carnis
1590 2299 1660 2352 sit
1692 2298 1855 2365 adop-

265 2402 411 2455 tivus
437 2397 692 2452 Christus
721 2396 815 2449 Dei
840 2395 1017 2449 Patris
1044 2394 1230 2448 Filius.

337 2493 455 2549 XII.
490 2492 639 2547 Dicis
669 2510 681 2544 :
724 2510 741 2541 ι
774 2490 926 2556 Quod
952 2504 1143 2543 nomen
1168 2487 1469 2556 adoptionis
1496 2483 1679 2540 electae
1704 2498 1857 2539 crea-

265 2594 404 2639 tura:
427 2586 526 2650 sit,
555 2593 612 2638 et
641 2597 744 2637 non
769 2583 1033 2651 reprobat.
1066 2601 1083 2632 ι
1118 2581 1185 2634 Et
1212 2582 1313 2635 hoc
1340 2587 1503 2650 quam
1532 2586 1720 2632 verum
1763 2576 1852 2639 sit,

262 2678 449 2733 sciens
485 2677 718 2745 quisque
743 2674 1009 2743 intelligit,
1036 2679 1262 2742 possunt
1290 2673 1431 2725 enim
1457 2679 1509 2726 et
1529 2670 1652 2724 mali
1694 2669 1859 2737 adop-

266 2773 412 2826 tivos
439 2771 644 2825 habere
671 2769 829 2833 ﬁlios,
851 2768 991 2823 sicut
1014 2775 1068 2821 et
1090 2766 1215 2820 boni
1251 2784 1262 2818 :
1295 2767 1467 2819 ethoc
1494 2777 1687 2817 nomen
1710 2774 1857 2815 eom-

267 2878 434 2916 ntune
464 2872 552 2917 est
580 2861 737 2915 bonis
764 2868 820 2914 et
848 2859 1025 2923 malis,
1053 2859 1180 2927 quia
1207 2858 1258 2911 in
1290 2858 1534 2925 utrisque
1565 2855 1853 2908 invenitur.

266 2952 407 3007 Nam
438 2953 533 3022 qui
567 2952 693 3022 legit
720 2951 974 3005 historias
1000 2948 1306 3013 szeculares,
1339 2948 1570 3001 inveniet
1598 2953 1653 2999 et
1682 2945 1732 2998 in
1763 2959 1860 3012 pa-

1952 1851 2100 1913 dero,
2134 1849 2179 1903 si
2208 1848 2355 1902 illum
2385 1846 2478 1916 qui
2505 1844 2796 1901 cruciﬁxus
2839 1851 2941 1907 est,
2974 1852 3030 1896 et
3062 1850 3309 1898 mortuus
3333 1852 3437 1910 est,
3479 1852 3537 1899 et

1953 1944 2038 1999 die
2068 1936 2228 1997 tertio
2268 1939 2586 2003 resurrexit,
2634 1937 2801 1991 Deum
2836 1936 3061 1990 adorare
3089 1935 3275 1990 volunt
3301 1935 3321 2008 [
3348 1934 3531 2001 Forte,

1953 2031 2171 2087 adorari
2201 2028 2427 2101 velis]?
2463 2024 2520 2083 Si
2557 2029 2891 2083 adorandum
2935 2042 3059 2081 eum
3090 2041 3210 2082 esse
3241 2028 3391 2090 dicis,
3425 2028 3536 2082 uti-

1992 2137 2060 2177 ue
2104 2128 2499 2193 consequenter
2527 2121 2694 2175 Deum
2741 2136 2881 2185 esse,
2926 2134 3083 2190 quem
3117 2120 3442 2183 adoraveris,
3476 2128 3539 2172 ut

1992 2140 2060 2177 ue
2104 2140 2499 2193 consequenter
2527 2140 2694 2175 neum
2741 2140 2881 2185 esse,
2926 2140 3083 2190 quem
3117 2140 3442 2183 auoravens,
3476 2140 3539 2172 ut

1952 2140 2178 2268 rate'aris
2199 2228 2422 2268 necesse
2444 2220 2547 2278 est,
2585 2227 2653 2266 ne
2684 2212 3135 2266 te'testimonium
3165 2211 3294 2266 illud
3320 2213 3541 2267 damnet

1954 2306 2215 2369 divinum,
2265 2318 2371 2373 quo
2408 2302 2654 2358 diabolus
2702 2303 2921 2358 territus
2959 2298 3185 2357 recessit
3227 2319 3257 2357 a
3301 2298 3542 2368 Christo,

1957 2400 2177 2454 audiens
2205 2397 2273 2451 ab
2315 2412 2379 2451 eo
2411 2413 2423 2449 :
2461 2394 2601 2449 Vade
2639 2406 2795 2461 retro,
2830 2394 3097 2459 Satanas;
3130 2396 3379 2466 scriptum
3418 2404 3491 2448 est
3521 2409 3541 2448 :

1956 2489 2237 2544 Dominum
2275 2486 2443 2542 Deum
2497 2496 2644 2541 tuum
2688 2486 2952 2551 adorabis,
3001 2497 3047 2541 et
3081 2487 3160 2540 illi
3201 2486 3299 2541 soli
3352 2486 3542 2541 servies

1958 2580 1978 2652 (
2008 2579 2176 2633 Marc.
2225 2593 2342 2641 vni,
2374 2574 2503 2647 53).
2539 2574 2597 2630 Si
2626 2583 2807 2629 autem
2845 2591 2953 2630 non
3000 2577 3337 2631 aderandnm
3372 2572 3542 2631 Deum

1957 2675 2210 2737 aestimes,
2240 2672 2332 2742 qui
2360 2670 2653 2725 cruciﬁxus
2679 2676 2792 2735 est,
2821 2684 2951 2740 ergo
2983 2671 3261 2741 culpanda:
3290 2677 3416 2725 sunt
3445 2684 3543 2723 an-

1958 2765 2140 2836 gelica:
2180 2770 2497 2833 potestates,
2527 2761 2617 2829 qui
2660 2760 2909 2815 eumdem
2960 2760 3014 2813 in
3064 2761 3259 2814 throno
3304 2765 3542 2829 paterme

1960 2856 2258 2925 maiestatis
2305 2855 2578 2910 sedentem
2638 2852 2864 2907 adorare
2919 2850 3237 2920 probantur,
3286 2848 3544 2918 Apostolo

1961 2955 2273 3012 attestante,
2306 2946 2395 3016 qui
2423 2945 2499 2998 ait
2529 2948 2544 2997 ξ
2575 2943 2706 2998 Cum
2748 2941 3032 2996 introducit
3058 2941 3456 3013 primogenitum
3486 2941 3543 2994 in

269 3046 430 3115 ganis
468 3046 612 3099 hanc
639 3044 1080 3099 consuetudinem
1125 3042 1426 3109 adoptionis
1446 3056 1564 3094 esse
1595 3057 1607 3092 :
1643 3053 1740 3094 nec
1764 3054 1858 3091 ne-
1886 3078 1933 3142 Β
1962 3042 2135 3095 orbem
2174 3050 2348 3103 terrae,
2396 3038 2523 3091 dicit
2566 3051 2583 3088 :
2623 3034 2690 3090 Et
2737 3035 2954 3089 adorent
2996 3046 3113 3089 eum
3160 3046 3336 3087 omnes
3376 3032 3550 3103 angeli

268 3151 429 3191 eesse
462 3142 549 3189 est
583 3149 796 3203 semper
823 3133 1021 3203 ubique
1058 3147 1177 3186 esse
1224 3132 1583 3200 adoptionem,
1621 3130 1709 3183 ubi
1737 3146 1861 3200 gra-

271 3229 351 3282 tia
393 3233 501 3281 est.
532 3226 740 3279 Dicitur
787 3225 839 3278 in
880 3230 1169 3294 conspectu
1214 3222 1450 3277 custodis
1496 3222 1732 3275 carceris
1770 3219 1861 3275 10‘-

264 3318 413 3388 seph
443 3318 717 3370 invenisse
743 3314 973 3385 gratiam
1024 3312 1195 3385 (Gen.
1234 3328 1423 3377 χχχιχ,
1453 3312 1512 3365 21
1546 3313 1564 3383 )
1594 3330 1605 3364 :
1642 3328 1748 3365 non
1782 3320 1861 3365 ta-

274 3423 403 3462 men
428 3407 830 3477 intelligendum
855 3412 939 3459 est
965 3420 1088 3459 eum
1113 3404 1213 3457 sibi
1242 3405 1523 3473 adeptasse
1552 3404 1604 3457 in
1632 3394 1858 3467 Filium;

274 3498 377 3552 sed
420 3506 477 3551 et
508 3497 564 3550 in
594 3496 776 3549 multis
806 3496 938 3549 locis
968 3495 1126 3548 aliter
1167 3494 1402 3547 inveniet
1428 3494 1657 3562 gratiam
1686 3494 1862 3547 nomi-

278 3591 422 3655 nari,
463 3604 567 3643 nec
592 3602 808 3659 semper
834 3589 901 3642 ad
931 3588 1273 3656 adoptionem
1304 3586 1683 3656 pertinentem,
1727 3583 1866 3641 sicut

279 3691 337 3735 et
362 3675 687 3736 electionem
713 3688 769 3734 et
799 3678 1240 3748 assumptionem,
1278 3686 1332 3731 et
1374 3686 1571 3732 cmtera
1625 3679 1863 3741 nomina,

280 3787 405 3841 quae
431 3772 771 3825 eontentiose
811 3768 1168 3838 congregasti,
1215 3775 1273 3820 ut
1299 3768 1596 3821 aﬂirmares
1626 3782 1870 3822 necessa-

280 3862 367 3915 rio
404 3870 631 3930 propter
659 3861 775 3915 haec
816 3860 1031 3914 nomina
1059 3858 1490 3913 Christum'esse
1524 3859 1865 3928 adOptivum;

278 3952 430 4021 quod
449 3952 673 4005 omnino
698 3965 885 4004 verum
912 3965 1019 4003 non
1037 3964 1157 4003 esse
1179 3949 1447 4019 intelligit,
1472 3951 1562 4019 qui
1592 3950 1873 4020 diligenter

280 4057 496 4105 sacras,
526 4042 639 4107 sive
668 4040 954 4095 saeculares
981 4040 1111 4110 legit
1138 4040 1361 4095 litteras.

356 4132 499 4187 Xlll.
548 4132 693 4186 Dicis
730 4140 784 4185 et
823 4140 949 4185 vere
979 4131 1114 4185 dicis
1145 4142 1159 4184 :
1196 4149 1213 4181 ‹
1243 4130 1492 4186 Christus
1526 4132 1724 4187 ve‘rilas
1768 4137 1870 4197 est,

277 4223 495 4292 iustitia
525 4232 630 4287 est,
662 4224 886 4291 aequitas
917 4230 1018 4287 est,
1043 4223 1214 4291 pietas
1237 4231 1341 4287 est,
1368 4223 1738 4277 misericordia
1768 4232 1871 4286 est;

282 4330 394 4369 non
426 4314 546 4367 vult
572 4315 639 4368 de
667 4329 725 4368 se
754 4316 977 4368 credere
1002 4315 1082 4368 vel
1111 4315 1428 4383 praedicare,
1452 4324 1612 4384 quam
1637 4314 1711 4380 id,
1733 4315 1876 4384 quod

1962 3131 2061 3185 Dei
2110 3129 2313 3202 (Hebr.
2368 3144 2406 3191 ι,
2455 3125 2554 3198 6).
2590 3126 2701 3181 Hec
2733 3140 2861 3181 vero
2911 3125 2977 3179 de
3026 3131 3276 3193 suscepto
3331 3123 3551 3179 homine

1963 3225 2165 3279 dictum
2197 3236 2332 3285 esse,
2364 3217 2597 3275 Joannes
2627 3212 2894 3273 tractator
2917 3216 3158 3288 ejusdem
3192 3206 3430 3286 epistolae
3467 3214 3551 3269 εἶι-

1963 3318 2145 3372 ﬁrmat
2188 3315 2242 3371 in
2287 3315 2551 3377 homiliis,
2589 3329 2726 3385 quas
2756 3314 2807 3367 in
2831 3312 3077 3367 eamdem
3121 3311 3426 3381 epistolam,
3457 3311 3551 3365 ubi

1963 3407 2080 3462 haec
2108 3405 2306 3476 legitur
2335 3405 2624 3469 sententia,
2668 3404 2969 3472 composuit
2998 3414 3045 3455 a7.
3083 3421 3101 3453 ι
3141 3401 3361 3469 QuOties
3382 3401 3550 3465 enim,

1966 3498 2160 3568 inquit,
2192 3512 2387 3567 magna
2428 3497 2673 3565 quzedam
2704 3503 2758 3549 et
2784 3494 2975 3549 altiora
3019 3495 3260 3549 dictarus
3285 3499 3385 3557 est,
3413 3506 3544 3562 prte-

1967 3590 2130 3644 struit
2158 3586 2247 3644 illa
2290 3588 2547 3659 primum,
2585 3595 2640 3641 et
2664 3585 2796 3640 facit
2840 3586 2929 3639 illa
2965 3573 3350 3654 susteptibllla.
3385 3582 3555 3655 Supe‘

1967 3684 2080 3738 rius
2106 3672 2248 3737 enim
2273 3682 2486 3736 dixerat
2525 3674 2651 3749 quia
2696 3686 2800 3734 u‘on
2835 3692 2933 3747 per
2969 3676 3261 3746 prophetas
3290 3675 3444 3730 nobis
3474 3676 3555 3727 lo-

1969 3784 2125 3830 eutus
2152 3782 2256 3838 est,
2292 3773 2385 3826 sed
2410 3787 2507 3841 per
2527 3764 2695 3833 illum,
2726 3767 2847 3841 [et]
2891 3766 3015 3836 quia
3050 3767 3217 3821 Filius
3256 3766 3446 3821 melior
3476 3774 3559 3821 est

1972 3865 2199 3935 angelis,
2230 3862 2372 3932 quod
2396 3877 2461 3915 ex
2496 3861 2610 3930 ipso
2639 3864 3049 3929 argumentatus
3075 3862 3157 3911 est
3182 3858 3398 3911 nomine
3425 3874 3437 3909 :
3471 3856 3560 3910 hic

1974 3963 2149 4009 autem
2187 3953 2301 4023 jam
2333 3966 2396 4005 ex
2425 3949 2527 4003 alia
2558 3964 2616 4005 re
2643 3945 2756 4001 vult
2790 3954 3106 4018 argumenta
3144 3945 3429 4001 deducere.
3479 3944 3559 3999 Ex

1974 4059 2077 4115 qua
2108 4043 2246 4100 ista?
2283 4043 2360 4097 Ex
2402 4041 2718 4096 adoratione
2744 4038 3010 4095 videlicet.
3054 4037 3189 4093 Nam
3236 4046 3385 4093 tanto
3432 4052 3560 4092 eum

1975 4138 2253 4194 meliOrem
2282 4137 2637 4200 demenstrat,
2670 4141 2873 4203 quanto
2904 4129 3189 4187 Dominum
3233 4128 3405 4187 servis
3427 4145 3558 4186 con-

1976 4240 2084 4285 stat
2123 4244 2243 4284 esse
2281 4224 2579 4283 meliorem.
2610 4225 2890 4291 Quomodo
2923 4225 2967 4278 si
3008 4223 3129 4294 quis
3172 4217 3226 4277 in
3272 4222 3562 4293 quamdam

1978 4321 2195 4375 domum
2235 4317 2539 4373 introducat
2568 4315 2825 4385 aliquem,
2857 4318 2911 4369 et
2945 4310 3231 4368 confestim
3278 4327 3466 4369 omnes
3502 4312 3563 4366 il—

285 4417 391 4461 est.
425 4426 445 4457 ι
476 4405 537 4460 Si
567 4406 767 4460 veritas
804 4412 885 4459 est
907 4405 1177 4469 Christus,
1208 4406 1411 4461 nullum
1440 4407 1626 4476 ntiq'ue
1650 4404 1875 4475 ﬁgmen-
1911 4431 1958 4490 ι)
1979 4408 2085 4465 lius
2132 4412 2321 4465 domus
2364 4407 2636 4479 principes
2682 4403 2928 4474 [Chrys.,
2977 4401 3269 4476 princeps]
3289 4402 3478 4471 iubeat
3506 4410 3565 4456 ut

286 4508 404 4553 tum
432 4507 521 4553 est
546 4497 601 4551 in
627 4511 721 4561 eo;
760 4506 815 4552 et
838 4498 882 4552 si
911 4498 1115 4553 nullum
1136 4498 1448 4569 ﬁgmentum
1471 4506 1555 4553 est
1581 4499 1632 4552 in
1655 4512 1743 4563 eo,
1776 4498 1879 4551 uti-

291 4601 588 4659 queverus
628 4594 713 4642 est
746 4586 908 4652 ﬁlius,
957 4596 1013 4642 et
1051 4589 1334 4658 adoptivus
1378 4588 1483 4643 dici
1521 4604 1627 4643 non
1656 4595 1873 4659 potest:

290 4682 419 4751 quia
447 4680 702 4735 videlicet
732 4679 948 4747 adoptio
970 4681 1214 4749 quaedam
1248 4690 1334 4736 est
1357 4682 1648 4737 voluntatis
1672 4676 1877 4751 signiﬁ-

290 4774 461 4835 catio,
492 4785 600 4825 non
643 4769 939 4824 nativitatis
979 4770 1200 4825 veritas.
1242 4770 1369 4825 Vult
1406 4771 1550 4825 enim
1589 4772 1789 4826 habere
1824 4771 1881 4826 in

294 4867 538 4928 nomine,
585 4864 678 4934 qui
708 4864 930 4931 adoptat
977 4862 1079 4917 sibi
1116 4862 1280 4916 ﬁlium
1311 4878 1372 4917 ex
1414 4860 1654 4932 quolibet
1682 4863 1879 4928 alieno,

296 4955 446 5009 illum
476 4964 643 5025 quem
688 4968 795 5008 non
842 4952 1005 5007 habet
1045 4954 1319 5023 proprium
1358 4946 1409 5007 in
1456 4958 1667 5008 natura.
1720 4952 1882 5010 Juxta

294 5044 646 5101 Psalmist
675 5055 826 5107 vero,
878 5045 1067 5097 veritas
1098 5043 1161 5099 de
1206 5054 1346 5097 terra
1398 5050 1515 5097 Orta
1560 5055 1633 5099 est
1684 5043 1879 5115 (Psal.

298 5153 524 5200 untv,
578 5137 709 5206 12):
742 5150 901 5190 verus
941 5136 1126 5204 utique
1169 5134 1337 5190 Filius
1370 5134 1484 5200 Dei,
1527 5136 1617 5207 qui
1642 5137 1707 5190 de
1736 5144 1883 5191 terra

298 5238 501 5284 nostra:
542 5236 774 5290 naturte,
807 5227 860 5280 id
886 5234 991 5289 est,
1023 5228 1088 5281 de
1116 5227 1364 5298 virginali
1413 5243 1578 5283 carne
1600 5236 1751 5283 ortus
1779 5237 1881 5293 cst,

298 5330 360 5376 et
378 5330 555 5382 natus
584 5334 750 5374 verus
789 5320 951 5383 Deus,
1000 5327 1055 5373 et
1102 5333 1262 5374 verus
1316 5321 1494 5374 homo.
1554 5320 1667 5375 Hoc
1721 5322 1884 5391 igitur

298 5411 449 5480 quod
475 5418 578 5471 est,
612 5409 666 5463 id
699 5417 802 5474 est,
826 5406 1028 5463 veritas
1057 5409 1123 5463 de
1151 5423 1215 5461 eo
1245 5409 1534 5463 credimus.
1565 5406 1756 5464 Decuit
1783 5409 1880 5463 ita—

299 5519 412 5573 que
434 5513 489 5558 et
512 5517 641 5558 vere
672 5503 887 5567 decuit,
912 5511 972 5555 ut
997 5503 1049 5556 in
1077 5494 1170 5556 Dei
1203 5500 1339 5555 Filio
1372 5502 1717 5572 proprietatis
1745 5508 1889 5557 esset

382 5629 409 5659 ι
440 5616 497 5671 S.
535 5606 694 5671 Ioan.
735 5615 1036 5685 Chrysost.,
1083 5617 1231 5672 hom.
1268 5614 1389 5685 37in
1420 5614 1589 5685 Epist.
1627 5615 1693 5669 ad
1722 5613 1882 5671 Hebr.

304 5703 371 5741 ιι.
414 5688 463 5752 l,
490 5702 554 5742 ex
581 5684 1025 5754 interpretatione
1053 5684 1274 5740 Mutiani
1304 5684 1642 5740 Scholastici.

632 5779 905 5836 PATROL.
954 5776 1050 5838 Cl.

1982 4512 2170 4557 omnes
2198 4500 2345 4554 illum
2390 4499 2545 4570 proni
2592 4497 2754 4553 simul
2802 4498 3028 4552 adorent
3057 4513 3069 4549 :
3103 4496 3176 4551 ita
3206 4505 3259 4550 et
3288 4494 3564 4550 Christian

1984 4592 2277 4649 secundam
2318 4605 2537 4645 carnem
2576 4588 2740 4658 jussit
2776 4602 2807 4641 a
2851 4587 3063 4642 cunctis
3107 4585 3313 4656 angelis
3349 4585 3563 4639 adorari

1986 4684 2169 4740 dicens
2201 4701 2214 4737 :
2242 4682 2309 4736 Et
2344 4683 2562 4736 adorent
2602 4696 2719 4735 eum
2764 4696 2941 4733 omnes
2988 4677 3159 4749 angeli
3206 4677 3322 4732 Dei.
3363 4698 3380 4729 ι
3412 4678 3481 4732 Et
3511 4677 3564 4732 in

1988 4777 2232 4847 sequenti
2296 4767 2520 4829 alterius
2576 4772 2808 4828 homilia:
2863 4771 2983 4825 loco
3036 4769 3286 4824 eumdem
3341 4770 3565 4839 replicat

1989 4877 2206 4925 sensum
2232 4867 2417 4922 dicens
2446 4868 2472 4906 δ
2500 4870 2512 4919 ξ
2559 4883 2575 4915 ‹
2612 4865 2818 4917 Revera
2861 4877 3114 4933 magnum
3143 4872 3196 4916 et
3225 4861 3473 4917 mirabile
3514 4871 3569 4918 et

1986 4968 2205 5030 stupore
2231 4958 2444 5029 plenum
2483 4964 2585 5020 est,
2618 4969 2836 5009 carnem
2861 4962 3101 5007 nostraet
3132 4966 3346 5008 sursum
3382 4955 3567 5009 sedere

1986 5059 2039 5104 et
2065 5050 2283 5104 adorari
2312 5048 2379 5101 ab
2422 5046 2624 5116 angelis
2652 5053 2707 5099 et
2729 5043 3090 5113 archangelis,
3118 5051 3171 5098 et
3198 5043 3479 5098 cherubim
3517 5052 3571 5098 et

1986 5141 2280 5212 seraphim.
2322 5139 2432 5194 Hoc
2474 5139 2668 5208 szepius
2697 5138 2752 5192 in
2793 5147 2973 5192 mente
3017 5152 3241 5192 versans
3289 5152 3568 5191 excessum

1986 5235 2183 5304 patior,
2208 5241 2262 5285 et
2290 5230 2493 5301 majora
2523 5231 2588 5285 de
2614 5246 2808 5301 genere
2837 5231 3075 5286 humano
3101 5232 3369 5303 imaginor
3401 5247 3411 5281 :
3451 5245 3567 5282 ma-

1987 5324 2105 5393 jora
2131 5321 2325 5392 quippe
2346 5321 2501 5375 video
2521 5329 2573 5375 et
2600 5320 2746 5374 clara
2771 5321 3011 5384 exordia,
3041 5321 3263 5375 multam
3287 5321 3394 5373 [lle
3424 5317 3570 5372 l'csti-

1993 5404 2265 5470 nationem
2295 5411 2543 5484 [Chrys.,
2572 5412 2798 5467 multum
2826 5412 2934 5467 Deo
2966 5411 3249 5469 festinante
3280 5409 3298 5482 ]
3340 5424 3435 5479 pro
3469 5422 3568 5464 na-

1993 5513 2113 5563 tura
2142 5511 2344 5561 nostra.
2387 5525 2404 5557 ι

2067 5616 2273 5685 ιἰαωυ,
2298 5616 2442 5673 hom.
2470 5611 2523 5685 5,
2548 5634 2696 5676 num.
2726 5618 2773 5674 l.
