4072 6346
564 250 657 306 (τί

1406 251 1468 305 Β.
1509 251 1571 306 F.
1612 252 1837 307 ALBINI
1876 250 2005 309 SEU
2046 246 2322 310 ALCUINI
2360 253 2643 311 OPERUM
2683 254 2861 312 PARS
2900 252 2981 313 ΙΙΙ.

3713 265 3820 323 171

633 361 749 416 XV.
790 361 945 415 Disce
988 360 1150 431 igitur
1190 358 1257 415 ab
1294 360 1495 429 angelis
1546 361 1803 429 feliciter,
1856 360 2127 418 Christum
2159 372 2206 431 Α
2231 365 2571 429 confunditis,
2613 376 2673 422 ut
2709 369 2849 424 inter
2887 372 3054 426 Deum
3092 381 3147 427 et
3173 373 3467 443 hominem,
3511 372 3654 435 inter
3686 383 3822 439 Ver—

566 450 789 506 credere
810 450 995 513 Deum,
1024 456 1079 503 et
1098 449 1342 515 adorare,
1371 466 1438 505 ne
1460 462 1582 506 eum
1611 452 1823 507 diabolo
1850 452 2138 509 infeliciter

565 542 814 597 dubitare
857 543 1095 612 incipias,
1128 536 1244 606 vel,
1277 543 1417 611 quod
1443 544 1594 613 pejus
1633 555 1739 609 est,
1761 561 1883 601 eum
1915 562 2133 617 negare,

567 634 621 688 in
652 648 757 702 quo
780 628 865 686 ille
903 632 1182 687 dubitabat
1212 650 1223 685 :
1256 633 1344 686 ille
1385 635 1520 689 dixit
1549 652 1560 686 ε
1593 636 1653 690 Si
1698 634 1870 689 Filius
1906 636 2003 690 Dei
2050 654 2135 703 es;

568 734 624 780 tu
655 725 788 779 dicis
816 738 830 776 :
859 722 1027 776 Filius
1069 723 1167 776 Dei
1211 740 1313 777 non
1342 733 1414 777 est
1446 736 1463 774 :
1492 725 1633 794 quod
1675 725 1760 779 ille
1791 726 2139 797 interrogavit

567 815 896 879 dubitanter,
927 823 983 868 tu
1028 829 1191 883 negas
1220 814 1497 869 instanter.
1540 815 1705 869 Nemo
1748 817 1924 871 adhuc
1950 818 2138 872 inven-

567 914 655 960 tus
683 915 765 961 est
788 914 982 975 pra-ter
1009 904 1164 973 hujus
1189 915 1351 961 secta:
1377 917 1646 970 auctores,
1684 907 1776 975 qui
1808 907 2138 976 impietatem

566 998 884 1053 diabolieam
916 997 1115 1053 fuerint
1146 998 1499 1067 supergressi,
1530 999 1671 1067 quod
1710 998 1796 1052 ille
1828 999 1880 1052 in
1914 998 2138 1054 Domino

566 1094 848 1150 confessus
875 1103 959 1151 est
985 1110 1104 1149 esse
1148 1109 1329 1164 posse,
1376 1110 1472 1150 vos
1515 1111 1619 1149 non
1647 1096 1865 1151 creditis
1893 1110 2011 1151 esse
2047 1112 2141 1166 po-

568 1184 753 1240 tuisse.
781 1185 851 1239 At
891 1185 936 1240 si
975 1184 1062 1240 ille
1088 1167 1432 1241 validissimis
1457 1201 1627 1240 sacra:
1664 1183 1958 1255 Scriptura:
1986 1184 2139 1241 testi-

565 1276 761 1336 moniis
796 1276 1040 1347 repulsus
1069 1277 1362 1332 discederet
1391 1291 1421 1329 a
1450 1276 1684 1342 Christo,
1719 1285 1897 1333 tamen
1941 1279 2141 1336 mansit

566 1368 622 1424 in
651 1383 715 1424 eo
746 1383 916 1438 usque
939 1368 1005 1422 ad
1036 1368 1203 1437 ipsam
1234 1383 1449 1422 crucem
1479 1368 1654 1423 omnis
1683 1369 1917 1438 suspicio
1942 1370 2139 1424 divini-

566 1458 696 1512 tatis
723 1457 872 1528 ejus;
904 1472 1003 1512 nec
1034 1466 1161 1511 tunc
1179 1456 1394 1527 quidem
1420 1457 1631 1527 opinari
1661 1473 1783 1513 eum
1812 1452 2006 1514 Filium
2043 1456 2138 1521 Dei

565 1543 748 1612 desiit,
783 1554 1068 1617 postquam
1118 1554 1323 1601 tantum
1361 1548 1414 1602 in
1462 1563 1528 1603 eo
1563 1550 1998 1619 persecutoribus
2029 1552 2141 1606 suis
2190 1560 2193 1561 '

565 1634 729 1695 licere
755 1636 1023 1705 cognovit.
1052 1634 1159 1690 Sed
1175 1622 1397 1691 callidus
1423 1638 1608 1708 utique
1632 1640 1799 1693 hostis
1826 1640 1968 1695 inter
1996 1640 2140 1710 ipsas

2237 456 2363 512 hum
2385 467 2440 513 et
2466 475 2703 527 carnem,
2729 462 2869 518 inter
2907 474 3209 521 creatorem
3235 477 3289 523 et
3321 480 3648 539 creaturam,
3679 477 3824 532 inter

2239 548 2619 618 suscipientem
2647 560 2703 604 et
2735 562 3042 622 susceme
3070 555 3267 610 nullam
3294 573 3422 614 esse
3460 561 3823 622 differentiam

2239 641 2512 696 astruatis.
2555 662 2573 693 ι
2606 641 2757 709 Quod
2798 644 2932 700 dicis
2962 648 3202 717 geminas
3230 667 3327 706 nos
3368 662 3588 712 naturas
3624 659 3679 713 in
3707 662 3823 715 sine

2238 728 2578 799 gularitatem
2634 734 2793 809 unius
2842 751 3085 804 personae
3137 740 3493 810 confundere,
3544 762 3611 801 ex
3663 763 3824 820 parte

2239 819 2452 887 quidem
2496 836 2680 876 verum
2723 823 2889 891 dicis;
2921 844 2986 882 ex
3014 838 3167 897 parte
3203 847 3335 887 vero
3363 836 3520 892 solito
3548 850 3637 894 tuo
3666 858 3827 899 more

2239 903 2374 962 falso
2403 909 2765 967 calumniaris.
2816 914 2923 970 Nos
2949 934 3183 989 namque
3211 923 3346 979 duas
3371 935 3591 984 naturas
3630 933 3685 986 in
3714 951 3828 991 una

2238 997 2440 1057 Christi
2466 1017 2718 1071 persona,
2746 1010 2873 1073 nen,
2906 1016 2966 1063 ut
2987 1019 3043 1064 tu
3073 1005 3227 1078 dicis,
3261 1031 3385 1071 eum
3414 1008 3656 1092 Eutyche
3689 1042 3827 1081 con-

2238 1086 2406 1154 fusas,
2448 1093 2541 1148 sed
2585 1110 2706 1149 cum
2756 1097 2993 1154 Ecclesia
3038 1104 3305 1160 catholica
3351 1109 3432 1164 sic
3475 1086 3829 1191 ineffabiliter

2240 1177 2554 1246 coniunctas
2611 1178 2883 1242 credimus
2940 1196 2996 1244 et
3042 1192 3402 1263 confitemur,
3458 1209 3517 1254 ut
3568 1184 3829 1262 manente

2240 1271 2519 1341 utriusque
2551 1284 2756 1331 natura:
2783 1281 3133 1348 proprietate,
3176 1294 3233 1340 et
3260 1295 3318 1341 ut
3342 1289 3415 1344 ita
3442 1292 3639 1360 dicam,
3674 1298 3828 1352 salva

2241 1359 2550 1432 integritate
2579 1368 2878 1435 ambarum,
2911 1380 2966 1425 et
2988 1373 3167 1428 divina
3201 1377 3470 1444 humanis,
3505 1391 3559 1437 et
3586 1385 3828 1445 humana

2240 1451 2433 1508 divinis
2468 1459 2865 1516 communicent
2891 1471 2905 1515 ξ
2935 1473 3183 1535 eSsetque
3215 1468 3266 1523 in
3294 1471 3395 1527 hac
3424 1484 3608 1530 sancta
3636 1489 3690 1533 et
3723 1482 3828 1537 mi-

2242 1542 2399 1597 rabili
2425 1546 2800 1617 conjunctione
2836 1568 2943 1608 non
2972 1556 3189 1613 deitatis
3226 1565 3538 1631 conversio,
3591 1569 3686 1623 sed
3717 1572 3827 1625 bu-

2242 1634 2516 1691 manitatis
2557 1639 2850 1697 exaltatio:
2883 1644 2936 1699 id
2965 1654 3065 1711 est,
3106 1665 3210 1704 non
3257 1652 3397 1708 Deus
3432 1670 3727 1726 conversus
3766 1664 3824 1717 in

565 1740 780 1795 quoque
809 1738 1096 1793 corporeus
1122 1727 1402 1795 passiones
1430 1728 1738 1783 omnimodo
1766 1731 2044 1799 pervenire
2067 1733 2132 1786 ad
2163 1715 2208 1775 Β
2238 1723 2537 1793 hominem,
2567 1731 2660 1785 89d
2700 1732 2862 1789 homo
2899 1736 3229 1807 sloriﬁcatus
3258 1744 3311 1797 ίίι
3359 1746 3525 1802 Deum
3550 1766 3565 1814 ς
3614 1758 3714 1805 τιθο
3738 1754 3826 1808 dt-

566 1813 661 1884 Dei
691 1815 1038 1886 agnitionem,
1068 1816 1231 1870 etiam
1268 1816 1321 1887 in
1353 1816 1468 1885 ipso
1507 1819 1697 1872 mortis
1738 1821 1986 1886 articulo,
2017 1831 2137 1876 ten-

480 1920 483 1923 ‘
564 1906 701 1961 tavit
733 1907 917 1962 dicens
956 1920 1051 1976 per
1100 1923 1215 1973 eos,
1263 1909 1353 1977 qui
1402 1910 1819 1965 cruciﬁxerant:
1856 1912 1918 1968 Si
1964 1912 2138 1970 Filius

562 1995 661 2051 Dei
703 2008 813 2062 est,
848 1998 1125 2053 descendat
1175 2015 1312 2053 nunc
1361 2000 1425 2053 de
1477 2017 1649 2066 cruce,
1697 2012 1745 2055 et
1797 2005 2056 2059 credimus
2091 2007 2139 2061 ei

562 2084 777 2160 (Matth.
824 2104 994 2154 xxvn,
1042 2089 1173 2161 42):
1209 2090 1431 2155 scilicet,
1483 2100 1544 2146 ut
1579 2100 1759 2147 motus
1802 2096 2141 2153 contumeliis

563 2179 852 2235 verborum
894 2180 1159 2235 Dominus
1196 2180 1471 2250 desereret
1515 2194 1911 2240 sacramentum
1951 2187 2141 2243 salutis

564 2271 832 2332 humanre,
876 2271 1001 2324 dum
1029 2272 1355 2326 irasceretur
1383 2272 1452 2326 ob
1478 2272 1750 2342 injuriam.
1801 2273 1905 2330 Sed
1945 2292 2140 2347 magna

563 2358 660 2415 Dei
705 2359 999 2415 Salvatoris
1020 2362 1190 2415 nostri
1219 2363 1475 2430 patientia
1506 2364 1758 2433 triumphi
1786 2364 2142 2435 dispensatio-

563 2466 685 2507 nem
721 2457 777 2505 et
813 2452 1196 2520 redemptionis
1235 2460 1432 2507 nostrze
1474 2455 1790 2523 mysterium
1840 2458 1907 2511 ad
1956 2473 2137 2513 resur-

563 2543 817 2599 rectionis
844 2543 1069 2614 gloriam
1098 2543 1427 2611 reservavit,
1460 2544 1652 2613 majori
1689 2546 1955 2618 siquidem
1977 2548 2139 2605 mira-

560 2635 681 2692 culo
742 2643 987 2690 mortuus
1042 2636 1108 2691 de
1168 2636 1414 2706 sepulcro
1471 2639 1769 2693 resurrexit
1819 2640 1885 2694 ad
1932 2642 2133 2710 vitam,

557 2744 720 2799 quam
752 2729 904 2782 vivus
926 2727 1296 2783 descendisset
1316 2730 1382 2783 de
1408 2743 1589 2784 cruce.

551 2808 554 2810 ⁷
625 2820 763 2876 XVI.
812 2818 1071 2889 Sequitur
1115 2833 1329 2888 quoque
1369 2819 1424 2873 in
1467 2819 1707 2890 Epistola
1742 2828 1874 2876 tua:
1916 2841 1934 2873 ι
1987 2822 2139 2878 Sicut

554 2926 639 2977 ea,
665 2910 865 2980 inquis,
901 2924 1019 2979 qua?
1047 2909 1113 2963 de
1151 2908 1242 2962 illo
1281 2908 1460 2975 celsa,
1506 2918 1666 2980 atque
1711 2911 1943 2982 gloriosa
1990 2921 2134 2979 sunt,

555 3002 824 3057 credimus
858 3007 912 3054 et
950 2998 1314 3055 eollaudamus
1337 3041 1351 3063 ,
1407 3001 1482 3055 ita
1523 3002 1881 3056 humilitatem
1930 3002 2047 3074 ejus
2084 3012 2138 3058 et

553 3094 734 3149 omnia
789 3092 1048 3163 indigna,
1107 3107 1227 3163 qua)
1281 3102 1500 3163 propter
1552 3110 1651 3149 nos
1713 3070 2205 3152 misericorditerc

554 3185 828 3255 suscipere
857 3183 1045 3249 voluit,
1092 3184 1369 3253 despicere
1416 3184 1561 3239 nullo
1596 3186 1755 3240 modo
1799 3186 2073 3242 debemus.
2109 3209 2128 3242 ι

553 3274 700 3330 Dicis
728 3273 908 3343 itaque
941 3273 1119 3337 illum,
1149 3274 1239 3343 qui
1269 3289 1365 3329 nos
1403 3276 1638 3341 creavit,
1679 3292 1799 3331 cum
1840 3294 1946 3331 non
1987 3294 2135 3334 esse-

552 3380 698 3431 mus,
736 3365 850 3420 bmc
903 3364 1119 3436 indigna
1166 3364 1347 3419 omnia
1391 3368 1503 3435 pati
1554 3382 1653 3435 pro
1705 3367 1876 3422 nobis.
1922 3368 2133 3425 Scimus

552 3457 675 3528 quis
733 3457 823 3512 ille
876 3465 991 3523 est,
1050 3457 1140 3526 qui
1202 3473 1301 3512 nos
1362 3459 1595 3522 creavit,
1653 3462 1903 3530 preprius
1964 3463 2132 3516 Filius

551 3546 668 3603 Dei.
704 3546 980 3613 Quomodo
1008 3555 1184 3616 potest
1225 3547 1391 3617 819
1428 3556 1717 3619 utrumque
1758 3565 1877 3605 esse
1919 3569 2127 3618 verum,

470 3660 481 3665 η-
554 3647 615 3693 ιιι
646 3639 733 3693 ille
762 3638 852 3707 qui
897 3639 1151 3702 condidit,
1192 3638 1306 3693 haec
1345 3638 1559 3709 indigna
1613 3655 1805 3709 passus
1848 3650 1992 3696 esset
2032 3660 2129 3713 pro

551 3729 728 3795 nobis,
773 3729 817 3782 si
845 3728 933 3783 ille
962 3729 1050 3799 qui
1074 3729 1298 3794 creavit,
1350 3738 1431 3784 est
1456 3731 1708 3800 proprius
1737 3732 1902 3788 Filius
1928 3735 2043 3799 Dei,
2076 3744 2130 3790 et

550 3819 638 3874 ille
670 3819 760 3889 qui
796 3835 987 3889 passus
1012 3826 1125 3885 est,
1174 3820 1455 3889 adoptivus
1494 3822 1600 3875 sit?
1636 3819 1950 3878 Nullatenus
1985 3825 2124 3879 divi-

548 3910 675 3965 dere
707 3911 941 3980 poteris,
986 3912 1123 3966 sicut
1166 3911 1280 3982 ipsa
1323 3916 1704 3983 consequentia
1742 3917 2006 3972 sermonis
2047 3918 2122 3972 tui

550 4009 800 4065 testatur,
844 4009 1144 4055 creatorem
1182 3999 1250 4054 ab
1287 4016 1353 4057 eo
1396 4002 1486 4072 qui
1528 4003 1641 4058 hrec
1676 4020 1865 4073 passus
1902 4014 1983 4061 est
2026 4023 2123 4076 pro

547 4076 720 4143 nobis.
752 4088 822 4142 At
845 4089 889 4143 si
928 4105 1065 4143 unus
1086 4096 1166 4143 est
1202 4090 1255 4143 in
1283 4106 1547 4159 persona,
1579 4108 1717 4146 unus
1752 4102 1832 4147 est
1865 4097 2026 4149 etiam
2067 4097 2120 4149 in

547 4180 879 4249 proprietate
920 4180 1012 4234 filii
1038 4200 1050 4233 :
1081 4181 1204 4250 quia
1234 4182 1438 4253 proprii
1480 4183 1573 4236 ﬁlii
1606 4192 1657 4239 et
1695 4186 1951 4254 adeptivi,
1984 4188 2123 4241 sicut

546 4284 688 4339 saepe
702 4270 901 4325 dictum
914 4281 1017 4336 est,
1031 4274 1146 4329 duce
1158 4284 1282 4329 sunt
1295 4292 1555 4345 personaa.
1572 4277 1713 4333 Deus
1725 4279 1888 4349 igitur
1898 4288 1951 4334 et
1963 4281 2123 4335 homo

545 4357 635 4425 qui
658 4367 961 4428 assumptus
984 4370 1085 4425 est,
1118 4379 1222 4416 una
1245 4380 1504 4433 persona;
1533 4376 1585 4420 et
1606 4383 1825 4424 necesse
1848 4380 1931 4425 est
1958 4388 2118 4427 unam

544 4464 664 4502 esse
702 4450 1088 4518 proprietatem
1125 4453 1178 4506 in
1227 4470 1331 4506 utra
1376 4471 1624 4524 persona,
1654 4466 1713 4511 ut
1757 4467 1863 4513 tota
1890 4477 2119 4529 persona

542 4538 791 4607 proprius
804 4540 875 4594 sit
887 4539 1046 4606 illius,
1060 4542 1141 4595 vel
1158 4551 1267 4597 tota
1287 4544 1583 4614 adoptivus.
1600 4547 1713 4602 Una
1726 4564 1953 4618 persona
1970 4562 2019 4607 te
2032 4570 2121 4609 co-

543 4628 619 4698 git
640 4644 801 4685 unam
826 4630 1065 4686 conﬁteri
1084 4635 1465 4703 proprietatem
1491 4636 1581 4690 filii
1599 4640 1649 4691 in
1667 4640 1871 4695 duabus
1890 4646 2115 4719 naturis.

613 4716 773 4771 XVII.
816 4719 977 4774 Ponis
1006 4716 1188 4793 itaque
1237 4725 1399 4778 verba
1441 4729 1680 4797 epistola:
1725 4741 1920 4787 nostra:
1952 4747 2000 4800 α,
2026 4716 2116 4792 ubi

542 4817 665 4881 post
710 4812 1115 4867 convenientem
1166 4818 1428 4872 sermonis
1474 4821 1642 4875 nostri
1687 4823 2113 4881 exhortationem

544 4897 817 4953 diximus:
845 4918 862 4950 ι
890 4900 933 4956 0
978 4904 1194 4971 quantis
1241 4914 1546 4961 sanctorum
1592 4908 1811 4964 Patrum
1855 4915 2114 4984 exemplis

542 4985 684 5043 hanc
721 4990 877 5045 tidem
916 4994 1143 5062 probare
1188 4996 1474 5065 possimus,
1506 5003 1646 5070 quod
1686 5002 1932 5060 Christus
1958 5006 2114 5063 Jesus

542 5094 703 5134 verus
725 5090 807 5135 est
834 5081 928 5137 Dei
957 5082 1131 5139 Patris
1146 5085 1332 5151 Filius,
1361 5098 1415 5143 et
1435 5106 1555 5145 mox
1583 5109 1611 5146 a
1634 5099 1981 5166 conceptione
2005 5103 2112 5156 vir-

543 5168 733 5239 ginalis
770 5172 908 5223 uteri
934 5188 1095 5226 verus
1120 5186 1406 5247 conceptus
1432 5189 1515 5233 est
1547 5182 1708 5249 Deus,
1738 5202 1900 5243 verus
1938 5199 1990 5243 et
2018 5208 2112 5244 na-

542 5266 629 5311 tus
658 5256 796 5311 Deus
823 5276 836 5324 ;
874 5280 891 5310 ι
922 5269 976 5313 et
1002 5260 1069 5314 ad
1106 5262 1219 5316 htec
1248 5266 1521 5335 respondit
1561 5269 1896 5347 [respondes]
1928 5296 1939 5329 :
1976 5296 1992 5327 ι
2020 5278 2112 5334 Ha:

541 5355 665 5399 sunt
723 5350 1000 5403 sententise
1041 5351 1373 5409 credulitatis
1422 5367 1615 5431 vestrm
1668 5364 1733 5416 de
1783 5368 2008 5435 geminis
2059 5370 2113 5424 in

540 5433 755 5489 Christo
796 5440 1021 5505 naturis,
1054 5456 1189 5509 quas
1218 5443 1287 5497 ita
1320 5446 1373 5499 in
1413 5448 1842 5518 singularitatem
1870 5472 2113 5524 personae

609 5556 634 5634 εξ
667 5547 798 5600 Vide
825 5549 1105 5634 epistolam
1151 5552 1358 5611 Alcuini
1405 5558 1470 5613 ad
1513 5552 1767 5629 Felicem,
1796 5579 1976 5634 supra,
2005 5568 2106 5621 col.

542 5612 662 5681 l2l,
690 5632 836 5672 num.
857 5612 911 5672 1.

2150 4422 2197 4481 D

2237 1815 2358 1870 vina
2387 1828 2579 1876 natura
2603 1826 2873 1883 amisisset
2905 1846 3026 1886 esse
3062 1836 3204 1903 quod
3234 1844 3375 1903 erat,
3418 1840 3471 1895 id
3499 1851 3603 1908 est,
3647 1845 3824 1912 Deus,

2238 1907 2333 1962 sed
2361 1908 2594 1967 humana
2624 1923 2816 1971 natura
2856 1920 3116 1992 inciperet
3157 1941 3277 1981 esse
3322 1931 3466 1999 quod
3502 1949 3606 1987 non
3653 1933 3776 1991 erat
3808 1958 3820 1992 :

2238 1998 2441 2068 sicque,
2476 2011 2535 2057 ut
2578 2020 2717 2076 smpe
2745 2009 2999 2079 diximus,
3044 2024 3099 2069 et
3141 2033 3353 2088 seraper
3376 2022 3637 2092 dicemus,
3681 2045 3826 2085 unus

2238 2086 2309 2140 sit
2334 2087 2580 2149 Christus
2602 2111 2668 2150 ex
2707 2098 2912 2157 duabus
2941 2107 3151 2161 naturis
3189 2086 3511 2169 mirabiliter
3549 2127 3603 2172 et
3624 2086 3826 2175 rineila-a
3884 2156 3887 2157 ν

2237 2175 2420 2236 biliter
2442 2185 2627 2253 unitis,
2658 2196 2801 2246 totus
2840 2209 2980 2251 unus
3005 2205 3060 2250 et
3088 2214 3251 2256 verus
3276 2203 3444 2260 Filius
3466 2207 3582 2263 Dei.
3612 2211 3691 2266 Ac
3726 2229 3826 2283 per

2238 2269 2340 2325 hoc
2368 2271 2422 2326 in
2444 2275 2650 2333 duabus
2674 2283 2880 2338 naturis
2901 2301 3038 2341 unus
3063 2304 3223 2345 verus
3250 2292 3391 2348 Deus
3418 2304 3473 2349 et
3512 2302 3825 2358 nominatur

2238 2370 2292 2414 et
2316 2377 2441 2418 vere
2470 2373 2551 2419 est
2576 2379 2590 2420 :
2620 2370 2745 2437 quia
2775 2372 3024 2431 videlicet
3046 2388 3101 2432 et
3141 2379 3284 2437 Deus
3310 2387 3652 2457 omnipotens
3686 2408 3823 2447 ιιιιιι-

2238 2470 2400 2543 quam
2420 2458 2486 2513 de
2507 2474 2565 2514 se
2594 2462 2795 2534 aliquid
2819 2468 2931 2522 vult
2958 2470 3062 2526 dici
3102 2476 3246 2543 quod
3271 2494 3375 2533 non
3401 2476 3470 2535 sit
3499 2501 3511 2535 :
3542 2484 3644 2539 hoc
3672 2488 3822 2541 enim

2239 2558 2269 2597 a
2311 2542 2417 2602 fide
2468 2551 2727 2608 catholica
2773 2558 2993 2614 omnino
3032 2542 3263 2619 alienum
3301 2578 3414 2635 est;
3457 2573 3550 2627 sed
3600 2566 3707 2639 ita,
3762 2585 3821 2630 ut

2238 2633 2494 2704 diximus,
2550 2640 2641 2696 Dei
2692 2644 2857 2702 Filius
2902 2648 3171 2709 hominem
3220 2663 3529 2730 assumpsit,
3571 2673 3630 2718 ut
3678 2667 3820 2721 nihil

2239 2726 2506 2801 amisisset
2532 2733 2671 2798 quod
2704 2733 2921 2804 habuit,
2964 2749 3019 2794 et
3049 2758 3170 2798 cum
3218 2753 3557 2820 susceptione
3581 2755 3822 2813 hominis

2238 2812 2339 2869 fuit
2365 2832 2525 2874 verus
2573 2821 2741 2878 Filius
2780 2825 2896 2893 Dei,
2929 2830 3068 2886 sicut
3115 2849 3327 2906 semper
3371 2850 3481 2907 est;
3523 2859 3625 2899 nec
3651 2847 3820 2901 etiam

2238 2908 2503 2964 minorata
2531 2922 2609 2968 est
2639 2916 2890 2974 divinitas
2914 2932 3135 2993 propter
3159 2928 3451 2999 hominem,
3480 2951 3579 2993 nec
3607 2949 3818 2993 mutata

2239 2996 2294 3049 in
2326 2999 2626 3068 hominem;
2665 3006 2804 3061 sicut
2841 3025 2941 3065 nec
2987 3013 3147 3069 homo
3174 3033 3204 3069 a
3235 3028 3425 3075 natura
3468 3024 3820 3085 humanitatis

2239 3091 2477 3155 recessit,
2512 3101 2569 3147 ut
2598 3111 2702 3150 non
2733 3111 2875 3155 esset
2898 3103 3075 3169 homo,
3114 3110 3206 3161 sed
3234 3118 3425 3166 natura
3463 3115 3818 3173 humanitatis

2237 3183 2619 3250 proprietatem
2642 3197 2847 3245 natura:
2874 3197 3129 3261 servavit,
3161 3204 3217 3252 et
3241 3203 3536 3259 substantia
3566 3208 3817 3265 divinitav

2237 3272 2307 3326 tis
2335 3276 2720 3343 proprietatem
2742 3281 3036 3339 divinitatis
3058 3304 3163 3342 non
3191 3292 3389 3346 amisit.
3422 3293 3619 3350 Tamen
3653 3298 3819 3354 homo

2234 3363 2376 3419 Deus
2416 3374 2499 3421 est
2528 3368 2793 3437 Christus,
2827 3381 2882 3427 et
2924 3374 3066 3431 Deus
3090 3378 3249 3434 homo
3291 3383 3485 3448 iactus,
3515 3394 3573 3439 ut
3610 3388 3683 3441 sit
3719 3405 3817 3444 ve-

2232 3470 2373 3519 rum,
2400 3457 2541 3523 quod
2571 3460 2757 3517 beatus
2784 3466 3109 3535 evangelista
3137 3469 3213 3523 ait
3241 3488 3253 3523 ε
3300 3464 3518 3527 Verbum
3544 3493 3666 3531 caro
3694 3479 3817 3549 fac-

2232 3552 2341 3597 tum
2383 3548 2577 3601 est:in
2619 3550 2778 3605 Verbi
2826 3556 3041 3610 nomine
3096 3559 3260 3613 Deum
3306 3560 3615 3633 designans,
3668 3577 3721 3623 et
3758 3571 3817 3625 in

2233 3635 2410 3688 carnis
2436 3638 2649 3693 nomine
2672 3640 2943 3697 hominem
2971 3647 3363 3715 demonstrans,
3399 3656 3464 3710 de
3493 3673 3599 3725 quo
3618 3659 3816 3718 beatus

2232 3723 2586 3799 Hieronymus
2611 3740 2799 3785 contra
2817 3732 3155 3793 Iovinianum
3181 3742 3256 3795 ait
3278 3743 3304 3781 ιι
3333 3761 3344 3795 :
3382 3764 3399 3794 ι
3426 3747 3658 3803 Verbum
3679 3765 3816 3805 eam

2230 3810 2430 3869 factum
2458 3826 2557 3879 est,
2584 3829 2642 3872 ut
2672 3837 2769 3876 nos
2797 3824 2861 3878 de
2880 3840 3042 3881 carne
3066 3832 3419 3890 transiremus
3449 3838 3500 3892 in
3528 3840 3764 3895 Verbum
3796 3862 3812 3897 :

2229 3924 2326 3963 nec
2367 3908 2598 3967 Verbum
2624 3915 2781 3970 desiit
2808 3934 2928 3973 esse
2961 3925 3101 3991 quod
3130 3925 3305 3982 fuerat
3335 3945 3349 3981 :
3383 3948 3481 3987 nec
3506 3935 3665 3991 homo
3683 3953 3813 4006 per-

2229 3996 2361 4051 didit
2389 4014 2508 4053 esse
2532 4004 2673 4069 quod
2703 4014 2859 4061 natus
2880 4018 2979 4063 est.
3012 4010 3191 4067 Gloria
3222 4026 3379 4073 aucta
3405 4030 3519 4091 est,
3548 4040 3653 4080 non
3682 3996 3811 4082 inu-

2228 4094 2341 4140 tata
2371 4095 2455 4142 est
2483 4100 2692 4146 natura.
2734 4115 2751 4147 ι
2791 4096 2855 4152 Ει
2877 4098 3066 4156 beatus
3090 4103 3422 4176 Augustinus
3453 4112 3502 4164 in
3533 4113 3671 4170 libro
3694 4116 3809 4171 En-

2225 4178 2485 4234 chiridion
2527 4194 2547 4220 ο
2578 4197 2591 4235 :
2628 4203 2645 4233 ι
2692 4186 2763 4241 De
2804 4205 2911 4258 quo
2958 4195 3287 4264 mediatore,
3338 4202 3532 4272 inquit,
3584 4206 3810 4281 longum

2225 4276 2325 4331 est,
2359 4277 2415 4321 ut
2441 4280 2641 4339 quanta
2677 4275 2895 4345 dignum
2935 4290 3038 4347 est,
3073 4293 3219 4340 tanta
3249 4289 3521 4355 dicantur,
3555 4275 3811 4365 quamvis

2228 4358 2295 4411 ab
2333 4358 2547 4414 homine
2584 4363 2687 4418 dici
2731 4366 2889 4437 digna
2930 4387 3034 4426 non
3070 4377 3297 4444 possint.
3354 4381 3483 4447 Quis
3530 4358 3674 4441 enim
3698 4388 3809 4444 hoc

2226 4449 2394 4505 solum
2423 4458 2839 4524 congruentibus
2867 4464 3097 4532 explicet
3136 4468 3336 4535 verbis,
3382 4476 3523 4542 quod
3560 4476 3803 4539 Verbum

2221 4557 2346 4596 caro
2366 4544 2568 4600 factum
2592 4558 2692 4613 est,
2723 4559 2779 4604 ut
2814 4554 3080 4609 habitaret
3115 4558 3166 4612 in
3196 4562 3351 4617 nobis
3377 4565 3567 4631 (Joan.
3601 4584 3642 4631 ι,
3669 4569 3735 4622 14
3758 4570 3803 4640 ),

2218 4640 2273 4685 ιιι
2314 4635 2654 4691 crederemus
2684 4638 2736 4691 in
2785 4639 2878 4695 Dei
2922 4641 3100 4700 Patris
3142 4651 3525 4720 omnipotentis
3579 4657 3805 4712 unicum

2217 4721 2413 4778 Filium
2451 4736 2635 4780 natum
2669 4729 2744 4815 .de
2785 4730 2986 4801 Spiritu
3020 4747 3210 4794 sancto
3249 4748 3304 4794 et
3344 4742 3508 4799 Maria
3548 4746 3806 4816 virgine?

2216 4812 2399 4884 Itaque
2452 4796 2682 4872 Verbum
2737 4796 2864 4877 caro
2919 4823 3119 4881 factum
3167 4838 3279 4895 est,
3334 4834 3400 4886 ad
3457 4796 3800 4893 diviniiatem

2218 4904 2397 4975 [Aug.,
2441 4921 2470 4957 a
2499 4908 2773 4965 divinitate
2778 4914 2797 4982 j
2828 4914 3044 4982 quidem
3076 4933 3239 4973 carne
3267 4932 3534 4991 suscepta,
3563 4928 3658 4981 sed
3684 4943 3797 4983 non

2216 5005 2269 5057 in
2300 5021 2518 5059 carnem
2547 5009 2827 5065 divinitate
2876 5024 3104 5071 mutata.
3142 5018 3371 5075 Carnem
3402 5040 3563 5092 porro
3586 5028 3676 5081 hic
3700 5029 3798 5082 de-

2215 5096 2405 5149 bemus
2451 5098 2721 5154 hominem
2776 5105 3040 5173 accipere,
3090 5125 3119 5162 a
3174 5120 3327 5178 parte
3372 5122 3541 5169 totum
3588 5118 3799 5188 signiﬁ-

2214 5193 2371 5239 cante
2409 5184 2707 5252 locutione,
2737 5191 2875 5246 sicut
2908 5195 3108 5249 dictum
3147 5208 3228 5252 est
3256 5218 3269 5252 :
3305 5200 3567 5265 Quoniam
3596 5222 3699 5259 non
3727 5224 3797 5262 es

2218 5275 2454 5343 operibus
2482 5275 2607 5345 legis
2621 5279 3002 5349 justiﬁcabitur
3026 5289 3191 5342 omnis
3213 5306 3336 5344 caro
3359 5292 3534 5359 (Rom.
3562 5312 3644 5359 ιιι,
3675 5298 3794 5365 10),

2216 5365 2269 5417 id
2296 5374 2408 5429 est,
2439 5368 2615 5423 omnis
2642 5371 2819 5426 homo.
2866 5374 2998 5430 Nam
3038 5379 3169 5432 nihil
3209 5390 3412 5439 natura:
3454 5386 3703 5442 humana:
3734 5389 3795 5445 in

2215 5457 2305 5512 illa
2335 5462 2673 5531 susceptione
2717 5466 2800 5522 fas
2827 5472 3116 5527 estdicere
3147 5475 3398 5541 defuisse,
3446 5481 3551 5536 sed.
3578 5492 3795 5541 natura:

2288 5572 2316 5611 ι)
2423 5573 2589 5659 ξηρῇ,
2605 5578 2730 5659 libr.
2754 5584 3447 5659 iiadversuslovinianum,
3474 5607 3621 5648 num.
3647 5594 3740 5649 29.

2291 5650 2312 5679 θ
2345 5644 2398 5695 S.
2421 5644 2577 5716 Ang‘.,
2602 5649 2873 5706 Enchirid.
2908 5670 3024 5722 cap.
3049 5655 3135 5709 54.
