4072 6346
278 335 377 400 Π3

977 333 1392 397 DOGMATICA.
1433 369 1504 379 —
1539 337 1699 394 ADV.
1740 334 2032 392 FELICEM
2070 334 2252 392 LIBRI
2289 333 2397 392 γη.
2432 365 2503 375 -
2535 334 2662 390 LIB.
2703 335 2790 391 IV.

3432 339 3538 397 ω

274 457 341 512 ab
375 451 524 510 omni
551 443 762 522 peccati
794 467 934 507 nexu
964 453 1272 508 omnimodo
1297 451 1480 507 libera:
1504 469 1516 505 :
1541 466 1649 504 non
1680 448 1854 520 qualis
1882 453 1927 508 Α
1956 449 2176 518 sumpsit
2206 465 2298 502 nos
2318 489 2333 513 ,
2369 457 2416 502 et
2444 448 2586 503 dedit
2619 448 2766 503 nobis
2805 464 3011 503 sensum
3032 488 3046 512 ,
3080 457 3133 502 ut
3165 463 3539 520 cognoscamus

275 551 338 604 de
366 555 598 616 utroque
643 561 773 600 sexu
804 545 1046 599 nascitur
1087 559 1182 615 per
1215 543 1711 612 concupiscentiam
1739 555 1858 595 car-

275 641 376 704 nis,
417 653 544 693 cum
567 637 894 708 obligatione
932 637 1144 700 delicti,
1185 634 1337 703 cujus
1363 643 1544 688 reatus
1572 643 1858 704 regenera4

275 731 416 787 tione
443 730 697 794 diluitur;
750 731 845 784 sed
875 725 1088 798 qualem
1125 727 1192 782 de
1219 727 1428 797 virgine
1456 726 1602 780 nasci
1644 733 1859 796 oporte-

271 823 379 886 bat,
408 837 572 892 quem
595 819 726 874 ﬁdes
745 819 911 890 820
931 818 1140 881 matris,
1170 833 1277 871 non
1294 816 1456 871 libido
1478 823 1850 885 conceperat.»

271 913 345 970 Illi
375 913 542 983 igitur
567 911 794 976 homini,
823 911 914 980 qui
939 925 1006 964 ex
1032 911 1241 981 virgine
1279 918 1436 964 natus
1463 918 1570 974 est,
1597 909 1856 978 singulari

272 1019 495 1059 munere
521 1019 634 1073 pne
663 1003 877 1057 cancris
903 1002 1106 1056 sanctis
1135 1002 1318 1055 datum
1347 1005 1450 1065 est,
1483 1009 1541 1055 ut
1565 1001 1749 1056 statim
1788 1010 1856 1054 ex

271 1111 374 1166 quo
420 1095 478 1149 in
527 1102 684 1148 utero
725 1093 949 1161 virginis
989 1093 1188 1162 incepit
1235 1093 1395 1148 homo
1441 1091 1578 1156 ﬁeri,
1618 1098 1762 1146 esset
1804 1099 1858 1147 et

273 1182 428 1239 Deus.
469 1183 619 1239 Unde
654 1191 710 1236 et
740 1183 929 1238 eadem
967 1180 1199 1254 gloriosa
1235 1197 1449 1252 semper
1487 1183 1642 1252 virgo
1686 1180 1858 1234 Maria

268 1289 370 1330 non
399 1275 575 1329 solum
620 1268 879 1339 hominis,
911 1276 1006 1330 sed
1040 1287 1095 1330 et
1119 1273 1215 1330 Dei
1259 1269 1493 1346 genitrix
1542 1279 1688 1330 recte
1733 1288 1856 1330 creo

268 1367 436 1423 denda
460 1375 544 1421 est
570 1374 624 1421 et
647 1349 972 1421 conﬁtenda.

333 1457 519 1513 XVIII.
540 1457 684 1512 inter
711 1457 812 1512 alia
838 1471 1051 1528 quoque
1076 1453 1383 1513 teStimonia
1413 1474 1533 1528 quae
1561 1471 1857 1529 congregas

265 1549 330 1604 de
358 1558 551 1604 sancta
579 1547 880 1619 Scriptura,
910 1559 964 1603 tu
992 1565 1134 1620 smpe
1157 1550 1298 1604 dicte
1317 1542 1490 1614 Felix,
1517 1550 1673 1618 ponis
1693 1564 1857 1603 evan-

263 1643 490 1713 gelicam
537 1643 864 1697 sententiam
898 1650 953 1696 et
982 1641 1365 1712 apostolicam,
1398 1639 1595 1712 quibus
1619 1641 1856 1695 maxime

238 1737 374 1786 'tota
403 1729 561 1784 malae
605 1729 942 1784 credulitatis
965 1738 1070 1783 tua:
1107 1731 1404 1784 destruitur
1441 1729 1694 1800 impietas
1714 1770 1728 1794 ,
1761 1731 1852 1785 ubi

1957 555 2132 593 verum
2157 539 2343 603 Deum,
2369 549 2415 593 et
2437 541 2600 595 simus
2628 541 2683 594 in
2705 554 2822 595 vero
2839 537 2980 595 Filio
2997 541 3112 611 ejus
3137 541 3264 596 Jesu
3289 541 3496 599 Christo
3519 563 3538 601 :

1955 625 2038 684 hic
2064 639 2139 684 est
2170 643 2318 684 verus
2343 631 2485 687 Deus
2513 643 2560 686 et
2591 633 2695 686 vita
2735 642 2930 688 (eterna
2975 633 3037 705 (I
3067 633 3226 689 Joan.
3250 652 3302 700 v,
3332 635 3448 708 20).
3481 635 3542 692 Si

1958 721 2125 792 igitur
2147 719 2311 786 Deus,
2337 724 2632 776 secundum
2673 724 2814 792 quod
2842 723 3061 794 angelus
3089 725 3335 794 prrcdixit
3371 727 3544 782 beatae

1955 813 2140 868 Maria:
2179 809 2396 884 virgini,
2443 827 2638 868 nomen
2669 823 2754 869 est
2781 815 3131 870 humanitatis
3177 826 3466 886 assumpta:
3512 831 3544 870 a

1955 904 2052 962 Dei
2085 906 2252 971 Filio;
2303 914 2356 961 ct
2399 905 2646 961 Christus
2685 916 2907 976 propter
2951 899 3152 978 rcg‘iam
3199 907 3548 978 dignitatem;

1956 1012 2082 1053 vere
2122 999 2344 1052 omnino
2385 994 2579 1070 (juxta
2605 999 2974 1053 testimonium
3019 1000 3259 1069 ejusdem
3305 1015 3541 1070 evange—

1957 1087 2111 1153 listtc,
2165 1089 2278 1144 sive
2309 1089 2362 1142 in
2393 1088 2684 1158 Evangelio
2732 1089 2846 1158 ipsa
2874 1089 3114 1144 Veritate
3145 1090 3359 1145 dicente
3382 1132 3396 1156 ,
3429 1089 3556 1145 sive

1957 1181 2011 1236 in
2040 1181 2265 1253 epistola
2297 1196 2392 1236 sua
2419 1181 2439 1250 )
2471 1181 2611 1235 idem
2653 1181 2798 1251 ipse,
2847 1180 2938 1250 qui
2966 1181 3165 1236 dicitur
3187 1176 3343 1237 Jesus
3381 1181 3545 1236 Chri-

1957 1282 2094 1337 stus,
2122 1285 2284 1327 verus
2327 1280 2411 1326 est
2445 1272 2607 1336 Deus,
2641 1277 2696 1326 et
2721 1282 2882 1326 verus
2921 1266 3092 1325 Filius
3129 1271 3242 1326 Dei.
3273 1271 3380 1325 Aut
3415 1287 3544 1343 ergo

1957 1365 2074 1420 inec
2103 1364 2321 1420 nomina
2352 1363 2583 1418 tollenda
2607 1373 2732 1417 sunt
2774 1363 2840 1417 ab
2869 1362 3201 1418 humanitate
3247 1357 3370 1424 Filii
3398 1363 3494 1417 Dei
3526 1380 3541 1416 :

1957 1470 2070 1524 aut,
2121 1459 2166 1514 si
2214 1460 2330 1513 [nec
2374 1458 2594 1512 nomina
2637 1453 2778 1513 illius
2826 1457 3049 1530 [διε-μνία
3079 1472 3097 1509 :
3126 1458 3346 1528 propria
3394 1466 3544 1524 sunt,

1957 1550 2034 1605 vel
2063 1550 2232 1605 simile
2275 1547 2458 1622 quid],
2492 1551 2581 1620 qui
2633 1558 2790 1605 natus
2832 1558 3008 1604 estex
3055 1549 3291 1620 virgine;
3337 1565 3468 1620 ergo
3491 1557 3549 1604 et

1955 1641 2046 1695 ille
2074 1643 2257 1706 homo,
2279 1642 2370 1712 qni
2394 1650 2555 1695 natus
2583 1647 2666 1696 est
2693 1657 2758 1696 ex
2788 1640 3012 1712 virgine,
3047 1649 3101 1696 et
3127 1642 3212 1696 his
3238 1641 3547 1697 nominibus

1956 1741 2200 1797 vocatur,
2248 1749 2409 1787 verus
2452 1741 2536 1787 est
2578 1733 2722 1788 Deus
2768 1741 2823 1787 et
2849 1748 3009 1788 verus
3053 1727 3224 1787 Filius
3271 1731 3386 1788 Dei.
3438 1731 3548 1788 Sed

265 1819 375 1891 ipse
425 1819 682 1874 Salvator
726 1819 898 1874 oculis
948 1821 1172 1876 elevatis
1226 1821 1294 1874 ad
1345 1817 1563 1874 Patrem
1609 1821 1684 1874 ait
1723 1835 1737 1874 :
1783 1819 1852 1875 Ut
1887 1803 1929 1862 Β
1957 1824 2080 1894 quia
2106 1823 2172 1878 de
2211 1823 2453 1892 hac'ipsa
2502 1825 2800 1892 qtncstione
2832 1823 2985 1893 plura
3014 1823 3268 1878 videntur
3297 1837 3418 1881 esse
3459 1823 3546 1878 di-

261 1922 580 1985 cognoscant
624 1923 674 1966 te
713 1911 884 1966 solum
931 1930 1106 1966 verum
1146 1912 1350 1978 Deum,
1397 1922 1446 1966 et
1476 1929 1630 1982 quem
1669 1911 1856 1966 misisti

261 2003 440 2059 Iesum
486 2003 754 2058 Christum
782 2004 800 2074 (
830 2003 989 2058 Jaun.
1042 2021 1178 2067 xvn,
1207 2006 1242 2058 5
1271 2003 1289 2074 )
1325 2023 1336 2058 :
1368 2011 1530 2075 atque
1568 2005 1766 2059 iterum
1789 2003 1856 2059 de

262 2093 488 2165 epistola
539 2093 684 2148 beati
714 2092 939 2149 Joannis
971 2094 1337 2165 evangelista),
1377 2095 1469 2149 ubi
1502 2092 1577 2150 ait
1607 2112 1620 2148 :
1653 2094 1722 2148 Et
1772 2111 1858 2149 as-

267 2215 1330 2245 Wl-

1957 1911 2147 1978 cenda,
2187 1914 2470 1982 praesentis
2508 1911 2672 1966 libelli
2699 1913 2787 1967 hic
2827 1912 3117 1967 terminum
3146 1925 3349 1982 ponere
3383 1927 3546 1967 cura-

1958 2003 2156 2066 vimus,
2189 2009 2249 2055 ut
2273 2017 2336 2056 ea
2365 2017 2485 2072 quae
2505 2008 2825 2072 sequuntur.
2855 2001 3135 2071 sequentis
3165 1998 3332 2056 libelli
3355 2001 3546 2071 dispu-

1960 2093 2148 2147 tationi
2177 2101 2481 2148 serventur.

2335 2212 3536 2244 mm

2731 2281 2766 2312 1

1562 2330 1798 2392 LIBER
1840 2331 2232 2404 QUARTUS.

325 2515 368 2575 ἰ.
407 2517 671 2591 Sequitur
716 2515 772 2573 in
811 2511 992 2574 libello
1019 2515 1229 2611 prmiati
1272 2519 1511 2574 doctoris
1551 2515 1848 2588 pessimum
1951 2528 2170 2582 aeterna,
2199 2523 2254 2572 ut
2281 2529 2592 2590 sagnoscant
2622 2531 2672 2576 te
2697 2519 2868 2578 solum
2892 2536 3069 2580 verum
3098 2519 3294 2596 Dem,
3318 2539 3368 2585 et
3394 2548 3546 2603 quem

198 2617 208 2629 '
254 2623 312 2668 et
337 2613 594 2668 asatculo
627 2613 882 2666 inaudita:
919 2607 1264 2681 blasphemiae
1294 2621 1696 2682 argumentum,
1743 2627 1852 2682 quo
1949 2609 2140 2663 misisti
2181 2609 2363 2664 Jesum
2395 2607 2662 2664 Christum
2702 2611 2908 2683 (Joan.
2961 2631 3094 2682 xvn,
3125 2612 3204 2690 5)
3245 2637 3258 2672 :
3308 2620 3378 2676 Et
3403 2623 3548 2691 quod

253 2706 481 2761 cumino
505 2700 712 2758 Christi
735 2703 831 2757 Dei
853 2703 1170 2774 impiissima
1201 2704 1506 2758 temeritate
1531 2703 1856 2759 contradicit
1952 2694 2096 2754 idem
2139 2701 2470 2772 evangelista
2500 2702 2578 2756 ait
2609 2720 2622 2756 :
2650 2702 2720 2757 Ut
2745 2719 3121 2776 cognoscamus
3145 2727 3323 2766 verum
3352 2712 3548 2782 Deum,

257 2799 560 2863 divinitati,
607 2797 752 2867 quod
791 2797 976 2852 multis
1011 2805 1326 2851 sanctorum
1353 2797 1575 2852 Patrum
1607 2798 1851 2851 testimo—

256 2894 364 2947 niis
403 2891 798 2946 destruendum
835 2905 955 2944 esse
1003 2889 1372 2943 necessarium
1418 2889 1649 2943 videtur.
1702 2887 1851 2954 Qua-

255 2993 483 3056 propter
514 2981 776 3036 lectorem
822 2981 1070 3045 obsecro,
1111 2993 1178 3033 ne
1206 2992 1290 3032 me
1323 2978 1620 3048 longiorem
1666 2979 1718 3030 in
1750 2978 1853 3032 hac

255 3074 400 3129 serie
439 3071 826 3141 disputationis
872 3070 1248 3139 reprehendat.
1306 3068 1548 3139 Simplici
1604 3084 1852 3124 sermone

233 3165 406 3236 apud
439 3164 718 3219 auditores
747 3163 866 3233 pios
905 3162 1040 3216 ﬁdes
1077 3176 1202 3216 vera
1231 3160 1464 3229 proferri
1494 3168 1708 3230 potest;
1757 3161 1852 3214 sed

253 3254 560 3330 impietatis
597 3256 827 3310 assertio
859 3255 1090 3326 plurima
1138 3253 1567 3308 testimoniorum
1613 3252 1850 3307 auctori-

253 3356 372 3403 tate
399 3345 652 3402 diluenda
680 3363 692 3398 :
725 3353 994 3416 quatenus
1035 3345 1080 3399 si
1107 3352 1307 3399 nostrae
1333 3344 1616 3414 parvitatis
1661 3359 1853 3398 sensus

253 3439 696 3510 contemptibiles
726 3439 941 3501 habeat,
975 3437 1163 3492 saltem
1205 3437 1520 3492 multimoda
1559 3437 1855 3491 catholico-

257 3545 381 3584 rum
413 3530 696 3584 doctorum
737 3529 1060 3583 auctoritate
1085 3529 1353 3592 vincatur,
1382 3536 1548 3597 utque
1572 3525 1665 3580 Dei
1691 3525 1851 3580 Chri‘

261 3622 336 3676 sti
357 3621 599 3676 donante
630 3628 681 3674 et
699 3619 992 3674 miserante
1022 3618 1308 3673 clementia
1338 3618 1659 3688 corrigatur.

327 3711 395 3766 II.
441 3711 603 3766 Ponit
623 3711 805 3780 itaque
833 3699 1140 3780 huiusmodi
1172 3711 1374 3763 verba:
1411 3727 1428 3758 ι
1467 3708 1715 3764 Secundo
1759 3723 1855 3762 au-

257 3813 372 3861 tem
412 3807 596 3872 modo,
642 3806 735 3869 ait,
769 3807 1128 3876 nuncupative
1157 3805 1301 3861 Deus
1330 3805 1552 3869 dicitur,
1600 3806 1739 3860 sicut
1767 3821 1855 3859 su-

255 3899 447 3968 perius
476 3898 681 3953 dictum
707 3905 788 3952 est
820 3898 886 3952 de
915 3898 1118 3958 sanctis
1153 3897 1618 3967 praedicatoribus,
1654 3898 1718 3951 de
1739 3897 1858 3967 qni-

256 3988 363 4042 bus
393 3986 646 4040 Salvator
672 3985 873 4040 Judmis
902 3987 979 4041 ait
1005 4005 1016 4038 :
1047 3985 1104 4040 Si
1127 3987 1263 4040 enim
1306 3985 1425 4040 illos
1455 3985 1590 4039 dixit
1618 3985 1763 4048 deos,
1786 3986 1855 4038 ad

257 4095 392 4151 quos
435 4079 536 4142 Dei
567 4096 736 4133 sermo
763 4078 934 4149 factus
960 4079 1141 4151 (Joan.
1169 4096 1224 4142 x,
1252 4077 1343 4150 35)
1371 4095 1385 4141 ;
1415 4079 1504 4148 qui
1537 4087 1716 4131 tamen
1747 4092 1856 4131 non

257 4179 460 4225 natura
497 4179 554 4224 ut
583 4170 746 4234 Deus,
791 4171 885 4224 sed
915 4186 1012 4240 per
1047 4169 1141 4224 Dei
1171 4169 1399 4240 gratiam
1430 4169 1496 4222 ab
1524 4183 1607 4233 eo,
1646 4167 1738 4236 qui
1767 4182 1858 4221 ve-

257 4271 358 4315 rus
385 4268 473 4314 est
502 4259 664 4325 Deus,
710 4260 942 4314 deiﬁcati
989 4261 1061 4315 dii
1104 4267 1230 4314 sunt
1256 4254 1371 4314 'sub
1419 4259 1510 4314 illo
1547 4259 1723 4313 vocati
1757 4271 1771 4310 :
1801 4258 1854 4312 in

258 4355 366 4409 hoc
391 4354 596 4424 quippe
621 4351 809 4406 ordine
835 4350 930 4405 Dei
965 4347 1133 4405 Filius
1162 4350 1420 4414 Dominus
1442 4357 1496 4404 et
1529 4349 1858 4418 Redemptor

257 4455 456 4501 noster
472 4445 630 4514 juxta
675 4443 1085 4504 humanitatem,
1117 4441 1256 4494 sicut
1291 4441 1343 4494 in
1375 4448 1585 4504 natm-:1,
1623 4443 1697 4492 ita
1723 4448 1778 4492 et
1802 4437 1854 4491 in

256 4539 508 4600 nomine,
535 4535 785 4606 quamvis
813 4529 1160 4588 excellentius
1188 4532 1398 4586 ctmctis
1436 4530 1657 4590 electus,
1689 4528 1861 4598 veris;

257 4632 402 4685 sime
427 4639 614 4684 tamen
637 4643 760 4682 cum
791 4625 894 4680 illis
924 4625 1308 4688 communicat,
1336 4623 1475 4677 sicut
1503 4628 1556 4676 et
1581 4621 1633 4674 in
1663 4628 1860 4676 cattera

259 4721 449 4774 omnia
496 4717 514 4789 [
545 4717 693 4786 Leg.,
725 4717 779 4769 in
806 4714 1016 4769 ueteris
1041 4714 1292 4768 omnibus
1313 4711 1326 4784 j
1350 4750 1362 4776 ,
1397 4712 1450 4765 id
1479 4721 1562 4765 est
1589 4751 1603 4775 ,
1635 4711 1690 4763 in
1719 4724 1860 4778 prte-

260 4809 656 4872 destinatione,
683 4807 738 4861 in
769 4803 1053 4869 electione,
1089 4805 1140 4858 in
1175 4805 1370 4874 gratia,
1415 4803 1471 4857 in
1499 4801 1859 4870 susceptione,

258 4902 316 4956 in
347 4900 726 4970 assumptione
774 4897 1008 4952 nominis
1060 4897 1222 4957 servi,
1274 4903 1438 4964 atque
1480 4892 1859 4962 applicatione,

259 5006 360 5046 seu
387 5002 590 5046 caetera
616 4989 702 5043 his
731 4987 948 5051 similia,
980 4993 1040 5039 ut
1064 4986 1204 5039 idem
1229 4983 1318 5052 qui
1347 4983 1709 5038 essentialitcr
1735 4997 1860 5035 cum

259 5077 430 5138 Patre
458 5089 515 5136 et
538 5080 742 5150 Spiritu
770 5087 959 5134 sancto
1000 5078 1054 5132 in
1083 5075 1292 5130 unitate
1328 5075 1544 5131 deitatis
1583 5091 1742 5129 verus
1780 5083 1864 5128 est

260 5171 431 5236 Deus,
458 5173 578 5242 ipse
601 5172 657 5225 in
680 5170 854 5226 forma
881 5169 1238 5224 humanitatis
1277 5183 1399 5222 cum
1423 5167 1610 5223 electis
1633 5167 1746 5221 suis
1765 5181 1862 5235 per

261 5263 583 5334 adoptionis
629 5263 857 5332 gratiam
899 5260 1179 5315 deiﬁcatus
1206 5259 1375 5325 ﬁeret,
1422 5267 1476 5315 et
1503 5261 1862 5330 nuncupative

261 5355 432 5412 Deus.
476 5375 496 5408 ι
526 5354 700 5422 Quem
744 5353 902 5423 paulo
949 5363 1073 5407 ante
1113 5354 1425 5424 evangelico
1471 5353 1780 5407 testimonio
1811 5358 1865 5406 ct

261 5444 440 5516 ipsius
463 5445 812 5515 evangelista:
844 5443 1225 5498 testiﬁcatione
1246 5445 1425 5498 dixisti
1447 5460 1633 5497 verum
1661 5443 1858 5498 Deum:

262 5537 545 5607 quomodo
612 5549 757 5590 nunc
811 5533 948 5589 dicis
1012 5524 1435 5604 nuncupativum
1499 5525 1702 5588 Deum?
1758 5532 1867 5587 Aut

264 5627 590 5682 auctoritati
624 5624 948 5695 evangelica:
977 5625 1140 5678 etiam
1167 5632 1222 5677 et
1246 5625 1414 5692 ipsius
1437 5626 1686 5680 veritatis
1717 5627 1866 5681 testi-

267 5719 540 5786 ﬁcationi,
573 5733 735 5778 quam
759 5717 1016 5788 posuisti,
1058 5715 1148 5772 ubi
1183 5716 1295 5769 ait:
1329 5714 1456 5770 Ha'c
1488 5726 1560 5771 est
1599 5717 1733 5770 enim
1765 5718 1866 5774 vita

1877 3117 1924 3180 C

1955 2803 2002 2847 et
2029 2794 2192 2847 simus
2214 2794 2270 2846 in
2300 2810 2418 2848 vero
2441 2793 2710 2864 Filioejus
2722 2794 2850 2850 Iesu
2865 2795 3073 2852 Christo
3097 2799 3152 2871 (I
3175 2801 3404 2868 Joan.v,
3428 2803 3548 2876 20),

1957 2884 2268 2937 consentire
2308 2884 2504 2947 habes;
2548 2883 2627 2938 vel
2668 2891 2814 2938 tuam
2855 2889 3184 2943 sententiam
3222 2890 3551 2950 conﬁrmare

1958 2970 2064 3027 alio
2097 2971 2412 3044 [Quercet.,
2469 2973 2650 3046 aliud]
2692 2975 2898 3046 majore
2932 2977 3174 3068 quolibet
3215 2981 3548 3052 testimonio,

1957 3081 2122 3135 quam
2150 3065 2318 3134 ipsius
2347 3067 2614 3130 veritatis,
2665 3067 2748 3122 vel
2782 3067 2916 3122 tanti
2945 3065 3192 3140 apostoli,
3241 3081 3297 3128 et
3319 3089 3552 3148 evange-

1957 3160 2115 3224 lisue,
2161 3159 2253 3228 qui
2277 3173 2441 3228 super
2464 3167 2655 3228 pectus
2681 3160 2894 3216 Domini
2930 3163 3176 3219 recubuit
3209 3185 3221 3219 :
3253 3167 3340 3222 vel
3369 3169 3417 3223 si
3443 3170 3552 3227 hoc

1957 3265 2064 3304 non
2093 3263 2256 3304 ausus
2286 3263 2345 3304 es
2386 3247 2586 3316 facere,
2628 3251 2738 3306 imo
2780 3252 2908 3322 quia
2935 3254 3042 3309 non
3066 3263 3244 3326 potes,
3293 3267 3554 3318 restath

1961 3349 2108 3394 tuam
2146 3341 2471 3395 sententiam
2511 3340 2778 3398 damnans
2825 3344 2984 3399 radas
3011 3345 3077 3400 de
3115 3348 3277 3406 corde
3311 3356 3407 3406 tuo
3446 3352 3554 3408 hoc

1959 3447 2152 3486 nomen
2181 3432 2236 3487 in
2267 3431 2484 3489 Christo
2513 3433 2893 3504 nuncupativse
2932 3435 3161 3496 Deitatis
3199 3444 3344 3512 quod
3387 3443 3554 3502 homo

1959 3521 2135 3591 ﬁnxit,
2163 3541 2269 3582 non
2295 3525 2465 3592 Deus;
2499 3527 2644 3596 quod
2671 3528 2908 3583 humana
2938 3528 3201 3598 inventio,
3229 3547 3338 3589 non
3367 3533 3551 3592 divina

1960 3618 2255 3673 auctoritas
2279 3619 2602 3688 composuit.

2030 3709 2114 3764 lli.
2155 3711 2315 3780 821
2363 3710 2518 3766 Dicat
2541 3711 2732 3768 beatus
2763 3710 3072 3783 Apostolus,
3103 3715 3233 3784 quid
3259 3711 3388 3774 inde
3423 3708 3549 3774 se'n-

1962 3801 2081 3865 tiat,
2112 3801 2198 3855 vel
2227 3802 2293 3857 de
2318 3816 2424 3871 quo
2451 3802 2679 3858 dixisset
2719 3803 2868 3870 illud,
2901 3806 3048 3875 quod
3077 3814 3132 3860 et
3173 3813 3230 3860 tu
3271 3809 3502 3878 posuisti
3533 3824 3552 3865 :

1963 3889 2068 3956 Qui
2086 3899 2160 3944 est
2187 3907 2345 3960 super
2371 3891 2546 3945 omnia
2572 3891 2713 3946 Deus
2741 3893 3038 3948 benedictus
3061 3896 3117 3949 in
3144 3896 3340 3952 swcula
3367 3897 3546 3968 (Rom.

1962 3997 2035 4046 lx,
2082 3984 2157 4056 5).
2192 3984 2542 4054 Dicititaque
2569 3984 2790 4040 Christo
2833 3987 2890 4040 in
2932 3987 2992 4042 se
3040 3986 3334 4056 loquente:
3383 3988 3552 4061 Opta-

1963 4075 2081 4128 bam
2123 4090 2216 4144 ego
2257 4075 2366 4145 ipse
2394 4075 2674 4129 anathema
2715 4087 2826 4130 esse
2867 4093 2900 4130 a
2927 4075 3138 4132 Christo
3167 4091 3261 4148 pro
3294 4077 3551 4148 fratribus

1963 4164 2112 4229 meis,
2156 4165 2247 4234 qui
2291 4173 2412 4218 sunt
2451 4166 2662 4234 cognati
2709 4167 2812 4220 mei
2860 4167 3149 4222 secundum
3196 4184 3429 4235 carnem,
3459 4171 3552 4241 qui

1963 4267 2083 4311 sunt
2122 4257 2404 4322 Israelita,
2431 4273 2653 4328 quorum
2686 4258 2898 4330 adoptio
2922 4266 2996 4313 est
3019 4259 3254 4329 ﬁliarum
3282 4269 3332 4315 et
3357 4261 3552 4333 gloria,

1964 4359 2011 4402 et
2040 4358 2425 4413 testamentum,
2449 4358 2497 4401 et
2525 4347 2805 4420 legislatio,
2837 4359 2884 4404 et
2909 4349 3230 4421 obsequium,
3261 4361 3308 4406 et
3335 4348 3558 4423 promis-

1957 4441 2064 4504 sio,
2111 4455 2334 4511 quorum
2379 4448 2575 4510 patres,
2624 4457 2688 4495 ea:
2736 4441 2922 4511 quibus
2975 4440 3214 4497 Christus
3265 4443 3556 4499 secundum

1964 4549 2194 4596 carnem,
2224 4533 2315 4603 qui
2342 4541 2419 4587 est
2457 4547 2613 4604 super
2647 4535 2822 4588 omnia
2848 4533 2992 4589 Deus
3035 4533 3333 4590 benedictus
3361 4537 3418 4591 in
3447 4553 3552 4591 ste—

1966 4621 2086 4676 cula
2117 4621 2297 4694 (Rom.
2329 4639 2410 4687 rx,
2460 4625 2494 4678 5
2535 4632 2584 4678 et
2612 4624 2768 4696 seq.).
2817 4623 3061 4695 lntellige
3110 4626 3555 4696 consequentiam

1966 4714 2234 4769 sermonis
2279 4713 2580 4783 apostolici.
2614 4714 2690 4768 De
2728 4714 2983 4770 lsraelitis
3026 4722 3278 4781 testatur,
3313 4718 3468 4786 quasi
3497 4733 3558 4773 se

1967 4819 2230 4860 excusare
2255 4805 2459 4869 volens,
2507 4806 2650 4874 quod
2690 4823 2796 4860 non
2828 4814 3052 4877 propter
3095 4807 3350 4863 invidiam
3379 4809 3555 4880 legem

1967 4894 2180 4949 illorum
2207 4911 2316 4949 non
2343 4903 2586 4950 servaret
2619 4911 2630 4947 :
2665 4895 2760 4950 sed
2788 4896 2912 4949 dum
2941 4897 3228 4952 veritatem
3255 4897 3554 4954 intellexiso

1969 4993 2068 5048 set,
2099 4985 2319 5040 veritati
2367 4984 2587 5040 obedire
2632 4984 2834 5039 mallet.
2872 4984 3015 5040 Dicit
3061 4980 3275 5040 illorum
3323 4989 3558 5058 promis-

1961 5079 2162 5140 siones,
2194 5077 2249 5131 id
2277 5083 2380 5142 est,
2412 5075 2802 5139 lsraelitarum,
2833 5091 3062 5145 quorum
3092 5078 3420 5147 patriarcha)
3457 5093 3554 5148 pa-

1961 5177 2071 5224 tres
2096 5177 2276 5234 erant,
2303 5183 2372 5223 ex
2415 5169 2632 5239 quibus,
2677 5169 2728 5222 id
2763 5176 2866 5233 est,
2914 5167 3263 5238 patriarchis,
3305 5169 3558 5227 Christus

1961 5258 2259 5312 secundum
2285 5272 2506 5313 carnem
2536 5266 2694 5313 natus
2721 5266 2826 5324 est,
2858 5273 3018 5328 quem
3047 5260 3213 5314 etiam
3239 5274 3403 5330 super
3434 5273 3552 5314 om-

1965 5349 2052 5403 nia
2077 5350 2245 5404 Deum
2273 5349 2613 5406 benedictum
2642 5350 2696 5404 in
2727 5350 2921 5406 saecula
2949 5352 3230 5406 nominare
3258 5366 3365 5405 non
3398 5349 3556 5404 dubi-

1970 5440 2104 5495 tavit
2131 5454 2145 5494 :
2192 5439 2380 5507 Deum,
2413 5441 2655 5512 inquam,
2685 5441 2987 5496 nominavit
3013 5441 3337 5496 benedictum
3380 5439 3554 5507 illum,

1972 5534 2063 5603 qui
2097 5539 2254 5588 natus
2301 5544 2384 5590 est
2409 5535 2703 5590 carnaliter
2729 5552 2794 5590 ex
2847 5534 3072 5590 Patrum
3116 5534 3395 5606 progenie,
3446 5551 3558 5590 non

1973 5630 2422 5699 nuncupativum.
2469 5629 2546 5685 De
2595 5645 2700 5700 qua
2753 5627 3023 5690 sententia
3088 5629 3281 5683 beatus
3330 5627 3556 5684 Proclus

1974 5721 2608 5788 Constantinopolitanus
2656 5723 2940 5798 episcopus
2984 5722 3040 5780 in
3083 5720 3311 5800 epistola
3352 5723 3419 5778 ad
3448 5719 3558 5777 ΑΡ·-
3605 5745 3616 5752 λ
