4030 6358
555 274 658 330 I75

1382 274 1444 328 Π.
1485 272 1543 326 F.
1589 271 1809 326 ALBI-Nl
1850 271 1981 325 SEI?
2020 268 2293 324 ΑιιϐιῑιΝι
2330 267 2612 325 ΟΡΕῐὶΙῪΜ
2655 243 2832 326 PARS
2870 273 2952 327 Ill.

3698 272 3796 348 ira

555 384 762 440 menius
799 382 873 436 ita
917 381 994 436 ait
1022 393 1045 422 ε
1073 395 1088 434 :
1126 398 1144 432 ι
1191 380 1476 450 Apostolus
1505 380 1642 435 dixit
1683 394 1804 434 eum
1835 378 2122 441 Christum,
2153 381 2196 436 Δ
2225 379 2473 433 eumdem
2503 396 2687 434 verum
2720 381 2886 434 Deum
2918 387 3182 436 monstrat
3226 380 3411 436 dicens
3437 399 3448 434 :
3488 379 3586 436 Hic
3612 393 3688 438 est
3718 403 3799 440 ve-

555 485 613 530 ut
639 473 908 539 ostendat,
939 472 1064 542 quia
1099 471 1391 526 secundum
1431 470 1713 526 veritatem
1757 469 1898 525 Deus
1946 467 2122 523 factus

553 573 638 622 est
663 566 841 620 homo.
871 563 1013 616 Dixit
1049 576 1174 616 eum
1198 561 1285 632 qui
1313 571 1409 626 est,
1437 569 1495 614 ut
1522 576 1645 614 eum
1679 561 1794 614 sine
1822 561 1973 614 initio
2002 573 2123 614 esse

553 655 812 710 declaret.
843 651 986 706 Dixit
1014 667 1138 706 eum
1162 667 1316 720 super
1357 652 1550 712 omnia,
1583 658 1641 705 ut
1669 651 1832 704 totius
1861 659 2124 705 creaturae

554 742 838 799 Dominum
866 741 1139 812 praedicet.
1171 740 1315 795 Dixit
1343 755 1465 795 eum
1511 741 1853 803 benedictum,
1897 750 1956 794 ut
1997 741 2126 794 ado-

554 850 737 891 remus
765 849 889 888 eum
930 840 1186 901 tanquam
1231 829 1650 901 omnipotentem
1694 831 1992 894 humiliter,
2026 845 2125 886 nec

555 936 614 980 ut
637 939 958 982 conservum
987 922 1269 979 calumniis
1296 931 1629 992 appetamus.
1671 943 1686 973 ι
1733 922 1864 976 Item
1891 921 2124 992 Cyrillus

552 1012 835 1086 episcopus
864 1013 1259 1068 Alexandrinus
1285 1012 1349 1066 de
1389 1012 1595 1065 unitate
1622 1026 1866 1080 personae
1905 1019 1960 1065 et
1999 1025 2125 1079 pro—

551 1105 789 1175 prietate
811 1104 865 1158 in
888 1103 1094 1158 duabus
1119 1101 1326 1156 naturis
1350 1101 1469 1156 Filii
1500 1098 1594 1156 Dei
1626 1103 1652 1140 ι)
1679 1119 1690 1154 :
1728 1119 1752 1154 r
1792 1099 1938 1158 [Inus
1963 1101 2127 1172 igitur

552 1204 657 1262 est,
711 1191 910 1265 inquit,
961 1201 1017 1248 et
1069 1202 1196 1247 ante
1241 1191 1666 1246 incarnationem
1713 1187 1852 1246 Deus
1912 1189 2122 1262 [CyriL,

554 1287 699 1346 Deus
738 1283 943 1358 verus],
990 1292 1045 1339 et
1074 1283 1166 1354 qui
1212 1281 1266 1338 in
1305 1283 1640 1338 humanitate
1667 1284 1886 1347 mansit,
1939 1284 1992 1337 in
2019 1299 2125 1353 quo

552 1385 669 1434 erat
695 1374 906 1448 [Cyril.,
935 1374 987 1428 id
1013 1375 1154 1443 quod
1183 1371 1344 1446 erat],
1373 1383 1427 1429 et
1468 1383 1584 1438 est,‘
1614 1382 1669 1427 et
1697 1371 1820 1428 erit.
1856 1371 1973 1428 Non
2017 1375 2126 1430 dis-

553 1468 820 1524 rerncndo
866 1467 1032 1539 igitur
1079 1481 1243 1520 unum
1288 1461 1572 1521 Dominum
1619 1461 1800 1521 Jesum
1852 1465 2124 1522 Christum

552 1565 606 1620 in
658 1557 932 1619 hominem
984 1577 1248 1626 seorsum,
1300 1569 1357 1616 et
1403 1577 1646 1617 seorsum
1695 1561 1748 1616 in
1803 1561 1996 1626 Deum,
2028 1559 2124 1616 sed

552 1672 717 1712 unum
757 1657 1114 1724 eumdemque
1159 1653 1341 1708 Jesum
1391 1653 1664 1708 Christum
1705 1667 1825 1708 esse
1870 1649 2118 1717 dicimus,

2226 487 2315 525 rus
2353 469 2494 526 Deus
2522 483 2568 526 et
2597 473 2700 526 rita
2741 483 2935 526 (eterna
2973 472 3025 542 (1
3050 473 3210 529 Jorm.
3241 492 3291 538 v,
3320 475 3432 546 ΞΟ).
3457 477 3655 532 Verum
3701 479 3800 534 ho—

2223 561 2424 616 minem
2471 561 2744 617 Christum
2794 565 3162 635 recognoscit,
3217 566 3343 635 quia
3406 565 3624 620 Verbum
3679 585 3798 622 caro

2222 652 2386 721 822
2432 652 2628 720 factum
2672 662 2768 717 est,
2807 665 2853 708 et
2879 653 3126 708 habitavit
3156 655 3211 708 in
3241 656 3420 720 nobis;
3449 657 3800 727 eumdemque

2223 755 2410 794 verum
2436 739 2600 794 Deum
2625 741 2892 806 ostendit;
2916 743 3042 811 quia
3069 735 3124 795 in
3147 744 3400 812 principio
3421 754 3531 798 erat
3556 741 3800 813 Verbum,

2224 840 2270 885 et
2315 829 2533 885 Verbum
2571 841 2681 885 erat
2717 832 2855 901 apud
2886 831 3070 896 Deum,
3101 843 3149 886 et
3177 833 3317 886 Deus
3346 844 3456 888 erat
3501 833 3742 892 Verbum.
3776 857 3796 891 ι

2225 920 2292 974 Et
2317 920 2474 991 paulo
2517 929 2635 991 post
2673 921 2812 976 idem
2859 921 3151 978 Cassianus
3180 925 3232 978 in
3263 921 3402 979 libro
3436 927 3594 982 tertio
3620 929 3686 984 de
3717 945 3805 985 sa-

2226 1019 2502 1065 cramento
2544 1013 2811 1082 passionis
2851 1012 3072 1077 Christi,
3105 1022 3161 1069 et
3203 1015 3268 1070 de
3298 1018 3504 1073 unitate
3542 1012 3664 1074 Filii
3707 1015 3803 1076 Dei

2225 1104 2498 1159 disserens
2541 1107 2618 1159 ait
2660 1125 2672 1160 :
2719 1126 2737 1158 ι
2785 1107 2968 1177 Itaque
3011 1109 3090 1163 sic
3135 1110 3188 1164 in
3236 1126 3294 1165 se
3321 1121 3488 1167 totum
3531 1111 3804 1172 hominem

2225 1209 2385 1249 verus
2414 1195 2555 1250 Deus
2579 1207 2634 1250 et
2670 1214 2911 1254 summus
2937 1201 3162 1270 accepit,
3189 1213 3243 1258 et
3267 1203 3345 1258 sic
3370 1205 3644 1274 plenitudo
3673 1209 3806 1263 divi-

2227 1279 2433 1349 nitatis,
2474 1286 2698 1341 veritate
2742 1289 2935 1344 divina:
2987 1291 3341 1362 humanaeque
3380 1296 3698 1350 substantiae
3725 1298 3806 1352 in-

2227 1375 2619 1431 confusibiliter
2662 1388 3028 1447 permanente,
3078 1384 3426 1454 semetipsum
3477 1385 3635 1454 pleno
3676 1402 3808 1441 con-

2221 1464 2400 1537 junxit
2424 1467 2649 1536 homini,
2692 1479 2752 1525 ut
2783 1465 2986 1526 unitate
3023 1473 3273 1544 deinceps
3321 1475 3374 1528 in
3402 1484 3662 1531 aeternum
3694 1492 3807 1532 ma-

2227 1567 2389 1613 nente
2415 1576 2677 1630 personae,
2708 1578 2808 1616 nec
2845 1562 3004 1617 homo
3032 1559 3280 1619 Christus
3317 1581 3346 1618 a
3381 1581 3476 1620 sua
3505 1567 3804 1634 divinitate,

2229 1667 2330 1706 nec
2376 1651 2516 1706 idem
2554 1651 2696 1706 Deus
2743 1652 2994 1708 Christus
3032 1668 3063 1708 a
3107 1670 3204 1710 sua
3248 1651 3418 1726 possit
3477 1653 3808 1717 humanitate

553 1765 654 1806 non
691 1732 1014 1819 ignorantes
1041 1745 1374 1800 ditl‘erentias
1418 1753 1755 1808 naturarum,
1797 1743 1890 1798 sed
1921 1758 2015 1798 eas
2045 1741 2126 1796 in-
2155 1715 2202 1776 Β
2231 1735 2458 1810 disiungi
2495 1760 2506 1793 :
2551 1756 2688 1796 unus
2714 1750 2892 1796 tamen
2919 1751 3078 1812 atque
3105 1744 3246 1797 idem
3275 1744 3522 1802 Christus
3543 1757 3598 1803 et
3621 1764 3687 1804 ex
3720 1765 3809 1805 ve-

553 1836 802 1892 confusas
826 1835 966 1888 inter
1005 1849 1063 1888 se
1087 1842 1367 1888 servantes
1396 1831 1610 1904 [Cyril.,
1640 1830 1974 1902 statuentes].
2009 1850 2027 1882 ι
2060 1827 2125 1883 Et

553 1935 671 1997 post
699 1940 868 1998 pauca
905 1934 927 1962 ο
965 1941 977 1978 :
1029 1942 1046 1973 ι
1085 1922 1384 1989 Christum,
1421 1921 1617 1992 inquit,
1665 1921 1834 1976 Deum
1881 1937 2048 1976 unum
2072 1927 2129 1976 et

553 2017 831 2072 Dominum
855 2011 1196 2077 confitemur,
1222 2028 1328 2067 non
1355 2021 1466 2066 tam
1499 2011 1770 2068 hominem
1799 2027 1920 2067 cum
1949 2011 2128 2067 Verbo

553 2106 921 2168 coadorantes,
956 2119 1023 2158 ne
1060 2103 1340 2158 divisionis
1366 2103 1612 2172 quaedam
1660 2103 1869 2173 species
1904 2103 2129 2158 induca-

552 2212 665 2265 tur;
690 2199 783 2253 sed
810 2212 973 2252 unum
1000 2191 1160 2250 etiam
1181 2199 1239 2250 et
1262 2195 1509 2270 eqmdem
1533 2195 1840 2261 adorantes,
1871 2195 1996 2264 quia
2020 2209 2126 2250 non

552 2301 634 2347 est
663 2291 896 2345 alienum
925 2303 955 2340 a
994 2286 1170 2341 Verbo
1215 2299 1413 2356 corpus
1460 2300 1638 2350 suum,
1685 2301 1807 2340 cum
1857 2297 1966 2354 quo
2012 2286 2128 2354 ipse

553 2385 715 2440 etiam
742 2380 942 2436 assidet
969 2377 1258 2448 [Quercet.,
1288 2375 1530 2447 adsedet]
1565 2375 1733 2429 Patri.
1771 2374 1883 2430 Nec
1923 2377 2026 2430 hoc
2051 2377 2126 2430 ita

553 2475 802 2539 dicimus,
847 2471 1004 2542 quasi
1038 2469 1247 2524 duobus
1295 2466 1421 2522 ﬁliis
1465 2467 1846 2532 assidentibus,
1885 2466 1977 2521 sed
2020 2482 2128 2522 uno

553 2588 675 2628 cum
703 2584 870 2626 carne
902 2583 999 2639 per
1040 2567 1302 2621 unitatem
1333 2584 1346 2619 :
1388 2565 1515 2635 quia
1558 2566 1602 2620 si
1635 2565 1795 2620 talem
1837 2566 2128 2636 copulatio-

553 2678 676 2719 nem
705 2661 904 2717 factam
933 2673 1030 2728 per
1065 2655 1444 2719 substantiam,
1483 2663 1576 2709 aut
1621 2655 1777 2724 quasi
1819 2656 2126 2726 impossibi-

527 2762 678 2819 _Iem,
705 2760 798 2807 aut
821 2751 976 2821 quasi
1015 2764 1207 2819 parum
1228 2747 1479 2802 decoram
1504 2747 1837 2802 voluerimus
1859 2749 2124 2818 Jecipere,

549 2847 606 2900 in
645 2845 699 2898 id
741 2841 1046 2903 incidimus,
1085 2847 1146 2892 ut
1176 2837 1310 2892 duos
1361 2836 1500 2890 ﬁlios
1541 2851 1662 2891 esse
1703 2837 1964 2890 dicamus.
2019 2835 2128 2892 Nec

547 2939 692 2994 enim
726 2934 873 3006 [ιφ.
901 2949 966 2988 ea:
1013 2928 1213 3000 Cyrillo
1243 2946 1261 2983 :
1306 2927 1534 2983 Necesse
1580 2936 1662 2981 est
1710 2925 1877 2998 enim]
1925 2927 2130 2981 discer-

553 3041 682 3084 nere
706 3033 763 3079 et
789 3024 996 3078 discere
1024 3007 1297 3074 hominem
1329 3026 1658 3086 separatum,
1704 3016 1868 3072 fuisse
1893 3017 2006 3071 sola
2031 3016 2124 3070 ﬁlii

553 3113 912 3185 appellatione
935 3111 1274 3172 honoratum,
1300 3116 1355 3162 et
1383 3122 1573 3161 rursus
1597 3106 1849 3171 Verbum,
1882 3107 2025 3175 quod
2045 3115 2131 3161 est

551 3225 619 3263 ex
645 3209 766 3266 Duo,
787 3213 842 3259 et
863 3203 1079 3259 nomine
1105 3207 1158 3256 et
1177 3199 1404 3254 veritate
1434 3197 1600 3252 Filius
1622 3197 1717 3252 Dei
1751 3212 1765 3250 :
1797 3198 1890 3252 sed
1922 3198 2126 3252 discer-

555 3315 684 3356 nere
713 3299 766 3352 in
815 3297 950 3351 duos
981 3293 1118 3348 ﬁlios
1169 3307 1277 3346 non
1326 3291 1583 3346 debemus
1631 3305 1796 3344 unum
1845 3289 2130 3343 Dominum

553 3388 736 3444 Jesum
765 3385 1057 3440 Christum.
1097 3402 1114 3434 ι
1152 3381 1286 3436 Item
1309 3381 1498 3436 beatus
1527 3379 1762 3436 Hilarius
1785 3379 1838 3434 in
1861 3379 2001 3434 libro
2027 3396 2130 3434 no-

554 3497 624 3536 no
661 3479 784 3534 ﬁdei
805 3475 1082 3534 catholica:
1108 3473 1174 3527 ἀς
1214 3491 1232 3523 ι
1271 3470 1398 3527 Haec
1441 3472 1622 3541 itaque
1662 3471 1908 3526 humanae
1954 3471 2129 3526 beati-

555 3573 754 3628 tudinis
784 3571 914 3625 ﬁdes
942 3584 1068 3624 vera
1094 3575 1198 3632 est,
1228 3565 1396 3620 Deum
1422 3574 1476 3622 et
1503 3567 1774 3622 hominem
1805 3566 2126 3636 praedicare,

554 3664 789 3719 Verbum
819 3669 872 3716 et
899 3674 1115 3716 carnem
1148 3656 1416 3714 conﬁteri.
1464 3656 1650 3727 Neque
1681 3658 1848 3712 Deum
1891 3657 2126 3722 nescire,

557 3754 703 3825 quod
727 3762 782 3808 et
829 3754 990 3808 homo
1037 3752 1126 3816 sit,
1176 3763 1350 3820 neque
1405 3762 1621 3803 carnem
1671 3749 1942 3820 ignorare,
1986 3750 2131 3818 quod

555 3844 790 3901 Verbum
816 3843 904 3898 sit.
945 3862 961 3894 ο
983 3841 1366 3896 .Consentanea
1395 3853 1607 3908 quoque
1631 3839 1954 3910 evangelicis
1983 3840 2133 3894 testi-

553 3936 771 4000 moniis,
823 3932 1237 4002 apostolicisque
1281 3929 1542 3994 doctrinis
1589 3938 1645 3984 et
1689 3940 1997 3986 sanctorum
2028 3931 2131 3985 Pa-

554 4035 700 4083 trum
723 4025 992 4089 sensibus,
1022 4023 1212 4076 beatus
1228 4020 1522 4076 Cassianus
1542 4019 1749 4089 profert
1775 4021 1826 4074 in
1856 4020 1945 4074 illo
1970 4021 2128 4086 libro,

552 4136 714 4192 quem
742 4126 929 4174 contra
958 4113 1222 4171 haeretica
1246 4111 1526 4180 pravitatis
1554 4118 1760 4164 sectam
1804 4111 2022 4180 scripsit
2065 4123 2088 4150 ε
2112 4128 2126 4164 :

558 4231 577 4262 ι
614 4211 1042 4269 Testamentum,
1071 4202 1264 4272 inquit,
1289 4210 1442 4254 vetus
1465 4199 1739 4254 concinuit
1773 4215 1933 4264 novo,
1963 4200 2131 4256 David

513 4344 518 4348 .
551 4299 746 4356 Joanni
775 4293 1054 4350 concedat.
1106 4312 1124 4344 ι
1156 4292 1224 4346 Ει
1269 4289 1428 4361 paulo
1473 4297 1634 4359 post:
1671 4308 1688 4340 ι
1729 4288 1897 4354 Quem
1943 4305 2130 4345 verum

2229 1825 2388 1884 ritate
2416 1826 2680 1900 passion's
2713 1829 2976 1896 humanm,
3002 1849 3122 1904 quae
3150 1844 3330 1890 nostra
3362 1837 3597 1903 fuerant,
3621 1841 3809 1895 redde-

2229 1931 2350 1979 ret:
2396 1931 2452 1978 et
2494 1940 2560 1979 ex
2607 1926 2833 1980 veritate
2881 1926 3243 1996 impassibili‘s,
3295 1928 3509 1995 divinae,
3557 1946 3676 2000 qua:
3712 1948 3809 1987 sua

2228 2010 2462 2077 fuerant,
2494 2011 2784 2068 tribuisset.
2827 2015 2898 2070 Et
2936 2011 3014 2071 sic
3060 2011 3342 2086 utriusque
3388 2027 3594 2074 natura!
3623 2022 3810 2077 incon-

2229 2099 2345 2158 t‘usa
2374 2105 2576 2158 veritas
2617 2105 2948 2174 perduravit,
2979 2115 3035 2160 ut
3075 2122 3173 2160 nec
3214 2107 3374 2164 homo
3402 2124 3431 2162 a
3465 2107 3574 2163 Deo
3608 2105 3809 2176 divelli,

2228 2208 2329 2249 nec
2371 2193 2515 2248 Deus
2555 2209 2586 2248 a
2614 2204 2864 2266 suscepto
2906 2189 3078 2266 possit
3125 2191 3341 2253 homine
3369 2201 3629 2270 separari.
3672 2223 3690 2254 ι
3740 2202 3812 2258 De

2227 2301 2334 2357 qua
2361 2286 2523 2340 etiam
2546 2287 2751 2341 unitate
2775 2287 3106 2342 clarissimus
3129 2289 3315 2344 doctor
3340 2291 3530 2346 beatus
3551 2292 3811 2364 Augusti-

2227 2393 2328 2431 nus
2360 2378 2411 2430 in
2439 2376 2578 2431 libro
2606 2377 2781 2448 primo
2826 2378 2893 2433 de
2941 2387 3125 2433 sancta
3173 2380 3439 2436 Trinitate
3489 2398 3606 2452 cap.
3653 2384 3813 2438 tertio

2227 2465 2438 2521 decimo
2477 2467 2617 2521 inter
2642 2466 2746 2521 alia
2773 2467 2937 2522 multa
2964 2469 3243 2526 catholicre
3272 2470 3395 2526 ﬁdei
3423 2473 3811 2528 conveniemia

2228 2556 2301 2610 ita
2342 2556 2416 2610 ait
2451 2555 2470 2594 ί
2501 2571 2515 2610 :
2553 2574 2572 2608 ι
2609 2556 2722 2611 Nisi
2755 2565 2933 2614 tamen
2974 2559 3113 2613 idem
3145 2561 3258 2628 ipse
3286 2571 3432 2616 esset
3460 2563 3601 2618 ﬁlius
3631 2563 3812 2618 homi-

2226 2646 2330 2709 nis,
2376 2655 2596 2716 propter
2640 2647 2868 2702 formam
2911 2649 3074 2714 servi,
3121 2666 3284 2719 quam
3333 2653 3560 2723 accepit,
3601 2656 3692 2723 qui
3728 2665 3813 2714 est

2227 2736 2393 2791 Filius
2421 2738 2512 2791 Dei
2541 2747 2762 2808 propter
2789 2741 2881 2794 Dei
2913 2739 3164 2806 formam,
3199 2744 3254 2797 in
3279 2761 3386 2813 qua
3427 2754 3531 2812 est,
3576 2763 3684 2802 non
3727 2749 3812 2803 di-

2227 2838 2372 2886 ceret
2402 2832 2674 2900 apostolus
2717 2832 2913 2888 Paulus
2951 2834 3017 2888 de
3045 2836 3378 2906 principibus
3401 2838 3560 2908 hujus
3581 2841 3770 2895 seaculi
3795 2857 3810 2894 :

2228 2919 2288 2974 Si
2314 2921 2451 2972 enim
2477 2923 2852 2990 cognovissent,
2886 2941 3151 2994 nunquam
3175 2925 3456 2981 Dominum
3476 2929 3658 2998 gloriae
3683 2948 3811 2985 cru-

2229 3008 2510 3076 ciﬁxisseut
2538 3009 2593 3079 (Ι
2627 3009 2750 3064 Cor.
2778 3027 2849 3075 ιι,
2879 3012 2954 3082 8).
2982 3011 3060 3066 Ex
3099 3013 3269 3069 forma
3296 3017 3443 3070 enim
3469 3019 3609 3073 servi
3632 3021 3815 3077 cruci-

2540 3057 2584 3079 \_
2633 3057 2749 3064 μ.-
2778 3057 2815 3065 .-
2835 3057 2849 3075 ,
2881 3057 2954 3082 -,.
2983 3057 3060 3066 ....
3099 3057 3269 3069 ..,......
3470 3057 3609 3073 σν...
3632 3057 3806 3077 ...μω-

2153 3057 2200 3120 c
2234 3097 2370 3152 ﬁxus
2400 3106 2503 3163 est,
2547 3107 2602 3153 et
2647 3109 2827 3155 tamen
2871 3101 3129 3159 Dominus
3173 3106 3355 3176 gloria:
3383 3109 3674 3166 cruciﬁxus
3695 3122 3806 3168 est.

2233 3189 2374 3243 Talis
2397 3189 2540 3243 enim
2573 3199 2691 3244 erat
2735 3191 2824 3246 illa
2863 3195 3156 3263 susceptio,
3182 3212 3300 3264 qua:
3331 3197 3500 3252 Deum
3533 3200 3810 3258 hominem

2230 3283 2456 3348 Iaceret,
2480 3293 2536 3340 et
2577 3287 2847 3340 hominem
2881 3288 3066 3342 Deum.
3117 3310 3134 3342 ι
3168 3290 3298 3344 Item
3344 3293 3396 3346 in
3431 3294 3620 3349 eodem
3669 3295 3814 3350 libro

2230 3389 2348 3442 cap.
2391 3374 2618 3442 septimo
2668 3376 2693 3413 8
2715 3393 2727 3427 :
2776 3394 2793 3424 ι
2833 3375 3018 3445 Neque
3041 3378 3184 3432 enim
3227 3381 3305 3433 sic
3341 3383 3548 3452 accepit
3576 3383 3810 3440 formam

2231 3465 2392 3528 servi,
2435 3475 2494 3519 ut
2521 3466 2797 3521 amitteret
2834 3464 3062 3521 formam
3098 3468 3216 3534 Dei,
3252 3470 3306 3524 in
3341 3486 3448 3540 qua
3480 3481 3599 3527 erat
3623 3490 3813 3544 mqua-

2229 3555 2296 3610 lis
2337 3554 2503 3609 Patri.
2539 3577 2556 3606 ι
3793 3633 3800 3639 .

2300 3657 2387 3712 IV.
2429 3655 2488 3712 Si
2526 3672 2655 3728 ergo
2697 3657 2771 3712 ita
2817 3667 3036 3729 accepta
3082 3663 3167 3716 e’st
3202 3659 3372 3717 forma
3415 3665 3578 3726 servi,
3611 3674 3814 3722 utnon

2231 3753 2570 3807 amitteretur
2607 3752 2780 3807 forma
2811 3752 2928 3818 Dei,
2972 3770 3094 3809 cum
3119 3763 3175 3809 et
3217 3755 3271 3809 in
3299 3755 3470 3810 forma
3503 3759 3642 3812 servi
3667 3768 3728 3812 et
3756 3760 3812 3814 in

2231 3843 2404 3901 forma
2433 3844 2525 3899 Dei
2555 3844 2694 3898 idem
2734 3844 2846 3912 ipse
2894 3845 2963 3899 sit
3010 3845 3179 3900 Filius
3221 3849 3532 3917 unigenitus
3569 3849 3664 3904 Dei
3706 3849 3816 3904 Pa-

2233 3938 2330 3991 tris
2361 3955 2374 3990 :
2424 3936 2570 3990 illum
2603 3951 2762 4004 quem
2805 3943 2984 3992 vestra
3017 3937 3293 3991 temeritas
3321 3938 3549 3991 atlirmat
3592 3939 3814 4008 adeptis

2231 4042 2380 4090 vum,
2426 4027 2567 4080 hunc
2596 4026 2785 4080 beatus
2811 4024 3144 4094 Augustinus
3171 4041 3274 4079 non
3316 4027 3578 4081 dubitavit
3615 4029 3812 4098 unige-

2232 4117 2405 4171 nitum
2435 4116 2733 4170 nominare.
2763 4115 2866 4170 Ubi
2908 4116 3214 4186 unigenitus
3239 4124 3340 4180 est,
3385 4117 3456 4170 ibi
3487 4118 3662 4173 locum
3699 4135 3814 4174 non

2231 4209 2393 4264 habet
2415 4209 2714 4278 adoptivus.
2747 4207 2854 4262 Nec
2873 4209 3165 4263 secundum
3189 4216 3422 4264 vestram
3451 4212 3812 4268 assertionem

2232 4297 2538 4368 unigenitus
2563 4305 2646 4352 est
2684 4306 2890 4352 tantum
2919 4299 2970 4351 in
2995 4296 3176 4352 divina
3213 4305 3426 4365 natura,
3457 4308 3513 4354 et
3537 4300 3815 4372 primogev

553 4388 828 4447 hominem
849 4385 979 4440 dicit
1001 4380 1190 4445 David,
1221 4381 1344 4449 quia
1370 4387 1545 4434 mater
1573 4380 1701 4434 Sion
1729 4379 1895 4434 dicit:
1931 4379 2124 4447 Homo,
2157 4400 2204 4459 ο
2234 4389 2378 4441 nitus
2424 4389 2478 4442 in
2522 4389 2792 4453 humana;
2833 4390 2958 4458 quia
3004 4387 3160 4442 beata
3211 4389 3373 4458 Virgo
3423 4389 3654 4446 alterum
3701 4409 3812 4448 non

549 4490 598 4534 et
619 4480 772 4533 homo
802 4483 957 4530 natus
983 4474 1035 4526 in
1068 4487 1149 4531 ea,
1178 4469 1423 4524 eumdem
1455 4485 1641 4524 verum
1673 4469 1841 4525 Deum
1872 4471 2047 4526 credit
2071 4480 2125 4528 et

551 4568 830 4643 praedicat,
859 4565 984 4635 quia
1038 4563 1144 4631 ipse
1195 4559 1435 4629 [uradarit
1467 4576 1581 4612 eam
1624 4559 1920 4616 Altissimus
1951 4562 2124 4631 (Psal.

553 4671 781 4719 uxxvx,
820 4651 896 4722 5).
943 4649 1114 4717 Quem
1143 4662 1328 4701 verum
1375 4647 1647 4702 hominem
1694 4648 1842 4702 novit
1890 4647 2126 4704 Joannes

553 4747 777 4802 audiens
809 4758 933 4798 eum
961 4741 1227 4796 dicentem
1251 4755 1264 4790 :
1307 4736 1554 4802 Qum-itis
1583 4755 1663 4792 me
1689 4739 1922 4793 occidere
1958 4741 2125 4794 Immi-

553 4853 691 4902 nem,
720 4835 807 4905 qui
826 4833 1088 4888 veritatem
1113 4827 1315 4882 locutus
1340 4843 1454 4881 sum
1482 4827 1620 4882 vobis
1651 4826 1831 4899 (Joau.
1861 4846 1982 4895 vm,
2007 4830 2120 4902 40);

624 5013 649 5040 ε
689 4999 750 5053 Β.
791 4996 968 5052 Procli
993 4991 1213 5065 epistola
1241 4999 1297 5048 et
1317 4998 1496 5047 textus
1523 4998 1738 5046 exstant
1771 4988 1824 5043 in
1850 4988 1988 5044 Bibl.
2015 4989 2120 5045 PP.

555 5068 1011 5206 m|I:.SYl(.1yrillus
1033 5133 1185 5206 Alex.
1215 5132 1267 5186 iu
1309 5129 1541 5186 Scholiis
1567 5137 1697 5184 tom.
1727 5129 1810 5206 V',_
1822 5129 1930 5206 _ub_i_
1939 5138 2121 5206 tamen

552 5212 705 5264 deest
743 5199 1110 5263 testimonium
1137 5202 1378 5270 alterum
1402 5209 1514 5270 post
1555 5217 1744 5270 pauca.
1778 5199 1986 5253 Similia
2013 5199 2124 5255 fere

552 5280 717 5334 habet
745 5275 976 5340 Cyrillus
1004 5274 1038 5326 I.
1066 5273 1159 5325 cit.
1211 5287 1330 5340 cap.
1365 5269 1450 5321 I7.

625 5360 648 5388 ο
689 5348 746 5401 S.
776 5335 941 5417 Cyril.
975 5360 1078 5417 non
1121 5341 1192 5417 ibi
1231 5335 1343 5417 ρρρι
1375 5353 1580 5417 pauca,
1627 5337 1722 5417 sed
1751 5335 1951 5417 inualio
1977 5339 2116 5417 loco,

551 5433 746 5488 nempe
796 5407 853 5472 in
904 5414 1070 5532 Egist.
1124 5411 1191 5464 ad
1231 5407 1566 5462 ‘Nestorium
1619 5416 1748 5460 tom.
1797 5407 1864 5464 IV
1913 5409 2117 5464 Coucil.

554 5488 870 5532 “alterum-
909 5487 941 5532 8
979 5482 1035 5532 0.
1063 5488 1117 5532 et
1147 5487 1276 5532 tom.
1308 5478 1368 5532 V.
1425 5492 1546 5532 nae.
1591 5476 1725 5532 497:
1776 5486 1831 5530 et
1872 5487 2001 5532 tom.
2053 5480 2117 5532 ν.

551 5482 732 5542 Manisi'
747 5503 870 5558 pag.
909 5482 1035 5546 890,
1063 5488 1117 5534 et
1147 5487 1276 5558 tom.
1308 5482 1368 5557 Υ,
1425 5492 1546 5557 pag.
1591 5482 1725 5539 497;
1776 5486 1831 5530 et
1872 5487 2012 5559 tom:
2053 5482 2119 5543 γ,

551 5566 690 5628 part.
717 5573 756 5612 ιι
789 5555 1034 5629 Operum_
1061 5549 1118 5603 S.
1147 5546 1329 5629 Cyrrlh
1369 5545 1624 5629 epist..6,
1655 5560 1777 5629 pag.
1808 5546 1897 5609 24,
1923 5549 2123 5629 ubique

555 5615 731 5684 iumen
776 5615 952 5684 teitus
997 5615 1591 5680 Gneci'interpretalin
1644 5615 1711 5666 ab
1764 5615 1862 5669 hac
1909 5615 2118 5672 Alc-uini

2231 4479 2435 4550 genuit,
2463 4479 2564 4534 nisi
2595 4495 2780 4533 verum
2807 4488 2860 4532 et
2889 4482 3029 4533 Imnc
3059 4479 3392 4549 unigenitum
3426 4479 3520 4534 Dei
3548 4480 3731 4536 Patris
3757 4490 3816 4538 et

2229 4586 2404 4625 suum.
2451 4570 2582 4624 Item
2642 4569 3030 4639 primogenitus
3080 4569 3134 4622 in
3185 4571 3540 4631 humanitate,
3602 4579 3665 4624 ut
3732 4573 3813 4626 ait

2229 4661 2563 4730 Evangelista
2589 4675 2604 4714 :
2630 4660 2802 4714 Donec
2823 4660 3019 4729 peperit
3044 4659 3212 4728 [ilium
3231 4675 3381 4712 suum
3403 4661 3813 4729 primogenitum

2229 4751 2445 4824 (Matth.
2475 4768 2522 4815 ι,
2554 4751 2644 4820 25)
2677 4769 2688 4802 :
2722 4750 2774 4804 in
2805 4749 2988 4804 divina
3026 4764 3154 4804 vero
3195 4749 3494 4812 nativitate,
3540 4751 3684 4806 sicut
3732 4752 3815 4806 ait

2226 4841 2554 4910 Apostolus:
2590 4839 2976 4910 Primogenitus
3016 4839 3182 4892 omnis
3221 4839 3724 4911 ereaturte(Coloss.
3761 4857 3811 4908 I,

2225 4993 2400 5062 quoad
2425 4993 2588 5062 verba
2619 4991 2812 5047 differt.

2295 5063 2322 5102 ἀ
2365 5062 2422 5116 S.
2465 5061 2631 5115 IIilar.
2666 5063 2757 5115 lib.
2786 5077 2840 5116 ιι
2862 5062 2927 5116 de
2954 5061 3172 5126 Trinit.,
3208 5077 3357 5115 nun).
3389 5063 3441 5116 ’5.

2302 5144 2324 5171 ε
2364 5133 2495 5198 Quis
2523 5132 2594 5186 sit
2627 5131 2782 5195 liber,
2812 5147 2971 5200 quem
3003 5130 3293 5186 Cassianus
3316 5139 3504 5185 contra
3529 5131 3812 5188 haeretica:

2224 5201 2504 5272 pravitatis
2527 5211 2752 5272 sectam,
2788 5211 2880 5272 aut
2905 5201 2971 5255 de
2993 5210 3330 5272 sacramento
3357 5201 3621 5272 passionis
3642 5201 3814 5264 Chri-

2227 5269 2322 5333 sti,
2359 5279 2492 5333 etc.,
2541 5270 2776 5339 scripsit,
2827 5271 3034 5340 ignoro.
3058 5269 3114 5324 In
3161 5271 3310 5326 libris
3337 5269 3402 5324 de
3421 5271 3816 5328 Incarnatione

2227 5341 2562 5396 Dominihos
2611 5348 2808 5408 textus,
2844 5339 2937 5411 qui
2969 5340 3055 5394 hic
3101 5342 3358 5406 citantur,
3407 5341 3644 5410 reperire
3690 5358 3811 5396 non

2301 5423 2397 5465 1111.

2225 5427 2397 5482 pouu.

2304 5481 2328 5562 ξ
2457 5480 2662 5562 Augei.
2690 5481 2805 5544 cit.,
2842 5496 2992 5562 mum.
3016 5480 3103 5534 26.

2303 5553 2328 5590 ε
2365 5551 2509 5605 Idem
2542 5550 2670 5606 ibid.
2701 5567 2818 5619 cap.
2861 5551 2914 5614 7,
2948 5566 3093 5604 num.
3140 5551 3200 5604 ll
