4030 6358
278 318 387 378 171

986 321 1402 379 DOGMATIC‘A.
1443 355 1514 367 --
1551 324 1710 381 ADV.
1754 323 2050 381 FELICEM
2092 328 2268 386 LIBRI
2314 331 2420 387 VII.
2456 364 2519 373 ——
2554 330 2680 389 LIB.
2722 334 2810 390 IV.

3448 327 3551 385 I78

273 440 391 511 13).
421 438 488 493 Et
515 437 630 507 ipse
669 447 754 493 est
782 447 907 493 ante
935 454 1146 506 omnes,
1189 450 1244 496 et
1285 442 1467 497 omnia
1497 442 1551 496 in
1595 442 1688 497 illo
1730 455 1858 497 con-
1883 442 1934 502 Δ
1961 445 2229 511 quomodo
2277 448 2596 504 universalis
2645 447 2885 503 Ecclesia
2918 461 3019 516 per
3066 440 3257 501 totum
3286 442 3547 498 mundum

270 540 443 589 stant.
474 530 785 586 Secundum
809 529 1039 587 formam
1077 535 1219 588 servi
1245 535 1357 605 ipse
1380 543 1466 588 est
1487 542 1647 604 caput
1669 550 1863 605 corpu.

272 628 352 681 ris
384 625 660 681 Ecclesiae.
717 625 791 679 De
841 628 1107 683 sententia
1135 643 1264 683 vero
1313 630 1551 684 doctoris
1600 630 1860 701 gentium,

270 734 439 789 quam
489 716 707 773 beatum
745 719 1104 790 Augustinum
1143 736 1305 791 supra
1358 723 1671 791 exposuisse
1718 721 1860 775 dixi-

269 826 430 864 mus:
469 808 535 864 St‘
558 811 695 863 enim
718 812 1098 881 cognovissent,
1129 828 1396 883 nunquam
1440 813 1725 867 Dominum
1747 812 1861 884 glo-

266 898 366 951 ria:
393 898 777 966 cruciﬁxisseut
802 916 821 952 :
851 899 1099 970 egregius
1145 901 1335 955 doctor
1378 900 1612 973 Cyrillus
1661 902 1715 955 in
1746 902 1861 971 epi-

265 987 409 1043 stola
436 988 672 1044 secunda
690 991 756 1044 ad
771 988 1091 1044 Successum
1109 992 1184 1046 ait
1206 1005 1231 1032 ³
1261 1014 1272 1045 ;
1298 1011 1316 1043 ‹
1344 991 1460 1047 Νοιι
1482 993 1654 1047 solum
1686 994 1861 1050 Domi-

265 1094 401 1133 num
438 1080 647 1150 glorise,
675 1081 768 1136 sed
797 1091 852 1135 et
892 1083 1061 1137 Deum
1091 1100 1253 1153 super
1285 1085 1466 1138 omnia
1514 1086 1859 1141 benedictum

268 1170 325 1223 in
386 1171 587 1225 secula
638 1172 984 1227 beatissimus
1036 1173 1237 1228 Paulus
1300 1174 1532 1229 affirmat
1578 1177 1857 1245 proprium

264 1265 421 1319 verbi
460 1280 658 1335 corpus
687 1265 903 1321 afﬁxam
925 1267 979 1321 in
1006 1267 1172 1338 ligno.
1216 1290 1233 1319 ι
1266 1269 1465 1323 Petrus
1500 1284 1715 1339 quoque
1745 1270 1856 1324 Ra-

262 1359 560 1413 vennensls
588 1359 872 1428 episcopus
899 1361 964 1414 de
985 1360 1087 1415 hac
1112 1347 1300 1415 Sancta
1333 1360 1453 1425 ftde,
1498 1363 1640 1430 quod
1674 1361 1854 1427 Jesus,

262 1450 357 1521 qui
408 1468 475 1506 ex
508 1453 729 1523 Virgine
770 1462 929 1508 natus
973 1462 1078 1518 est,
1114 1470 1274 1509 verus
1322 1456 1391 1509 sit
1438 1455 1603 1519 Deus,
1653 1454 1708 1508 in
1755 1471 1855 1510 suo

260 1561 518 1601 sermone
539 1550 853 1613 confirmat;
884 1548 960 1602 ait
987 1549 1131 1603 enim
1161 1549 1305 1603 inter
1330 1549 1434 1603 alia
1473 1549 1754 1605 catholica:
1785 1550 1849 1604 fi-

260 1639 348 1693 dei
395 1640 703 1694 testimonia
734 1640 812 1694 δε
859 1660 877 1691 ι
928 1640 1234 1710 Concipies,
1284 1642 1459 1713 inquit
1505 1643 1748 1714 angelus,
1797 1644 1852 1697 in

258 1738 445 1793 utero,
476 1740 533 1786 et
570 1734 749 1801 paries
775 1733 991 1800 Filium,
1041 1743 1095 1789 et
1121 1735 1340 1790 vocabis
1385 1751 1579 1791 nomen
1607 1734 1725 1803 ejus
1764 1735 1852 1790 Je-

1962 536 2679 609 communiconsuetudine,
2722 544 2884 599 etiam
2919 551 2973 598 et
3019 558 3135 607 vos,
3163 548 3224 597 ut
3280 555 3435 604 reor,
3490 538 3547 594 in

1959 626 2212 683 omnibus
2232 630 2566 688 orationibus
2594 649 2713 703 quae
2741 634 2795 688 in
2823 634 3111 689 missarum
3140 631 3416 687 solemniis
3453 631 3551 685 de-

1960 724 2268 784 cantautur,
2296 719 2475 778 dicere
2504 724 2673 778 solet:
2714 724 2821 779 Per
2853 725 3031 780 Iesum
3062 723 3327 777 Christum
3364 721 3545 776 Domi-

1962 825 2085 862 num
2112 820 2369 877 nostrum,
2398 814 2487 882 qui
2522 822 2690 867 tecum
2717 815 2834 868 vivit
2861 826 2909 868 et
2959 822 3139 886 regnat
3166 813 3306 867 Deus
3334 812 3388 865 in
3427 812 3548 865 uni-

1960 911 2066 955 tate
2090 901 2318 972 Spiritus
2343 905 2512 957 sancti
2537 922 2629 975 per
2656 906 2831 959 omnia
2852 906 3047 961 swcula
3072 905 3407 961 strculorum.
3435 904 3547 960 Sed

1959 1006 2014 1050 et
2039 997 2153 1066 ipse
2175 996 2250 1050 ait
2278 997 2535 1066 apostolis
2564 998 2697 1061 suis,
2734 998 2826 1067 qui
2864 1014 3055 1068 passus
3088 1007 3172 1054 est
3217 1007 3272 1053 et
3299 1012 3545 1052 resurre-

1960 1086 2040 1141 xit
2062 1104 2074 1140 :
2107 1086 2247 1140 Data
2274 1097 2349 1141 est
2395 1089 2523 1141 mihi
2549 1088 2717 1141 omnis
2766 1098 2991 1159 potestas
3018 1090 3071 1142 in
3099 1088 3223 1142 coelo
3250 1098 3297 1142 et
3321 1090 3376 1143 in
3400 1098 3542 1142 terra

1959 1178 2172 1250 (Matth.
2206 1196 2358 1241 xvut,
2384 1178 2494 1252 18).
2524 1180 2621 1235 Cui
2649 1180 2773 1235 data
2819 1189 3075 1249 potestas.
3105 1182 3207 1235 nisi
3236 1181 3309 1235 illi
3336 1181 3426 1250 qui
3474 1182 3541 1236 de

1958 1270 2177 1341 Virgine
2224 1279 2383 1325 natus
2434 1271 2553 1325 est?
2589 1286 2712 1324 nam
2748 1271 2888 1326 sicut
2939 1270 3099 1339 paulo
3141 1278 3266 1325 ante
3312 1270 3539 1326 dixisti:

1964 1379 1982 1412 ‹
2012 1360 2108 1415 Dei
2134 1360 2304 1415 Filius
2352 1376 2419 1416 ex
2445 1361 2555 1417 Deo
2582 1362 3009 1417 substantialiter
3040 1371 3217 1427 natus,
3246 1356 3547 1418 csScntiali‘

1957 1461 2041 1506 ter
2066 1452 2255 1507 habuit
2293 1467 2507 1508 onmem
2549 1462 2871 1523 potestatem
2917 1470 3040 1509 cum
3068 1454 3229 1507 Patre
3257 1462 3311 1507 ct
3337 1453 3544 1524 Spiritu

1956 1552 2142 1599 sancto
2170 1562 2182 1598 :
2215 1546 2310 1600 sed
2341 1545 2455 1599 haec
2484 1553 2724 1614 potestas
2773 1545 2898 1599 data
2938 1555 3021 1600 cst
3046 1544 3183 1599 Filio
3227 1544 3482 1615 Virginis.
3516 1566 3534 1597 ι

1955 1635 2022 1691 Et
2043 1636 2088 1690 si
2115 1651 2333 1690 omnem
2352 1645 2671 1706 potestatem
2716 1637 2897 1702 habet,
2925 1637 3195 1707 quomodo
3216 1645 3393 1706 potest
3422 1642 3543 1692 esse

1956 1735 2015 1779 ut
2053 1742 2163 1780 non
2192 1726 2612 1781 sitomnimodis
2659 1744 2824 1783 verus
2872 1728 3016 1784 Deus
3063 1737 3114 1784 et
3162 1743 3323 1783 verus
3373 1728 3542 1784 Filius

257 1835 406 1884 sum,
438 1822 583 1892 quod
631 1822 894 1879 Hebraicc
942 1822 1119 1891 Jesus,
1171 1823 1358 1879 Gmce
1410 1831 1607 1903 σωτήρ,
1658 1825 1848 1881 Latine
1882 1826 1928 1886 Β
1955 1817 2083 1872 Del?
2111 1817 2321 1888 Moyses
2350 1816 2449 1871 fuit
2478 1818 2619 1873 Deus
2642 1821 3061 1889 nuncupatl‘vus,
3084 1822 3261 1875 tamen
3283 1835 3388 1875 non
3415 1821 3539 1876 data

257 1911 514 1967 Salvator
553 1914 959 1984 interpretatur.
1009 1915 1199 1971 Merito
1242 1917 1406 1988 igitur
1438 1918 1646 1989 Virgini
1694 1918 1842 1973 salva

254 2012 387 2056 sunt
412 2003 594 2056 omnia
641 2018 761 2073 qua:
789 2006 972 2075 genuit
1012 2004 1369 2061 Salvatorem.
1401 2007 1471 2062 Et
1514 2009 1717 2064 vocabis
1750 2028 1847 2065 no-

254 2109 377 2146 men
406 2094 519 2162 ejus
561 2093 742 2147 Iesum
785 2094 1014 2165 (Luat,
1053 2098 1166 2165 51),
1195 2099 1323 2167 quia
1372 2100 1425 2153 in
1480 2101 1584 2155 hoc
1627 2102 1847 2159 nomine

254 2184 488 2239 Deitatis
526 2188 784 2241 adoratnr
810 2195 919 2241 tota
964 2187 1220 2257 maiestas
1257 2208 1268 2242 :
1322 2205 1511 2245 omnes
1552 2193 1644 2261 qui
1691 2209 1842 2249 com-

253 2284 545 2329 morantur
589 2279 642 2329 in
678 2276 849 2340 cmlis,
882 2278 1122 2333 universi
1149 2279 1239 2348 qui
1268 2281 1513 2334 habitant
1558 2283 1612 2335 in
1662 2285 1841 2351 terris,

249 2369 437 2422 cuncti
467 2368 639 2437 quiin
686 2368 953 2438 profundo
996 2378 1248 2426 tenentur
1286 2371 1504 2437 inferni,
1548 2374 1675 2429 huic
1718 2393 1845 2447 pro-

249 2466 509 2513 sternunt
534 2461 761 2524 nomini,
806 2460 910 2515 hoc
938 2462 1188 2516 adorant.
1236 2463 1373 2517 Audi
1412 2464 1731 2534 Apostolum
1762 2469 1843 2523 di-

247 2559 468 2603 centem
498 2564 510 2603 :
545 2548 609 2602 ει
636 2552 692 2603 in
719 2552 925 2605 nomine
950 2551 1079 2606 Jesu
1108 2570 1259 2608 omne
1304 2572 1438 2624 genu
1468 2558 1712 2625 ﬂectatur
1734 2575 1839 2613 cae-

248 2640 489 2703 lestium,
551 2643 876 2695 terrestrium
929 2652 976 2695 et
1007 2642 1335 2711 infernarum
1362 2645 1587 2717 (Philip.
1621 2664 1686 2713 tl,
1725 2649 1836 2723 10).

246 2727 369 2784 Hoc
418 2745 615 2785 nomen
659 2741 759 2794 est,
808 2734 951 2803 quod
988 2734 1134 2789 dedit
1161 2736 1319 2791 caecis
1355 2737 1552 2803 visum,
1597 2741 1839 2797 auditum

244 2822 454 2886 surdis,
509 2822 714 2878 claudis
765 2839 1008 2891 cursum,
1061 2842 1366 2883 sermonem
1417 2831 1618 2897 mutis,
1670 2833 1838 2888 vitam

243 2918 507 2981 mortuis,
557 2924 833 2986 totamque
877 2917 1073 2973 diaboli
1124 2927 1445 2989 potestatem
1489 2923 1554 2977 de
1602 2923 1839 2980 obsessis

241 3010 572 3080 corporibus
593 3010 764 3064 virtus
805 3008 924 3080 ejus
963 3012 1197 3068 nominis
1234 3011 1509 3084 ell‘ugavit.
1556 3014 1623 3070 Et
1657 3017 1701 3072 si
1742 3033 1839 3074 no-

242 3114 375 3154 men
409 3108 617 3153 tantum
638 3110 742 3166 est,
770 3110 968 3170 quanta
994 3105 1265 3170 potestas?
1295 3102 1401 3159 Sed
1440 3106 1562 3175 quis
1593 3116 1677 3163 est
1706 3110 1829 3177 iste,

1956 1909 2101 1964 estei
2127 1910 2303 1963 omnis
2325 1918 2564 1978 potestas
2591 1928 2604 1964 :
2633 1910 2753 1965 ideo
2774 1912 3009 1965 secundo
3037 1913 3304 1982 percussit
3326 1922 3538 1983 petram

1952 2000 2021 2054 ad
2056 2000 2373 2056 eliciendam
2405 2017 2623 2073 aquam.
2665 2002 2935 2073 Quidquid
2987 2021 3116 2059 vero
3148 2007 3538 2062 miraculorum

1951 2088 2200 2145 Christus
2250 2090 2419 2161 gessit
2463 2091 2515 2145 in
2547 2092 2747 2147 mundo
2777 2134 2791 2157 ,
2857 2094 2983 2147 dum
3010 2094 3208 2150 visibili
3248 2098 3536 2166 prmsentia

1949 2188 2302 2236 conversatus
2323 2191 2407 2236 est
2432 2182 2574 2238 inter
2618 2183 2885 2249 homines,
2914 2186 3135 2256 pr0pria
3163 2187 3363 2241 virtute
3408 2186 3541 2243 fecit

1946 2281 2005 2326 ut
2026 2281 2216 2342 potens
2238 2281 2291 2327 ct
2313 2287 2473 2328 verus
2498 2274 2659 2329 Deus.
2696 2274 2946 2344 Nunquid
2977 2277 3173 2347 aliquis
3222 2286 3533 2332 sanctorum

1945 2380 2043 2434 per
2068 2381 2126 2420 se
2158 2366 2333 2434 potuit
2378 2365 2578 2435 aliquid
2608 2366 2787 2422 facere
2822 2369 3025 2437 absque
3054 2383 3119 2424 eo
3148 2369 3238 2438 qui
3262 2370 3372 2423 ait:
3409 2366 3536 2424 Sine

1945 2470 2026 2510 me
2052 2453 2183 2508 nihil
2208 2456 2421 2525 potestis
2459 2454 2632 2523 facere
2670 2454 2854 2528 (Joan.
2886 2474 2977 2523 xv,
2999 2457 3106 2529 ‘5)?
3146 2459 3240 2513 Dic
3270 2474 3400 2529 ergo
3427 2467 3482 2512 tu
3514 2500 3530 2522 ,

1946 2543 2089 2599 unde
2114 2543 2170 2597 in
2217 2545 2438 2599 nomine
2465 2542 2593 2601 Jesu
2640 2554 2820 2602 tantas
2857 2548 3083 2603 virtutes
3132 2548 3362 2604 fecerint
3413 2564 3537 2620 apo-

1944 2633 2091 2699 stoli,
2125 2635 2168 2690 si
2196 2635 2310 2704 ipse
2330 2634 2487 2690 Jesus
2512 2650 2619 2692 non
2648 2638 2835 2692 habuit
2870 2640 3147 2709 propriam
3185 2648 3533 2709 potestatem,

1942 2726 2037 2781 sed
2062 2725 2510 2795 nuncupativam?
2535 2727 2630 2783 Dic
2679 2743 2913 2799 quoque,
2951 2745 3099 2801 rogo,
3133 2731 3223 2799 qui
3253 2731 3531 2785 contradi-

1942 2816 2022 2871 cis
2044 2815 2312 2871 divinitati
2344 2815 2494 2882 Jesu,
2523 2828 2577 2872 et
2607 2835 2713 2872 non
2748 2819 2830 2873 vis
2861 2820 2916 2873 in
2955 2833 3022 2873 eo
3063 2828 3387 2888 potestatem
3413 2835 3536 2877 esse

1940 2910 2240 2979 propriam,
2268 2911 2363 2966 sed
2404 2927 2600 2967 munus
2657 2911 2899 2975 alterius,
2925 2913 3195 2982 quomodo
3241 2923 3297 2968 et
3336 2928 3535 2969 nomen

1941 2998 2058 3069 ejus
2090 3009 2293 3055 tantam
2346 3010 2667 3072 potestatem
2700 3002 2907 3069 habuit,
2940 3018 3043 3073 qua
3089 3005 3221 3073 ipse,
3252 3004 3405 3074 cujus
3430 3006 3536 3061 hoc

1945 3109 2141 3150 nomen
2170 3103 2274 3159 est,
2305 3103 2365 3150 ut
2400 3104 2458 3150 tu
2485 3095 2829 3166 blasphemas
2854 3138 2867 3161 ,
2927 3098 3113 3167 eguit?
3142 3097 3423 3165 Quomodo
3478 3100 3536 3156 in

240 3190 342 3260 qui
366 3199 594 3245 vocatur
625 3192 727 3246 hoc
766 3192 1017 3246 nomine?
1042 3192 1194 3248 Dicat
1218 3193 1453 3264 Angelus
1482 3213 1494 3249 :
1530 3195 1598 3251 Et
1635 3196 1834 3265 Filius,
1863 3182 1914 3248 Ο
1943 3188 2160 3244 nomine
2184 3186 2301 3257 ejus
2332 3188 2603 3244 damnoncs
2628 3188 2808 3258 ejecti,
2841 3189 3045 3245 debiles
3071 3191 3279 3254 curati,
3330 3192 3535 3249 mortui

242 3281 449 3351 inquit,
479 3281 733 3335 Altissimi
760 3283 1026 3336 vocabitur
1051 3282 1201 3354 (Luc.
1233 3300 1279 3348 ι,
1310 3284 1421 3357 59.).
1457 3286 1682 3355 Videtis,
1707 3291 1834 3360 quia

239 3374 390 3442 quod
422 3374 669 3443 concepit
698 3373 877 3445 Virgo,
906 3389 1014 3428 non
1047 3384 1262 3430 terreno
1306 3379 1566 3447 germine,
1597 3382 1691 3437 sed
1725 3399 1836 3440 coe-

240 3464 370 3519 Icsti
408 3473 674 3534 conceptu
707 3465 871 3536 Virgo
904 3467 1135 3535 peperit,
1168 3468 1261 3523 sed
1291 3469 1434 3541 Deus
1471 3474 1709 3543 suscepit
1744 3475 1835 3530 Fi-

239 3553 379 3609 Iium
421 3568 467 3608 ο.
508 3555 648 3626 Ergo
694 3556 786 3625 qui
833 3555 900 3611 de
948 3558 1049 3611 hac
1097 3558 1378 3615 nativitate
1408 3562 1645 3619 humano
1674 3567 1834 3622 modo

239 3645 507 3715 disputat,
536 3646 846 3701 adomnem
872 3647 1042 3703 tendit
1069 3649 1201 3703 tanti
1224 3651 1483 3720 genitoris
1506 3652 1782 3723 injuriam.
1808 3677 1826 3710 ι

312 3737 479 3807 823
508 3738 569 3791 V.
600 3734 860 3808 Intellige,
897 3753 930 3793 ο
959 3738 1175 3795 indocta
1218 3742 1514 3809 temeritas,
1559 3745 1690 3814 quid
1712 3756 1836 3817 post

238 3836 520 3882 tantorum
548 3827 770 3882 Patrum
809 3830 1114 3883 testimonia
1158 3831 1385 3901 relinqui
1432 3834 1602 3903 possit
1628 3850 1833 3892 nuncu-

237 3922 478 3991 potionis
502 3922 557 3976 in
583 3922 800 3977 Christo
824 3922 905 3977 vel
925 3924 1247 3993 adoptionis.
1276 3926 1415 3982 Dicit
1436 3928 1549 3997 ipsa
1579 3930 1827 3989 Veritas:

239 4013 401 4080 Quod
428 4014 570 4069 Deus
607 4017 903 4087 conjunxit,
928 4019 1081 4072 homo
1111 4037 1213 4074 non
1237 4032 1439 4093 separet
1465 4021 1679 4094 (Matth.
1713 4043 1827 4093 th,

237 4105 321 4175 6).
363 4105 509 4161 Deus
536 4106 815 4176 conjunxit
843 4110 1079 4179 seipsum
1110 4111 1359 4166 humana:
1406 4122 1637 4179 naturae,
1660 4127 1720 4170 ut
1744 4132 1831 4173 es-

232 4204 323 4252 set
375 4213 516 4252 unus
541 4197 682 4253 Deus
718 4198 771 4254 in
805 4198 1015 4255 duabus
1061 4202 1310 4266 naturis,
1364 4212 1419 4256 et
1471 4220 1611 4260 unus
1663 4204 1828 4263 Filius

230 4284 333 4342 Dei
363 4305 375 4341 :
407 4290 529 4358 quis
555 4299 637 4343 est
663 4291 752 4360 qui
779 4291 949 4361 possit
986 4305 1239 4359 separare
1275 4293 1419 4361 quod
1444 4292 1602 4351 Jesus
1626 4297 1829 4353 aduna-

227 4378 333 4443 vit,
363 4378 448 4433 vel
475 4378 717 4435 dividere
745 4381 888 4450 quod
930 4381 1070 4436 Deus
1096 4381 1419 4451 conjunxit?
1463 4383 1596 4438 Nam
1624 4385 1671 4440 si
1694 4386 1828 4442 duas

229 4484 502 4541 personas
531 4470 583 4523 in
628 4486 735 4525 uno
762 4470 977 4529 Christo
1018 4481 1239 4542 propter
1286 4482 1526 4543 apertam
1580 4474 1829 4547 blasphe-

1940 3277 2187 3332 suscitati
2214 3278 2375 3331 sunt?
2404 3276 2595 3333 Petrus
2625 3278 2770 3333 enim
2796 3279 3072 3349 apostolus
3097 3278 3290 3336 claudo
3314 3280 3406 3343 illi,
3439 3284 3534 3352 qui

1939 3367 2160 3424 sedebat
2187 3368 2254 3422 ad
2276 3368 2578 3438 speciosam
2613 3378 2827 3439 portam
2865 3369 3069 3440 templi,
3098 3372 3153 3423 in
3191 3373 3419 3438 nomine,
3450 3372 3534 3427 in-

1939 3461 2075 3531 quit,
2107 3459 2237 3515 Jesu
2279 3457 2477 3515 Christi
2514 3478 2668 3533 surge
2717 3472 2764 3516 et
2796 3461 3008 3516 ambula
3030 3474 3033 3475 '
3056 3463 3190 3531 (Act.
3225 3480 3305 3530 ut,
3337 3464 3414 3536 6).
3465 3464 3533 3520 Et

1937 3554 2131 3607 iterum
2164 3554 2219 3606 in
2248 3553 2467 3607 civitate
2494 3550 2663 3624 Joppc
2693 3554 2761 3608 ad
2806 3569 2931 3608 eum
2970 3554 3061 3624 qui
3087 3556 3156 3610 ab
3212 3556 3370 3612 annis
3405 3566 3531 3613 octo

1936 3646 2267 3718 paralyticus
2303 3647 2517 3717 jaccbat
2561 3647 2615 3701 iu
2655 3645 2828 3701 lecto:
2867 3644 3078 3711 zEnea,
3131 3656 3283 3701 sanat
3310 3656 3359 3702 te
3384 3688 3399 3713 ,
3451 3649 3531 3703 in-

1935 3738 2072 3808 quit,
2102 3736 2259 3794 Iesus
2282 3736 2545 3803 Christus,
2572 3753 2725 3808 surge
2749 3746 2798 3791 et
2830 3746 3000 3791 sterne
3029 3737 3122 3791 tibi
3155 3737 3293 3806 (Act.
3320 3737 3527 3811 1x314).

1934 3829 2133 3885 Paulus
2170 3844 2382 3899 quoque
2417 3830 2485 3883 ad
2541 3829 2791 3897 spiritum
2821 3827 3102 3883 Pithouis:
3136 3828 3421 3900 Prtecipio,
3446 3830 3528 3885 in-

1933 3924 2070 3993 quit,
2102 3923 2195 3977 tibi
2214 3923 2268 3975 in
2312 3922 2519 3974 nomine
2556 3918 2685 3974 Jesu
2726 3917 2943 3984 Christi,
2976 3919 3060 3974 exi
3086 3921 3151 3973 ab
3181 3936 3263 3973 ea.
3308 3919 3377 3973 Et
3399 3921 3527 3975 exiit

1932 4014 1997 4068 ab
2015 4030 2077 4068 ea
2106 4012 2425 4067 dwmom’um
2454 4011 2592 4083 (Act.
2616 4005 2845 4081 xv,’16).
2868 4009 3041 4077 Quam
3067 4008 3222 4082 longe
3252 4025 3380 4081 ergo
3403 4012 3521 4066 huc

1932 4103 2278 4160 imbecillitas
2304 4118 2334 4157 a
2366 4103 2595 4158 Domino
2622 4100 2805 4168 fuerit,
2831 4102 2958 4157 hinc
2987 4100 3260 4173 intellige,
3306 4102 3526 4172 quando

1930 4212 2031 4251 uec
2060 4195 2135 4250 illi
2167 4194 2463 4250 imbecilles
2489 4192 2726 4257 fuerunt,
2755 4194 2847 4263 qui
2877 4192 3002 4248 talia
3032 4209 3131 4264 per
3168 4208 3365 4249 nomen
3400 4194 3521 4265 ejus

1929 4290 2111 4346 facere
2124 4295 2440 4359 potuerunt,
2465 4287 2607 4357 quod
2636 4285 2724 4341 ille
2746 4302 2846 4356 per
2867 4301 3065 4341 nomen
3095 4302 3251 4341 suum
3274 4296 3525 4357 potenter

1927 4383 2056 4439 fecit
2084 4397 2099 4436 :
2127 4381 2390 4451 siquidem
2418 4380 2616 4434 nemini
2655 4379 3022 4449 apostolorum
3060 4386 3182 4449 post
3210 4378 3303 4433 Dei
3337 4392 3522 4434 resur-

1930 4474 2226 4530 rectionem
2252 4472 2338 4529 vel
2364 4473 2675 4537 dmmones,
2724 4471 2809 4526 vel
2858 4471 3202 4526 infirmitates
3243 4471 3523 4528 obstitisse

230 4564 402 4618 miam
435 4563 626 4617 timeas
672 4562 850 4627 fateri,
884 4573 1063 4619 tamen
1091 4566 1272 4619 omnia
1309 4580 1429 4634 quae
1452 4566 1659 4623 duabus
1696 4585 1824 4639 per—
1855 4552 1904 4612 Ῑ)
1929 4564 2267 4636 agnovimus.
2324 4562 2575 4633 Nunquid
2607 4564 2661 4617 in
2684 4563 2862 4633 scipso
2900 4562 3150 4617 infirmus
3177 4561 3316 4627 fuit,
3364 4562 3521 4633 cujus

228 4656 384 4709 sonis
413 4655 593 4710 inesse
617 4670 838 4710 necesse
870 4664 973 4721 est,
998 4658 1052 4711 in
1096 4665 1185 4711 tua
1243 4657 1579 4715 confessione
1629 4661 1827 4715 confir-

226 4762 385 4801 mare
417 4763 523 4800 non
561 4748 779 4805 metuis.
829 4745 1018 4801 Nonne
1063 4749 1169 4802 duo
1198 4756 1357 4813 sunt,
1398 4749 1489 4818 qui
1538 4765 1699 4805 verus
1741 4760 1825 4806 est

227 4840 393 4901 Deus,
420 4847 478 4894 et
510 4841 602 4909 qui
664 4840 1057 4909 nuncupativus
1112 4840 1290 4895 Deus?
1323 4856 1502 4896 nonne
1553 4842 1716 4896 etiam
1769 4852 1824 4899 et

225 4931 335 4985 duo
358 4938 509 4994 sunt,
531 4931 623 5000 qui
641 4932 924 5001 adoptivus
947 4940 1029 4986 est
1050 4932 1239 4997 Filius,
1263 4941 1318 4987 et
1340 4932 1428 4986 ille
1447 4934 1539 5003 qui
1558 4949 1719 4989 verus
1739 4944 1823 4990 est

226 5020 437 5075 Filius?
469 5020 591 5074 Alia
619 5022 815 5091 quippe
845 5030 928 5076 est
944 5037 1173 5091 persona
1196 5024 1308 5076 veri
1337 5023 1452 5088 Dei,
1479 5023 1581 5079 alia
1611 5041 1823 5080 nuncu—-

224 5111 395 5179 pativi
424 5129 437 5162 :
471 5119 525 5165 et
548 5111 653 5165 alia
689 5120 773 5165 est
797 5126 1023 5181 persona
1052 5113 1166 5167 veri
1190 5113 1310 5166 Filii
1339 5114 1453 5178 Dei,
1485 5114 1655 5169 altera
1684 5116 1817 5171 ado-

224 5206 361 5273 ptivi
395 5204 512 5257 filii.
545 5204 734 5259 Omnis
776 5205 956 5275 itaque
985 5205 1077 5275 qui
1103 5205 1466 5277 evangelicam
1494 5207 1623 5278 legit
1649 5209 1819 5264 histo-

226 5296 389 5359 riam,
418 5294 719 5365 iutelligere
744 5302 918 5364 potest
966 5295 1107 5365 quod
1153 5295 1309 5351 lesus
1355 5306 1410 5351 et
1445 5297 1696 5354 Christus
1722 5314 1819 5354 no-

224 5386 373 5440 mina
396 5396 527 5440 sunt
549 5386 901 5441 humanitatis
924 5387 979 5441 in
1004 5387 1142 5442 Filio
1163 5386 1280 5443 Dei.
1311 5388 1379 5442 Et
1405 5389 1451 5443 si
1474 5387 1632 5444 Iesus
1658 5389 1817 5446 Chri-

224 5489 362 5539 stus,
400 5479 494 5548 qui
524 5488 685 5534 natus
714 5487 798 5535 est
825 5496 890 5534 ex
908 5480 1147 5551 Virgine,
1171 5495 1280 5537 non
1332 5492 1418 5539 est
1440 5498 1601 5539 verus
1629 5484 1771 5539 Deus
1799 5526 1815 5549 ,

234 5606 239 5609 ’
294 5631 321 5689 e
362 5617 619 5689 Cyrinus,
651 5626 781 5673 tom.
812 5620 876 5683 V,
905 5627 1045 5689 part.
1077 5636 1136 5674 ιι.

297 5688 325 5723 ι’
366 5686 561 5741 Petrus
599 5686 983 5761 Chrysologus,
1016 5706 1179 5747 scrm.
1214 5690 1333 5757 ll-l,
1367 5705 1486 5761 pag.
1518 5690 1642 5757 956,
1679 5699 1808 5747 tom.

228 5758 313 5812 VII
343 5758 478 5814 I3th.
513 5759 613 5813 ιιι».

1930 4660 2065 4715 fides
2090 4659 2256 4713 etiam
2284 4674 2379 4727 per
2399 4657 2535 4712 alios
2573 4672 2739 4727 super
2768 4656 3021 4710 universa
3073 4655 3349 4726 regnavit?
3378 4656 3519 4723 Quid

1926 4759 2013 4807 est
2044 4758 2223 4804 autem
2247 4750 2393 4819 quod
2415 4749 2527 4818 ipse
2562 4748 2716 4817 cujus
2745 4738 3003 4816 potestati
3025 4746 3249 4817 derogas
3281 4746 3515 4816 discipu-

1925 4841 1991 4896 lis
2016 4842 2129 4896 suis
2150 4841 2262 4895 ait:
2313 4839 2379 4893 ln
2420 4840 2627 4893 nomine
2677 4855 2790 4892 meo
2838 4838 3101 4892 dtemonia
3126 4840 3337 4909 ejicite?
3360 4840 3478 4895 Nun
3495 4872 3511 4881 -

1922 4934 2051 5004 quid
2110 4934 2179 4987 ad
2235 4939 2555 5001 potestatem
2610 4929 2967 4984 exercendam
3016 4930 3233 4985 nomine
3282 4929 3509 4987 alterius

1923 5027 2093 5094 eguit,
2124 5027 2216 5095 qui
2243 5025 2418 5093 ipsum
2448 5036 2640 5077 nomen
2670 5037 2824 5075 suum
2850 5028 3175 5091 potestatem
3202 5036 3321 5077 esse
3349 5021 3511 5078 fecit?

1925 5116 2030 5171 Sed
2058 5116 2187 5184 quid
2229 5115 2405 5169 adhuc
2435 5113 2734 5168 addicitur?
2779 5112 2934 5178 Ecce,
2965 5112 3163 5183 inquit,
3200 5114 3321 5169 dedi
3369 5116 3511 5169 vobis

1920 5216 2226 5278 potestatem
2269 5204 2508 5260 calcandi
2549 5222 2707 5275 super
2736 5215 2994 5277 serpentes
3030 5215 3079 5259 et
3127 5209 3441 5278 scorpiones,
3464 5217 3513 5261 et

1920 5315 2075 5369 super
2103 5314 2306 5352 omnem
2334 5298 2570 5359 virtutem
2602 5296 2803 5351 inimici
2831 5295 2984 5366 (Luc.
3016 5313 3072 5363 χ,
3107 5297 3216 5368 lii).
3251 5295 3419 5363 Quem
3454 5305 3510 5351 tu

1919 5398 2340 5466 nuncupativum
2363 5396 2534 5451 Deum
2558 5396 2715 5461 dicis,
2739 5395 3027 5465 Apostolus
3054 5396 3298 5450 scribens
3324 5393 3391 5449 ad
3416 5393 3507 5448 Ti-

1922 5499 2335 5562 tum,magnum
2384 5489 2552 5543 Deum
2600 5489 2880 5543 nominare
2928 5504 3033 5543 non
3065 5486 3510 5555 dubitavitulp-

1995 5640 2015 5665 ο
2060 5628 2226 5690 Εὐίῑ..
2281 5646 2297 5675 ι
2328 5625 2441 5680 Non
2473 5635 2744 5680 terrenum
2774 5629 3138 5695 germtlncst,
3164 5620 3257 5674 sed
3284 5619 3507 5677 cwleote

1923 5700 2084 5771 Virgo
2118 5697 2357 5769 peperit;
2391 5698 2483 5753 sed
2514 5696 2654 5753 Deus
2684 5691 2923 5765 suscepit
2944 5691 3157 5747 Filium.
3193 5711 3209 5743 ι
