4030 6358
456 309 564 369 I79
1310 311 1372 366 B.
1411 310 1474 364 F.
1514 307 1740 363 ALBlNl
1779 307 1912 364 SEU
1949 305 2226 363 ALCUlNl
2262 297 2554 362 OPERUM
2587 305 2765 360 PARS
2802 305 2889 360 ill.
2973 315 2975 318 '
3615 303 3722 362 ιεθ

453 427 634 500 paruit
659 425 820 493 enim,
843 424 1042 496 inquit,
1061 425 1233 497 gratia
1265 421 1362 478 Dei
1402 421 1690 478 Saluatoris
1715 423 1879 476 nostri
1925 437 2036 475 om-
2063 426 2112 484 Α
2139 434 2260 475 esse
2288 420 2446 475 desiit
2471 419 2761 474 inﬁrmitas.
2806 415 3188 472 imbecillitatis
3218 404 3485 470 humanae.
3543 413 3723 472 Omne

451 518 612 576 ritibus
640 517 934 572 hominibus
958 515 1199 571 erudiens
1227 532 1341 581 nos,
1368 523 1424 569 ut
1463 514 1772 583 abnegantes
1802 512 2038 582 impietat-

463 620 566 666 tem
587 619 636 664 et
661 608 938 664 saecularia
968 607 1227 664 desideria
1255 607 1424 660 sobrie
1449 616 1498 660 et
1518 606 1667 675 juste
1700 615 1746 660 et
1786 605 1868 675 pie
1894 604 2038 658 viva-

449 718 580 758 .mus
613 703 670 756 in
691 701 788 754 hoc
809 698 1024 764 sweulo,
1052 708 1406 769 exspectantes
1451 700 1654 753 beatam
1685 714 1824 768 spem
1851 707 1899 751 et
1944 698 2040 752 ad-

449 803 668 848 uentum
693 791 874 862 gloria?
901 791 1075 860 magni
1097 789 1194 844 Dei
1229 787 1518 844 Saluatoris
1549 791 1711 844 nostri
1738 791 1867 843 Jesu
1888 786 1960 842 Ch
1971 790 2040 841 ri-

463 885 531 938 sti
557 883 682 954 (Tit.
715 899 774 948 ιι,
806 881 914 955 ll).
943 879 1107 950 Cujus
1127 883 1408 938 sententiae
1439 898 1654 937 sensum
1685 882 1876 936 beatus
1915 881 2043 936 Ilie-

463 989 722 1045 ronymus
767 974 823 1032 in
870 982 1044 1028 tractu
1070 973 1311 1042 ejusdem
1354 972 1606 1042 Epistolae
1635 973 1708 1027 ita
1747 973 2038 1042 exposuit:

454 1085 492 1118 -ι
527 1067 628 1124 Ubi
659 1077 763 1131 est,
793 1067 986 1136 inquit,
1017 1067 1178 1122 Arius
1224 1067 1477 1136 serpens?
1513 1066 1603 1120 ubi
1633 1066 1928 1122 Eunomius
1953 1081 2044 1121 co-

463 1157 654 1214 luber?
689 1158 1064 1230 MagnusDeus
1088 1157 1248 1214 Jesus
1273 1157 1522 1214 Christus
1547 1158 1796 1213 Salvator
1824 1158 2038 1222 dicitur,

465 1266 578 1308 non
600 1251 989 1322 primogenitus
1017 1252 1194 1307 omnis
1239 1259 1524 1317 creaturae,
1555 1267 1660 1306 non
1684 1252 1919 1307 Verbum
1949 1251 2045 1307 Dei

453 1351 526 1398 .et
576 1341 838 1414 sapientia
875 1342 1044 1414 824
1076 1341 1217 1415 [qum
1246 1350 1372 1398 sunt
1421 1343 1807 1414 appellationes
1853 1343 2047 1398 divinae

463 1435 833 1508 generationis
855 1436 948 1508 ψ
979 1437 1072 1492 sed
1099 1436 1256 1493 Jesus
1277 1446 1333 1492 et
1351 1437 1754 1508 Christus,quae
1786 1437 2046 1492 voeabula

467 1524 728 1594 assumpti
776 1525 1014 1580 hominis
1041 1534 1184 1582 sunt.
1241 1527 1425 1596 Neque
1457 1543 1584 1582 vero
1641 1527 1804 1582 alium
1857 1526 2045 1583 Jesum

470 1613 768 1681 Christum,
797 1615 962 1677 alium
987 1617 1218 1672 Verbum
1265 1616 1516 1683 dicimus,
1541 1624 1602 1672 ut
1659 1633 1793 1672 nova
1825 1617 2050 1674 haeresis

472 1703 863 1771 calumniatur;
896 1706 994 1760 sed
1025 1707 1274 1761 eumdem
1307 1714 1363 1762 et
1386 1714 1511 1762 ante
1551 1705 1746 1763 saecula
1779 1705 1864 1778 [S.
1892 1706 2044 1761 Hier.

2135 525 2263 579 ergo
2277 511 2502 579 penitus
2522 511 2626 564 hoc
2657 508 2964 564 testimonio
2994 506 3289 578 [Quercet.,
3323 505 3720 579 testimonium]

2136 601 2450 672 mysterium
2472 608 2526 653 et
2550 609 2774 670 sumpta
2803 598 2983 654 carnis
3026 606 3081 652 et
3125 596 3380 666 perfecta:
3419 596 3724 651 divinitatis

2137 693 2404 760 exposuit.
2455 672 2648 746 Diceus
2685 691 2829 745 enim
2868 707 2882 744 :
2914 697 2960 742 et
2998 689 3043 743 si
3072 687 3402 757 cognovimus
3454 683 3725 740 Christum

2139 780 2421 837 secundum
2463 796 2671 836 carnem
2699 819 2714 844 ,
2760 785 3158 848 sacramentum
3190 776 3302 830 nati
3332 775 3387 829 in
3414 790 3581 830 carne
3627 775 3726 831 Dei

2139 874 2352 930 locutus
2399 880 2501 927 est.
2533 871 2807 939 Adjiciens
2835 879 3016 924 autem
3048 887 3060 922 :
3111 885 3248 922 nunc
3289 885 3393 922 non
3428 868 3546 938 jam
3579 868 3731 921 novi—

2139 987 2289 1033 mus,
2334 969 2444 1022 vim
2485 967 2740 1036 depositae
2763 965 3096 1020 inﬁrmitatis
3138 963 3291 1018 licuit
3321 961 3521 1036 [Cass.,
3547 962 3732 1032 expli-

2143 1058 2297 1130 cuit].
2328 1058 2405 1112 Ac
2430 1073 2527 1128 per
2544 1059 2650 1111 hoc
2675 1055 2911 1125 cognitio
2933 1056 3076 1110 illius
3107 1052 3309 1127 [Cass.,
3339 1055 3578 1125 cognitio
3609 1051 3734 1124 illa]

2144 1151 2322 1207 carnis
2344 1149 2408 1202 ad
2445 1146 2892 1217 signiﬁcationem
2921 1146 3154 1215 pertinet
3174 1144 3430 1208 hominis,
3458 1142 3736 1213 ignoratio

2145 1247 2324 1295 autem
2349 1239 2414 1292 ad
2441 1238 2699 1292 honorem
2741 1236 3052 1291 divinitatis.
3088 1235 3202 1290 Hoc
3233 1243 3316 1290 est
3336 1235 3478 1290 enim
3502 1234 3686 1289 dicere
3716 1251 3732 1286 :

2145 1329 2474 1399 cognovimus
2524 1323 2788 1379 Christum
2829 1325 3113 1380 secundum
3159 1341 3367 1378 carnem
3393 1363 3411 1389 ,
3453 1323 3738 1391 quandiu,

2147 1419 2290 1490 quod
2334 1417 2627 1471 secundum
2673 1431 2891 1470 carnem
2917 1424 3367 1486 cognosceretur,
3425 1413 3562 1468 fuit:
3592 1428 3738 1466 nunc

2139 1510 2258 1580 jam
2286 1527 2388 1564 non
2415 1511 2649 1564 novimus.
2673 1549 2687 1573 ,
2745 1517 3031 1579 postquam
3059 1523 3181 1564 esse
3204 1508 3386 1563 divisit
3413 1505 3612 1582 [Cass.,
3639 1505 3741 1559 dea

2149 1601 2315 1674 sivit].
2347 1601 2549 1658 Natura
2597 1603 2739 1657 enim
2768 1602 2953 1660 carnis.
2991 1602 3048 1655 in
3101 1601 3395 1670 spiritalem
3434 1608 3519 1654 est
3555 1607 3742 1652 trans-

2149 1693 2256 1750 lata
2295 1681 2690 1759 substantiam;
2728 1701 2783 1748 et
2807 1693 2934 1751 illud
2957 1692 3100 1763 quod
3131 1691 3304 1746 fuerat
3325 1691 3595 1762 quondam
3631 1688 3740 1748 lto-

471 1796 622 1850 addit
648 1811 668 1851 :
697 1804 751 1852 et
770 1805 892 1866 post
941 1797 1177 1870 smcula],
1203 1809 1257 1853 et
1285 1805 1410 1853 ante
1431 1800 1688 1854 mundum
1716 1776 1914 1868 etpost
1937 1797 2050 1852 Ma-

2162 1783 2336 1848 minis,
2369 1781 2571 1838 factum
2611 1791 2695 1838 est
2733 1791 2905 1836 totum
2942 1782 3058 1836 Dei.
3088 1781 3155 1834 Et
3182 1780 3298 1836 ideo
3319 1781 3438 1849 jam
3467 1795 3569 1832 non
3592 1776 3744 1831 novi-

472 1889 644 1954 riam;
709 1889 818 1944 imo
873 1904 941 1944 ex
989 1889 1157 1944 Maria
1200 1905 1454 1960 magnum
1515 1890 1682 1946 Deum
1720 1891 2050 1961 appellamus

474 1977 823 2035 Salvatorem'
843 1987 1084 2036 nostrum
1111 1979 1296 2037 Jesum
1341 1981 1635 2049 Christum,
1657 1983 1751 2054 qui
1780 1985 1927 2040 dedit
1967 2000 2052 2041 se-

472 2071 761 2140 metipsum
783 2085 885 2140 pro
915 2071 1092 2128 nobis.
1127 2091 1146 2126 ι

547 2160 634 2216 γι.
673 2161 808 2230 Quis
842 2171 927 2219 est
951 2179 1081 2220 vero
1122 2165 1213 2234 qui
1235 2141 1577 2235 iudicaturus
1615 2176 1700 2223 est
1750 2169 2010 2224 mundum
2035 2208 2051 2234 ,

479 2253 645 2308 homo
695 2262 904 2311 tantum
946 2257 1254 2323 solitarius,
1283 2259 1369 2314 vel
1401 2259 1544 2316 Deus
1581 2259 1724 2316 ﬁli-us
1777 2261 2056 2316 hominis?

379 2355 382 2361 '
475 2344 829 2416 Nequaquam
865 2348 937 2403 ita
987 2348 1332 2406 adversarius
1365 2366 1424 2406 es
1451 2352 1698 2418 veritati,
1751 2361 1813 2407 ut
1857 2353 2057 2410 audeas

477 2437 850 2494 contradicere
906 2439 1074 2511 ipsius
1121 2441 1382 2496 Veritatis
1425 2442 1750 2505 testimonio,
1785 2459 1907 2515 quae
1939 2445 2052 2500 ait;

465 2525 612 2584 Cum
640 2528 830 2584 sederit
851 2530 995 2600 [ilius
1021 2531 1246 2586 hominis
1281 2533 1340 2587 in
1379 2533 1502 2588 sede
1526 2535 1814 2604 majestatis
1839 2535 2052 2606 (Matth.

479 2633 594 2682 xu,
625 2619 738 2686 28).
762 2619 1003 2691 Itemque
1029 2621 1306 2691 apostolus
1331 2623 1531 2679 Paulus
1553 2627 1824 2692 eumdem,
1845 2625 1937 2696 qui
1975 2622 2058 2693 iu-

475 2709 760 2766 dicaturus
781 2721 866 2766 est
884 2713 1161 2776 mundum,
1191 2714 1360 2770 Deum
1397 2717 1617 2771 omnino
1651 2716 1954 2782 aliirmavit,
1978 2716 2061 2772 di-

469 2817 612 2857 .cens
639 2803 703 2856 ad
734 2803 1041 2860 Romanos:
1073 2805 1320 2878 Alioquin
1356 2807 1616 2878 quomodo
1631 2809 1894 2878 judicabit
1917 2808 2060 2863 Deus

481 2896 904 2964 hunwnundum
944 2897 1121 2969 (Rom.
1155 2915 1237 2964 ιιι,
1261 2899 1346 2970 6);
1380 2900 1483 2954 nisi
1509 2900 1668 2966 forte,
1690 2901 1814 2970 quia
1835 2901 2062 2970 Aposto-

471 2985 570 3043 lus
595 2987 649 3042 in
679 2987 783 3042 alia
807 2989 1045 3058 Epistula
1083 3006 1185 3046 nos
1225 2991 1648 3047 manifestandos
1675 3003 1801 3047 ante
1825 2993 2060 3047 tribunal

485 3079 691 3136 Christi
721 3079 959 3152 (II'Cor.
1002 3100 1060 3150 v,
1086 3085 1206 3156 10);
1249 3087 1303 3141 in
1351 3086 1491 3152 alia,
1538 3095 1663 3142 ante
1703 3087 1938 3143 tribunal
1966 3088 2061 3142 Dei

2158 1890 2272 1930 mus
2299 1871 2563 1927 Christum
2612 1873 2900 1928 secundum
2930 1888 3158 1936 carnem,
3183 1872 3309 1940 quia
3355 1870 3606 1937 absorpta
3638 1882 3744 1937 per

2154 1967 2389 2024 divinam
2436 1967 2771 2036 majestatem
2821 1967 3135 2023 inﬁrmitate
3176 1981 3458 2038 corporea,
3485 1965 3623 2020 nihil
3649 1979 3746 2019 sat-

2153 2074 2249 2114 cro
2278 2059 2479 2118 resedit
2507 2059 2718 2130 corpori
2744 2072 2810 2113 ex
2856 2073 2963 2128 quo
2993 2057 3334 2112 imbecillitas
3359 2056 3412 2110 in
3445 2070 3512 2110 eo
3554 2053 3747 2110 carnis

2154 2149 2324 2219 possit
2366 2149 2601 2220 agnosci.
2657 2147 2736 2202 Ac
2759 2163 2858 2217 per
2903 2149 3007 2206 hoc
3059 2145 3321 2216 quidquid
3361 2145 3538 2200 fuerat
3588 2143 3748 2216 prius

2155 2242 2469 2297 substantite
2493 2242 2741 2312 duplicis,
2768 2241 2974 2296 factum
3011 2251 3096 2295 est
3130 2239 3347 2294 virtutis
3369 2241 3552 2294 unius.
3600 2237 3746 2294 Cum

2157 2331 2342 2401 utique
2371 2347 2476 2387 non
2505 2332 2574 2386 sit
2593 2331 2814 2386 dubium
2847 2330 3120 2403 Christum
3139 2370 3153 2394 ,
3201 2330 3292 2400 qui
3336 2329 3628 2385 cruciﬁxus
3655 2337 3752 2384 est

2157 2437 2223 2477 ex
2248 2422 2557 2478 inﬁrmitate
2581 2429 2781 2486 nostra,
2818 2430 2989 2476 totum
3027 2422 3207 2476 vivere
3250 2437 3318 2478 ex
3345 2422 3626 2492 majestate
3651 2421 3748 2474 di-

2158 2513 2302 2567 vina.
2333 2532 2351 2565 ι
2382 2513 2451 2567 Ει
2507 2512 2669 2582 paulo
2698 2519 2820 2581 post
2843 2511 2986 2584 (cap.
3031 2511 3124 2583 5):
3163 2531 3185 2562 ι
3227 2511 3370 2566 Bene
3429 2526 3560 2582 ergo
3597 2511 3752 2580 Apo-

2160 2610 2330 2665 stolus
2365 2611 2590 2664 missum
2614 2625 2674 2665 se
2705 2610 2844 2664 sicut
2870 2625 2902 2663 a
2927 2609 3038 2663 Deo
3062 2609 3244 2672 Patre,
3271 2608 3342 2662 ita
3367 2615 3420 2662 et
3443 2623 3471 2660 a
3505 2607 3614 2660 Deo
3645 2605 3752 2659 Fi-

2161 2705 2233 2760 lio
2262 2707 2562 2777 praedicans
2599 2706 2989 2762 confessionem
3016 2706 3199 2760 statim
3243 2705 3538 2760 Dominicis
3565 2704 3754 2758 incar-

2162 2799 2396 2856 nationis
2417 2798 2660 2868 adjunxit
2695 2800 2915 2856 dicens:
2951 2798 3055 2864 Qui
3082 2800 3352 2853 suscitavit
3381 2814 3499 2852 eum
3537 2815 3569 2850 a
3610 2813 3759 2850 mor-

2164 2890 2266 2944 tuis
2293 2886 2433 2961 (Gal.
2457 2907 2496 2955 ι,
2526 2890 2610 2957 l);
2640 2905 2824 2945 verum
2857 2889 3064 2944 scilicet
3112 2888 3379 2944 incarnati
3403 2887 3500 2942 Dei
3545 2901 3760 2955 corpus

2167 2980 2485 3038 suscitatum
2510 2995 2541 3034 a
2592 2980 2821 3036 mortuis
2849 2979 3048 3035 docens
3092 2977 3248 3049 juxla
3279 2979 3405 3033 illud
3435 2997 3448 3032 :
3494 2978 3564 3032 Et
3589 2979 3634 3031 si
3662 2992 3762 3029 co-

2167 3073 2436 3140 gnovimus
2481 3069 2743 3124 Christum
2773 3070 3058 3126 secundum
3087 3086 3316 3134 carnem,
3344 3069 3480 3123 bene
3507 3068 3714 3125 addens
3737 3084 3756 3120 :

471 3171 670 3243 (nam,
699 3179 811 3238 χιν,
847 3172 973 3245 to)?
1007 3174 1036 3214 ι,
1063 3174 1200 3233 Ama
1227 3176 1414 3240 vitam,
1445 3192 1565 3230 ama
1613 3178 1840 3251 salutem
1878 3186 2024 3232 mam
2044 3218 2058 3243 ,
2092 3157 2137 3220 C
2166 3160 2255 3219 sed
2281 3178 2418 3214 nunc
2435 3161 2552 3230 jam
2579 3178 2681 3215 non
2705 3162 2937 3216 novimus
2963 3176 2981 3214 :
3015 3160 3117 3216 hoc
3144 3159 3287 3213 enim
3314 3175 3371 3214 se
3397 3159 3450 3212 in
3475 3174 3539 3216 eo
3583 3173 3764 3215 nosse

489 3278 612 3318 ama
644 3279 768 3321 eum
805 3280 901 3335 per
923 3281 1083 3335 quem
1105 3267 1415 3336 redemptus
1436 3282 1522 3332 es,
1543 3278 1725 3324 metue
1751 3283 1873 3322 eum
1897 3283 1927 3322 a
1957 3283 2066 3338 quo

475 3354 810 3424 iudicandus
842 3373 921 3412 es.
953 3357 1098 3413 Veiis
1118 3357 1262 3416 enim
1293 3358 1454 3423 nolis,
1484 3357 1910 3413 manilestandus
1938 3366 2066 3412 ante

490 3450 730 3510 tribunal
758 3451 962 3507 Christi
989 3467 1078 3516 es;
1127 3460 1181 3508 et
1215 3451 1452 3522 seposita
1499 3451 1794 3520 impietatis
1817 3449 2059 3520 blasphe-

493 3540 626 3605 mia,
647 3555 712 3596 ae
738 3541 1026 3596 verborum
1047 3541 1344 3596 inﬁdelium
1371 3540 1720 3606 cantilena,si
1745 3539 1888 3600 aliud
1912 3548 2072 3610 putas

477 3628 734 3684 .tribunal
764 3629 860 3684 Dei
886 3645 1005 3685 esse
1033 3646 1196 3701 quam
1225 3630 1452 3698 Christi,
1473 3631 1662 3687 venias
1685 3639 1810 3690 ante
1837 3630 2073 3688 tribunal

497 3716 726 3783 Christi,
749 3727 804 3773 et
821 3718 1062 3775 invenies
1088 3728 1318 3789 utroque
1345 3721 1667 3778 documento
1691 3719 2074 3796 inexplicabili,

497 3808 675 3880 ipsum
704 3809 941 3868 tribunal
977 3809 1073 3868 Dei
1108 3825 1228 3867 esse
1273 3812 1416 3881 quod
1440 3811 1664 3876 Christi,
1688 3819 1966 3882 totamque
2019 3812 2074 3866 in

485 3916 608 3956 uno
625 3899 766 3963 Filio
793 3899 920 3959 lesu
943 3901 1159 3958 Christo
1184 3903 1480 3959 divinitatis
1508 3905 1801 3978 potentiam
1825 3913 1879 3960 et
1901 3904 2078 3966 Patris

500 3991 598 4050 Dei
619 3992 976 4062 maiestatem.
1002 3994 1145 4057 idem
1171 3996 1384 4065 qquuo
1409 3995 1664 4066 pnefatus
1680 3997 1916 4068 gentium
1944 4012 2080 4066 prai-

485 4086 713 4143 .dieator
734 4087 824 4142 ubi
857 4088 1044 4144 carnis.
1056 4089 1512 4158 dispensationem
1537 4098 1591 4145 et
1616 4106 1800 4149 veram
1821 4091 2080 4145 divinitas.

501 4179 575 4233 tis
612 4178 984 4236 celsitudinem
1028 4179 1244 4236 Christo
1281 4183 1456 4240 inesse
1510 4183 1754 4236 scribens
1797 4183 1864 4236 ad
1891 4182 2082 4242 Corin-

504 4270 648 4328 thios
674 4271 947 4324 ostendit:
983 4269 1039 4326 Si
1071 4288 1400 4337 noveramus,
1429 4273 1542 4338 ait,
1594 4271 1858 4330 Christum
1899 4291 2084 4328 secun-

506 4361 634 4414 dum
656 4377 884 4427 carnem,
915 4362 1005 4415 sed
1049 4379 1185 4416 nunc
1215 4363 1324 4429 iam
1362 4381 1466 4418 non
1509 4366 1742 4420 novimus
1763 4365 1849 4436 (11
1872 4365 1995 4422 Cor.
2028 4383 2083 4433 v,

509 4451 631 4518 ili);
672 4452 726 4505 in
753 4451 839 4512 his
862 4453 1069 4508 scilicet
1089 4453 1433 4522 paucissimis
1453 4456 1631 4510 verbis
1656 4472 1908 4528 magnum
1931 4457 2087 4514 Chri-

495 4545 582 4600 sti
605 4545 990 4600 incarnationis
1009 4546 1323 4617 mysterium
1353 4546 1745 4606 demonstrans.
1775 4551 1906 4618 Quae
1927 4554 2089 4608 verba

512 4635 705 4693 beatus
727 4634 1015 4690 Cassianus
1067 4637 1338 4692 catholico
1363 4654 1637 4708 exponens
1673 4656 1834 4696 sensu
1865 4643 2002 4712 (Lib.
2028 4660 2088 4698 ιιι

499 4727 581 4782 .de
604 4726 846 4793 Incarn.,
870 4744 988 4799 cap.
1003 4721 1073 4801 ἳὸ)
1102 4749 1114 4784 :
1155 4749 1173 4782 ι
1215 4729 1472 4786 Ascendit
1520 4748 1681 4802 ergo,
1735 4733 1930 4802 inquit,
1953 4751 2090 4803 quo-

505 4815 806 4873 .dammodo
826 4820 980 4889 quasi
1022 4820 1074 4876 in
1129 4821 1375 4877 altiorem
1403 4823 1627 4894 gradum
1677 4824 1934 4880 doctrina:
1961 4842 2091 4896 apo-

518 4906 724 4964 stolioae
745 4909 1077 4978 praedicatio,
1103 4919 1158 4967 et
1181 4911 1303 4966 licet
1328 4928 1520 4968 sensus
1543 4913 1613 4967 ibi
1634 4915 1686 4968 in
1712 4924 1940 4985 utroque
1960 4932 2092 4970 con-

2167 3250 2298 3306 dicit
2328 3250 2624 3306 secundum
2654 3265 2891 3316 carnem,
2919 3251 3064 3321 quod
3091 3251 3214 3306 sita
3244 3250 3474 3304 mortuis
3521 3249 3766 3304 suscita-

2165 3348 2292 3397 tus:
2318 3343 2372 3399 in
2407 3359 2472 3396 eo
2523 3359 2652 3398 vero
2678 3357 2736 3398 se
2763 3359 2886 3397 eum
2924 3341 3040 3414 jam
3090 3358 3198 3400 non
3245 3356 3405 3397 nosse
3455 3340 3760 3396 secundum

2169 3446 2413 3498 carnem,
2441 3433 2582 3502 quod
2612 3441 2858 3488 cessante
2889 3433 3067 3493 carnis
3095 3431 3386 3504 fragilitate
3414 3433 3468 3486 in
3491 3431 3598 3487 sola
3626 3447 3763 3492 eum

2170 3524 2383 3580 noverit
2413 3523 2503 3578 Dei
2530 3537 2649 3578 esse
2685 3523 2908 3581 virtute.
2946 3543 2965 3575 ι

2243 3634 2352 3690 Vll.
2390 3633 2529 3688 Audi
2567 3634 2732 3704 igitur
2755 3633 2885 3703 quid
2932 3633 3074 3690 idem
3121 3632 3394 3705 apostolus
3437 3633 3502 3689 de
3539 3632 3772 3689 Christo

2175 3726 2322 3788 dicit,
2349 3735 2533 3779 utrum
2578 3724 2728 3781 illum
2773 3725 3046 3779 hominem
3075 3723 3156 3778 vel
3185 3724 3348 3778 etiam
3369 3723 3540 3777 Deum
3559 3723 3772 3778 voluis-

2174 3827 2258 3874 set
2283 3817 2505 3886 intelligi
2532 3835 2546 3872 :
2576 3816 2658 3875 An
2685 3818 3116 3887 experimentum,
3144 3816 3339 3888 inquit,
3364 3816 3596 3886 qureritis
3612 3815 3771 3870 illius

2175 3913 2264 3983 qui
2288 3912 2343 3964 in
2371 3926 2451 3963 me
2473 3908 2703 3979 loquitur
2727 3907 3059 3978 ChristusUl
3078 3905 3202 3962 Cor.
3232 3923 3358 3970 xm,
3377 3906 3471 3979 5)?
3499 3906 3614 3973 Quo
3639 3906 3775 3962 loco

2177 4003 2300 4059 volo
2323 4009 2382 4056 ut
2401 4000 2672 4055 edisseras
2695 3999 2849 4065 mihi,
2871 4015 2904 4054 ο
2930 3998 3076 4053 Fetix
3101 4001 3114 4053 !
3143 3999 3286 4055 hunc
3307 4014 3464 4069 quem
3493 3997 3656 4068 825
3680 3999 3774 4053 lo-

2179 4094 2273 4164 qui
2299 4091 2585 4164 Apostolus
2612 4091 2752 4144 intra
2781 4105 2840 4148 se
2886 4087 3038 4153 dicit,
3065 4089 3226 4145 homo
3278 4089 3348 4144 sit
3378 4104 3447 4142 an
3478 4089 3653 4142 Deus?
3699 4088 3772 4144 Si

2181 4188 2362 4246 homo,
2393 4184 2661 4254 quomodo
2684 4184 2740 4238 in
2779 4183 2942 4239 corde
2987 4175 3110 4253 ejus.
3144 4199 3339 4253 corpus
3361 4183 3508 4252 loqui
3549 4193 3778 4252 poterat

2183 4277 2440 4334 alterius?
2469 4275 2524 4333 Si
2549 4275 2710 4340 Deus,
2727 4291 2857 4346 ergo
2885 4292 2989 4335 non
3013 4275 3451 4342 homoChristus,
3479 4277 3571 4331 sed
3589 4277 3734 4331 Deus
3752 4291 3776 4331 :-

2185 4367 2313 4440 quia
2333 4383 2454 4424 cum
2479 4366 2688 4421 locutus
2715 4367 2768 4420 in
2789 4366 3043 4435 Apostolo
3068 4365 3316 4426 Christus
3339 4367 3426 4429 sit,
3459 4375 3515 4421 et
3545 4366 3689 4436 loqui
3707 4367 3776 4422 in

2187 4474 2254 4513 eo
2279 4474 2386 4516 non
2407 4459 2644 4527 potuerit
2682 4458 2784 4512 nisi
2831 4457 3012 4514 Deus:
3048 4473 3178 4528 ergo
3233 4457 3444 4514 locutus
3485 4466 3568 4512 est
3597 4458 3652 4512 in
3697 4472 3780 4514 eo

2121 4510 2166 4569 θ
2193 4510 2639 4606 stitisses;
2666 4510 2827 4608 ira.
2852 4510 3032 4615 ita}...
3058 4510 3192 4600 uti
3214 4510 3338 4601 es...”
3365 4510 3454 4601 ιςεε
3483 4510 3779 4616 έιὲέιιίιιιοει

2193 4650 2382 4697 contra
2408 4641 2524 4696 lucc
2550 4639 2655 4694 dici
2691 4647 2871 4707 queat.
2898 4638 3008 4692 Nec
3052 4639 3464 4711 disiunctionem
3493 4645 3588 4692 aut
3632 4637 3780 4704 divi-

2195 4733 2402 4787 sionem
2427 4731 2662 4798 aliquam
2691 4731 2830 4784 intcr
2858 4729 3130 4783 Christum
3159 4729 3274 4782 ﬁeri
3298 4737 3352 4783 et
3381 4729 3548 4784 Deum
3577 4741 3778 4798 posse,

2196 4823 2323 4892 quia
2351 4829 2493 4876 totus
2518 4821 2571 4875 in
2602 4819 2818 4874 Christo
2844 4819 3006 4883 Deus,
3038 4827 3093 4873 et
3116 4828 3262 4874 totus
3282 4820 3338 4874 in
3363 4819 3473 4874 Deo
3495 4819 3777 4876 Christus.

2197 4914 2353 4969 Nulla
2383 4915 2471 4970 hic
2492 4912 2656 4984 recipi
2686 4912 2952 4982 separatio
2975 4911 3331 4982 potest,nulla
3355 4910 3637 4975 discissio;
3662 4925 3782 4965 una

521 4998 725 5064 veniat,
755 5011 1148 5058 sacramentum
1188 5010 1366 5060 tamen
1423 5004 1677 5074 perfecta:
1707 5004 1846 5069 ﬁdei,
1879 5014 2095 5060 senten-
2195 5012 2406 5060 tantum
2431 5011 2514 5058 est
2533 5001 2784 5070 simplex,
2815 5017 2922 5055 una
2949 5009 3157 5055 tantum
3177 5017 3303 5056 sana
3343 5001 3610 5056 confessio
3636 5000 3783 5056 ado-

519 5089 602 5148 tia
629 5093 966 5162 cupressiore
994 5093 1274 5149 conﬁrmat
1294 5135 1308 5159 ,
1336 5096 1520 5154 dicens
1546 5115 1558 5150 :
1591 5097 1659 5151 Et
1694 5099 1739 5153 si
1764 5099 2096 5169 cognovimus
2199 5109 2338 5157 rare,
2363 5108 2564 5156 amare,
2591 5092 2766 5146 colere
2787 5091 3057 5145 Christum
3100 5093 3290 5150 Deum.
3316 5092 3620 5148 Concordat
3639 5108 3787 5162 quo-

525 5184 808 5239 sccuudum
834 5203 1041 5240 carnem
1063 5185 1350 5253 Christum,
1375 5188 1465 5243 sed
1505 5205 1642 5243 nunc
1678 5189 1796 5258 jam
1823 5205 1928 5242 non
1956 5189 2100 5243 noriv
2199 5200 2303 5255 que
2327 5186 2516 5239 beatus
2544 5183 2902 5254 Hieronymus
2929 5185 3364 5254 praescriptorum
3401 5184 3647 5239 sensibus
3673 5184 3787 5238 Pa-

525 5290 676 5339 trius;
705 5274 950 5328 videlicet
989 5275 1113 5345 quia
1140 5276 1291 5345 prius
1328 5292 1448 5331 eum
1488 5288 1542 5331 ot
1589 5278 1858 5334 hominem
1902 5277 2101 5332 scimus
2203 5284 2365 5338 trum,
2391 5273 2534 5343 quod
2557 5275 2718 5328 homo
2743 5282 3050 5343 assumptus
3072 5291 3103 5329 a
3128 5275 3295 5329 verbo
3319 5275 3414 5330 Dei
3445 5275 3502 5329 in
3525 5276 3788 5331 divinita-

529 5371 585 5420 οι
613 5364 799 5430 Deum,
845 5380 988 5420 nunc
1039 5373 1246 5422 tantum
1293 5366 1460 5422 Deum
1503 5367 1798 5439 [Quercet.,
1843 5375 2103 5422 cunctau-
2203 5367 2274 5420 tis
2303 5364 2632 5435 gloriﬁcatus
2679 5365 2748 5419 sit
2775 5367 3012 5434 potentia
3035 5373 3198 5434 atque
3224 5365 3452 5420 indivisa
3494 5365 3791 5433 majestate

530 5453 658 5511 dum
687 5455 897 5529 Deum].
945 5456 1200 5513 Cessante
1227 5458 1535 5514 inﬁrmitate
1563 5459 1741 5512 carnis
1769 5459 1900 5512 nihil
1936 5460 1990 5512 in
2041 5474 2107 5513 eo
2207 5458 2350 5518 Deus
2377 5474 2514 5512 unus
2539 5458 2792 5512 adoretur
2837 5459 2892 5513 in
2933 5458 3167 5522 Christo,
3197 5459 3340 5514 hunc
3371 5459 3618 5514 eumdem
3659 5472 3793 5513 sen-

526 5539 641 5614 jain
671 5547 942 5611 novimus,
991 5547 1096 5602 nisi
1123 5549 1374 5604 virtutem
1401 5546 1735 5602 divinitatis:
1779 5548 1904 5617 quia
1935 5555 2106 5602 totum
2210 5563 2329 5602 sum
2361 5547 2413 5601 in
2467 5547 2602 5600 libro
2633 5547 2791 5601 tertio
2831 5547 3348 5603 Commentariorum
3383 5546 3631 5604 Ieremia:
3658 5561 3793 5617 pro-

535 5629 592 5687 in
622 5632 730 5688 Deo
751 5634 943 5708 [Cass.,
973 5637 1026 5693 in
1046 5635 1131 5708 eo]
1155 5637 1326 5692 virtus
1351 5645 1436 5691 est
1457 5636 1755 5706 maiestatis
1778 5637 1992 5705 divinze,
2016 5638 2108 5694 ubi
2212 5639 2386 5709 pheta:
2414 5639 2722 5706 expressius
2755 5653 2958 5708 ponens
2983 5678 2998 5704 ,
3042 5638 3134 5694 ubi
3187 5639 3264 5694 ait
3299 5639 3380 5712 (in
3435 5654 3552 5711 cap.
3606 5638 3744 5710 xvn)
3775 5656 3793 5695 :

615 5755 640 5787 α
680 5745 804 5804 Ηςῑε
839 5750 1031 5806 desunt
1051 5749 1188 5814 apud
1211 5748 1609 5820 Hieronymum.
1820 5745 1824 5746 ί
2288 5752 2315 5792 b
2355 5751 2514 5806 Deest
2541 5752 2762 5820 aliquid.
