4030 6358
286 235 390 298 181

1024 234 1439 293 DOGMATICA.
1480 266 1542 276 —
1588 235 1745 290 sev.
1784 233 2077 290 FELICEM
2113 194 2292 295 ciam
2331 240 2437 297 vn.
2472 241 2691 297 —-Lia.
2733 241 2817 297 1v.

3444 240 3548 299 182

287 368 311 404 ι
346 347 407 404 Si
428 346 736 403 maledictns
763 356 836 401 est
874 345 1026 401 homo
1050 349 1137 419 qui
1158 348 1373 416 conﬁdit
1406 349 1460 403 in
1486 349 1693 402 homine
1724 345 1859 419 (Jer.
1892 352 1937 408 Α
1967 363 2126 405 verus
2152 360 2235 406 est
2257 362 2312 407 et
2332 354 2426 408 Dei
2455 354 2654 409 Filius:
2688 355 2935 424 idemque
2961 353 3122 410 homo
3160 354 3304 411 Deus
3324 365 3550 427 propter

279 458 421 509 rm,
446 443 525 509 5),
555 457 683 512 ergo
715 440 985 495 maledicti
1020 449 1178 495 erunt
1207 443 1296 509 qui
1324 440 1504 496 Jesum
1533 450 1739 495 tantum
1775 442 1871 494 ho-

281 540 487 595 minem
518 538 865 592 conﬁtentur.
900 536 1050 604 Quod
1081 537 1125 591 si
1168 537 1323 590 nobis
1377 536 1679 605 oppositum
1709 532 1871 588 fuerit

278 630 427 701 quod
458 638 513 683 et
538 644 638 682 nos
667 628 950 682 credamus
972 628 1022 682 in
1053 628 1287 701 eumqui
1317 627 1479 680 dicit:
1514 624 1669 678 Nunc
1697 634 1868 677 autem

276 721 517 792 quceritis
543 737 622 773 me
636 718 924 786 interﬁcere
938 720 1222 779 hominem,
1246 718 1334 786 qui
1360 718 1621 770 veritatem
1645 714 1872 769 robislo-

274 822 431 865 cutus
454 826 591 873 sum,
619 826 775 878 quam
791 808 967 862 audivi
993 826 1022 861 α
1045 808 1189 862 Deo:
1212 824 1308 861 IIOC
1334 808 1595 861 Abraham
1614 824 1713 859 non
1727 805 1867 873 fecit,

274 917 368 956 vos
393 901 569 970 facitis
584 917 739 969 opera
763 901 918 953 vestri
941 896 1119 951 Patris
1145 898 1323 969 (Joan.
1340 914 1459 961 vm,
1489 896 1611 967 40);
1642 912 1866 964 respon-

275 994 531 1049 debimus
561 994 687 1047 illud
731 992 1079 1063 apostolicum
1108 1012 1119 1045 :
1155 993 1279 1046 Etsi
1301 990 1561 1046 Christum
1586 991 1868 1061 aliquando

272 1087 428 1154 iuxta
454 1103 664 1139 carnem
688 1086 1034 1154 cognorimus,
1064 1083 1155 1138 sed
1185 1101 1321 1136 nunc
1343 1083 1461 1149 jam
1488 1083 1862 1136 non-novitatis.

272 1177 520 1246 Denique
569 1176 708 1231 idem
739 1175 1012 1244 apostolus
1062 1175 1113 1228 in
1155 1174 1418 1244 principio
1445 1173 1699 1242 Epistola:
1754 1187 1865 1227 sua.

269 1268 469 1323 scribit
498 1268 560 1320 ad
591 1266 810 1322 Galatas
837 1284 847 1318 :
882 1263 1084 1319 Paulus
1115 1264 1379 1335 apostolus
1410 1282 1513 1318 non
1548 1264 1611 1317 ab
1636 1264 1863 1317 homini-

270 1358 368 1412 bus
398 1375 562 1428 neque
604 1375 694 1428 per
723 1356 1019 1418 hominem,
1051 1356 1139 1409 sed
1174 1372 1266 1425 per
1307 1354 1488 1408 Iesum
1512 1351 1776 1408 Christum
1815 1362 1863 1407 et

267 1446 440 1500 Deum
474 1444 716 1511 Patrem,
742 1447 830 1516 qui
866 1446 1134 1499 suscitavit
1174 1461 1290 1498 eum
1336 1464 1367 1498 a
1421 1445 1662 1508 mortuis,
1689 1452 1735 1498 et
1774 1445 1862 1514 qui

267 1555 474 1597 naccam
530 1545 649 1590 sunt
684 1553 858 1589 omnes
888 1536 1091 1605 fratres
1134 1533 1275 1605 (Cal.
1303 1552 1342 1599 ι,
1376 1534 1398 1586 1
1434 1575 1449 1599 ,
1497 1533 1573 1603 ‘2).
1609 1533 1666 1587 Si
1716 1533 1859 1587 enim

266 1644 418 1682 mors
453 1628 708 1695 absorpta
741 1636 824 1681 est
850 1628 902 1680 in
928 1626 1153 1681 victoria
1189 1625 1239 1697 (Ι
1268 1626 1389 1679 Cor.
1430 1642 1521 1691 xv,
1545 1624 1657 1695 54),
1688 1640 1857 1695 quare

1973 441 2139 496 Deum
2164 459 2178 506 ;
2219 452 2272 496 et
2296 443 2434 497 idem
2474 445 2614 499 Deus
2644 446 2804 501 homo
2837 454 3057 514 propter
3080 446 3372 512 hominem,
3401 454 3461 501 ut
3492 446 3550 503 in

1973 529 2186 585 homine
2224 549 2543 604 quocunque
2593 535 2769 588 anima
2800 544 2855 589 et
2884 550 3098 605 corpus.
3124 534 3249 590 Hmc
3274 551 3402 607 ergo
3423 536 3547 591 uni-

1972 628 2055 675 tas
2081 629 2135 674 et
2180 623 2378 677 veritas
2403 625 2455 677 in
2494 623 2705 678 Christo
2753 640 3092 695 nequaquam
3147 634 3269 695 post
3311 626 3547 697 Virginis

1970 716 2184 779 partum
2240 722 2434 782 empta,
2467 714 2559 767 sed
2590 714 2641 767 in
2668 715 2781 782 ipso
2814 716 3050 786 Virginis
3078 723 3232 770 utero
3261 717 3548 788 conjuncta

1970 812 2131 873 atque
2153 804 2301 858 unita
2338 814 2441 859 est.
2476 806 2767 877 Diligenter
2796 810 2992 863 etenim
3038 825 3344 881 prazcavere
3386 811 3546 869 debe-

1970 909 2122 958 mus,
2176 903 2234 948 nt
2263 894 2537 950 Christum
2568 912 2674 950 non
2705 898 2872 969 826
2916 900 3074 954 modo
3105 917 3268 955 unum
3300 908 3423 971 post
3452 899 3549 956 ba-

1967 983 2352 1048 ptismum,.vel
2386 986 2867 1051 resurrectionem;
2910 989 3003 1043 sed
3033 1005 3246 1061 semper
3270 1007 3457 1056 unum,
3480 1007 3549 1048 ex

1968 1086 2074 1140 quo
2098 1084 2390 1142 conceptus
2416 1083 2498 1128 est
2527 1075 2581 1128 in
2635 1083 2787 1129 utero
2815 1076 3060 1146 virginali
3085 1120 3099 1143 ,
3151 1080 3504 1136 conﬁteamur
3530 1099 3544 1134 :

1968 1163 2093 1230 quia
2148 1162 2480 1218 intoleranda
2511 1165 2843 1235 blasphemia
2873 1173 2973 1233 est,
3004 1175 3065 1222 ut
3104 1172 3267 1224 etiam
3310 1173 3354 1226 si
3404 1188 3548 1229 nunc

1944 1267 2088 1331 eum
2110 1269 2274 1307 unum
2323 1253 2436 1322 jam
2459 1272 2579 1311 esse
2604 1258 2724 1327 quis
2748 1260 3023 1326 concedat,
3049 1260 3334 1331 aliquando
3365 1272 3546 1319 tamen

1964 1359 2068 1397 non
2097 1360 2282 1409 unum,
2324 1347 2416 1401 sed
2453 1348 2586 1403 duos
2614 1348 2777 1403 fuisse
2800 1352 3105 1415 contendat.
3138 1354 3227 1409 Sic
3272 1356 3415 1409 enim
3444 1357 3547 1411 iste

1966 1432 2113 1489 Felix
2146 1452 2266 1490 cum
2282 1439 2394 1491 suis
2415 1440 2733 1508 sequacibus
2758 1441 2811 1494 in
2835 1444 3075 1511 sequenti
3098 1444 3399 1498 litterarum
3422 1461 3547 1499 sua-

1967 1540 2085 1578 rum
2109 1527 2247 1581 serie
2274 1528 2435 1581 etiam
2479 1530 2680 1584 sentire
2714 1530 2964 1585 videtur:
2999 1552 3015 1583 ‹
3049 1532 3103 1587 Si
3130 1534 3271 1587 enim
3300 1574 3314 1599 ,
3365 1534 3457 1599 ait,
3486 1543 3547 1589 ut

1965 1629 2061 1667 vos
2086 1616 2263 1682 vultis,
2296 1618 2456 1672 homo
2487 1629 2795 1688 assumptus
2820 1637 2847 1674 a
2884 1621 3022 1676 Filio
3052 1623 3167 1689 Dei,
3199 1640 3321 1679 mox
3350 1640 3380 1679 a
3410 1641 3541 1681 con-

266 1734 376 1773 nou
404 1717 589 1772 carnis
611 1717 910 1782 humilitas,
948 1732 1067 1786 quin
1104 1724 1323 1786 propter
1378 1717 1669 1770 humanam
1717 1715 1859 1771 salu-
1893 1687 1935 1745 Β
1962 1707 2205 1775 ceptione
2232 1709 2509 1780 virginalis
2538 1712 2678 1765 uteri
2710 1729 2874 1767 verus
2925 1724 3214 1784 conceptus
3247 1726 3331 1772 est
3360 1717 3499 1774 Deus
3525 1760 3543 1785 ,

266 1817 375 1863 tem
402 1815 679 1876 assumpta
709 1815 813 1871 est,
838 1807 890 1859 in
941 1806 1237 1862 divinitatis
1274 1806 1554 1861 transierit
1604 1805 1859 1875 majesta-

266 1907 407 1959 tem;
435 1903 499 1951 ut
529 1894 730 1949 faceret
782 1904 1070 1965 utrumque
1099 1897 1301 1950 unum?
1346 1917 1363 1948 ι
1402 1895 1517 1950 Non
1548 1896 1638 1950 hic
1666 1896 1857 1952 beatus

266 1988 634 2057 Hieronymus
681 1986 1049 2043 confusionem
1091 1988 1318 2043 duarum
1349 1989 1593 2059 designat
1637 1997 1856 2041 natura-

266 2096 410 2145 rum,
435 2080 530 2134 sed
560 2081 816 2134 unitatem
854 2082 1124 2151 potentiae,
1156 2091 1215 2135 ut
1255 2083 1539 2136 credamus
1568 2098 1727 2135 unam
1761 2097 1855 2150 po-

264 2172 494 2226 tentiam
519 2171 819 2226 divinitatis
847 2172 899 2225 in
936 2172 1151 2227 Christo
1182 2173 1407 2227 Domino
1430 2173 1538 2226 Deo
1566 2181 1768 2237 nostro,
1786 2188 1853 2227 ne

263 2261 479 2317 dicatur
531 2262 763 2317 dualitas
812 2260 1111 2331 majestatis
1141 2264 1193 2317 in
1243 2264 1461 2319 Christo
1514 2265 1567 2317 in
1619 2280 1724 2333 quo
1771 2273 1855 2320 est

262 2355 447 2409 unitas
472 2353 762 2407 individuae
811 2369 1074 2423 personze.
1130 2355 1262 2408 Item
1292 2356 1432 2409 idem
1464 2356 1554 2425 qui
1592 2370 1753 2425 supra
1799 2365 1854 2411 et

263 2444 407 2499 unde
436 2460 601 2513 supra
630 2460 646 2498 :
683 2462 701 2495 ι
734 2445 839 2499 Per
868 2447 980 2499 hmo
1014 2462 1226 2516 quoque
1266 2448 1545 2511 discimus,
1570 2448 1736 2503 Deum
1761 2465 1849 2504 so-

262 2532 376 2587 ium
414 2549 577 2588 nosse
603 2535 959 2604 cogitationes
987 2536 1283 2591 hominum.
1326 2537 1381 2591 Si
1429 2547 1609 2592 autem
1637 2539 1701 2593 de
1730 2538 1850 2593 Sal—

264 2634 455 2680 vatore
520 2626 718 2680 dicitur
762 2645 774 2680 ε
838 2625 1031 2682 Videas
1089 2626 1245 2681 Jesus
1281 2628 1615 2697 cogitationes
1672 2645 1851 2682 eorum

262 2716 419 2786 (Luc.
446 2734 526 2783 x1,
561 2717 650 2789 17)
674 2734 688 2782 ;
742 2718 1025 2788 nullusque
1054 2726 1233 2788 potest
1252 2717 1434 2771 videre
1456 2718 1809 2789 cogitationes
1834 2760 1849 2783 ,

263 2810 369 2862 nisi
397 2809 547 2864 solus
577 2809 717 2863 Deus
749 2829 759 2862 :
815 2825 945 2880 ergo
994 2818 1050 2864 et
1092 2809 1339 2864 Christus
1392 2808 1533 2863 Deus
1563 2807 1691 2880 [est]
1715 2850 1728 2873 ,
1760 2808 1852 2877 qui

260 2908 544 2954 scrutatur
568 2900 825 2962 corda,et
845 2897 1034 2953 reddet
1052 2899 1338 2967 unicuique
1362 2899 1655 2952 secundum
1687 2913 1851 2967 opera

144 3016 161 3031 ε
260 3006 384 3045 sua.
416 3012 434 3041 ι
470 2991 617 3045 Idem
644 3004 858 3061 quoque
878 2992 1015 3046 libro
1043 2992 1200 3045 tertio
1218 2991 1271 3045 in
1299 2990 1463 3044 Amos
1492 2991 1846 3061 prophetam:

267 3101 289 3133 ι
334 3081 491 3136 Tunc
546 3096 762 3151 quoque
818 3081 1207 3152 primogenitus
1258 3080 1485 3152 populus
1536 3081 1630 3135 Dei
1685 3080 1851 3135 Israel

262 3171 469 3245 [Hier.,
500 3173 893 3244 primogenitus
943 3173 1106 3228 Filius
1138 3172 1255 3237 Dei,
1288 3173 1513 3243 populus
1548 3173 1733 3244 Israel]
1758 3174 1851 3244 qui

262 3263 318 3317 in
358 3264 696 3333 unigenitum
722 3272 776 3318 et
802 3280 927 3319 vere
973 3264 1165 3317 Filium
1190 3265 1283 3318 Dei
1328 3265 1551 3318 miserat
1588 3280 1804 3319 manum
1832 3306 1847 3330 ,

263 3362 472 3409 aeterno
499 3354 666 3408 luctui
691 3354 921 3409 traditus
947 3363 1052 3418 est,
1073 3362 1128 3409 et
1152 3354 1445 3408 novissima
1471 3352 1605 3421 ejus,
1621 3354 1735 3407 sive
1758 3354 1851 3423 qui

262 3461 392 3500 cum
441 3461 508 3501 eo
557 3454 733 3511 erant,
781 3447 1136 3500 amaritudine
1189 3454 1313 3500 sunt
1357 3446 1568 3515 repleti.
1628 3465 1646 3499 ι
1703 3445 1851 3501 Idem

262 3552 484 3606 quoque
506 3538 561 3591 in
598 3538 915 3591 Zachariam
945 3537 1038 3590 lib.
1063 3537 1239 3608 primo
1267 3555 1279 3589 :
1317 3553 1336 3587 ι
1364 3536 1475 3590 Nec
1512 3535 1730 3601 mirum,
1754 3536 1848 3601 ait,

262 3628 311 3683 si
332 3627 585 3682 Christus
606 3627 818 3682 dicatur
842 3626 1203 3696 omnipotens,
1237 3627 1320 3679 cui
1365 3625 1561 3679 tradita
1580 3634 1652 3678 est
1685 3625 1851 3678 omnis

264 3727 493 3785 potestas
511 3719 566 3771 in
588 3716 713 3771 coelo
731 3726 778 3770 et
806 3718 862 3771 in
891 3725 1029 3770 terra
1077 3714 1291 3787 (Matth.
1334 3731 1483 3780 xxiv,
1518 3715 1626 3785 18).
1657 3714 1724 3768 Εῐ
1759 3714 1852 3784 qui

263 3808 397 3862 dicit
420 3822 435 3860 :
471 3806 665 3861 Omnia
689 3824 805 3878 qua:
829 3804 1006 3860 Patris
1048 3813 1191 3870 sunt,
1226 3821 1339 3858 mea
1361 3814 1483 3857 sunt
1508 3804 1690 3875 (Ioan.
1715 3819 1848 3868 xvu,

266 3896 381 3969 te).
423 3917 443 3949 ι

338 3986 471 4041 VIII.
515 3986 795 4054 Quomodo
826 3985 1122 4042 catholicus
1155 3984 1412 4040 aestimari
1438 3993 1639 4055 potest,
1678 3985 1769 4055 qui
1798 3994 1854 4040 et

262 4088 540 4137 tantorum
568 4078 847 4133 doctorum
872 4077 1196 4131 testimoniis
1226 4092 1332 4131 non
1362 4077 1558 4142 credit,
1587 4091 1689 4131 nec
1719 4091 1851 4145 apo-

262 4171 457 4226 stolica
502 4170 570 4224 ad
598 4168 973 4224 credulitatem
1002 4177 1250 4222 movetur
1280 4169 1621 4231 auctoritate,
1650 4182 1747 4221 nec
1768 4167 1851 4220 di-

267 4261 405 4313 vina:
432 4274 532 4328 per
552 4258 888 4329 evangelieas
924 4257 1149 4327 paginas
1179 4257 1447 4312 consentit
1466 4256 1722 4309 veritati?
1744 4255 1851 4325 Igi-

1959 1812 2121 1852 verus
2143 1806 2198 1852 et
2219 1800 2549 1865 natusDeus,
2579 1804 2846 1871 quomodo
2879 1806 2991 1873 ipse
3015 1805 3181 1861 Filius
3206 1807 3300 1863 Dei
3330 1823 3544 1871 exvvoce

1957 1886 2145 1942 forma:
2194 1889 2405 1944 servilis
2451 1893 2791 1961 prophetiam
2846 1896 3058 1949 Veteris
3112 1897 3443 1955 Testamenti
3476 1903 3544 1958 de

1957 1979 2246 2047 semetipso
2273 1980 2641 2035 testimonium
2669 1983 2935 2053 perhibet,
2973 1987 3115 2056 quod
3143 2003 3215 2053 ex,
3237 1997 3391 2045 utero
3420 2008 3540 2047 ma-

1954 2068 2053 2121 tcis
2082 2083 2271 2123 servus
2291 2071 2361 2125 sit
2384 2072 2666 2139 formatus,
2691 2074 2806 2144 ipso
2831 2077 3043 2153 dicente
3071 2094 3168 2149 per
3194 2081 3383 2141 Isaiam
3412 2101 3540 2153 pro.

1953 2160 2172 2228 phetam
2200 2175 2213 2213 :
2244 2161 2312 2214 Et
2342 2179 2476 2216 nunc
2506 2164 2616 2217 lucc
2644 2166 2769 2218 dicit
2800 2152 3075 2235 deinus,
3108 2169 3343 2239 formans
3373 2152 3453 2229 me
3473 2192 3540 2231 ex

1955 2260 2100 2304 utero
2139 2267 2339 2307 servum
2361 2254 2481 2319 sibi,
2500 2265 2557 2308 ut
2584 2257 2827 2311 reducam
2850 2258 3013 2313 Jacob
3038 2262 3106 2315 ad
3129 2279 3269 2329 eum,
3291 2276 3339 2319 et
3368 2265 3539 2323 Israel

1954 2340 2102 2413 [non]
2127 2346 2522 2414 congregabitur
2540 2346 2671 2417 (lsa.
2685 2388 2699 2412 ,
2717 2365 2860 2412 mx,
2877 2350 2949 2422 ii).
2966 2372 2981 2401 ι
3004 2351 3317 2422 Considera,
3343 2356 3536 2427 lector,

1952 2431 2237 2503 diligenter
2285 2437 2427 2504 quod
2466 2436 2551 2490 ille
2583 2435 2674 2508 [F.
2700 2479 2715 2504 ,
2742 2440 2870 2508 quid
2918 2441 3029 2514 ille]
3062 2445 3187 2500 velit
3216 2447 3282 2502 de
3322 2447 3542 2507 Christo

1952 2526 2199 2598 intelligi,
2231 2531 2320 2599 qui
2351 2532 2505 2588 nobis
2533 2533 2879 2604 improperat,
2907 2538 3041 2594 velle
3071 2542 3447 2615 eumdem,qui
3469 2562 3539 2601 ex

1950 2626 2107 2674 utero
2136 2622 2385 2692 virginali
2424 2631 2680 2693 tanquam
2731 2642 2958 2696 sponsus
3014 2633 3278 2700 processit
3304 2636 3369 2689 de
3414 2636 3539 2690 tha-

1951 2707 2095 2763 lamo
2118 2726 2234 2774 suo,
2262 2711 2431 2767 Deum
2469 2730 2653 2769 verum
2684 2731 2801 2771 esse
2834 2717 3054 2789 [Supple
3076 2738 3095 2775 :
3120 2724 3461 2797 conceptum]
3485 2733 3542 2781 et

1951 2810 2159 2855 natum.
2192 2802 2333 2857 Dicit
2358 2806 2499 2859 enim
2528 2822 2542 2861 :
2572 2807 2639 2873 si,
2684 2818 2738 2861 ut
2768 2827 2852 2864 vos
2869 2811 3056 2866 vultis:
3085 2816 3429 2884 perspicuum
3456 2828 3542 2874 est

1953 2906 2077 2945 eum
2102 2893 2241 2947 nolle
2270 2895 2411 2963 quod
2442 2898 2596 2951 nobis
2623 2897 2807 2967 objicit
2832 2902 2966 2956 velle
2993 2920 3004 2955 :
3047 2912 3207 2975 atque
3234 2921 3389 2960 suam
3407 2922 3535 2964 sen-

1873 3026 1925 3092 c
1955 2983 2176 3084 tentiam
2204 2986 2521 3055 prophetico
2572 2988 2841 3047 aﬁirmare
2871 2993 3062 3049 nititur
3083 2997 3423 3066 testimonio,
3478 3010 3543 3056 ut

1956 3073 2126 3144 magis
2150 3090 2340 3131 servus
2361 3078 2431 3133 sit
2452 3094 2516 3133 ex
2547 3089 2700 3136 utero
2728 3081 2989 3139 formatus
3019 3101 3179 3156 quam
3201 3087 3540 3159 Deus,quem

1953 3166 2130 3219 omnis
2154 3167 2416 3223 catholica
2440 3169 2679 3227 Ecclesia
2710 3173 2825 3242 ipso
2852 3190 3020 3231 sacra:
3046 3179 3411 3249 conceptionis
3435 3181 3538 3237 ini-

1950 3256 2028 3311 tio
2054 3256 2222 3312 Deum
2244 3274 2428 3314 verum
2461 3262 2747 3318 conﬁtetur
2775 3279 2839 3319 ac
2864 3266 3119 3334 przedicat
3141 3286 3153 3321 :
3173 3276 3232 3322 ut
3260 3277 3383 3339 pote
3409 3271 3539 3342 quia

1955 3345 2020 3401 de
2047 3345 2253 3416 Spiritu
2285 3359 2474 3405 sancto
2500 3359 2553 3407 et
2581 3351 2747 3408 Maria
2782 3354 2990 3426 virgine
3020 3366 3337 3427 conceptum
3364 3367 3420 3414 et
3445 3376 3543 3416 na-

1955 3443 2071 3489 tum
2099 3438 2413 3508 evangelica
2430 3442 2740 3498 testimonio
2764 3453 2970 3500 certum
3010 3445 3191 3501 habet.
3224 3447 3363 3515 Quid
3392 3450 3538 3512 enim

1955 3530 2021 3584 de
2059 3529 2169 3585 Deo
2190 3532 2292 3587 nisi
2317 3532 2465 3588 Deus
2488 3535 2636 3590 nasci
2662 3535 2887 3591 debuit?

2025 3620 2114 3676 IX.
2157 3620 2263 3681 Iste
2292 3624 2457 3680 etiam
2504 3624 2654 3679 Felix
2697 3627 2839 3683 hunc
2869 3628 3284 3687 conditionalem
3320 3647 3538 3689 servum

1954 3712 2150 3781 saepius
2176 3713 2311 3768 solet
2339 3713 2627 3783 alﬁrmare,
2657 3732 2766 3772 non
2818 3718 3122 3791 intelligens
3167 3722 3309 3792 quod
3344 3723 3539 3780 divina:

1956 3803 2368 3877 dispensationis
2439 3815 2785 3862 sacramento
2854 3823 3042 3864 servus
3108 3811 3533 3866 nominaretur:

1955 3891 2161 3945 scilicet
2203 3907 2309 3946 non
2339 3894 2664 3960 conditione,
2695 3904 2754 3949 ut
2783 3898 3032 3965 superius
3054 3898 3306 3966 diximus,
3339 3899 3535 3955 debitas

1953 3980 2250 4042 servitutis,
2279 3982 2372 4037 sed
2400 3982 2679 4053 implenda:
2701 3993 2938 4054 patern:e
2961 3987 3249 4043 voluntatis
3279 3989 3330 4043 in
3358 3989 3530 4044 salute

1952 4070 2187 4125 humana
2218 4072 2517 4128 voluntaria
2540 4075 2864 4131 obedientia.
2906 4076 3037 4131 Nam
3064 4078 3115 4131 iu
3139 4078 3352 4135 Christo
3376 4080 3536 4151 quid-

1955 4163 2085 4233 quid
2112 4174 2323 4235 gestum
2351 4174 2453 4232 est,
2476 4174 2646 4221 totum
2681 4167 2971 4224 voluntatis
3005 4168 3127 4235 fuit,
3162 4187 3267 4226 non
3295 4172 3534 4226 necessi-

1954 4254 2082 4309 tatis
2107 4295 2121 4320 ,
2164 4256 2256 4325 qui
2283 4255 2539 4326 Apostolo
2570 4266 2799 4314 testante
2823 4302 2835 4323 ,
2881 4260 3171 4316 humiliari:
3208 4262 3537 4332 semetipsum

260 4361 354 4406 tur
372 4358 487 4403 tota
502 4363 653 4403 sacra
669 4347 947 4417 Scriptura
988 4346 1146 4415 hujus
1163 4346 1302 4405 ﬁdeli
1325 4346 1604 4401 catholica:
1618 4346 1846 4417 fulgore,
1881 4376 1931 4436 υ
1958 4344 2129 4415 factus
2154 4345 2394 4399 obediens
2439 4345 2592 4401 Patri
2619 4366 2781 4420 usque
2810 4349 2878 4403 ad
2910 4360 3149 4414 mortem,
3185 4360 3399 4404 mortem
3442 4368 3539 4403 au-

266 4442 424 4510 quasi
452 4440 625 4494 stellis
667 4440 969 4494 lucentibus
997 4439 1050 4493 in
1080 4438 1237 4503 cmlo,
1275 4438 1555 4502 clarescit;
1602 4453 1702 4491 nec
1748 4436 1854 4490 ulla

268 4534 327 4587 in
372 4531 483 4585 illis
527 4531 826 4585 divinitatis
871 4530 1200 4599 nuncupatio
1255 4529 1369 4582 sive
1399 4526 1515 4600 [F.,
1545 4527 1680 4600 sine]
1715 4528 1857 4582 veri—

270 4624 401 4677 tatis
426 4623 667 4692 potentia
710 4621 929 4676 Christo
962 4621 1268 4684 ascribitur,
1303 4621 1397 4675 sed
1427 4620 1607 4674 omnia
1638 4620 1855 4689 propria

268 4716 477 4768 virtute
498 4714 786 4767 sanitatum
820 4712 1102 4777 beneﬁcia,
1133 4711 1218 4765 vel
1249 4713 1523 4782 signorum
1553 4711 1809 4766 miracula
1835 4752 1849 4776 ,

268 4819 611 4875 quaecunque
650 4803 850 4873 gessit,
899 4817 1022 4859 eum
1079 4801 1292 4857 edicere
1339 4810 1623 4856 testantur.
1673 4801 1856 4870 Neque

269 4894 423 4949 enim
448 4894 670 4948 dubium
691 4901 776 4947 est
822 4894 951 4962 quin
980 4893 1093 4962 ipse
1140 4893 1354 4962 propria
1379 4901 1645 4962 potestate
1677 4891 1858 4947 omnia

270 4987 468 5043 fecerit
491 5003 613 5057 quae
629 4988 695 5042 de
720 5001 784 5041 eo
810 4986 947 5040 mira
971 4986 1255 5055 leguntur:
1288 4987 1743 5057 vehementerque
1767 4999 1860 5039 ca-

270 5077 513 5134 vendum
537 5085 624 5131 est
667 5091 735 5131 ne
763 5075 963 5145 aliquid
1000 5077 1053 5129 in
1088 5076 1305 5131 Christo
1335 5074 1509 5131 fallaci
1560 5077 1860 5136 imitatione

269 5177 533 5240 putemus
562 5176 763 5231 actum,
789 5167 884 5222 sed
905 5166 1092 5220 omnia
1136 5181 1469 5236 quaecunque
1494 5168 1573 5222 vel
1601 5168 1654 5222 in
1684 5169 1861 5224 nomi-

270 5262 438 5315 nibus
460 5300 475 5323 ,
516 5259 602 5314 vel
631 5260 685 5314 in
705 5259 958 5328 operibus
981 5260 1231 5330 leguntur
1249 5261 1315 5315 de
1338 5261 1448 5327 illo,
1464 5270 1656 5316 cuncta
1691 5263 1861 5318 solida

274 5351 510 5405 veritate
530 5360 651 5406 aeta
682 5351 764 5405 vel
780 5351 919 5405 dicta
938 5351 1242 5415 credamus,
1261 5353 1386 5420 quia
1413 5353 1465 5407 in
1478 5354 1705 5409 veritate
1717 5356 1860 5412 nulla

275 5441 522 5513 ﬁgmenti
544 5443 885 5498 obumbratio
912 5443 1140 5499 inveniri
1170 5444 1384 5511 poterit.
1424 5444 1529 5499 Sed
1560 5447 1651 5515 qui
1703 5462 1863 5501 verus

275 5548 494 5604 semper
518 5536 622 5590 erit
648 5535 789 5590 Deus
818 5536 870 5589 in
902 5536 1009 5589 Deo
1038 5534 1215 5597 Patre,
1244 5551 1404 5590 verus
1449 5543 1531 5590 est
1568 5537 1620 5590 in
1644 5538 1860 5593 homine

282 5634 329 5676 et
363 5626 526 5681 Deus.
556 5627 622 5680 Et
658 5626 745 5695 qui
774 5642 931 5681 verus
954 5625 1293 5681 est'hominis
1326 5625 1501 5691 ﬁlius,
1554 5627 1695 5683 idem
1745 5629 1858 5698 ipse

1959 4445 2058 4488 tem
2084 4437 2254 4489 crucis
2277 4433 2529 4508 (Philipp.
2560 4456 2620 4503 ιι,
2649 4438 2724 4511 8).
2754 4439 2871 4494 Alia
2903 4449 2985 4495 est
3012 4456 3241 4513 namque
3286 4441 3536 4495 volunta-

1958 4527 2038 4581 ria
2067 4528 2363 4593 humilitas,
2395 4530 2496 4583 alia
2523 4531 2733 4586 servilis
2767 4534 3078 4588 necessitas.
3109 4531 3364 4599 Quaedam
3393 4532 3539 4587 enim

1957 4617 2023 4673 de
2048 4617 2265 4675 Christo
2302 4635 2398 4689 per
2422 4622 2805 4691 proprietatem
2834 4631 3037 4677 naturre
3067 4623 3334 4683 dicuntur,
3363 4628 3424 4675 ut
3455 4629 3541 4676 est

1956 4709 2078 4774 via,
2128 4709 2328 4765 veritas
2355 4719 2407 4765 et
2456 4712 2602 4777 vita;
2654 4714 2899 4781 quietiam
2944 4728 3038 4783 per
3091 4711 3539 4783 signiﬁcationem

1958 4820 2138 4858 rerum
2158 4819 2256 4873 per
2281 4804 2427 4857 illum
2455 4806 2807 4875 gerendarum
2832 4821 2861 4859 a
2905 4806 3183 4875 prophetis
3211 4806 3276 4860 de
3304 4820 3369 4860 eo
3395 4821 3534 4876 pra:-

1961 4896 2135 4951 dicata
2163 4904 2306 4951 sunt.
2352 4896 2469 4961 Quo
2523 4913 2719 4967 genere
2766 4899 3052 4953 locutionis
3099 4913 3314 4955 servum
3362 4896 3539 4954 nomi-

1961 4987 2083 5041 nari
2129 5003 2155 5039 a
2187 4987 2462 5057 prophetis
2499 4987 2771 5043 Christum
2817 4988 3143 5043 credendum
3172 4997 3285 5057 est;
3316 4990 3383 5045 de
3429 5003 3537 5060 quo

1959 5078 2103 5132 enim
2148 5080 2410 5147 propheta
2441 5079 2541 5133 hoc
2570 5079 2935 5134 testimonium
2963 5080 3213 5149 protulit,
3233 5081 3286 5135 in
3316 5096 3381 5137 eo
3426 5087 3539 5136 sta-

1961 5169 2057 5223 tim
2089 5168 2429 5237 subjunctum
2457 5180 2573 5225 est:
2606 5171 2737 5225 Dedi
2759 5181 2806 5226 te
2834 5172 2888 5225 in
2910 5170 3081 5231 lucem
3106 5173 3355 5243 gentium,
3388 5180 3443 5224 ut
3464 5171 3537 5225 sis

1932 5259 2106 5323 ,salus
2133 5277 2250 5314 mea
2272 5277 2432 5331 usque
2457 5261 2524 5315 ad
2549 5272 2833 5315 extremum
2856 5271 3005 5316 terra:
3035 5261 3168 5334 (Isa.
3198 5278 3343 5325 χιιι,
3367 5259 3440 5332 6).
3470 5257 3539 5313 Et

1961 5366 2030 5406 ne
2057 5351 2159 5406 iste
2185 5352 2358 5406 honor
2386 5359 2549 5407 tanta:
2595 5353 2729 5408 lucis
2756 5368 2952 5424 parvus
2983 5354 3247 5415 videatur,
3271 5351 3324 5405 in
3346 5366 3412 5405 eo
3437 5348 3535 5404 ad-

1954 5441 2170 5512 junsit:
2201 5441 2362 5509 Reges
2411 5443 2671 5509 ridebunt,
2702 5454 2750 5498 et
2803 5452 3111 5514 consurgent
3142 5431 3397 5513 prirftipes
3420 5481 3435 5506 ,
3487 5450 3539 5495 et

1960 5535 2251 5588 adorabunt
2279 5544 2488 5604 propter
2513 5535 2815 5600 Dominum,
2838 5538 2961 5606 quia
2999 5534 3170 5603 fidelis
3209 5542 3307 5598 est,
3334 5541 3382 5587 et
3414 5548 3539 5586 saa-

1957 5638 2098 5683 ctum
2127 5626 2319 5696 Israel,
2348 5629 2437 5701 qui
2473 5627 2623 5700 elegit
2666 5638 2713 5683 te
2742 5627 2929 5702 (Ibid.,
2948 5642 3001 5692 v,
3026 5626 3101 5699 7).
3134 5624 3412 5693 Quomodo
3442 5642 3537 5680 au-
