4030 6358
447 304 551 360 135

1296 302 1356 355 Β.
1400 300 1457 356 1³.
1491 297 1712 354 Λιιιιικι
1754 295 1886 353 SEU
1926 290 2203 350 ALCL'INI
2241 289 2526 347 OPERUM
2566 287 2746 343 PARS
2780 288 2864 354 111.

3573 283 3724 364 iss

425 434 574 484 .tem,
607 423 652 478 si
700 438 888 479 servus
916 432 1019 489 est,
1047 423 1303 476 aduratur
1331 438 1361 474 a
1401 420 1616 491 regibus
1667 425 1721 472 et
1773 416 2030 490 principi-
2055 423 2104 474 Α
2141 429 2172 466 a
2198 411 2407 476 Verbo;
2438 410 2532 464 sed
2561 411 2734 479 ipsum
2757 408 2992 462 Verbum
3030 406 3126 464 Dei
3152 420 3263 461 sua:
3291 404 3473 461 carnis
3497 418 3724 482 suscep-

447 515 586 572 bus?
623 514 698 572 De
718 531 825 586 quo
847 522 901 570 et
921 513 1082 583 paulo
1102 522 1228 567 ante
1248 512 1387 567 idem
1415 512 1676 581 propheta
1705 495 1868 562 alter
1891 506 2031 575 ejus-

449 609 571 664 dem
600 621 831 680 persona
870 621 1031 675 quem
1076 619 1289 659 servum
1338 593 1651 672 prophetice
1696 599 2031 654 nominavit:

452 703 640 758 Posuit
692 717 790 764 me,
822 699 1018 769 inquit,
1042 700 1176 752 sicut
1203 698 1466 767 sagittam.
1503 713 1520 744 ι
1554 692 1802 748 Christus
1831 700 2032 759 autem,

449 805 511 848 ut
532 794 722 848 beatus
753 791 1112 861 Hieronymus
1141 788 1229 853 (In
1283 805 1398 856 cap.
1443 800 1566 840 χιιι
1597 783 1768 853 Isaiae)
1810 783 1916 847 ait,
1970 782 2038 834 de

435 887 638 941 'multis
667 884 896 953 sagittis.
924 890 979 937 et
1022 881 1146 935 ﬁllis
1175 879 1442 951 plurimis,
1465 894 1570 932 una
1599 876 1790 947 sagitta
1821 875 1993 940 electa
2020 915 2035 940 ,

453 987 502 1035 et
529 976 697 1032 Filius
728 975 1037 1044 unigenitus
1075 979 1175 1034 est,
1200 971 1283 1023 cui
1314 978 1369 1024 ct
1419 976 1642 1038 paterna
1667 982 1770 1020 vox
1801 981 1925 1029 mox
1958 981 2042 1020 reo

455 1070 672 1142 spondit
696 1087 716 1140 εδ
751 1067 940 1128 Servus
969 1080 1112 1117 meus
1141 1079 1195 1116 es
1217 1072 1272 1115 tu
1294 1059 1488 1126 Israel,
1519 1060 1642 1129 quia
1680 1057 1735 1111 in
1763 1066 1811 1110 te
1841 1055 2040 1126 glori/i-

456 1165 613 1222 rabor
647 1163 781 1234 (lsa.
831 1175 981 1223 xux,
1007 1157 1084 1227 '5).
1117 1154 1326 1216 Servus,
1357 1153 1482 1222 quia
1512 1167 1633 1206 cum
1663 1151 1716 1204 in
1748 1149 1921 1203 forma
1945 1147 2042 1201 Dei

456 1266 622 1319 esset,
639 1255 869 1309 formam
888 1249 1027 1305 servi
1054 1256 1139 1303 est
1166 1247 1417 1316 dignatus
1438 1257 1714 1297 assumere
1738 1259 1749 1293 :
1773 1248 1824 1294 et
1848 1237 2041 1303 Israel,

456 1348 584 1419 quia
615 1354 770 1400 natus
799 1344 865 1398 de
892 1341 1098 1397 semine
1143 1339 1469 1394 Judmorum.
1509 1336 1768 1404 Quodque
1803 1335 1869 1388 de
1899 1333 2045 1387 nullo

455 1440 566 1495 alio
601 1451 883 1493 servorum
939 1433 1162 1503 intelligi
1193 1440 1399 1502 potest,
1446 1427 1874 1499 jungiturzquia
1901 1427 1956 1480 in
1999 1435 2047 1479 te

457 1527 815 1607 glori/imber.
875 1525 1017 1593 Dicit
1069 1523 1215 1577 enim
1256 1522 1371 1594 ipse
1400 1522 1452 1575 in
1492 1517 1784 1588 Evangelio
1816 1536 1828 1570 :
1862 1515 2044 1579 Pater,

458 1605 702 1690 gloriﬁca
759 1632 946 1675 nautea
1009 1623 1155 1676 tuum
1214 1609 1396 1682 (Joan.
1461 1627 1574 1678 xu,
1638 1606 1730 1678 28)
1777 1621 1791 1660 :
1846 1605 1939 1677 qui
1995 1605 2050 1668 in

458 1707 669 1784 psalmo
722 1705 960 1774 loquitur
981 1705 1047 1758 ad
1099 1703 1335 1776 Filium:
1379 1702 1635 1770 Exsurge,
1675 1699 1843 1770 gloria
1893 1713 2045 1759 mea,

2135 506 2282 560 tione
2320 511 2676 584 conceptum,
2730 501 3008 570 ipsamque
3055 512 3274 555 carnem
3317 496 3480 552 Verbi
3511 495 3609 551 Dei
3638 497 3724 552 in-

2135 593 2449 652 carnatione
2475 599 2817 657 conceptam.
2844 609 2860 640 ι
2891 589 3003 643 Nec
3023 587 3332 642 mirandum
3358 594 3443 640 est
3469 585 3517 640 si
3543 587 3720 641 hazre-

2137 683 2277 748 tiens
2307 681 2581 737 Christum
2608 719 2622 745 ,
2652 679 2744 748 qui
2789 695 2854 734 ex
2888 678 3108 748 Virgine
3161 684 3322 732 natus
3375 683 3498 738 est,
3550 674 3724 729 Deum

2137 772 2560 843 nuncupativum
2582 785 2826 825 asserere
2855 769 3072 832 audeat,
3106 767 3198 836 qui
3225 766 3476 840 eumdem
3503 781 3725 820 servum

2138 863 2494 929 omnimodis,
2549 860 2884 932 propheticis
2912 859 3240 921 testimoniis
3292 873 3398 913 non
3451 855 3728 912 catholico

2140 973 2300 1013 sensu
2338 938 2648 1020 intellectis,
2676 955 2898 1017 astruit,
2927 953 3192 1020 nobisque
3218 965 3318 1026 pro
3337 949 3495 1019 culpa
3516 949 3728 1018 objicit,

2138 1048 2276 1104 velle
2326 1062 2449 1101 eum
2479 1046 2570 1114 qui
2598 1061 2664 1100 ex
2714 1044 2938 1114 Virgine
2981 1050 3140 1096 natus
3169 1049 3282 1102 est,
3319 1054 3509 1101 verum
3555 1037 3732 1092 Deum

2141 1138 2459 1210 praedicare.
2484 1136 2622 1190 ilinc
2647 1137 2792 1190 enim
2817 1134 2982 1188 totius
3010 1130 3214 1187 erroris
3241 1130 3324 1184 sui
3345 1128 3560 1183 videtur
3579 1128 3735 1199 origo

2140 1229 2492 1300 processisse,
2531 1236 2590 1280 ut
2631 1241 2697 1280 ex
2729 1240 2886 1280 servo
2929 1221 3161 1292 quodam
3189 1219 3502 1289 adoptivum
3529 1216 3735 1272 Filium

2145 1320 2324 1374 facere
2367 1318 2633 1388 potuisset
2673 1315 2870 1387 [Edit.,
2904 1314 3082 1368 facere
3112 1329 3219 1368 non
3253 1311 3542 1381 potuisset,
3589 1325 3739 1362 erra-

2146 1410 2285 1482 nee],
2311 1410 2396 1464 vel
2430 1411 2596 1464 Deum
2625 1406 3066 1475 nuncupativum.
3099 1403 3225 1458 Tria
3255 1402 3455 1472 quippe
3499 1399 3742 1454 aliirmat

2148 1503 2202 1558 in
2235 1501 2474 1566 Christo,
2536 1500 2718 1562 idest,
2785 1497 2926 1567 quod
2956 1512 3146 1550 servus
3209 1495 3281 1548 sit
3331 1490 3739 1555 conditionalis,

2149 1595 2290 1664 quod
2323 1594 2466 1650 ﬁlius
2492 1592 2778 1662 adoptivus
2799 1631 2814 1655 ,
2864 1598 2920 1644 et
2949 1573 3096 1646 Deus
3137 1585 3551 1656 nuncupativus.
3609 1582 3744 1645 Tria

2151 1701 2365 1758 quoque
2387 1702 2416 1740 e
2447 1683 2719 1740 contrario
2749 1689 2929 1751 negat,
2960 1682 3065 1736 hoc
3095 1687 3200 1744 est,
3223 1677 3367 1748 quod
3394 1691 3554 1732 verus
3593 1675 3748 1733 Deus

460 1771 764 1870 psalterium
793 1771 839 1850 et
889 1795 1093 1848 cithara
1122 1773 1293 1862 (Psal.
1322 1807 1430 1857 LVI,
1459 1791 1536 1861 9),
1569 1791 1621 1845 id
1679 1797 1783 1853 est,
1805 1788 2046 1849 omnium
2076 1773 2124 1833 Β
2154 1789 2469 1834 nasceretur
2523 1794 2589 1832 ex
2619 1776 2878 1846 Virgine;
2926 1774 3011 1828 vel
3062 1774 3204 1827 idem
3227 1811 3242 1836 ,
3300 1771 3392 1841 qui
3445 1777 3605 1824 natus
3627 1778 3745 1834 est,

461 1862 722 1944 virtutum
751 1889 966 1948 chorus.
1006 1907 1022 1938 ι
1056 1885 1180 1940 Haec
1218 1884 1400 1954 itaque
1447 1881 1703 1954 praefatus
1731 1882 1892 1936 Pater
1929 1879 2052 1934 Hie-

2164 1887 2311 1926 rerus
2339 1872 2409 1928 sit
2435 1869 2604 1925 Filius
2627 1867 2718 1930 Dei
2743 1885 2756 1934 ;
2799 1876 2854 1922 et
2881 1865 3024 1937 quod
3053 1865 3357 1919 nullatenus
3394 1863 3513 1918 ﬁeri
3561 1862 3745 1934 possit

462 1994 740 2052 ronymus,
766 1977 1038 2048 Christum
1091 1991 1121 2029 a
1151 1973 1498 2044 conditionali
1529 1981 1727 2030 nostrae
1756 1972 2054 2036 necessita-
2150 1973 2209 2018 ut
2235 1961 2487 2034 baptismi
2537 1960 2945 2032 regeneratione
3003 1973 3111 2014 non
3163 1963 3352 2026 egeat,
3409 1955 3502 2024 qui
3546 1969 3745 2010 servus

463 2071 536 2124 tis
563 2048 783 2123 servitio
814 2081 1102 2136 separaris,
1158 2065 1252 2118 ait.
1285 2063 1364 2132 Exi
1420 2078 1526 2132 quo
1581 2062 1898 2132 intelligitur
1943 2078 2051 2128 non
2152 2058 2223 2112 sit
2260 2064 2436 2110 natus.
2501 2055 2607 2110 Sed
2637 2051 2752 2121 jam
2807 2061 3018 2120 tempus
3060 2059 3145 2106 est
3202 2057 3258 2104 ut
3315 2048 3533 2108 testium
3595 2049 3750 2102 nube

464 2157 740 2218 communi
769 2144 1020 2222 humana:
1075 2139 1399 2224 conditionis
1442 2170 1591 2222 more
1634 2143 1908 2208 Christum
1939 2168 2054 2209 ser—
2153 2147 2492 2218 opprimatur
2533 2187 2550 2214 ,
2628 2145 2721 2216 qui
2776 2143 3004 2215 caligine
3061 2140 3212 2212 impii
3277 2139 3483 2202 erroris
3541 2138 3743 2194 Obuhl-

465 2269 594 2308 vum
620 2252 909 2316 nominari,
932 2251 1024 2308 sed
1068 2249 1246 2304 altiori
1275 2249 1534 2320 mysterio
1578 2249 1774 2302 debere
1807 2247 2050 2316 intelligi.

469 2348 528 2405 Si
560 2365 689 2420 ergo
729 2364 918 2404 servus
959 2355 1041 2401 est
1085 2345 1354 2408 Christus,
1385 2343 1654 2414 quomodo
1699 2351 1879 2397 tantos
1931 2341 2059 2398 fecit

467 2439 693 2503 liberos,
733 2439 984 2509 Apostolo
1016 2446 1244 2492 testante
1271 2478 1285 2500 ,
1336 2437 1427 2506 qui
1456 2436 1531 2490 ait
1562 2455 1574 2488 :
1602 2436 1724 2492 Non
1749 2453 1928 2492 sumus
1961 2454 2058 2490 an—

471 2532 610 2586 cilla:
645 2532 768 2601 ﬁlii,
796 2529 886 2584 sed
913 2529 1112 2592 liberat,
1139 2544 1256 2598 qua!
1295 2526 1533 2580 libertate
1581 2525 1820 2580 Christus
1861 2543 1963 2580 non
1993 2525 2059 2584 li-

473 2621 670 2674 beravit
699 2617 840 2689 (Gal.
871 2635 943 2681 Iv,
973 2618 1084 2686 51).
1132 2617 1195 2671 Et
1225 2617 1339 2687 ipsa
1371 2616 1584 2671 Veritas
1635 2617 1688 2670 in
1729 2616 2054 2686 Evangelio:

475 2709 535 2766 Si
556 2712 699 2780 ﬁlius
730 2728 814 2766 vos
845 2711 1165 2774 liberaverit,
1194 2727 1307 2764 rere
1355 2709 1507 2764 liberi
1548 2711 1692 2764 erilis
1715 2708 1898 2781 (Joan.
1931 2725 2057 2775 vni,

472 2801 585 2872 '56).
619 2800 752 2855 Nam
779 2801 824 2855 si
846 2815 1035 2855 omnes
1062 2802 1234 2858 sancti
1283 2801 1438 2855 liberi
1482 2810 1607 2855 sunt
1634 2799 1929 2855 secundum
1959 2800 2063 2854 Ve.-

471 2891 676 2954 ritatis,
707 2907 826 2961 qua:
851 2891 1096 2945 Christus
1131 2901 1236 2958 est,
1258 2905 1468 2957 vocem,
1497 2891 1766 2960 quomodo
1805 2891 1892 2944 ille
1918 2889 2064 2946 solus

474 2971 743 3054 remansit
782 2997 973 3036 servus
1006 2982 1095 3051 qui
1123 2997 1312 3036 omnes
1349 2983 1399 3040 in
1445 2997 1503 3036 se
1532 2981 1816 3038 credentes
1863 2981 2063 3034 liberos

475 3073 651 3131 facit?
687 3073 763 3127 De
791 3073 985 3142 quibus
1005 3081 1060 3126 et
1083 3072 1207 3126 alibi
1233 3073 1310 3130 ait
1334 3090 1345 3124 :
1379 3071 1503 3136 Jan;
1528 3087 1628 3124 non
1653 3071 1826 3130 dicam
1855 3087 1940 3127 vos
1959 3086 2064 3123 ser-

475 3181 588 3231 tos,
616 3163 710 3218 sed-
727 3163 921 3238 amicos
949 3160 1130 3232 (Jaan.
1155 3176 1243 3225 xv,
1271 3160 1355 3230 15)
1385 3179 1398 3215 :
1427 3133 1565 3215 Et'in
1597 3159 1786 3214 eodeni
1824 3159 2064 3229 Evange-
2090 3127 2138 3190 ο

473 3254 589 3311 lio:
624 3252 834 3330 Servus,
868 3253 1061 3322 inquit,
1089 3269 1191 3306 non
1243 3261 1413 3306 manet
1441 3252 1494 3305 in
1524 3251 1678 3305 domo
1708 3251 1758 3304 in
1790 3261 2065 3317 (utentum,

479 3344 658 3399 Filius
693 3354 866 3399 autem
891 3352 1064 3398 manet
1088 3341 1270 3413 (Joan.
1304 3341 1548 3411 vnt,35).
1579 3341 1838 3396 Dominus
1865 3349 2066 3407 autem,

482 3443 546 3490 ut
568 3436 642 3490 ait
677 3443 899 3500 sanctus
929 3433 1295 3505 Augustinus,
1329 3433 1381 3487 in
1410 3431 1584 3486 forma
1632 3431 1796 3497 servi,
1822 3447 1928 3487 non
1957 3446 2072 3486 ser—

481 3545 586 3586 vus
613 3549 624 3584 :
660 3531 753 3585 sed
784 3529 837 3586 in
867 3529 1039 3583 forma
1066 3529 1211 3583 servi
1237 3527 1495 3582 Dominus
1518 3524 1637 3580 fuit.

557 3621 722 3692 827
763 3620 832 3674 Χ.
873 3619 1025 3688 Quod
1047 3633 1177 3673 vero
1203 3619 1256 3673 in
1285 3619 1398 3689 ipsa
1418 3617 1788 3673 sacratissima
1820 3616 2074 3671 incarna-

485 3697 654 3767 tioiiis
673 3709 876 3786 Christi
901 3710 1112 3781 origine
1134 3709 1275 3764 Deus
1305 3723 1466 3762 verus
1492 3716 1784 3778 conceptus
1815 3707 1907 3769 sit,
1936 3705 2075 3760 mul-

489 3811 668 3856 torum
726 3801 1116 3878 catholicorum
1167 3801 1491 3868 testimoniis
1546 3801 1766 3854 Patrum
1816 3799 2073 3853 aﬁirmari

488 3903 700 3966 potest,
757 3911 984 3966 quorum
1027 3909 1195 3966 pauca
1248 3895 1334 3958 hic
1391 3893 1658 3963 subjicere
1706 3892 2017 3946 curavimus
2057 3909 2069 3944 :

492 3988 622 4062 quia
653 4003 739 4043 res
756 3987 823 4045 de
847 4003 951 4057 qua
977 3988 1156 4058 agitur
1179 3994 1288 4040 tam
1327 3983 1474 4040 clara
1505 3971 1673 4042 estet
1703 3992 1851 4048 nota,
1882 3993 1942 4038 ut
1967 3998 2074 4038 non

489 4081 684 4152 multis.
717 4081 954 4151 indigeat
984 4080 1227 4144 testibus,
1269 4078 1422 4150 cujus
1451 4087 1530 4134 tot
1573 4086 1698 4133 sunt
1742 4084 1908 4136 testes
1944 4085 2077 4146 quot

489 4172 704 4248 ﬁdeles,
735 4171 877 4243 Dicit
910 4185 1040 4242 ergo
1081 4171 1271 4237 beatus
1309 4168 1646 4239 Augustinus
1684 4167 1737 4221 in
1767 4167 1906 4220 libro
1933 4180 2076 4235 smpe

488 4264 767 4336 nominato
814 4262 1158 4318 Enehiridion
1204 4263 1344 4332 (cap.
1389 4259 1488 4330 '56)
1526 4278 1538 4316 :
1578 4279 1596 4310 ι
1637 4259 1889 4330 Nunquid
1914 4266 2075 4332 antea

491 4350 594 4420 (uit
621 4350 820 4425 homo,
847 4357 902 4404 et
949 4351 1052 4404 hoc
1079 4349 1130 4404 ei
1179 4350 1452 4420 singulare
1498 4349 1818 4405 beneﬁcium
1867 4351 2077 4419 paesti-

491 4451 607 4508 tum
669 4447 771 4506 est,
835 4454 942 4512 quo
998 4437 1343 4511 singulariter
1406 4448 1810 4510 promereretur
1867 4440 2077 4500 Deum?

493 4547 686 4602 nempe
712 4547 778 4586 ex
797 4547 907 4602 quo
927 4531 1088 4604 homo
1109 4543 1228 4586 esse
1248 4531 1431 4600 cmpit,
1471 4545 1578 4590 non
1605 4529 1748 4606 aliud
1770 4532 1935 4600 coepit
1954 4546 2076 4588 esse

493 4639 658 4693 quam
680 4622 772 4690 Dei
797 4617 965 4696 Filius
990 4641 1002 4674 :
1030 4630 1085 4677 et
1101 4622 1202 4678 hoc
1227 4621 1417 4678 unicus
1430 4630 1486 4682 et
1509 4633 1730 4692 propter
1751 4622 1919 4681 Deum
1943 4623 2078 4682 Ver-

492 4715 660 4778 bum,
689 4715 836 4790 quod
876 4714 966 4769 illo
1013 4723 1265 4785 suscepto
1307 4729 1434 4770 caro
1466 4714 1672 4772 factum
1725 4723 1841 4781 est,
1892 4716 2078 4786 utique

495 4808 671 4870 Deus;
709 4806 810 4880 [ut]
847 4807 1298 4877 i‘picinadmodum
1327 4816 1409 4862 est
1451 4823 1555 4862 una
1588 4823 1818 4878 persona
1853 4808 2082 4879 quilibet

496 4900 693 4959 homo.
729 4897 946 4968 anima,
988 4897 1234 4960 scilicet,
1278 4897 1554 4953 rationalis
1589 4908 1644 4953 et
1669 4912 1832 4962 caro,
1887 4898 1964 4953 ita
2009 4901 2081 4955 sit

498 4988 748 5063 Christus
775 5002 876 5041 una
905 5001 1134 5057 persona
1166 4986 1402 5042 Verbum
1431 4996 1485 5041 et
1511 4987 1694 5042 homo.
1731 5007 1748 5038 ι
1793 4986 1925 5042 item
1953 4987 2080 5050 Ful-

499 5081 712 5149 gentius
751 5081 804 5147 in
833 5080 971 5148 libro
997 5080 1279 5148 catholica:
1311 5079 1434 5144 ﬁdei
1460 5079 1597 5147 (Lib.
1628 5079 1693 5133 de
1715 5078 1848 5134 Fide
1879 5081 1949 5135 ad
1980 5077 2082 5135 Pe-

499 5181 672 5241 trmri,
713 5185 832 5239 cap,
865 5169 953 5240 i8)
995 5189 1006 5237 ς
1043 5191 1060 5221 ί
1091 5170 1448 5236 Firmissime,
1476 5175 1673 5246 inquit,
1697 5185 1842 5242 tene,
1880 5185 1936 5232 et
1959 5175 2081 5230 nul-

500 5261 715 5317 latenus
743 5262 958 5332 dubites
983 5303 997 5327 ,
1038 5280 1143 5324 non
1171 5280 1391 5324 carnem
1426 5266 1627 5324 Christi
1659 5270 1776 5324 sine
1802 5269 2085 5332 divinitate

503 5364 818 5430 conceptam
843 5357 896 5426 in
915 5365 1067 5414 utero
1090 5359 1344 5431 Virginis,
1379 5361 1700 5432 priusquam
1720 5361 2084 5431 susciperetur

559 5522 599 5588 ,ιι
641 5508 699 5563 S.
729 5510 999 5588 Hilarius1
1039 5515 1151 5588 iioc
1197 5515 1540 5588 promminm.
1599 5515 1986 5588 cgijns__tamen
2021 5515 2078 5572 S.

505 5577 859 5650 Hieronymus
889 5585 940 5638 in
961 5577 1215 5652 Cauilngu
1246 5587 1479 5652 Operum
1510 5586 1566 5639 ὃ.
1601 5577 1788 5638 llilarii
1813 5585 2078 5646 meminit.

506 5652 733 5728 etquod
776 5654 1026 5728 similiter
1051 5673 1109 5728 _a
1158 5652 1418 5728 Cassiano
1453 5653 1572 5712 Lib.
1613 5670 1688 5711 vn
1713 5655 1780 5709 de
1807 5654 2079 5728 ingruat.

507 5723 726 5787 citatur,
750 5739 892 5787 nunc
913 5725 1270 5781 desideratur.
1297 5723 1500 5782 Testus
1539 5740 1669 5782 vero
1699 5725 1837 5798 apud
1862 5723 2080 5782 Cassia-

2153 2239 2365 2293 bratur.

2226 2347 2318 2404 Χῐ.
2359 2347 2604 2410 ililarius
2628 2346 2889 2403 virtutum
2929 2346 3174 2400 omnium
3203 2353 3368 2415 atque
3391 2351 3746 2398 ornamento-

2158 2454 2302 2504 rum,
2334 2447 2389 2492 et
2418 2438 2707 2502 sicutvita,
2738 2437 2812 2490 ita
2834 2446 2889 2490 et
2917 2435 3224 2506 eloquentia
3248 2434 3494 2504 insignis,
3524 2435 3578 2488 in
3603 2434 3752 2489 libro

2159 2531 2282 2586 ﬁdei
2312 2529 2547 2585 secundo
2576 2529 2716 2600 (Lib.
2750 2545 2788 2584 ιι
2833 2529 2898 2583 d’e
2939 2527 3156 2593 Trinit.,
3202 2544 3257 2582 n.
3308 2527 3380 2582 25
3408 2536 3463 2582 ct
3491 2527 3599 2593 27;
3638 2526 3742 2583 lib.

2161 2640 2237 2686 Ix,
2268 2639 2323 2676 ιι.
2355 2622 2440 2693 5):
2473 2641 2490 2672 ι
2521 2621 2690 2685 Unus,
2722 2621 2918 2690 inquit,
2939 2611 3248 2690 tuiigenitus
3278 2620 3420 2675 Deus
3444 2620 3498 2674 in
3524 2634 3754 2689 corpus-

2162 2713 2265 2768 culi
2307 2713 2530 2768 humani
2580 2711 2750 2767 l'orma
2784 2710 2948 2782 [Ilil.,
2985 2710 3244 2784 formam]
3281 2719 3482 2770 sancta-
3514 2711 3757 2780 Virginis

2163 2813 2318 2859 utero
2340 2805 2579 2867 insertus
2598 2803 2921 2863 adhmrescit
2951 2800 3084 2877 [ld.,
3117 2801 3422 2874 accrescit],
3447 2803 3538 2871 qui
3565 2805 3756 2858 omnia

2165 2899 2426 2963 continet,
2452 2906 2507 2952 et
2535 2898 2674 2951 intra
2705 2910 2865 2966 quem
2891 2905 3085 2950 cuncta
3109 2902 3266 2959 sunt,
3309 2895 3530 2950 humani
3564 2901 3760 2964 partus

2166 2991 2284 3062 lege
2337 2990 2630 3061 profertur.
2657 3011 2675 3042 ι
2710 2989 2842 3046 item
2892 2989 2945 3044 in
2995 2990 3183 3046 eodem
3237 2989 3379 3044 libro
3412 3007 3425 3041 :
3465 3005 3484 3038 ‹
3515 2985 3764 3057 Angelus

2171 3085 2325 3140 testis
2352 3092 2436 3138 est
2460 3124 2474 3148 ,
2525 3083 2668 3138 Deus
2699 3083 2979 3137 nobiscum
3009 3090 3123 3146 est,
3161 3081 3284 3146 ille,
3310 3080 3403 3152 qui
3435 3081 3697 3136 nascitur.
3737 3097 3762 3133 ο

2169 3175 2299 3238 iteir.
2330 3173 2443 3243 ipse
2472 3173 2524 3226 in
2549 3172 2688 3235 libro
2717 3187 2861 3236 nono
2902 3190 2920 3238 ξ
2972 3190 2990 3222 ‹
3022 3171 3190 3232 Natus
3233 3171 3398 3242 igitur
3442 3170 3769 3242 unigenitus

2170 3266 2315 3321 Deus
2335 3281 2401 3326 ex
2438 3265 2656 3320 homine
2694 3263 2834 3337 [ld.,
2865 3280 2932 3320 ex
2963 3262 3207 3336 Virgine]
3243 3264 3426 3328 homo,
3464 3271 3520 3316 et
3556 3277 3764 3318 secun-

2171 3359 2296 3413 dum
2325 3357 2718 3428 plenitudinem
2749 3364 3052 3426 temporum
3075 3356 3128 3410 in
3157 3354 3451 3424 semetipso
3475 3363 3744 3424 provectu

2171 3465 2265 3505 rus
2301 3456 2387 3503 est
2415 3448 2584 3502 Deum
2616 3447 2891 3502 hominem
2939 3445 3052 3520 [Id.
3073 3487 3088 3511 ,
3116 3455 3473 3516 provecturus
3499 3445 3552 3500 in
3585 3444 3766 3500 Deum

2171 3539 2494 3612 hominem].
2547 3539 2701 3594 llunc
2755 3553 2852 3608 per
2901 3537 3084 3592 omnia
3141 3536 3435 3609 evangelici
3489 3535 3766 3592 sermonis

2174 3633 2394 3688 modum
2427 3631 2628 3694 tenuit,
2655 3638 2716 3684 ut
2750 3644 2809 3684 se
2835 3629 2929 3683 Dei
2953 3627 3150 3682 Filium
3181 3628 3404 3684 credere
3436 3628 3672 3688 doceret,
3703 3634 3766 3680 et

2175 3723 2412 3781 hominis
2442 3722 2635 3777 Filium
2685 3720 2982 3790 praedicam
3031 3719 3168 3792 [Id.,
3201 3719 3416 3776 credi...
3449 3717 3769 3790 prmdicari]

2175 3815 2492 3870 admoneret
2527 3834 2538 3866 .-
2569 3813 2785 3868 locutus
2814 3821 2870 3867 et
2906 3825 3100 3881 gerens
3142 3812 3308 3868 homo
3336 3811 3588 3866 universa
3637 3825 3769 3880 quae

2177 3904 2271 3959 Dei
2302 3913 2450 3967 sunt,
2500 3903 2726 3974 loquens
2754 3902 2945 3958 deinde
2991 3914 3045 3957 et
3073 3918 3267 3974 gerens
3314 3903 3454 3958 Deus
3507 3902 3772 3958 universa

2176 4010 2296 4065 quae
2325 3994 2559 4050 hominis
2583 4002 2727 4048 sunt.
2752 4013 2770 4046 ›
2808 3993 2952 4049 idem
2982 4008 3195 4065 quoque
3220 3996 3275 4050 in
3303 3995 3566 4066 prommio
3586 4009 3770 4062 expo-

2177 4085 2391 4142 sitionis
2425 4084 2702 4155 Evangelii
2745 4084 3041 4140 secundum
3073 4085 3381 4140 Matthzeum
3428 4097 3452 4126 II
3505 4104 3519 4140 :
3580 4103 3598 4136 ι
3628 4084 3773 4142 Erat

2178 4191 2414 4248 namque
2455 4177 2693 4246 primum
2738 4177 3106 4234 necessarium
3138 4178 3324 4242 nobis,
3371 4183 3430 4232 ut
3456 4193 3594 4231 unus
3621 4176 3774 4232 Deus

2179 4268 2352 4324 nostri
2380 4283 2542 4331 causa
2571 4267 2734 4322 homo
2771 4275 2935 4322 natus
2959 4275 3398 4338 cognosceretur.
3436 4285 3454 4316 ι
3491 4265 3777 4336 TheOphi-

2178 4358 2264 4414 lus
2288 4373 2501 4428 quoque
2529 4357 2817 4427 episcopus
2865 4355 3263 4415 Alexandrinus
3310 4355 3362 4410 in
3389 4354 3615 4425 epistola
3660 4353 3776 4409 Pa-

2104 4478 2154 4539 D
2181 4449 2348 4509 schali
2381 4448 2688 4516 huiusmodi
2719 4450 2784 4539 de
2809 4447 3010 4539 Christi
3047 4447 3332 4502 nativitate
3358 4445 3582 4516 protulit
3603 4445 3774 4500 testi-

2179 4541 2418 4602 monium
2459 4557 2470 4592 :
2509 4559 2529 4591 ι
2561 4539 2711 4595 Unus
2739 4538 2908 4598 Filius
2938 4538 3113 4594 Patris
3161 4539 3438 4605 nostrique
3469 4534 3772 4603 mediator,

2179 4649 2281 4696 nec
2301 4633 2661 4704 mqualitatem
2689 4630 2805 4697 ejus
2838 4631 3053 4694 amisit,
3086 4645 3186 4686 nec
3214 4646 3246 4684 a
3275 4638 3460 4684 nostro
3487 4629 3776 4684 consortio

2181 4733 2466 4796 separatus
2491 4733 2575 4779 est
2606 4722 2891 4778 invisibilis
2928 4723 3068 4778 Deus
3120 4721 3172 4796 [δ
3211 4732 3267 4778 et
3309 4721 3542 4777 visibilis
3571 4721 3708 4776 Deus
3751 4739 3770 4774 :

2184 4815 2470 4874 invisibilis
2498 4813 2681 4885 homo]
2715 4823 2769 4869 et
2804 4813 3032 4869 visibilis
3055 4814 3239 4878 homo,
3297 4813 3350 4868 in
3403 4811 3579 4867 forma
3619 4811 3775 4867 servi

2185 4906 2553 4969 absconditus,
2585 4916 2639 4960 et
2667 4905 2926 4960 Dominus
2953 4904 3137 4973 gloria:
3160 4903 3502 4959 confessmne
3537 4903 3776 4957 creden-

2177 4999 2311 5053 tium
2339 4998 2743 5069 comprobatus.
2776 4996 2960 5066 Neque
2998 4997 3143 5051 enim
3191 4997 3426 5066 privavit
3449 5011 3572 5051 eum
3600 4994 3782 5050 Pater.

2181 5101 2386 5148 natura:
2407 5105 2517 5150 sum
2546 5089 2783 5152 nomine,
2805 5096 3090 5157 postquam
3118 5099 3218 5159 pro
3249 5089 3405 5144 nobis
3441 5087 3605 5142 homo
3633 5101 3778 5157 pau-

2180 5199 2277 5252 per
2301 5181 2528 5237 eliectus
2557 5188 2642 5235 est
2679 5195 2695 5234 :
2727 5194 2826 5235 nec
2873 5179 2928 5233 in
2957 5177 3193 5234 Iordane
3239 5179 3402 5234 ﬂuvio
3433 5178 3771 5249 baptilatum

2183 5274 2356 5328 altero
2397 5271 2688 5343 appellavit
2713 5270 3000 5338 vocabulo,
3029 5271 3122 5327 sed
3152 5268 3350 5325 Filium
3376 5269 3710 5340 unigenitum
3751 5281 3772 5320 :

2187 5363 2266 5419 Tu
2291 5379 2368 5428 es,
2398 5363 2593 5433 inquit,
2622 5360 2798 5418 Filius
2841 5379 2987 5420 meus
3016 5362 3260 5428 dilectus,
3287 5362 3340 5417 in
3364 5375 3467 5432 quo
3493 5359 3621 5413 milii
3642 5359 3777 5414 bene

2186 5531 2315 5570 mnn
2340 5516 2412 5570 ita
2445 5525 2640 5576 sonat:
2681 5537 2698 5566 ι
2731 5517 2859 5572 Erat
2880 5532 3114 5584 namque
3139 5517 3371 5584 primum
3397 5511 3772 5584 necessarium

2188 5586 2361 5648 nobis,
2381 5595 2440 5640 ut
2471 5587 2788 5658 lfuiigcnitus
2803 5588 2946 5641 Deus
2968 5583 3320 5641 nostricausa
3346 5587 3527 5648 homo,
3556 5583 3606 5638 id
3621 5583 3772 5654 quod

2189 5665 2302 5718 tum
2327 5673 2437 5728 non
2468 5669 2604 5720 erat,
2637 5659 2968 5728 gigneretur.
2992 5678 3009 5707 ι

2259 5730 2287 5768 δ
2323 5727 2482 5784 Uncis
2503 5727 2710 5784 inclusa
2729 5728 2918 5784 desunt
2944 5728 2995 5783 in
3022 5727 3338 5797 Theophila.
