4030 6358
281 282 384 344 585

1022 282 1439 339 DOGMATICA.
1479 313 1548 323 —-
1587 283 1745 337 ADV.
1786 279 2080 343 FELICEM
2121 282 2299 335 LiBiil
2342 280 2448 338 VII.
2487 312 2555 321 ——
2591 278 2721 337 LIB.
2764 280 2851 336 IV.

3441 278 3544 337 186

277 398 572 472 complacui
597 397 812 469 (Matth.
838 414 922 463 iii,
952 398 1059 470 l7).
1091 421 1109 451 ι
1154 398 1471 453 Ambrosius
1510 395 1741 451 eximius
1764 392 1857 445 Dei
1892 397 1934 451 Α
1970 408 1987 441 ‹
2021 390 2312 445 Harrctice!
2340 392 2537 446 desine
2547 390 3048 460 judicarejudicem
3066 396 3238 453 tuum,
3258 388 3352 443 sed
3375 391 3541 446 adora

276 491 557 558 sacerdos,
608 490 664 543 in
719 489 858 543 libro
896 489 986 558 qui
1030 498 1113 543 est
1143 489 1209 543 ad
1237 488 1495 558 virgines,
1542 488 1617 541 ita
1645 499 1853 539 memo-

277 590 365 636 rat
390 593 414 620 ι
446 579 650 650 ε828
677 597 695 629 α
725 577 973 633 Gloriosa
1000 580 1279 648 virginitas
1304 589 1359 634 et
1385 577 1643 649 praeclara
1674 576 1859 631 iecun-

275 672 439 727 ditas.
460 671 722 725 Dominus
750 670 934 724 mundi
958 670 1219 735 nascitur,
1245 678 1301 723 et
1321 669 1500 723 nullus
1519 677 1602 723 est
1628 668 1858 737 gemitus

274 762 542 832 parientis
567 802 582 826 ,
617 761 743 831 quia
775 758 858 815 ias
910 768 1025 815 crat
1074 772 1133 814 ut
1172 761 1281 815 Deo
1310 769 1565 816 nascente
1603 760 1858 813 meritum

274 860 550 907 cresceret
607 851 895 906 castitatis.
936 871 954 903 ι
1008 850 1369 921 Hieronymus
1407 851 1685 906 catholica:
1735 849 1858 903 ﬁdei

274 943 473 997 doctor
500 942 835 996 clarissimus
869 941 922 995 in
965 941 1103 995 libro
1130 941 1196 995 ad
1223 942 1570 996 Eustochium
1597 940 1859 1010 virginem

275 1033 475 1105 (Epist.
505 1031 597 1095 2‘2,
620 1047 675 1085 n.
699 1031 791 1101 29)
818 1045 832 1083 :
869 1048 886 1080 ‹
917 1030 1036 1095 Dei,
1069 1031 1283 1101 inquit,
1308 1031 1479 1085 Filius
1526 1047 1624 1101 pro
1675 1038 1860 1084 nostra

274 1127 452 1181 salute
498 1124 737 1179 hominis
775 1122 949 1178 factus
1000 1131 1082 1177 est
1126 1123 1287 1177 ﬁlius.
1340 1124 1536 1177 Decem
1583 1121 1717 1194 [Al.,
1748 1121 1859 1176 No-

274 1218 423 1283 vem]
448 1217 726 1272 mensibus
749 1216 777 1255 ι’
801 1216 854 1273 in
882 1225 1057 1279 utero,
1087 1224 1149 1300 pt
1164 1224 1441 1280 nascatur,
1466 1224 1856 1286 exspectat,....

273 1323 331 1367 et
367 1310 481 1375 ille,
512 1311 665 1380 cujus
694 1310 894 1381 pugillo
947 1309 1181 1364 mundus
1230 1308 1526 1363 includitur
1569 1306 1767 1380 [Hier.,
1808 1316 1862 1360 et

272 1403 370 1457 ille.
403 1402 604 1472 pugillo
637 1401 893 1454 mundum
917 1397 1241 1469 includens],
1272 1397 1527 1469 praesepis
1553 1397 1864 1450 continetur

272 1493 565 1563 angustiis.
601 1511 618 1543 ι
653 1492 783 1545 item
811 1490 1047 1560 ipsiusin
1067 1488 1456 1543 commentario
1474 1488 1623 1543 isaia:
1646 1486 1723 1557 (in
1739 1502 1858 1557 cap.

271 1602 356 1641 vn
388 1586 494 1639 isa.
523 1625 537 1649 ,
579 1600 729 1637 num.
762 1581 850 1651 ii)
886 1596 901 1634 :
935 1599 954 1630 ι
983 1581 1242 1635 Dominus
1270 1580 1415 1634 enim
1450 1581 1734 1645 virtutum,
1768 1580 1862 1650 qui

271 1690 359 1732 est.
388 1675 502 1730 Rex
532 1674 736 1744 gloriar,
763 1673 877 1742 ipse
898 1671 1173 1726 descendit
1200 1671 1252 1724 in
1280 1680 1495 1725 uterum
1517 1671 1859 1741 virginalem,

282 1784 289 1805 ι
318 1774 339 1818 t
372 1740 651 1832 ingressus
681 1740 870 1815 est—et
917 1775 1167 1829 egressus
1210 1760 1532 1814 orientalem
1567 1740 1803 1829 portam.
1838 1780 1855 1813 ι
1896 1740 1940 1801 Β

250 1848 407 1929 _item
456 1851 790 1919 Augustinus
816 1848 1035 1921 ,gcujus
1083 1865 1247 1918 supra
1292 1850 1488 1918 sepius
1532 1850 1864 1905 mentionem

272 1942 511 1996 fecimus
540 1959 554 1994 :
594 1959 611 1990 ‹
648 1940 717 1996 Ut
754 1949 957 2005 autem,
990 1941 1163 2017 inquit
1188 1940 1389 2011 (Serm.
1414 1940 1521 1993 5in
1544 1940 1728 1994 Natali
1760 1941 1867 1995 Do-

268 2032 450 2100 mini),
479 2030 727 2085 homines
755 2040 1111 2085 nascerentur
1133 2047 1197 2085 ex
1225 2032 1357 2095 Deo,
1388 2033 1620 2101 primum
1655 2048 1722 2087 ex
1749 2047 1867 2087 om-

272 2121 442 2177 nibus
470 2129 632 2175 natus
660 2130 745 2175 est
764 2121 906 2176 Deus
938 2137 953 2175 :
983 2121 1231 2175 Christus
1256 2122 1399 2176 enim
1430 2122 1599 2187 Deus,
1633 2131 1687 2177 et
1709 2122 1868 2178 Chri-

275 2219 396 2267 stus
426 2220 591 2266 natus
616 2227 684 2265 ex
711 2212 953 2276 homine,
990 2228 1096 2266 non
1139 2212 1388 2280 qumsivit
1416 2214 1515 2266 nisi
1549 2222 1776 2267 matrem
1810 2214 1865 2268 in

268 2310 451 2370 terra,
492 2304 587 2372 qui
633 2302 746 2370 jam
788 2304 1004 2359 Patrem
1054 2304 1288 2359 habebat
1323 2305 1375 2358 in
1407 2306 1561 2359 cmlo.
1600 2305 1769 2360 Natus
1797 2321 1865 2360 ex

270 2401 409 2463 Deo,
439 2415 540 2468 per
570 2415 729 2467 quem
762 2398 886 2453 iacti
912 2412 1136 2465 sumus;
1174 2408 1331 2454 natus
1370 2416 1436 2453 ex
1475 2401 1729 2471 Virgine,
1770 2416 1867 2470 per

267 2504 438 2560 quem
480 2489 923 2544 reiormaremur.
962 2511 978 2542 ι
1038 2492 1169 2545 item
1223 2490 1464 2559 ejusdem
1522 2492 1576 2547 in
1635 2493 1866 2561 epistola

268 2588 344 2636 ad
371 2581 728 2635 Volusianum
758 2582 951 2651 (Epist.
995 2582 1116 2646 £57,
1145 2598 1265 2651 cap.
1294 2581 1348 2653 4)
1381 2601 1392 2635 :
1435 2601 1453 2632 ι
1486 2583 1553 2635 Εῑ
1579 2584 1690 2653 ipse
1714 2583 1867 2654 Moy-

272 2686 365 2727 ses
391 2682 445 2727 et
483 2671 673 2727 caeteri
711 2673 984 2741 propheta:
1022 2674 1370 2728 veracissime
1399 2674 1683 2728 Dominum
1709 2676 1868 2730 Chri-

269 2776 415 2822 stum
448 2766 937 2836 prophetaverunt,
968 2773 1024 2819 et
1056 2765 1103 2819 ei
1133 2764 1358 2835 gloriam
1406 2782 1654 2835 magnam
1702 2768 1866 2823 dede-

272 2865 436 2912 runt:
470 2859 618 2912 hunc
633 2870 739 2910 non
759 2864 1014 2925 tanquam
1045 2857 1260 2910 Patrem
1286 2857 1386 2911 sibi
1408 2856 1865 2928 [Aug..tanquam

270 2960 464 3017 parem
487 2945 641 3017 sibi],
668 2961 767 3000 nec
794 2946 847 2999 in
879 2946 1067 3007 eadem
1092 2946 1476 3001 miraculorum
1510 2950 1747 3017 potentia
1774 2964 1867 3003 su-

271 3038 579 3107 periorem,
610 3037 703 3091 sed
734 3035 889 3103 plene
916 3035 1099 3107 [Aug.,
1128 3036 1308 3108 plane]
1363 3038 1646 3094 Dominum
1693 3038 1863 3095 Deum

274 3126 559 3187 omnium,
615 3133 673 3181 et
734 3125 1007 3180 hominem
1061 3136 1282 3196 propter
1332 3128 1603 3183 hominem
1659 3130 1864 3186 factum

272 3225 571 3271 venturum
588 3200 1106 3284 prscnuntiaverunt.
1129 3236 1146 3267 ι
1176 3217 1307 3271 item
1326 3217 1620 3289 Gregorius
1641 3219 1869 3276 Nazian-

276 3321 450 3362 zenus
498 3306 678 3376 (Orat.
730 3308 821 3370 58,
878 3307 933 3360 in
980 3304 1174 3362 Christi
1204 3308 1420 3380 Nativ.)
1456 3325 1470 3363 :
1507 3329 1525 3360 ι
1554 3310 1686 3367 Cum
1715 3327 1866 3385 ergo,

274 3398 457 3468 inquit
481 3438 496 3460 ,
533 3398 893 3469 processisset
930 3413 998 3452 ex
1042 3399 1263 3469 Virgine
1304 3400 1445 3456 Deus
1489 3401 1543 3454 in
1584 3417 1670 3466 ea,
1704 3418 1867 3472 quam

275 3498 675 3559 assumpserat.
707 3491 947 3545 humana
977 3498 1170 3545 natura
1199 3531 1215 3556 ,
1264 3508 1429 3546 unum
1458 3508 1487 3547 e
1518 3493 1728 3549 duobus
1764 3495 1867 3550 sibi

275 3578 509 3634 invicem
541 3580 838 3636 contrariis
866 3580 1287 3638 existenscarne
1310 3598 1373 3637 ac
1398 3584 1617 3653 spiritu,
1644 3585 1786 3640 aliud
1812 3586 1867 3641 in

274 3670 450 3728 Deum
493 3675 791 3730 assumitur
815 3716 830 3738 ,
870 3675 1015 3730 aliud
1042 3676 1260 3730 deitatis
1296 3678 1527 3747 gratiam
1557 3688 1799 3746 prazstat.
1837 3700 1857 3732 ι

276 3765 411 3820 Item
439 3768 635 3820 beatus
660 3766 897 3837 Cyrillus
924 3775 1112 3821 contra
1138 3766 1445 3821 Nestorium
1475 3770 1667 3838 (Epist.
1705 3770 1769 3835 4,
1798 3772 1865 3826 ad

276 3857 615 3928 Nestorium}
649 3876 663 3911 :
699 3878 717 3909 ‹
754 3858 938 3929 Neque
962 3859 1129 3923 enim,
1164 3860 1359 3928 inquit,
1389 3861 1564 3928 primo
1594 3870 1754 3915 natus
1783 3871 1869 3917 est

278 3952 442 4005 homo
465 3949 775 4005 communis
816 3949 883 4003 de
928 3958 1115 4003 sancta
1150 3949 1384 4019 Virgine,
1418 3958 1473 4003 et
1503 3959 1630 4005 ιιιιιο
1651 3952 1865 4007 demum

275 4040 605 4096 iuhabitavit
634 4042 688 4094 in
721 4056 789 4095 eo
813 4041 1049 4095 Verbum
1087 4060 1099 4094 :
1132 4041 1224 4097 sed
1270 4042 1321 4095 in
1354 4042 1468 4112 ipsa
1492 4043 1648 4096 vulva
1686 4052 1868 4100 utero-

274 4150 386 4205 que
432 4133 688 4204 virginali
725 4149 783 4187 sc
822 4148 943 4187 cum
972 4149 1137 4189 carne
1167 4133 1475 4201 conjunxit,
1510 4143 1564 4189 et
1610 4137 1868 4191 sustinuit

272 4224 688 4293 generationem
716 4221 988 4276 carnalem
1018 4223 1203 4277 carnis
1249 4238 1360 4278 sua:
1404 4223 1540 4295 (AL,
1570 4226 1722 4280 carui
1752 4240 1866 4280 sua:

272 4314 620 4373 nativitatem
650 4327 803 4375 suam
837 4311 1081 4385 faciens].
1115 4332 1133 4364 ι
1169 4314 1362 4369 Petrus
1398 4330 1615 4385 quoque
1646 4315 1860 4371 Raven-

1962 483 2015 536 in
2047 483 2201 537 caelis
2229 484 2395 535 Deum
2416 523 2431 546 ,
2479 498 2639 553 quem
2670 482 2836 536 Deum
2864 496 3053 549 magus
3080 480 3323 534 adoravit
3350 480 3403 535 in
3433 489 3544 537 ter-

1960 571 2057 625 ris.
2093 591 2111 622 »
2170 570 2299 625 item
2353 571 2544 625 beatus
2592 572 2734 625 Beda
2791 570 3075 641 presbyter
3120 570 3175 623 in
3206 571 3542 639 expositione

1960 660 2268 728 apostolicae
2298 661 2687 715 exhortationis
2730 661 2797 715 ad
2846 661 3129 737 episcopos
3183 660 3540 729 Ephesiorum

1962 749 2147 820 (Beda,
2180 752 2233 805 in
2262 766 2381 821 cap.
2414 768 2482 804 xx
2514 753 2627 804 Act.
2680 754 2893 821 apost.),
2927 752 3015 805 ubi
3046 752 3159 806 ait:
3194 751 3263 805 In
3304 769 3406 822 quo
3455 770 3541 807 vos

1962 843 2190 915 Spiritus
2212 855 2422 899 sanctus
2441 847 2612 915 posuit
2634 845 2895 915 episcopos
2918 864 3090 916 regere
3104 846 3394 902 Ecclesium
3422 847 3539 913 Dei,

1960 951 2117 1006 quam
2153 937 2420 1006 acquisivit
2461 937 2717 1005 sanguine
2741 951 2837 988 suo
2882 936 3018 1002 (Act.
3052 952 3142 1002 xx,
3169 937 3261 1007 28)
3301 956 3313 991 :
3368 957 3387 989 ι
3421 938 3539 993 Nan

1962 1032 2243 1097 dubitavit,
2267 1033 2461 1103 inquit,
2490 1033 2802 1103 sanguinem
2829 1032 2922 1087 Dei
2942 1033 3120 1088 dicere
3143 1044 3364 1105 propter
3378 1036 3536 1091 unio-

1962 1141 2086 1181 nem
2116 1142 2359 1196 persona
2385 1128 2441 1179 in
2472 1126 2677 1180 duabus
2707 1125 2913 1179 naturis
2937 1123 3176 1192 ejusdem
3203 1125 3330 1182 Jesu
3373 1127 3538 1182 Chri-

1962 1219 2063 1283 sti,
2096 1224 2318 1288 propter
2363 1232 2524 1286 qnam
2571 1223 2627 1269 et
2672 1215 2850 1270 dictus
2877 1224 2959 1269 est
2991 1215 3130 1269 ﬁlius
3158 1216 3421 1282 hominis,
3449 1218 3541 1287 qui

1962 1317 2046 1363 est
2070 1309 2123 1362 in
2152 1307 2307 1362 etelo.
2353 1296 2537 1361 CesSet
2560 1320 2689 1377 ergo
2733 1306 3016 1361 Nestorius
3047 1307 3214 1361 ﬁlium
3248 1308 3479 1364 hominis
3506 1327 3538 1364 a

1961 1398 2099 1452 Filio
2140 1398 2236 1452 Dei
2282 1412 2558 1466 separare,
2605 1405 2661 1451 et
2687 1398 2819 1452 duos
2846 1398 2945 1451 sibi
2976 1397 3155 1452 facere
3202 1396 3470 1454 Christos.
3511 1421 3529 1454 ι

1964 1490 2217 1545 Dicamus
2251 1497 2304 1543 et
2349 1505 2447 1544 nos
2482 1508 2493 1542 :
2529 1488 2718 1543 Cesset
2747 1490 2930 1559 itaque
2977 1488 3130 1543 Felix
3160 1489 3434 1545 Christum
3490 1492 3545 1546 in

1963 1579 2098 1635 duos
2128 1580 2287 1643 ﬁlios,
2316 1578 2401 1632 vel
2430 1579 2483 1632 in
2513 1579 2646 1633 duos
2673 1579 2803 1634 deos
2829 1579 3087 1644 dividere,
3122 1594 3190 1633 ne
3215 1579 3547 1635 Nestorianze

1964 1669 2059 1724 ﬁat
2096 1669 2430 1724 inﬁdelitatis
2470 1670 2743 1739 particeps
2780 1672 2941 1739 :quia
2982 1672 3126 1740 quod
3165 1670 3445 1727 Nestorius
3490 1675 3545 1727 in

1966 1775 2193 1815 numero
2221 1776 2607 1830 personarum,
2640 1761 2742 1815 hoc
2770 1761 2919 1814 Felix
2946 1762 3000 1815 in
3045 1777 3271 1817 numero
3313 1762 3547 1817 ﬁliorum
3589 1817 3600 1825 ,

1968 1852 2148 1907 facere
2174 1834 2407 1917 videtur,
2436 1868 2599 1906 unum
2630 1852 2933 1922 adoptivum
2955 1894 2969 1918 ,
2996 1861 3050 1907 ct
3075 1854 3237 1907 alium
3264 1855 3546 1925 proprium

1968 1943 2172 1998 iaciens
2194 1941 2297 2015 [ut]
2328 1943 2521 1996 Filium
2553 1942 2649 1996 Del
2682 1956 2779 2012 per
2820 1959 2985 1997 unam
3014 1944 3349 1998 divinitatem
3379 1945 3549 2014 maje-

1967 2035 2144 2101 statis,
2172 2035 2225 2089 in
2248 2034 2381 2087 duas
2409 2034 2611 2088 dividat
2658 2040 2952 2102 potestates
2977 2074 2991 2098 ,
3047 2048 3207 2087 unam
3250 2035 3548 2104 propriam,

1967 2126 2194 2181 alteram
2241 2124 2679 2194 nuncupativam.
2720 2123 2928 2187 Nonne,
2980 2138 3198 2193 qumso,
3251 2125 3306 2179 hi
3362 2140 3551 2180 omnes

1968 2215 2122 2285 quasi
2154 2214 2473 2284 prophetico
2493 2214 2622 2267 olim
2661 2214 2891 2283 spiritu,
2924 2214 2993 2268 ad
3032 2213 3389 2269 confutandas
3414 2214 3553 2270 blas~

1965 2303 2209 2375 phemias
2239 2312 2381 2367 tuas,
2440 2302 2554 2358 haec
2604 2302 2900 2357 dixerunt?
2941 2303 3019 2357 Tu
3067 2305 3214 2357 enim
3266 2304 3551 2359 Dominum

1966 2394 2135 2465 829
2171 2401 2414 2448 nostrum
2441 2393 2781 2448 Salvatorem
2828 2393 3017 2448 fateris
3065 2393 3338 2449 Christum
3381 2409 3546 2459 esse;

1968 2473 2138 2540 Deum
2166 2501 2296 2542 vero
2338 2501 2519 2556 negas.
2565 2485 2674 2541 Nec
2701 2486 2803 2541 hoc
2834 2486 2950 2541 solo
2991 2494 3282 2541 contentus
3325 2502 3406 2551 es,
3444 2487 3551 2541 nisi

1969 2578 2133 2632 etiam
2167 2584 2222 2631 et
2250 2591 2465 2631 servum
2492 2591 2618 2629 eum
2643 2576 2942 2631 aiiirmares
2957 2590 3075 2631 esse
3096 2576 3548 2631 conditionaiem:

1968 2669 2045 2724 illi
2072 2685 2200 2723 vero
2229 2682 2439 2731 omnes,
2474 2683 2610 2737 quos
2652 2669 3185 2738 praenominavimus,
3240 2677 3296 2723 et
3342 2668 3433 2722 alii
3466 2670 3552 2725 his

1968 2760 2138 2815 multo
2164 2759 2346 2829 plures
2368 2759 2620 2813 catholici
2642 2760 2743 2813 viri
2762 2759 3037 2814 Christum
3062 2760 3345 2814 Dominum
3377 2763 3545 2816 Deum

1966 2867 2155 2906 verum
2179 2852 2627 2921 prmdicaverunt.
2659 2851 2736 2905 illi
2765 2852 2979 2906 beatam
3008 2852 3282 2922 Virginem
3322 2853 3548 2908 Mariam

1968 2944 2066 2999 Dei
2101 2944 2416 3014 genitricem
2444 2943 2751 3009 aiiirmant;
2778 2952 2833 2997 tu
2858 2960 2986 2999 vero
3012 2961 3118 3001 non
3145 2953 3353 3000 tantum
3375 2947 3552 3001 homi-

1968 3035 2070 3098 nis,
2105 3049 2263 3103 quem
2291 3033 2565 3089 Christum
2596 3036 2842 3090 nominas
2863 3076 2876 3100 ,
2927 3035 3020 3090 sed
3069 3037 3213 3091 servi
3266 3036 3545 3105 cujusdam

1970 3126 2283 3196 genitricem
2316 3124 2480 3194 impia
2505 3126 2745 3181 novitate
2776 3124 2998 3182 credere
3044 3134 3100 3181 et
3137 3128 3438 3197 prmdicare
3469 3128 3551 3183 vi-

1969 3215 2130 3271 deris.

2042 3326 2151 3381 Xll.
2193 3328 2415 3407 insuper
2439 3337 2494 3385 et
2526 3330 2905 3387 auctoritatem
2936 3339 3135 3387 nostra:
3161 3330 3282 3387 ﬁdei
3307 3333 3489 3402 poscis
3514 3348 3543 3387 a

1969 3418 2144 3484 nobis,
2174 3421 2265 3489 qui
2287 3421 2433 3475 credi
2462 3422 2632 3497 possit
2658 3437 2846 3476 verum
2890 3421 3060 3476 Deum
3087 3437 3206 3477 esse
3249 3423 3546 3490 hominem,

1969 3511 2061 3579 qui
2087 3526 2154 3565 ex
2184 3520 2338 3567 utero
2370 3513 2617 3583 virginali
2648 3522 2806 3569 natus
2836 3522 2937 3569 est.
2972 3514 3117 3569 Dicis
3144 3515 3285 3569 enim
3330 3532 3343 3567 :
3379 3532 3397 3565 ‹
3434 3514 3549 3581 Qua

1969 3606 2311 3670 auctoritate,
2356 3606 2498 3660 idem
2519 3606 2681 3661 homo
2709 3606 3019 3661 Dominicus
3047 3621 3111 3661 ex
3141 3614 3298 3661 utero
3358 3608 3551 3663 matris

1968 3709 2129 3749 verus
2151 3694 2293 3750 Deus
2323 3705 2633 3765 conceptus,
2675 3704 2729 3750 et
2753 3712 2916 3752 verus
2949 3697 3089 3751 Deus
3131 3704 3290 3750 natus
3332 3713 3361 3750 a
3391 3698 3547 3751 nobis

1966 3785 2311 3853 przedicatur,
2344 3800 2467 3839 cum
2495 3786 2566 3839 sit
2593 3795 2787 3841 natura
2829 3803 2991 3841 verus
3020 3787 3201 3851 homo,
3233 3795 3287 3841 et
3315 3802 3412 3855 pcr
3438 3802 3552 3841 om-

1970 3875 2060 3927 nia
2107 3876 2356 3928 subditus
2408 3876 2551 3929 Deo?
2577 3896 2595 3927 ›
2638 3875 2694 3930 Si
2726 3878 3106 3931 auctoritatem
3139 3878 3337 3946 qureris
3381 3891 3551 3947 quare

1973 3963 2137 4019 Deum
2168 3979 2352 4018 verum
2396 3966 2752 4034 przedicemus
2778 3968 2870 4036 qui
2897 3976 3055 4021 natus
3079 3974 3160 4021 est
3204 3982 3270 4021 ex
3299 3968 3551 4039 Virgine,

1969 4053 2139 4107 habes
2168 4053 2220 4107 in
2249 4054 2617 4123 superioribus
2656 4054 2945 4109 multorum
2990 4055 3231 4119 Patrum,
3281 4071 3413 4124 quos
3443 4073 3544 4127 po-

1969 4144 2196 4209 suimus,
2222 4159 2327 4199 non
2364 4146 2812 4199 contemnendam
2840 4147 3236 4199 auctoritatem.
3261 4146 3463 4201 Tamen
3495 4148 3540 4203 si

1969 4236 2183 4290 illorum
2210 4236 2518 4291 auctoritati
2559 4238 2779 4291 credere
2804 4238 3006 4300 renuis,
3058 4237 3140 4291 vel
3172 4239 3342 4308 ipsius
3372 4239 3547 4294 sancti

1971 4323 2226 4394 Spiritus,
2256 4339 2352 4394 per
2376 4340 2535 4392 quem
2566 4332 2621 4378 et
2648 4324 2713 4379 de
2744 4341 2851 4394 quo
2877 4326 2971 4380 illa'
2994 4327 3257 4381 mirabilis
3300 4327 3419 4382 Filii
3450 4328 3548 4383 Dei

274 4405 467 4461 nensis
492 4404 779 4472 episcopus
822 4402 874 4455 in
903 4404 1089 4458 eadem
1121 4404 1348 4473 epistola
1381 4406 1522 4459 unde
1550 4405 1710 4475 paulo
1737 4417 1864 4461 ante
1897 4439 1944 4499 υ
1970 4417 2249 4486 conceptio
2280 4417 2332 4469 in
2382 4425 2537 4471 utero
2578 4418 2825 4489 virginali
2863 4417 3003 4474 facta
3032 4428 3131 4481 est.
3163 4422 3344 4486 crede,
3398 4420 3553 4491 cujus

275 4496 565 4567 posuimus
593 4493 898 4562 exemplum
925 4504 946 4531 ο
997 4509 1011 4548 :
1051 4513 1068 4544 ‹
1100 4495 1337 4550 Verium
1359 4536 1372 4559 ,
1401 4496 1603 4564 inquit,
1631 4512 1760 4551 caro
1789 4497 1866 4552 fa-

272 4596 428 4639 ctum
476 4596 584 4645 est,
616 4592 675 4637 ut
720 4584 881 4637 homo
909 4599 1073 4638 carne
1102 4594 1511 4654 promoveretur
1556 4587 1607 4640 in
1637 4587 1864 4657 gloriam

275 4677 394 4735 Dei,
424 4692 530 4729 non
554 4684 615 4728 ut
636 4674 775 4727 Deus
802 4674 854 4727 iu
876 4674 1056 4727 carnis
1078 4684 1381 4730 verteretur
1404 4676 1657 4747 iujuriam
1688 4695 1698 4729 :
1728 4677 1865 4731 sicut

272 4768 411 4821 dicit
438 4765 760 4836 ApOstolus;
796 4763 899 4829 Qui
917 4781 972 4817 se
994 4766 1171 4834 jungit
1200 4766 1442 4831 Domino,
1476 4785 1610 4822 unus
1649 4770 1871 4839 spiritus

273 4868 354 4911 est
387 4856 438 4926 (Ι
471 4854 594 4908 Cor.
628 4871 702 4915 vr,
734 4856 833 4924 t7)
868 4872 879 4906 :
916 4855 984 4907 Et
1014 4857 1283 4923 quomodo
1338 4873 1478 4920 non,
1536 4862 1752 4927 quando
1807 4875 1865 4914 se

272 4947 459 5019 jungit
486 4948 627 5019 Deus
656 4946 878 5013 homini,
912 4962 1051 5001 unus
1078 4954 1162 5005 est
1184 4945 1355 5001 Deus?
1384 4968 1402 4999 ›
1433 4948 1494 5002 Et
1522 4958 1641 5018 post
1660 4965 1862 5019 pauca;

354 5116 379 5144 α
422 5101 482 5156 S.
510 5100 859 5161 Ambrosius;
891 5100 1068 5167 potius
1112 5106 1299 5152 auctor
1333 5097 1571 5151 incertus
1600 5099 1865 5153 sermonis

280 5175 379 5230 lli
445 5174 499 5227 in
556 5170 732 5227 Natali
771 5169 1018 5231 Domini,
1061 5184 1116 5221 n.
1169 5168 1240 5232 4,
1282 5167 1424 5221 inter
1476 5167 1610 5238 Opp.
1656 5167 1712 5223 S.
1750 5171 1863 5223 Au-

277 5243 507 5318 gustini.
798 5309 829 5318 η
964 5308 999 5318 ,ί
1106 5308 1135 5318 ί,

358 5318 382 5353 δ
424 5314 615 5367 Decem
645 5309 929 5381 mensibus.
964 5308 1039 5381 Ita
1066 5308 1226 5381 etiam
1257 5308 1465 5381 legebat
1502 5309 1859 5367 Martianzcus.

280 5385 499 5456 Vulgati
530 5382 617 5456 alii
649 5396 855 5456 omnes,
886 5380 962 5432 ait
990 5379 1331 5456 dcit-tissimus
1363 5379 1654 5456 Vallarsius
1686 5382 1737 5433 in
1770 5397 1865 5433 no-

278 5448 503 5511 vissima
524 5453 655 5507 edit.
678 5451 837 5520 Oper.
882 5450 1055 5503 sancti
1078 5448 1383 5516 iiiu‘onymi
1426 5452 1699 5520 nostrique
1731 5466 1858 5505 mss.

280 5528 500 5581 codices
528 5525 729 5577 habent
759 5538 956 5574 novem.
1003 5520 1317 5585 Quanquam
1361 5520 1484 5573 alibi
1513 5536 1617 5573 non
1653 5522 1865 5588 ignora-

282 5613 408 5652 mus
430 5597 616 5649 decem
656 5591 945 5651 recenseri,
983 5606 1089 5643 non
1120 5589 1217 5642 abs
1275 5588 1599 5660 ilieronymo
1628 5598 1860 5655 tantum,

282 5668 381 5724 sed
405 5667 472 5719 ab
494 5664 613 5720 aliis
640 5664 802 5719 etiam
832 5660 1186 5730 scriptoribus
1206 5660 1463 5731 antiquis,
1485 5676 1717 5725 menses,
1745 5663 1861 5732 qui—

1971 4506 2258 4561 adventum
2296 4506 2559 4576 qumrenti
2610 4508 2816 4578 Virgini
2866 4509 3135 4577 quomodo
3183 4510 3297 4564 ﬁeri
3341 4512 3555 4581 possint

1969 4612 2089 4665 qua:
2121 4597 2190 4650 ab
2221 4596 2412 4665 angelo
2438 4597 2580 4651 dicta
2611 4606 2735 4651 sunt
2764 4599 2810 4652 ei
2830 4640 2844 4662 ,
2876 4600 3016 4653 idem
3055 4601 3415 4672 archangelus
3439 4602 3550 4659 Ga-

1968 4688 2106 4742 briel
2133 4703 2163 4740 a
2190 4687 2299 4741 Deo
2321 4687 2519 4741 missus
2545 4687 2720 4741 eidem
2746 4689 2949 4759 Virgini
2980 4692 3377 4759 prtenuntiavit.
3404 4691 3524 4748 Nun

1970 4779 2097 4849 quid
2129 4778 2271 4832 aliud
2294 4778 2469 4847 potuit
2498 4780 2722 4849 angelus
2768 4782 3049 4846 nuntiare,
3096 4782 3198 4837 nisi
3239 4783 3381 4853 quod
3413 4783 3488 4838 illi
3517 4799 3549 4839 a

1965 4869 2079 4923 Deo
2116 4870 2488 4939 oniuipotente
2516 4872 2829 4926 mandatum
2862 4873 3011 4926 erat?
3062 4873 3199 4940 Quid
3227 4875 3358 4930 dicit
3386 4891 3552 4945 ange-

1966 4957 2084 5014 lus?
2116 4956 2342 5022 Spiritus
2372 4969 2588 5014 sanctus
2617 4963 2939 5031 superveniet
2965 4963 3020 5017 in
3063 4974 3144 5032 te,
3177 4975 3224 5020 et
3251 4968 3413 5022 virtus
3451 4967 3547 5022 Al-

1966 5110 2069 5188 bus
2098 5109 2332 5188 infantes
2356 5110 2407 5164 in
2440 5121 2595 5188 utero
2620 5114 2819 5188 gestari
2844 5114 3036 5170 solent.
3062 5116 3356 5174 Auctorum
3381 5135 3545 5188 supra

1967 5181 2155 5250 viginti
2187 5183 2490 5235 testimonia
2539 5183 2589 5236 in
2624 5181 2764 5239 hanc
2794 5188 3117 5241 sententiam
3158 5190 3354 5244 indicat
3385 5181 3545 5244 Baiu-

1968 5252 2083 5305 zius
2116 5252 2165 5303 in
2196 5254 2336 5325 notis
2367 5252 2433 5325 ad
2456 5252 2705 5323 Cypriani
2737 5256 3016 5325 epistolam
3044 5260 3109 5312 ad
3141 5258 3493 5313 Fortunatum
3526 5276 3540 5312 :

1974 5336 2073 5398 nos
2117 5323 2283 5374 mult:
2330 5323 2478 5389 plura
2517 5323 2946 5398 eortunaiierre
2989 5344 3289 5398 possemus,
3322 5329 3548 5398 quino"

1974 5393 2077 5445 nisi
2108 5409 2296 5443 nnve'n
2325 5406 2666 5449 enumerant.
2692 5396 2824 5450 Vide
2850 5393 3009 5452 etiam
3034 5400 3299 5453 eruditam
3320 5393 3550 5453 adnotaq

1975 5464 2172 5516 tionem
2202 5464 2253 5516 in
2301 5465 2439 5516 hunc
2468 5465 2643 5518 locum
2671 5467 2966 5523 doctissimi
3000 5467 3176 5524 Gazrei
3207 5469 3275 5526 ad
3303 5468 3549 5527 Cassiani

1972 5533 2093 5589 libri
2120 5550 2205 5605 vit
2224 5534 2287 5586 de
2318 5532 2611 5594 lucarnat.,
2640 5553 2756 5605 cap.
2785 5537 2872 5604 56,
2907 5548 3019 5593 not.

2046 5615 2068 5643 ο
2109 5604 2243 5659 Vide
2265 5619 2446 5675 supra,
2477 5607 2580 5661 col.
2607 5604 2728 5661 177.
