4030 6358
422 278 540 339 ’187

1295 276 1353 332 Β.
1394 272 1456 330 F.
1487 269 1712 328 ALBINI
1747 267 1881 326 SEU
1918 264 2196 323 ALCUINI
2233 267 2518 326 OPERUM
2556 268 2737 326 PARS
2775 268 2858 326 Ill".

3610 265 3732 328 ἕως

436 375 626 460 tissimi
645 397 972 455 obumbrabit
1015 398 1107 452 tibi
1137 413 1155 450 :
1183 397 1398 466 iac-aque
1435 391 1574 464 quod
1619 398 1862 447 nascetur
1883 404 1948 442 ea:
1971 399 2020 442 te

2134 398 2457 454 quaecunque
2506 386 2646 440 hanc
2685 385 2846 439 ﬁdem
2881 382 2949 438 de
2975 382 3192 439 Christo
3244 381 3374 440 Jesu
3429 398 3460 438 a
3503 387 3724 442 sanctis

436 507 701 560 sanctum,
727 493 994 549 vocabitur
1014 489 1188 544 Filius
1215 489 1312 544 Dei
1343 488 1494 560 (Luc.
1525 503 1566 550 ι,
1595 484 1706 555 55).
1734 483 1869 537 Dum
1897 488 2022 536 ante

440 591 510 646 ab
537 587 729 658 angelo
754 586 960 641 dictum
981 592 1066 638 est
1095 597 1112 635 :~
1143 581 1261 635 Erit
1292 581 1429 634 enim
1479 593 1699 645 magnus
1727 615 1741 640 ,
1768 591 1815 628 et
1851 571 2022 626 Filius

438 681 697 738 Altissimi
728 677 1002 734 vocabitur
1032 673 1224 747 (Ibid,
1255 689 1302 726 v.
1335 671 1450 742 '52),
1475 671 1635 724 modo
1658 668 1788 724 dicit
1813 685 1824 720 :
1846 663 2022 718 Filius

437 776 571 838 Dei;
595 782 655 829 ut
681 787 840 842 quem
868 778 1028 824 antea
1053 766 1392 822 Altissimum
1411 763 1641 830 dixerat,
1666 760 1824 815 modo
1850 758 2022 812 Deum

439 864 768 921 ostenderet.
822 862 898 915 De
922 857 1128 914 Joanne
1188 856 1386 912 dicitur
1428 853 1498 908 ab
1558 851 1748 907 eodem
1785 848 2024 919 angelo:

442 954 670 1025 Magnus
699 954 796 1007 erit
821 968 1000 1006 coram
1027 950 1135 1004 Deo
1166 947 1332 1019 (Ibid.
1357 963 1404 999 v.
1440 944 1548 1015 l5).
1586 943 1686 997 IIic
1714 943 1858 997 enim
1889 939 2025 994 dici-

440 1056 532 1102 tur
560 1061 781 1116 magnus
822 1043 890 1098 ad
916 1041 1317 1096 distinctionem
1349 1037 1494 1091 illius
1526 1054 1537 1088 :
1571 1045 1619 1089 et
1651 1032 1827 1086 Filius
1860 1030 2024 1084 Altis—

439 1136 592 1195 simi;
623 1144 684 1190 ut
733 1133 1082 1200 intelligeres,
1115 1131 1272 1185 aliter
1297 1127 1556 1183 Joannem
1585 1141 1838 1197 magnum
1891 1122 2020 1187 dici,

440 1229 598 1283 aliter
623 1224 831 1291 Jesum,
878 1224 970 1295 qui
999 1221 1393 1293 prmnuntiatus
1442 1227 1526 1274 est
1575 1219 1643 1273 ab
1687 1215 1894 1287 angelo.
1928 1213 2022 1269 Ille

441 1323 605 1377 homo
633 1335 880 1388 magnus,
929 1317 1018 1372 hic
1045 1331 1271 1386 magnus
1294 1315 1442 1368 Deus
1469 1330 1482 1366 :
1517 1311 1658 1366 idem
1697 1324 1828 1380 ergo
1852 1305 2020 1360 Filius

438 1411 702 1468 Altissimi
731 1411 821 1483 qui
871 1409 924 1463 in
955 1417 1110 1463 utero
1157 1406 1408 1477 virginali
1459 1411 1750 1473 conceptus
1777 1410 1832 1456 et
1861 1409 2022 1454 natus

439 1510 546 1567 est,
575 1502 719 1556 idem
751 1501 914 1555 homo
945 1501 999 1553 in
1048 1508 1290 1568 tempore
1323 1504 1540 1551 creatus
1589 1509 1656 1549 ex
1705 1503 1881 1548 matre
1929 1491 2022 1560 qui

438 1589 584 1645 Deus
626 1598 710 1644 est
761 1597 887 1644 ante
930 1596 1174 1658 tempora
1221 1596 1386 1641 natus
1419 1600 1484 1640 ex
1514 1585 1696 1639 Patre.
1755 1583 1812 1638 Si
1861 1583 2026 1653 igitur

441 1683 586 1739 idem
617 1683 780 1738 homo
799 1682 891 1752 qui
916 1681 1079 1746 Deus,
1108 1688 1164 1735 et
1193 1680 1334 1736 idem
1363 1679 1506 1733 Deus
1549 1677 1640 1747 qui
1680 1677 1861 1740 homo,
1886 1676 2027 1730 desi-

2126 477 2377 532 Patribus
2403 479 2797 550 promulgatam
2820 478 3135 533 subvertere
3161 477 3352 531 nititur
3375 493 3390 544 ;
3424 492 3526 532 nec
3554 479 3716 535 nobis

2125 567 2336 622 laudem
2376 576 2682 636 quwrentes
2702 609 2716 632 ,
2745 567 2836 622 sed
2866 566 3191 622 catholicam
3224 567 3388 622 ﬁdem
3413 565 3716 622 defenden-

2126 667 2226 722 tes,
2259 660 2434 728 parati
2463 658 2798 724 satisfacere,
2827 646 3090 727 quantum
3129 659 3288 713 nobis
3321 658 3502 713 divina
3543 661 3715 716 dona-

2123 752 2264 806 verit
2284 751 2477 819 gratia,
2505 751 2654 806 omni
2682 752 2924 820 poscenti
2967 766 3068 805 nos
3097 751 3366 806 rationem
3404 751 3562 828 ﬁdei,
3589 768 3716 808 ere-

2125 841 2316 897 dentes
2339 851 2648 897 sanctorum
2679 842 2904 896 Patrum
2937 841 3286 904 testimoniis,
3310 849 3365 896 et
3384 842 3717 913 evangelicze

2126 934 2458 998 auctoritati,
2486 949 2678 989 sensus
2699 943 2914 989 nostros
2940 934 3321 1004 subiicientes;
3347 935 3727 1005 praedicantes.

2124 1038 2312 1079 verum
2342 1025 2517 1092 Deum
2557 1034 2876 1094 conceptum
2908 1041 3030 1083 esse
3078 1034 3132 1080 et
3192 1035 3380 1082 natum
3427 1027 3713 1084 Christum

2126 1114 2222 1169 Dei
2253 1115 2290 1168 F
2298 1116 2450 1169 ilium
2481 1133 2502 1178 ε,
2529 1116 2741 1172 dicente
2770 1125 2958 1171 saneta
2987 1118 3195 1186 synodo
3227 1117 3664 1175 Chalcedonensi
3698 1139 3716 1176 :

2125 1206 2292 1276 830
2355 1206 2659 1284 Sequamur
2717 1207 2942 1262 Patrum
2994 1215 3308 1262 nostrorum
3368 1211 3714 1278 sententias,

2127 1312 2292 1351 unum
2315 1306 2370 1351 et
2389 1297 2640 1374 eumdem
2678 1299 3000 1354 conﬁtentes
3028 1297 3316 1352 Dominum
3347 1298 3532 1354 Iesum
3553 1300 3720 1356 Chri-

2128 1399 2290 1456 stum,
2319 1392 2704 1446 convenienter
2747 1391 3037 1447 edocentes
3061 1433 3075 1456 ,
3117 1391 3419 1462 perfectum
3459 1395 3720 1451 eumdem

2128 1481 2430 1548 divinitate,
2457 1491 2512 1536 et
2531 1481 2831 1553 perfectum
2856 1483 3104 1537 eunidem
3133 1483 3474 1538 incarnatum
3499 1484 3673 1540 Deum
3701 1503 3716 1540 :

2129 1581 2188 1626 ut
2213 1574 2326 1643 ipsa
2359 1575 2574 1642 Veritas
2605 1575 2659 1628 in
2688 1575 2978 1645 Evangelio
3009 1582 3301 1644 utrumque
3351 1591 3411 1630 se
3455 1577 3607 1642 dicit,
3660 1586 3721 1633 et

2128 1664 2322 1720 Filium
2353 1665 2447 1720 Dei
2491 1675 2545 1720 et
2599 1665 2764 1720 lilium
2799 1665 3072 1731 hominis;
3115 1665 3190 1719 ait
3229 1667 3374 1720 enim
3405 1681 3550 1722 οωεο
3580 1686 3593 1720 :
3629 1667 3714 1722 Tu

440 1781 535 1827 nat
556 1771 733 1827 omnis
753 1736 1008 1825 ltairetica
1040 1770 1279 1840 pravitas
1300 1809 1315 1832 ,
1346 1769 1429 1821 vel
1460 1767 1734 1822 hominem
1762 1767 1905 1820 hunc
1931 1782 2027 1836 pu-
2062 1736 2106 1794 Β
2134 1758 2300 1818 Credis
2330 1759 2384 1812 in
2412 1757 2614 1812 Filium
2643 1759 2776 1812 Dei?
2799 1768 2854 1813 et
2883 1759 3240 1829 interroganti
3271 1760 3396 1828 quis
3431 1768 3600 1826 esset,
3630 1775 3724 1816 re-

443 1871 564 1917 rum
599 1862 819 1916 credere
843 1901 858 1925 ,
901 1861 986 1916 vel
1012 1875 1225 1914 servum
1255 1860 1552 1928 praedicare
1578 1857 1995 1914 eonditionalem
2015 1898 2030 1922 ,

441 1953 529 2008 vel
556 1953 610 2006 in
635 1953 769 2006 duos
793 1951 1033 2006 dividere
1058 1949 1218 2013 ﬁlios,
1236 1965 1397 2017 quem
1419 1949 1661 2020 angelica
1693 1949 2032 2003 adnuntiatio

439 2063 742 2104 unumesse
768 2048 862 2102 Dei
893 2047 1064 2100 ﬁlium
1093 2045 1364 2116 prredixit,
1399 2053 1458 2098 ut
1482 2045 1534 2098 in
1561 2052 1791 2098 tractatu
1821 2044 2030 2114 pnel‘ati

440 2141 598 2197 Beda:
623 2139 924 2211 presbyteri
947 2139 1142 2209 legitur
1164 2137 1308 2210 (cap.
1347 2138 1417 2210 l),
1443 2153 1606 2207 quem
1637 2138 1690 2191 in
1713 2138 1873 2192 Luca:
1897 2138 2034 2192 scri-

441 2236 552 2306 psit
601 2233 951 2304 Evangelium
1008 2249 1020 2284 :
1081 2250 1099 2282 ‹
1137 2232 1344 2294 Ilomo,
1379 2232 1573 2300 inquit,
1630 2239 1942 2298 assumptus
1975 2231 2028 2285 in

445 2327 616 2382 Deum
645 2323 976 2378 clariﬁeatus
997 2331 1165 2377 estea
1190 2322 1436 2376 claritate
1467 2337 1628 2392 quam
1660 2323 1896 2376 Verbum
1934 2323 2031 2377 Dei

445 2419 639 2474 habuit
659 2417 974 2486 priusquam
999 2416 1234 2470 mundus
1277 2424 1424 2469 esset
1450 2416 1589 2484 apud
1639 2414 1876 2479 Patrem,
1929 2416 2032 2471 hoc

446 2521 551 2576 est,
593 2519 653 2564 ut
679 2509 822 2563 idem
851 2509 972 2562 Filii
1001 2524 1195 2562 nomen
1224 2509 1468 2563 eamdem
1497 2507 1700 2562 Christi
1741 2522 2030 2576 personam

450 2603 614 2657 homo
640 2601 784 2657 Deus
829 2601 1024 2672 [Beda,
1056 2602 1216 2655 homo
1247 2615 1368 2654 cum
1396 2600 1528 2670 Deo]
1559 2600 1748 2668 plenus
1777 2601 1948 2670 gratia
1977 2609 2034 2656 et

444 2692 676 2748 veritate
727 2691 1040 2746 sortiretur.
1081 2711 1100 2742 ›
1165 2691 1296 2745 Item
1353 2691 1408 2745 in
1467 2689 1656 2745 eodem
1725 2699 1956 2745 tractatu
2013 2709 2027 2746 :

449 2803 470 2835 ι
508 2785 739 2854 Ideoque
770 2793 814 2838 et
843 2784 981 2854 quod
1006 2793 1248 2838 nascetur
1285 2801 1348 2838 ex
1386 2793 1434 2837 te
1462 2793 1726 2852 sanctum,
1758 2784 2033 2838 vocabitur

451 2875 626 2931 Filius
657 2875 775 2930 Dei.
814 2876 895 2931 Ad
925 2877 1328 2931 distinctionem
1378 2888 1580 2932 nostra:
1612 2879 1916 2934 sanctitatis
1941 2878 2031 2934 Je-

450 2983 546 3023 sus
591 2969 940 3039 singulariter
982 2977 1202 3023 sanctus
1246 2971 1556 3024 nasciturus
1596 2972 1876 3026 asscritur.
1922 2969 2032 3025 Nos

2133 1850 2347 1919 spondit
2377 1867 2388 1902 :
2427 1849 2493 1903 Et
2520 1851 2697 1904 vidisti
2737 1868 2884 1915 eum,
2911 1861 2957 1904 et
2995 1852 3085 1921 qui
3117 1850 3351 1921 loquitur
3375 1862 3566 1918 tecum,
3609 1855 3724 1924 ipse

2131 1951 2207 1996 est
2243 1940 2424 2011 (Joau.
2461 1958 2536 2004 Ix,
2569 1942 2662 2007 55,
2693 1943 2806 2013 56).
2841 1943 2972 1997 Item
3021 1944 3114 1998 ubi
3162 1944 3237 1997 ait
3272 1958 3286 1997 :
3337 1944 3468 1998 Cum
3519 1948 3724 2002 venerit

2132 2037 2275 2106 ﬁlius
2295 2039 2525 2093 hominis
2553 2041 2606 2093 in
2633 2041 2905 2110 majestate
2933 2059 3030 2096 sua
3055 2041 3204 2113 (Luc.
3230 2059 3306 2108 lx,
3329 2043 3442 2115 26).
3483 2044 3726 2102 Naturas

2134 2129 2188 2185 in
2220 2129 2438 2184 Christo
2491 2132 2626 2185 duas
2671 2132 3015 2198 conﬁtemur,
3071 2142 3126 2188 et
3174 2135 3308 2188 duas
3336 2137 3722 2204 operationes;

2134 2235 2296 2274 unam
2328 2228 2506 2275 tamen
2533 2222 2893 2288 divinitatem,
2919 2240 3028 2278 non
3057 2226 3211 2280 duas.
3240 2225 3394 2280 Sicut
3419 2229 3566 2282 enim
3592 2245 3723 2285 cum

2134 2312 2363 2368 dicimus
2394 2328 2406 2364 :
2434 2313 2595 2368 homo
2625 2315 2776 2378 vidit,
2808 2331 2917 2371 non
2945 2326 3123 2373 tamen
3173 2326 3321 2374 totus
3361 2319 3523 2376 homo
3561 2323 3726 2389 vidit,

2133 2409 2227 2462 sed
2259 2409 2400 2463 oculi
2437 2413 2809 2466 tantummodo
2837 2429 2851 2466 :
2877 2413 2957 2468 sic
2981 2430 3102 2468 cum
3127 2415 3358 2470 dicimus
3382 2457 3394 2476 .
3421 2415 3566 2471 Deus
3593 2431 3724 2486 pas-

2134 2515 2226 2554 sus
2254 2508 2356 2562 est,
2390 2501 2482 2555 sed
2506 2515 2668 2555 carne
2689 2503 2822 2556 sola.
2847 2503 2966 2557 Alia
2995 2506 3139 2558 enim
3171 2514 3297 2560 sunt
3324 2521 3489 2575 opera
3532 2507 3587 2560 in
3617 2508 3724 2561 hu-

2134 2607 2296 2646 mano
2316 2605 2544 2659 corpore
2574 2593 2788 2660 capitis,
2824 2594 2928 2648 alia
2959 2595 3185 2666 pedum;
3215 2612 3342 2651 nam
3384 2600 3728 2668 unumquod-

2133 2701 2240 2756 que
2267 2687 2571 2741 membrum
2602 2688 2768 2742 habet
2813 2697 2868 2742 et
2919 2705 3054 2759 opus
3103 2707 3259 2746 suum
3309 2692 3583 2760 speciale,
3623 2695 3725 2750 sed

2132 2796 2297 2834 unum
2321 2789 2406 2834 est
2432 2795 2660 2849 corpus,
2713 2790 2770 2834 et
2796 2798 2934 2837 unus
2974 2784 3155 2848 homo,
3213 2785 3266 2838 in
3293 2801 3401 2854 quo
3425 2795 3741 2855 operantur-

2133 2883 2295 2942 caput
2314 2882 2370 2928 et
2395 2875 2560 2943 pedes
2585 2915 2599 2938 ,
2642 2876 2822 2928 anima
2851 2885 3069 2946 regente
3097 2885 3151 2931 et
3180 2877 3509 2934 viviﬁcante.
3547 2879 3728 2933 Aliter

2133 2966 2278 3020 enim
2318 2967 2480 3020 sentit
2513 2967 2738 3021 livorem
2771 2983 2989 3037 corpus,
3044 2969 3201 3024 aliter
3249 2970 3465 3025 animus
3492 2970 3726 3026 verbum

382 3135 390 3140 -
442 3059 671 3128 quippe,
710 3060 810 3113 etsi
840 3060 1012 3113 sancti
1038 3058 1355 3124 elliciamur,
1385 3075 1492 3113 non
1525 3069 1704 3115 tamen
1729 3061 2026 3115 nascimur.
2060 3083 2104 3144 ρ
2136 3056 2360 3122 durum,
2412 3066 2594 3111 tamen
2639 3073 2780 3112 unus
2807 3067 2890 3112 est
2921 3059 3085 3114 homo
3114 3075 3128 3112 :
3157 3061 3236 3115 sic
3263 3070 3347 3114 est
3374 3077 3513 3116 unus
3551 3061 3732 3126 Deus,~

445 3148 540 3204 Ille
569 3158 750 3204 autem
777 3149 923 3204 solus
951 3151 1220 3205 veraciter
1249 3162 1471 3206 sanctus
1500 3161 1605 3215 est,
1628 3153 1744 3222 qui,
1773 3161 1831 3206 ut
1856 3153 2030 3223 ipsam

449 3243 861 3310 conceptionem
885 3249 1094 3294 naturae
1116 3243 1480 3311 corruptibilis
1503 3243 1768 3309 vinceret,
1792 3260 1856 3298 ex
1885 3260 2036 3300 com-

446 3332 711 3389 mixtione
733 3331 966 3386 carnalis
979 3331 1184 3400 copula:
1205 3340 1496 3400 conceptus
1510 3349 1616 3388 non
1631 3343 1733 3388 est.
1753 3334 2032 3401 Sanctum,

447 3424 646 3493 inquit,
678 3423 950 3478 vocabitur
981 3421 1154 3476 Filius
1190 3422 1306 3476 Dei.
1339 3421 1476 3488 Quid
1512 3423 1602 3477 hic
1633 3424 1795 3489 dicis,
1837 3423 2032 3480 Nesto-

446 3517 622 3582 riane,
653 3516 746 3586 qui
777 3516 991 3570 beatam
1021 3514 1244 3568 Mariam
1291 3530 1496 3583 negans
1523 3515 1616 3568 Dei
1645 3529 1764 3570 esse
1805 3517 2035 3586 genitri-

447 3624 604 3671 cem,
643 3615 886 3676 apertam
943 3606 1136 3661 niteris
1185 3606 1502 3676 impugnare
1541 3606 1846 3661 veritatem.
1897 3608 2036 3662 Ecce

449 3699 618 3753 Deum
667 3698 802 3752 dixit
857 3706 1348 3768 superventurum,
1412 3697 1507 3750 Dei
1543 3697 1738 3751 Filium
1795 3698 2034 3752 nascitu-

451 3804 574 3843 rum
609 3806 622 3841 :
661 3786 942 3854 Quomodo
979 3801 1109 3857 ergo
1139 3795 1232 3840 aut
1269 3788 1363 3841 Dei
1405 3787 1572 3842 Filius
1603 3788 1744 3843 Deus
1772 3804 1881 3844 non
1913 3799 2032 3844 est:

455 3887 550 3935 aut
577 3895 696 3948 quze
730 3878 898 3932 Deum
926 3878 1114 3942 edidit,
1139 3878 1410 3947 quomodo
1438 3879 1690 3945 θιὸτοκος,
1723 3879 1906 3944 idest,
1941 3880 2035 3935 Dei

451 3968 688 4040 genitrix
721 3983 828 4022 non
854 3983 976 4022 esse
999 3968 1210 4036 potest?
1243 3988 1261 4020 ι
1930 4015 1938 4023 .

520 4059 657 4113 XIII.
701 4058 796 4114 llis
822 4069 877 4113 et
905 4058 1210 4127 Imjusmodi
1242 4059 1672 4114 testimoniorum
1701 4059 2038 4114 auctoritati-

447 4151 551 4206 bus
579 4150 779 4207 suﬂ‘ulti
805 4152 940 4206 nihil
971 4151 1115 4207 aliud
1145 4152 1210 4206 de
1238 4151 1457 4207 Christo
1482 4151 1752 4206 credimus
1789 4152 1873 4207 vel
1903 4169 2040 4222 pne-

450 4243 720 4304 dicamus,
751 4243 855 4296 nisi
887 4242 976 4296 illa
1007 4258 1126 4312 quae
1175 4242 1499 4297 sanctissimi
1533 4242 1902 4298 Ecclesiarum
1942 4245 2037 4299 Dei

453 4332 704 4387 doctores
727 4333 882 4386 nobis
910 4333 1271 4398 tradiderunt,
1313 4349 1610 4404 omnesque
1642 4336 1910 4391 novitates
1942 4353 2039 4391 vo-

449 4423 657 4478 biscum
681 4429 1028 4477 exsecrantes
1051 4431 1107 4477 et
1127 4423 1559 4479 contradicentes
1584 4424 1731 4478 omni
1755 4425 2037 4493 doctrinm,

2135 3146 2227 3214 qui
2256 3161 2447 3215 passus
2475 3155 2557 3201 est
2583 3155 2638 3200 et
2666 3163 2772 3201 non
2799 3164 3026 3218 passus;
3056 3164 3251 3218 passus
3278 3157 3362 3204 est
3389 3149 3441 3203 in
3469 3151 3726 3205 humani—

2137 3245 2266 3302 tate,
2309 3246 2364 3292 et
2393 3254 2499 3293 non
2525 3253 2720 3307 passus
2742 3241 2794 3294 in
2810 3219 3108 3296 divinitate:
3133 3241 3286 3296 Unde
3315 3250 3369 3296 et
3388 3258 3528 3297 unus
3547 3232 3732 3298 Filius

2136 3327 2231 3382 Dei
2261 3327 2316 3383 in
2345 3343 2450 3382 una
2479 3343 2712 3398 persona
2738 3341 2792 3383 et
2836 3330 3044 3385 duabus
3073 3331 3288 3384 naturis
3335 3331 3492 3401 digne
3520 3333 3732 3402 pieque

2137 3419 2475 3476 conﬁtendus
2503 3429 2606 3475 est.
2667 3421 2797 3477 Sine
2849 3423 2960 3477 Deo
2993 3424 3172 3478 Verbo
3225 3431 3508 3495 segregato
3536 3422 3725 3478 carnis

2137 3519 2330 3566 natura
2359 3528 2466 3567 non
2493 3522 2575 3567 est
2596 3522 2856 3584 concepta
2887 3515 2942 3568 in
2966 3515 3216 3586 virginali
3240 3524 3428 3582 utero;
3459 3514 3553 3570 sed
3580 3514 3728 3570 inef-

2137 3603 2375 3658 fahiliter
2427 3603 2521 3658 Dei
2557 3605 2795 3659 Verbum
2824 3605 3036 3658 unitum
3067 3613 3150 3660 est
3203 3607 3389 3670 carni,
3423 3615 3483 3661 ut
3508 3619 3637 3659 vere
3662 3612 3726 3660 et

2138 3696 2415 3753 inconiuse
2460 3697 2732 3767 perfectus
2760 3697 2914 3753 ﬁeret
2963 3699 3170 3753 homo:
3209 3681 3354 3754 unde
3387 3713 3512 3754 eum
3540 3697 3722 3753 homi-

2138 3804 2262 3844 nem
2291 3788 2530 3844 simulet
2557 3788 2728 3844 Deum
2757 3789 3080 3845 conﬁtemur
3119 3791 3408 3845 habentem
3440 3791 3495 3844 in
3541 3789 3744 3860 seipso.

2137 3891 2449 3953 utrumque,
2477 3890 2534 3937 et
2571 3891 2820 3954 naturam
2847 3883 3029 3945 Verbi,
3054 3897 3160 3952 qua
3184 3881 3327 3936 Deus
3341 3891 3446 3948 est,
3469 3890 3524 3936 et
3555 3889 3722 3936 natu-

2138 3989 2256 4028 ram
2287 3972 2488 4032 carnis,
2517 3987 2623 4040 qua
2661 3972 2806 4025 idem
2845 3969 2987 4026 Deus
3009 3971 3171 4025 homo
3196 3979 3298 4024 est.
3331 3970 3500 4026 Totus
3528 3978 3583 4025 et
3599 3986 3730 4040 per-

2139 4064 2315 4119 t‘eetus
2341 4063 2484 4118 Deus
2513 4064 2568 4116 in
2595 4064 2815 4118 homine
2835 4101 2852 4126 ,
2906 4070 2960 4118 et
2986 4061 3258 4132 perfectus
3283 4064 3444 4117 homo
3479 4063 3534 4118 in
3562 4063 3674 4118 Deo
3703 4081 3722 4118 :

2139 4170 2278 4212 unus
2303 4154 2447 4207 Deus
2481 4161 2537 4207 et
2574 4169 2715 4207 unus
2755 4152 2936 4216 homo,
2967 4153 3132 4208 etiam
3182 4161 3236 4207 et
3282 4169 3424 4208 unus
3447 4152 3724 4210 Christus.

2141 4244 2244 4311 Qui
2287 4251 2477 4298 contra
2533 4243 2697 4313 hujus
2749 4243 2872 4298 ﬁdei
2920 4245 3206 4299 veritatem
3242 4245 3430 4300 venire
3481 4253 3730 4300 tentave—

2142 4337 2249 4399 rit,
2293 4335 2599 4392 nullatenus
2653 4337 2976 4404 catholicus,
3030 4339 3124 4394 sed
3175 4338 3553 4394 schismaticus
3580 4339 3736 4394 testi-

2146 4427 2376 4481 mandus
2403 4432 2505 4480 est.

457 4545 3706 4580 Μὴ,

1683 4675 1688 4682 .
1768 4623 2001 4684 LIBER
2043 4625 2408 4699 QUINTUS.

527 4803 570 4859 l.
601 4803 780 4858 Multis
807 4802 1071 4872 siquidem
1099 4804 1484 4873 praetermissis
1506 4819 1624 4873 qua:
1653 4805 1705 4859 in
1732 4806 1912 4863 libello
1947 4814 2038 4863 tuo
2065 4807 2119 4869 D
2144 4809 2356 4864 Veritas
2407 4810 2651 4880 recipere
2710 4810 2887 4865 renuit
2913 4851 2926 4875 ,
2975 4809 3349 4865 obmutescere
3378 4826 3502 4866 eum
3536 4814 3734 4883 prteci-

454 4895 730 4964 leguntur,
779 4895 976 4963 quibus
1027 4895 1219 4968 niteris
1257 4895 1548 4958 aIIirmare,
1602 4895 1893 4952 Dominum
1943 4913 2041 4954 no-

459 4993 631 5040 strum
661 4981 845 5039 Jrsum
893 4984 1167 5040 Christum
1201 4985 1369 5040 Deum
1411 5000 1596 5040 verum
1629 5002 1734 5040 non
1761 5001 1881 5041 esse
1906 5027 1920 5050 ,
1973 4987 2039 5040 ad

456 5091 600 5144 quae,
623 5082 882 5142 quantum
911 5075 1067 5128 nobis
1082 5075 1259 5129 divina
1279 5074 1574 5130 donaverat
1592 5077 1784 5146 gratia,
1817 5092 2042 5146 respon-

458 5165 741 5229 debamus,
772 5167 988 5220 tandem
1019 5166 1107 5220 illo
1129 5167 1492 5235 pervenimus,
1517 5168 1608 5222 ubi
1637 5169 1868 5223 destruis
1897 5167 2040 5238 quod

461 5255 762 5319 :ediﬁcasti,
817 5263 870 5310 et
915 5256 1193 5312 conﬁteris
1234 5274 1353 5328 quze
1402 5259 1630 5329 negasti.
1685 5258 1803 5314 Jam
1859 5260 2042 5315 nescio

457 5356 642 5402 utrum
681 5348 902 5403 subdola
931 5349 1276 5406 simulatione
1320 5351 1593 5420 prioribus
1624 5351 1730 5406 tuis
1774 5352 2042 5406 sermoni-

460 5438 564 5494 bus
594 5441 788 5495 melius
809 5441 1155 5510 crederetur,
1188 5443 1386 5512 quibus
1410 5443 1725 5498 multimoda
1753 5459 2040 5513 argumen-

463 5529 671 5586 tatione
725 5533 1010 5587 veritatem
1065 5535 1381 5605 impugnare
1416 5535 1702 5604 probaris;
1770 5543 1863 5588 aut
1919 5552 2044 5591 cum

463 5619 679 5675 diabolo
701 5623 893 5678 timore
917 5625 1240 5692 perterritus
1270 5625 1457 5679 nolens
1497 5625 1772 5679 Christum
1800 5625 1896 5680 Dei
1949 5625 2043 5680 Fi-

469 5708 598 5765 lium
633 5726 752 5769 esse
781 5715 1084 5783 conﬁteris;
1115 5715 1266 5786 cujus
1291 5717 1656 5772 testimonium
1685 5719 1882 5791 ubique
1930 5719 2044 5789 ipsa

2142 4906 2330 4976 piens;
2359 4907 2483 4975 quia
2508 4906 2600 4960 tali
2635 4905 2915 4959 laudatore.
2941 4904 3054 4974 ipse
3087 4903 3181 4958 Dei
3212 4904 3382 4959 Filius
3407 4905 3732 4974 dedignatus

2141 5004 2226 5050 est
2255 4995 2556 5067 pnedicari.
2591 4995 2738 5049 Dicis
2763 4995 2909 5048 enim
2941 4995 3192 5048 eumdem
3233 5009 3352 5049 esse
3395 4993 3592 5049 Filium
3629 4994 3732 5052 Dei

2144 5087 2237 5158 qui
2281 5096 2365 5141 est
2407 5096 2462 5141 et
2511 5087 2653 5140 ﬁlius
2681 5085 2940 5150 hominis,
2980 5093 3036 5140 et
3065 5084 3233 5138 ﬁlium
3263 5085 3498 5140 hominis
3524 5085 3617 5156 qui
3643 5097 3732 5142 est

2144 5177 2312 5232 Filius
2337 5177 2457 5244 Dei,
2485 5186 2546 5231 ut
2564 5193 2628 5231 ex
2661 5177 2766 5230 tuis
2793 5177 2976 5232 verbis
3012 5176 3262 5246 cognosci
3287 5185 3501 5245 poterat
3529 5195 3542 5230 :
3577 5195 3596 5227 ι
3625 5175 3732 5243 Qui

2144 5266 2331 5330 illum,
2373 5266 2575 5336 inquis,
2603 5267 2703 5321 sibi
2729 5282 2793 5322 ex
2818 5275 2975 5321 utero
3001 5267 3210 5332 matris,
3243 5267 3448 5322 scilicet
3497 5267 3567 5322 ab
3614 5268 3738 5338 ipso

2146 5366 2407 5430 conceptu
2459 5359 2513 5412 in
2565 5358 2942 5430 singula-ritate
2984 5373 3093 5412 suae
3138 5373 3383 5428 persona:
3430 5358 3506 5412 ita
3556 5358 3734 5412 univit

2147 5457 2310 5517 atque
2333 5448 2642 5515 conseruit,
2675 5457 2736 5504 ut
2764 5449 2861 5503 Dei
2908 5447 3082 5504 Filius
3123 5457 3268 5502 esset
3300 5448 3537 5504 hominis
3563 5449 3732 5517 ﬁlius,

2146 5554 2255 5593 non
2296 5541 2658 5596 mutabilitate
2687 5551 2914 5605 naturai,
2948 5541 3042 5596 sed
3091 5539 3403 5609 dignatione
3432 5557 3445 5593 :
3479 5539 3734 5594 similiter

2147 5629 2454 5686 ethominis
2498 5631 2640 5686 ﬁlius
2667 5639 2812 5686 esset
2839 5631 2936 5684 Dei
2965 5629 3133 5684 Filius
3153 5671 3167 5696 ,
3201 5647 3310 5686 non
3367 5631 3734 5686 versibilitate

2149 5720 2480 5788 substantiae,
2509 5723 2600 5778 sed
2631 5723 2682 5776 in
2709 5723 2805 5778 Dei
2833 5721 2969 5777 Filio
2991 5730 3136 5778 esset
3160 5737 3321 5778 verus
3342 5721 3536 5778 Filius.
3572 5740 3590 5774 ι
3621 5721 3734 5778 Nec
