4030 6358
1014 289 1426 350 DOGMATICA.
1466 321 1536 332 —
1570 291 1732 347 ADV.
1773 288 2067 346 FELlCEM
2105 290 2286 348 LIBRI
2325 292 2434 349 Vll.
2470 323 2542 335 ——
2575 291 2704 360 LIB.
2747 294 2809 350 V.

3455 296 3560 355 190

289 403 608 468 mirandum
647 410 732 461 est
771 402 819 459 si
866 404 936 459 ab
967 403 1090 460 aliis
1139 407 1192 459 i-n
1225 404 1490 459 catholica
1535 401 1871 472 professione
1900 405 1952 464 Α
1975 417 2084 467 res,
2114 418 2330 459 omnem
2351 407 2553 462 erroris
2577 407 2857 476 perﬁdiam
2885 407 3167 466 destruere
3191 409 3248 464 in
3284 416 3338 466 te
3357 412 3563 481 potuis-

293 499 588 557 dissentire
623 495 890 568 probaris,
920 496 1046 551 dum
1074 495 1174 550 tibi
1218 496 1321 566 ipsi
1358 511 1456 565 per
1484 495 1628 549 vices
1671 493 1876 548 discor-

291 594 427 650 dare
452 588 679 644 videris.
726 586 786 643 In
837 587 939 642 hac
967 589 1111 641 enim
1159 587 1427 642 sententia
1464 594 1552 641 tua
1579 584 1878 640 catholicus

290 682 558 740 testimari
593 681 883 752 potuisses,
916 681 960 735 si
986 680 1138 750 prius
1165 680 1394 751 teipsum
1423 679 1476 732 in
1508 678 1770 748 pravitate
1799 676 1876 730 tui

289 775 501 830 erroris
521 789 627 827 non
653 772 985 826 ostenderes.
1019 771 1164 825 Dicis
1188 771 1370 840 itaque
1390 811 1404 834 ,
1437 780 1494 824 ut
1518 771 1576 826 in
1601 769 1696 823 Dei
1728 767 1874 822 Filio

287 879 414 918 vero
452 872 587 917 esset
611 861 819 924 Filius;
849 861 894 915 sl
918 869 1002 914 est
1032 860 1084 913 in
1110 874 1242 913 vero
1263 859 1358 913 Dei
1391 859 1527 913 Filio
1551 857 1743 921 Filius,
1776 855 1871 927 qui

287 966 373 1012 est
397 956 671 1020 Christus,
705 956 869 1024 igitur
887 963 943 1008 et
969 968 1131 1007 verus
1152 962 1236 1007 est
1261 952 1432 1006 Filius
1454 992 1470 1016 ,
1512 951 1639 1020 quia
1663 952 1718 1004 in
1743 964 1874 1004 vero

287 1050 425 1103 nihil
453 1056 632 1118 potest
667 1047 812 1101 aliud
838 1063 959 1102 esse
991 1046 1096 1100 nisi
1122 1045 1345 1100 veritas.
1381 1045 1447 1098 Et
1476 1044 1680 1098 nullum
1710 1043 1875 1098 habet

287 1137 468 1192 locum
509 1138 726 1206 adoptio
760 1138 812 1190 in
837 1137 1122 1190 nativitate
1150 1135 1417 1190 veritatis.
1452 1127 1603 1190 Unus
1629 1141 1712 1187 est
1742 1148 1874 1203 ergo

285 1229 384 1284 Dei
409 1229 447 1282 F
455 1231 579 1284 ilius
593 1229 860 1294 Christus,
886 1229 1028 1282 Deus
1052 1237 1108 1282 et
1128 1228 1288 1282 homo
1309 1241 1470 1282 verus
1495 1235 1549 1280 et
1575 1225 1870 1296 perfectus,

284 1329 346 1374 ut
380 1336 526 1390 smpe
556 1321 758 1375 dictum
786 1328 888 1375 est.
922 1317 1184 1388 Adjungis
1204 1333 1418 1388 quoque
1448 1335 1460 1374 :
1501 1334 1604 1370 non
1631 1316 1736 1370 duo
1772 1316 1869 1380 dii,

283 1411 432 1480 quod
469 1420 659 1465 contra
703 1411 1044 1480 temetipsum
1089 1425 1332 1478 pugnare
1376 1407 1724 1462 manifestum
1764 1414 1866 1462 est.

279 1499 423 1557 Nam
451 1504 500 1557 si
525 1504 631 1557 duo
677 1503 749 1557 dii
778 1517 885 1556 non
931 1511 1076 1566 sunt,
1107 1517 1236 1572 ergo
1263 1518 1370 1556 non
1402 1512 1482 1557 est
1532 1502 1586 1555 in
1631 1516 1696 1555 eo
1725 1501 1867 1556 Deus

277 1607 469 1659 verus,
501 1603 554 1649 et
581 1595 722 1649 Deus
765 1594 1189 1664 nuncupativus,
1251 1593 1343 1648 sed
1398 1601 1482 1647 est
1537 1607 1678 1646 unus
1726 1591 1868 1646 Deus

277 1701 467 1753 verus,
501 1688 627 1757 quia
659 1687 801 1741 Deus
825 1688 1028 1740 veritas
1047 1695 1149 1751 est,
1180 1693 1363 1740 etnon
1393 1693 1478 1739 est
1506 1684 1778 1739 simulatio
1805 1684 1860 1738 in

280 1796 366 1845 eo,
399 1782 496 1836 sed
518 1784 683 1834 totius
703 1779 825 1834 fons
851 1779 1118 1834 veritatis.

353 1875 416 1928 ll.
463 1873 724 1944 Sequitur
741 1881 796 1926 et
817 1872 987 1927 altera
1021 1873 1074 1926 in
1106 1871 1288 1926 libello
1316 1879 1407 1924 tuo
1432 1869 1696 1924 sententia
1718 1869 1858 1938 prio-

279 1964 432 2018 ribus
464 1965 574 2018 tuis
607 1965 787 2018 verbis
840 1979 945 2018 non
989 1963 1337 2017 conveniens.
1376 1981 1392 2012 ‹
1428 1962 1624 2031 Ipsum,
1661 1961 1860 2029 inquis,

279 2055 559 2109 credimus
583 2069 770 2109 verum
797 2061 851 2107 et
877 2053 1151 2123 proprium
1183 2052 1278 2104 Dei
1324 2051 1541 2113 Filium,
1585 2065 1648 2103 ae
1673 2065 1862 2104 verum

277 2144 483 2208 Deum,
528 2145 621 2213 qui
649 2143 941 2198 secundum
992 2142 1217 2196 formam
1269 2141 1366 2194 Dei
1395 2141 1479 2194 bis
1507 2141 1720 2212 genitus
1746 2147 1858 2204 est;

274 2238 456 2310 primo
477 2236 725 2290 videlicet
763 2235 829 2288 de
861 2234 1022 2288 Patre
1058 2234 1173 2290 sine
1206 2249 1370 2288 carne
1398 2235 1604 2302 absque
1635 2241 1808 2287 matre
1839 2251 1852 2286 :

275 2329 520 2384 secundo
545 2343 678 2381 vero
698 2342 762 2380 ex
798 2334 969 2380 matre
996 2341 1118 2380 cum
1147 2341 1311 2379 carne
1349 2325 1468 2378 sine
1495 2324 1676 2378 Patre.
1705 2323 1861 2377 Illum

273 2435 466 2475 verum
493 2420 662 2473 Deum
683 2435 747 2473 ex
767 2426 995 2486 utroque
1010 2427 1232 2487 parente
1255 2417 1597 2471 ineffabiliter
1621 2416 1858 2486 genitum

272 2515 582 2577 credimus,
631 2513 717 2567 cui
749 2512 912 2568 Pater
940 2527 1036 2582 per
1066 2511 1234 2566 David
1266 2511 1500 2580 loquitur
1531 2527 1544 2566 :
1572 2509 1731 2583 831
1777 2507 1862 2562 Ea:

273 2617 424 2662 utero
449 2615 571 2660 ante
592 2603 868 2672 luciferum
887 2604 1040 2674 genui
1059 2614 1126 2657 te.
1142 2624 1158 2655 ι
1177 2603 1342 2657 Paulo
1364 2611 1485 2656 ante
1509 2601 1689 2656 dixisti
1704 2600 1860 2654 Chri-

273 2707 424 2753 stum
451 2697 592 2753 duos
609 2698 813 2753 habere
837 2705 1039 2766 patres.
1077 2695 1242 2748 David
1275 2694 1483 2748 scilicet
1533 2692 1858 2755 naturalem,

273 2801 330 2846 et
349 2790 518 2844 Deum
547 2789 764 2844 Patrem
783 2805 848 2843 ex
868 2787 1186 2856 adoptione;
1220 2787 1307 2840 hic
1331 2801 1480 2850 vero,
1509 2784 1702 2838 horum
1724 2784 1860 2839 obli-

272 2888 365 2934 tus
399 2880 724 2944 verborum,
756 2877 837 2933 ais
866 2896 878 2931 :
909 2877 1136 2931 secundo
1167 2893 1286 2931 vero
1314 2893 1378 2929 ex
1407 2885 1574 2928 nmtre
1608 2876 1720 2929 sine
1765 2892 1860 2945 pa-

271 2983 371 3026 tre.
404 2973 561 3040 Quod
589 2981 878 3042 utrumque
908 2987 1096 3027 verum
1128 2985 1367 3025 essenon
1397 2970 1612 3040 poterit,
1638 2978 1698 3024 ut
1724 2970 1858 3025 duos

272 3063 494 3126 habeat,
525 3071 580 3117 et
625 3064 829 3118 nullum
867 3063 1062 3118 habeat
1091 3062 1362 3128 Christus,
1391 3064 1684 3118 secundum
1715 3065 1856 3132 quod

271 3153 437 3208 homo
458 3162 559 3220 est,
587 3153 821 3208 Patrem.
854 3153 910 3209 Si
935 3171 1062 3225 ergo
1099 3155 1393 3210 secundum
1441 3163 1589 3208 tuam
1643 3165 1860 3209 sentenc-

270 3245 408 3299 tiam
436 3261 600 3300 verus
623 3245 721 3300 Dei
757 3239 934 3301 Filius’
957 3248 1044 3300 bis
1082 3247 1298 3316 genitus
1322 3255 1436 3311 est,
1488 3253 1543 3300 et
1570 3255 1653 3300 est
1701 3262 1860 3301 verus

269 3331 372 3389 Dei
395 3334 565 3390 Filius
594 3336 648 3389 in
684 3335 914 3406 utraque
955 3337 1236 3391 nativitate
1262 3379 1276 3402 ,
1319 3347 1544 3408 paterna
1574 3337 1781 3392 scilicet
1806 3347 1859 3392 et

269 3434 544 3490 materna,
577 3428 844 3496 quomodo
873 3435 1050 3496 potest
1089 3427 1204 3480 ﬁeri
1240 3436 1298 3480 ut
1337 3444 1444 3480 non
1475 3428 1584 3483 sint
1612 3429 1716 3483 duo
1762 3427 1858 3482 lilii

269 3533 340 3573 ex
379 3527 554 3574 matre
573 3519 715 3584 nati;
743 3535 902 3584 unus,
935 3534 1094 3589 quem
1124 3529 1179 3572 tu
1205 3520 1406 3574 asserls
1433 3519 1696 3575 catholica
1731 3537 1859 3575 voce

271 3624 464 3664 verum
491 3624 615 3664 esse
634 3609 829 3664 Filium
859 3610 984 3675 Dei;
1014 3611 1168 3674 alter,
1215 3627 1374 3680 quem
1403 3619 1494 3665 tua
1529 3613 1856 3682 perversitas

271 3715 468 3756 verum
495 3719 602 3756 non
629 3719 749 3757 esse
779 3702 973 3758 Filium
1013 3703 1105 3758 Dei
1144 3703 1408 3758 afﬁrmat?
1437 3705 1640 3760 Verum
1669 3714 1723 3759 et
1751 3723 1857 3760 non

268 3806 466 3849 Verum
491 3792 797 3848 nullatenus
824 3811 988 3848 unum
1018 3811 1136 3850 esse
1163 3806 1372 3866 potest;
1401 3799 1482 3854 sic
1505 3801 1668 3855 etiam
1700 3817 1860 3855 verus

272 3881 440 3944 ﬁlius,
474 3891 528 3936 et
558 3899 664 3937 non
687 3899 850 3939 verus
892 3885 1032 3941 ﬁlius
1057 3887 1363 3944 nullatenus
1391 3905 1530 3944 unus
1561 3906 1683 3946 esse
1708 3901 1860 3961 pote-

273 3973 349 4028 rit
375 3973 518 4027 ﬁlius
549 3993 561 4026 :
589 3990 687 4028 nec
715 3973 856 4034 Deus
870 3991 1030 4032 verus
1056 3988 1110 4032 et
1136 3979 1278 4036 Deus
1307 3982 1702 4051 nuncupativus
1720 3999 1858 4038 unus

270 4077 395 4117 esse
425 4063 663 4131 poterit:
703 4065 829 4133 quia
859 4065 1005 4121 aliud
1034 4076 1118 4123 est
1139 4070 1462 4124 omnimodis
1487 4071 1690 4126 veritas
1715 4072 1855 4126 divi-

270 4154 465 4208 nitatis
490 4195 504 4217 ,
538 4163 592 4208 et
620 4155 765 4210 aliud
786 4159 1114 4227 nuncupatio
1140 4161 1282 4215 nuda
1314 4162 1548 4224 deitatis,
1582 4170 1642 4216 ut
1690 4179 1854 4233 supra

268 4249 614 4304 ostendimus
639 4250 690 4304 in
719 4251 900 4326 Moyse
921 4261 975 4307 et
1003 4255 1214 4310 caeteris
1256 4257 1494 4322 sanctis;
1529 4259 1623 4312 sed
1641 4267 1857 4313 utrum-

269 4356 380 4410 que
410 4341 466 4393 in
489 4357 593 4394 una
618 4358 850 4412 persona
875 4345 1180 4404 nullatenus
1205 4364 1324 4402 esse
1354 4350 1574 4418 poterit,
1599 4351 1724 4420 quia
1749 4349 1852 4404 alia

1974 501 2077 560 set,
2109 504 2358 565 tuamque
2391 498 2800 569 intelligentiam
2831 515 3089 558 revocare
3117 503 3187 558 ad
3230 505 3562 576 agnitionem

1974 587 2220 644 veritatis
2245 589 2466 645 valeret.
2496 593 2574 646 Ex
2603 595 2706 648 hac
2729 603 2875 650 certe
2911 594 3092 652 radice
3123 596 3288 653 totius
3323 595 3560 654 inﬁdeli-

1973 677 2102 730 tatis
2129 685 2234 734 tuaa
2260 679 2457 747 spinet,
2483 689 2541 734 ut
2572 682 2804 749 videtur,
2836 694 3219 740 succreverunt
3239 720 3254 751 ,
3285 687 3426 757 quod
3466 693 3560 744 tuo

1974 783 2136 822 sensu
2182 769 2508 837 impossibile
2541 771 2771 838 videtur,
2820 774 2990 828 ﬁlium
3037 775 3194 831 aliter
3239 792 3397 846 posse
3437 793 3562 836 esse

1972 859 2246 928 proprium
2269 899 2284 923 ,
2318 860 2423 914 nisi
2453 875 2517 924 ex
2550 869 2739 916 natura
2775 872 3058 932 parentum
3099 875 3245 921 totus
3270 875 3557 935 nascatur;

1973 964 2080 1003 non
2109 949 2416 1019 intelligens
2448 951 2676 1020 teipsum
2717 967 2840 1007 esse
2880 954 3047 1009 ﬁlium
3081 957 3356 1026 proprium
3385 958 3558 1028 patris

1973 1040 2269 1109 matrisque
2307 1049 2438 1106 tum,
2475 1042 2600 1096 licet
2643 1042 2872 1098 nobilior
2908 1053 3099 1099 natura
3126 1061 3245 1116 qua:
3282 1047 3335 1101 in
3371 1055 3426 1102 te
3451 1055 3558 1116 est,

1973 1130 2151 1184 anima
2174 1131 2398 1196 scilicet,
2431 1149 2496 1187 ex
2523 1133 2737 1189 illorum
2760 1143 2954 1189 natura
2979 1152 3086 1191 non
3109 1147 3560 1209 esset,generata,

1973 1220 2068 1276 sed
2101 1237 2170 1276 ex
2204 1222 2409 1287 nihilo,
2440 1232 2499 1278 ut
2531 1225 2763 1290 asseris,
2802 1233 3006 1280 creata.
3044 1227 3174 1294 Quae
3212 1238 3298 1283 est
3336 1231 3450 1286 haec
3489 1231 3560 1286 ab

1971 1314 2117 1368 omni
2147 1315 2353 1369 ratione
2379 1332 2564 1371 aversa
2594 1326 2698 1371 tua:
2733 1319 2929 1373 mentis
2959 1321 3172 1375 emacitas
3194 1362 3209 1386 ,
3244 1322 3336 1392 qui
3373 1325 3428 1378 in
3461 1324 3562 1381 Dei

1970 1405 2146 1460 Patris
2171 1409 2331 1462 unico
2354 1418 2406 1462 et
2435 1410 2654 1480 proprio
2689 1409 2825 1465 Filio
2850 1427 2970 1467 esse
3005 1429 3112 1467 non
3140 1429 3301 1483 posse
3337 1425 3560 1472 conten-

1971 1498 2075 1562 dis,
2114 1500 2255 1566 quod
2289 1501 2340 1554 in
2378 1503 2550 1570 teipse
2591 1517 2713 1556 esse
2745 1502 3050 1558 nullatenus
3089 1520 3286 1575 negare
3319 1507 3559 1574 poteris?

1971 1589 2030 1643 Si
2055 1590 2216 1658 igitur
2241 1606 2304 1645 ex
2335 1592 2513 1646 anima
2543 1599 2597 1647 et
2618 1608 2780 1648 carne
2811 1601 2952 1648 totus
2973 1609 3034 1649 es
3055 1596 3307 1664 proprius
3332 1596 3475 1650 ﬁlius
3502 1605 3562 1652 et

1969 1697 2132 1738 verus
2179 1693 2462 1752 parentum
2513 1695 2725 1740 tuorum
2751 1727 2765 1752 ,
2807 1701 2976 1756 quare
3020 1703 3126 1740 nou
3171 1687 3341 1742 multo
3387 1688 3559 1758 magis

1967 1775 2143 1829 credis
2183 1775 2353 1830 Deum
2391 1779 2811 1846 omnipotentem
2841 1794 3026 1832 verum
3056 1787 3109 1832 et
3148 1779 3426 1848 proprium
3468 1779 3558 1834 Fi-

1965 1865 2127 1931 lium,
2159 1882 2223 1922 ex
2253 1869 2474 1938 Virgine
2503 1877 2690 1924 natum
2720 1871 2772 1923 in
2799 1869 3009 1925 duabus
3043 1871 3356 1925 substantiis
3385 1871 3556 1930 Deum

1965 1957 2239 2012 hominem
2265 1998 2281 2025 ,
2318 1960 2518 2015 habere
2555 1961 2832 2030 potuisse?
2877 1960 3126 2032 Nunquid
3170 1963 3438 2032 impotens
3471 1972 3557 2020 est

1964 2049 2106 2103 Deus
2130 2051 2182 2104 in
2213 2067 2271 2106 se
2300 2052 2562 2122 perﬁcere
2589 2054 2733 2122 quod
2770 2061 2964 2123 potens
3003 2061 3084 2108 est
3122 2055 3176 2108 in
3211 2055 3555 2124 uniuscujus-

1964 2155 2066 2208 que
2096 2143 2330 2196 hominis
2355 2144 2634 2199 nativitate
2661 2144 2914 2200 efﬁcere?
2935 2146 3040 2200 Aut
3059 2162 3188 2218 ergo
3211 2149 3552 2218 temetipsum

1963 2235 2142 2289 divide
2163 2235 2215 2290 in
2239 2237 2373 2290 duos
2397 2237 2556 2301 ﬁlios,
2585 2241 2859 2308 proprium
2888 2256 2953 2294 ex
2981 2257 3144 2297 carne
3163 2251 3218 2296 et
3243 2243 3554 2313 adoptivum

1963 2341 2028 2380 ex
2062 2329 2241 2381 anima
2272 2329 2586 2397 parentibus
2616 2331 2749 2392 tuis,
2785 2340 2877 2385 aut
2915 2332 2961 2385 si
3000 2333 3104 2387 hoc
3131 2335 3424 2389 absurdum
3457 2335 3555 2390 tibi

1962 2418 2101 2474 forte
2129 2421 2394 2487 videatur,
2425 2423 2658 2477 concede
2688 2423 2796 2477 Deo
2825 2423 2970 2478 Patri
3005 2440 3068 2478 ea
3098 2424 3244 2496 lege,
3276 2427 3361 2481 vel
3389 2428 3555 2482 etiam

1962 2515 2293 2584 potentiore,
2319 2517 2596 2584 proprium
2635 2526 2688 2570 et
2731 2533 2856 2572 vere
2892 2518 3088 2573 Filium
3116 2536 3181 2574 ex
3211 2520 3433 2590 Virgine
3460 2537 3558 2576 na-

1964 2611 2075 2656 tum
2111 2603 2312 2658 habere
2351 2606 2621 2673 potuisse,
2656 2621 2759 2674 qua
2801 2615 2852 2661 te
2889 2608 2970 2661 vis
3013 2615 3225 2663 tuorum
3268 2620 3554 2679 parentum

1960 2693 2238 2763 proprium
2270 2709 2389 2748 esse
2421 2695 2626 2760 ﬁlium;
2657 2698 2902 2765 quamvis
2933 2698 3238 2754 nullatenus
3269 2701 3556 2770 adtequare

1960 2785 2135 2852 possis
2174 2784 2318 2838 illam
2354 2785 2676 2840 ineffabilem
2720 2788 2811 2840 Dei
2851 2796 2905 2842 et
2943 2789 3176 2844 hominis
3208 2791 3264 2843 in
3293 2808 3400 2846 una
3427 2807 3554 2861 per-

1963 2889 2094 2928 sena
2133 2875 2469 2929 nativitatem
2491 2916 2504 2939 ,
2535 2884 2590 2929 et
2631 2877 3059 2932 convenientiam
3096 2879 3344 2934 humana:
3369 2882 3556 2936 condi—

1963 2967 2128 3023 tionis
2173 2968 2570 3023 consuetudini.
2622 2969 2729 3023 Aut
2780 2978 2832 3024 te
2882 2986 3012 3042 ergo
3065 2972 3368 3027 naturalem
3417 2989 3554 3045 nega

1967 3059 2132 3114 ﬁlium
2159 3073 2278 3113 esse
2304 3074 2369 3114 ex
2399 3059 2591 3114 anima:
2631 3063 2926 3117 substantia
2966 3074 3250 3132 parentum
3287 3073 3502 3124 tuorum
3537 3086 3549 3122 :

1964 3157 2055 3204 aut
2078 3151 2188 3205 Deo
2213 3151 2448 3205 concede
2476 3152 2753 3225 proprium
2783 3168 2847 3206 ex
2878 3154 3124 3225 virginali
3165 3164 3319 3211 utero
3352 3158 3554 3214 habere

1961 3240 2188 3306 Filium;
2221 3242 2452 3296 maxime
2490 3242 2615 3311 quia
2657 3243 2777 3297 talis
2806 3245 2984 3299 unitas
3015 3254 3097 3300 est
3141 3247 3194 3300 in
3235 3247 3344 3303 Deo
3369 3255 3424 3301 et
3451 3250 3553 3304 ho-

1961 3330 2105 3384 mine
2125 3371 2138 3394 ,
2169 3339 2227 3384 ut
2255 3331 2327 3385 sit
2358 3347 2463 3384 uua
2508 3347 2736 3401 persona
2767 3333 2860 3388 Dei
2900 3335 3240 3406 hominisque
3259 3379 3273 3403 ,
3303 3337 3430 3393 licet
3454 3340 3555 3395 how-

1959 3423 2122 3477 minis
2151 3424 2222 3476 sit
2258 3424 2474 3494 proprie
2518 3425 2658 3494 quod
2699 3427 2943 3482 mortalis
2985 3427 3117 3495 fuit,
3157 3439 3214 3486 et
3253 3433 3554 3489 divinitatis

1959 3519 2101 3587 quod
2129 3534 2342 3589 semper
2373 3519 2490 3574 fuit.
2523 3521 2589 3574 Et
2622 3522 2759 3575 sicut
2792 3524 3018 3592 teipsum
3054 3523 3339 3578 mortalem
3366 3532 3420 3578 et
3451 3523 3554 3579 im-

1960 3609 2243 3662 mortalem
2271 3625 2390 3664 esse
2413 3626 2516 3663 non
2542 3611 2793 3681 deuegas,
2823 3613 2896 3668 ita
2925 3622 2978 3668 et
2998 3612 3244 3668 Christus
3271 3614 3555 3669 divinitate

1958 3700 2172 3768 quidem
2207 3701 2560 3767 immortalis,
2594 3718 2756 3757 carne
2805 3704 2917 3758 sola
2953 3704 3197 3758 mortalis
3235 3713 3353 3759 erat
3385 3720 3399 3758 :
3431 3720 3553 3774 quae

1957 3795 2138 3844 tamen
2168 3789 2283 3858 ejus
2318 3807 2446 3845 caro
2476 3792 2686 3847 devicta
2727 3801 2898 3847 morte
2932 3791 3116 3863 (juxta
3144 3809 3331 3848 veram
3368 3802 3423 3848 et
3460 3810 3552 3848 ca-

1960 3881 2211 3935 tholicam
2239 3881 2432 3941 ﬁdem)
2459 3897 2604 3936 nunc
2630 3883 2793 3936 etiam
2823 3884 2889 3936 ad
2923 3885 3198 3937 dexteram
3233 3881 3413 3937 Patris
3441 3882 3554 3937 col-

1956 3972 2129 4028 locata
2149 4015 2162 4036 ,
2195 3981 2250 4027 et
2277 3974 2331 4026 in
2359 3973 2656 4027 divinitatis
2686 3975 2982 4042 potentiam
3013 3973 3310 4044 gloriﬁcata
3352 3973 3549 4026 immu-

1957 4064 2193 4119 tabiliter
2228 4073 2418 4136 regnat
2467 4065 2518 4118 in
2563 4065 2732 4120 cmlis.
2783 4065 2859 4121 De
2907 4066 2993 4128 his
3027 4063 3140 4134 jam
3177 4065 3424 4134 superius
3462 4079 3550 4119 me

1956 4156 2069 4212 scio
2095 4155 2313 4209 uberius
2343 4156 2872 4225 disputzisse,.tamen
2896 4161 3116 4224 propter
3139 4157 3419 4208 sententia:
3448 4155 3548 4208 hu-

1949 4244 2037 4314 jus
2066 4245 2524 4314 Opportunitatem
2547 4285 2562 4310 ,
2596 4244 2682 4298 hic
2705 4243 2908 4312 aliquid
2949 4243 3288 4314 respondisse
3317 4243 3370 4300 in
3411 4258 3549 4313 prte-

1955 4334 2093 4388 senti
2123 4334 2241 4388 loco
2268 4334 2462 4388 melius
2483 4333 2780 4398 :estimavi;
2809 4333 2936 4403 quia
2960 4334 3084 4388 dum
3114 4333 3457 4390 adversarius
3481 4349 3548 4389 ea

267 4438 358 4484 est
384 4432 633 4488 veritatis
687 4434 942 4506 dignitas,
992 4437 1096 4492 alia
1150 4440 1564 4509 nuneupationis
1605 4441 1848 4512 largitas.
1884 4465 1933 4524 ι)
1957 4424 2152 4494 repetit
2177 4439 2296 4494 ‘1"33
2330 4433 2455 4478 ³ηῑο
2481 4424 3074 4524 βρδιξίῑνήηθοεεεπίυηι
3104 4431 3192 4524 θεξ
3213 4432 3271 4478 ιη
3294 4423 3551 4493 repetitio

269 4519 593 4592 Quicunque
614 4541 742 4582 vero
770 4529 912 4583 hanc
937 4529 1334 4584 simulationem
1363 4534 1735 4602 nitncupativa:
1768 4535 1853 4588 vel

266 4617 610 4686 appellativze
639 4619 955 4685 divinitatis,
985 4622 1190 4678 scilicet
1220 4623 1272 4676 in
1297 4625 1630 4680 humanitate
1653 4626 1856 4683 Christi

265 4706 547 4764 aﬁirmare
581 4709 791 4776 nititur,
824 4712 1128 4768 nullatenus
1175 4713 1511 4770 Nestorianae
1560 4717 1849 4787 impietatis

266 4794 487 4855 foveam
523 4800 752 4856 evadere
779 4804 1001 4870 poterit.

339 4889 430 4944 Ill.
472 4891 542 4946 Ut
571 4903 750 4964 autem
782 4895 922 4948 hanc
947 4896 1260 4951 dualitatem
1288 4914 1532 4968 personae
1558 4901 1612 4955 in
1637 4901 1856 4957 Christo

265 4979 448 5033 vitare
475 4989 526 5034 te
550 4981 686 5036 velle
724 4983 956 5038 videaris
978 5026 992 5050 ,
1024 4987 1180 5056 ponis
1218 4989 1447 5058 exempli
1485 4991 1656 5058 gratia
1685 4992 1858 5045 homi-

269 5087 400 5127 nem
426 5089 493 5128 ex
521 5075 700 5130 anima
727 5085 780 5130 et
799 5092 1024 5146 corpore
1047 5096 1213 5136 unum
1230 5095 1348 5136 esse
1377 5083 1546 5138 ﬁlium
1573 5094 1857 5153 parentum

269 5179 515 5220 suorum.
536 5184 574 5216 ·ι
609 5166 676 5220 Et
706 5167 850 5232 licet,
881 5169 996 5234 ais,
1044 5187 1110 5226 ex
1149 5171 1260 5226 Deo
1297 5173 1468 5237 Deus,
1499 5183 1554 5229 et
1589 5177 1750 5231 homo
1791 5192 1857 5230 ex

269 5254 491 5308 homine
517 5255 573 5308 in
602 5256 980 5326 singularitate
1015 5277 1293 5329 personae,
1324 5280 1466 5320 unus
1509 5274 1670 5335 atque
1714 5267 1858 5322 idem

269 5345 342 5398 sit
369 5344 621 5402 Christus
647 5347 742 5404 Dei
765 5365 778 5414 ;
813 5351 951 5406 sicut
974 5352 1280 5426 quicunque
1310 5356 1472 5409 homo
1500 5372 1566 5410 ex
1588 5358 1766 5412 anima
1793 5359 1859 5413 de

272 5435 442 5490 nihilo
467 5448 685 5504 creata,
713 5449 768 5494 et
803 5457 966 5497 carne
1000 5459 1067 5497 ex
1105 5453 1331 5515 utroque
1373 5459 1596 5518 parente
1629 5449 1859 5504 formata

273 5540 414 5586 unus
440 5534 524 5581 est
563 5530 806 5599 utrisque
840 5535 1184 5601 parentibus,
1212 5538 1381 5608 patris
1411 5540 1495 5594 sui
1533 5541 1780 5595 videlicet
1806 5549 1860 5598 et

273 5619 464 5672 matris
495 5619 658 5676 ﬁlius.
697 5642 720 5675 ι
755 5623 868 5680 Hoc
895 5627 1077 5700 itaque
1100 5629 1440 5699 exemplum,
1471 5631 1515 5685 si
1546 5632 1681 5687 bene
1704 5634 1860 5688 intel-

199 5731 208 5736 -
275 5709 533 5781 ligerctur
563 5731 592 5768 a
617 5724 666 5768 te
685 5757 698 5782 ,
729 5725 888 5787 atque
915 5720 958 5775 si
995 5721 1221 5791 teipsum
1250 5721 1516 5790 sagaciter
1553 5723 1858 5780 considere.-

1957 4532 2170 4586 quoque
2198 4531 2329 4570 mea:
2364 4515 2730 4585 responsionis
2759 4523 3037 4594 occurrat,
3067 4529 3136 4569 ne
3169 4513 3307 4570 forte
3337 4521 3547 4584 repetat

1959 4608 2077 4682 [F.,
2109 4607 2342 4680 reputet]
2385 4623 2491 4661 non
2528 4608 2730 4664 habere
2759 4607 2901 4676 quod
2936 4615 3123 4661 contra
3153 4621 3274 4661 eum
3308 4605 3547 4661 dicatur.

2025 4724 2188 4794 832
2224 4723 2312 4778 IV.
2357 4722 2525 4790 Igitur
2559 4737 2656 4791 per
2693 4722 2987 4776 latissimos
3016 4730 3216 4776 sanctae
3253 4721 3550 4794 Scriptum

1958 4829 2208 4881 campos,
2247 4813 2400 4882 quasi
2437 4811 2706 4881 pmnitens
2735 4810 2912 4880 aliqua
2952 4826 2982 4863 a
3026 4826 3084 4865 se
3117 4811 3365 4880 superius
3404 4811 3550 4869 bene

1957 4904 2167 4973 prolata
2209 4904 2501 4958 decurrens
2528 4943 2542 4968 ,
2591 4902 2784 4970 qumrit
2828 4903 3125 4956 sententias
3173 4918 3342 4958 sacra:
3388 4901 3545 4959 Scri-

1957 5005 2150 5065 pturze,
2185 4995 2378 5064 quibus
2407 4994 2619 5064 pristini
2663 4995 2865 5048 erroris
2904 5004 3108 5048 sectam
3147 4993 3418 5052 afﬁrmare
3445 5013 3546 5052 va-

1959 5085 2097 5149 leat;
2142 5085 2236 5140 sed
2271 5085 2396 5138 dum
2438 5100 2543 5138 non
2595 5085 2794 5153 poterit
2852 5084 3095 5139 invenire
3140 5087 3282 5156 quod
3318 5089 3546 5156 quatrit,

1956 5172 2241 5242 pravitatis
2269 5187 2378 5226 suze
2404 5187 2564 5227 sensu
2592 5181 2792 5227 sanctae
2819 5171 3112 5244 Scripturte
3139 5177 3435 5232 sententias
3461 5177 3548 5232 in-

1959 5265 2245 5334 terpretari
2271 5280 2374 5319 non
2406 5264 2620 5318 desistit
2643 5281 2655 5319 :
2681 5273 2742 5319 ut
2761 5281 2826 5320 ex
2847 5267 3020 5321 tribus
3045 5266 3283 5338 Apostoli
3311 5270 3547 5324 auctori-

1957 5366 2068 5412 tate
2103 5357 2385 5411 sententiis
2415 5355 2636 5426 intelligi
2664 5366 2858 5427 potest.
2899 5357 3058 5413 Ponit
3093 5361 3235 5413 enim
3275 5361 3340 5414 de
3377 5359 3546 5414 mira-

1958 5450 2082 5516 bili,
2123 5459 2178 5503 et
2221 5451 2288 5505 ab
2337 5449 2453 5519 ipsa
2498 5450 2736 5504 Veritate
2778 5449 2992 5506 laudata
3030 5451 3362 5520 professione
3397 5452 3544 5509 beati

1959 5541 2104 5596 Petri
2121 5541 2378 5610 principis
2399 5541 2763 5610 apostolorum
2787 5541 3090 5610 huiusmodi
3114 5557 3350 5607 sensum,
3374 5544 3545 5602 veluti

1959 5649 2023 5688 ex
2059 5634 2170 5687 suis
2197 5633 2374 5689 verbis
2400 5633 2572 5688 videri
2599 5643 2776 5704 potest
2805 5654 2817 5689 :
2868 5654 2885 5685 ι
2922 5634 3280 5705 Singularitcr
3309 5652 3545 5708 namque

1959 5725 2148 5780 beatus
2171 5723 2362 5779 Petrus
2391 5724 2662 5794 apostolus
2693 5724 2744 5780 in
2772 5739 2835 5780 eo
2867 5724 3024 5778 simul
3063 5725 3195 5781 duas
3231 5735 3451 5785 naturas
3483 5729 3541 5790 in
