4030 6358
469 292 568 351 191

1310 293 1369 347 Β.
1411 291 1471 347 F.
1511 289 1739 345 ALBlNl
1779 288 1911 345 SEU
1950 287 2227 346 ALCUINI
2265 290 2552 348 OPERUM
2590 289 2768 346 PARS
2805 291 2889 346 Ill.

3638 288 3741 347 1‘93

469 421 576 461 una
600 419 829 475 persona
849 446 862 468 ,
898 405 1008 459 Deo
1037 405 1140 459 sibi
1170 403 1468 467 revelante,
1510 400 1788 456 confessus
1821 402 1897 455 ait
1929 420 1942 455 :
1974 400 2051 454 Tu
2082 405 2133 461 Α
2228 402 2290 456 ν.
2334 402 2439 458 Sed
2466 404 2710 472 quamvis
2736 405 3031 458 habeamus
3059 401 3396 458 abundanter
3420 402 3740 472 probatissi~

470 514 524 552 es
545 495 783 551 Christus
809 496 981 551 Filius
1002 497 1099 550 Dei
1119 498 1215 549 rivi
1238 495 1317 566 (Μ
1322 496 1449 559 at_th.
1476 511 1582 553 xvi,
1612 494 1719 564 16).
1742 494 1800 548 lu
1823 510 1888 549 eo
1908 494 2051 549 enim

470 589 613 658 quod
641 590 717 642 ait
746 606 758 642 :
797 589 875 642 Tu
902 607 955 643 es
984 587 1251 653 Christus,
1280 590 1347 643 ad
1374 589 1763 643 humanitatem
1792 588 1908 656 ejus
1936 604 2056 656 per-

470 682 627 743 tinet,
654 680 707 732 in
733 694 838 748 qua
857 679 1077 747 junctus
1104 688 1189 734 est
1211 679 1414 752 [Forte,
1444 689 1638 735 unctus
1657 680 1758 753 esz]
1790 700 1801 734 :
1828 682 1879 735 id
1909 681 2053 751 quod

471 768 676 823 addidit
704 787 717 823 :
750 769 925 824 Filius
949 769 1042 822 Dei
1064 772 1183 835 viri,
1211 772 1277 825 ad
1298 771 1628 824 divinitatem
1658 772 1842 841 ipsius,
1870 772 1922 825 in
1946 787 2052 840 qua

471 860 830 915 essentialiter
856 860 1224 915 verusFilius
1261 861 1353 914 Dei
1393 869 1503 924 est,
1547 862 1816 915 convenit.
1857 880 1873 912 ι
1919 861 2051 914 lzem

473 952 710 1021 ejusdem
730 951 871 1007 beati
897 952 1043 1007 Petri
1064 952 1320 1020 principis
1347 951 1707 1019 apostolorum
1738 953 1803 1006 de
1830 952 2052 1006 Actibus

471 1041 831 1110 apostolorum
873 1041 1077 1111 profert
1112 1042 1303 1105 verba,
1335 1041 1433 1112 ubi
1471 1042 1719 1095 Cornelio
1754 1052 1809 1097 et
1849 1044 1933 1097 his
1960 1045 2051 1111 qui

470 1146 595 1186 eum
624 1147 689 1185 eo
719 1139 876 1185 erant
902 1132 1125 1185 verbum
1148 1130 1244 1185 Dei
1264 1131 1578 1199 prmdicavit
1608 1149 1619 1183 :
1660 1150 1678 1181 ς
1712 1131 1811 1197 Qui
1840 1149 2049 1199 rursus,

468 1221 664 1291 inquit,
691 1223 759 1277 de
787 1221 944 1291 hujus
969 1222 1299 1277 humanitate
1328 1222 1631 1291 sigillatim,
1659 1223 1797 1276 sicut
1822 1224 1875 1277 in
1904 1224 2053 1277 Acti-

467 1313 571 1369 bus
600 1313 964 1382 apostolorum
998 1313 1214 1382 legitur,
1242 1312 1381 1366 idem
1410 1312 1681 1380 apostolus
1720 1311 1967 1368 Cornelio
1998 1321 2053 1368 et

470 1402 634 1457 sociis
662 1400 778 1469 ejus
809 1402 951 1455 inter
983 1411 1178 1455 czetera
1217 1400 1593 1469 evangelizans
1627 1400 1702 1453 ait
1746 1419 1758 1453 :
1800 1401 1979 1456 Jesum
2017 1420 2050 1457 a

468 1487 771 1553 Nazareth,
804 1488 1060 1559 quomodo
1099 1489 1251 1542 unxit
1278 1506 1395 1542 eum
1429 1488 1569 1543 Deus
1609 1489 1810 1559 Spiritu
1847 1501 2047 1558 sancto,

464 1588 514 1632 et
544 1580 752 1633 virtute.
782 1578 885 1632 Hic
909 1579 1239 1649 pertransivit
1279 1579 1401 1632 bene
1430 1580 1705 1648 faciendo,
1735 1590 1783 1635 et
1811 1583 2048 1636 sanando

464 1686 639 1723 omnes
654 1686 919 1741 oppressos
945 1688 975 1723 a
1001 1669 1227 1731 diabolo,
1250 1672 1495 1738 quoniam
1517 1670 1653 1724 Deus
1680 1680 1788 1725 erat
1816 1688 1931 1725 cum
1955 1671 2046 1726 illo

464 1756 601 1827 (Act.
632 1774 685 1823 x,
710 1756 820 1829 58).
842 1757 954 1811 Non
979 1756 1145 1812 dicit:
1168 1758 1308 1812 Deus
1336 1769 1447 1812 erat
1472 1760 1599 1828 ipse,
1626 1760 1738 1823 sed,
1766 1758 1906 1814 Deus
1934 1772 2046 1815 erat

464 1864 583 1901 cum
602 1847 713 1901 illo.
739 1847 873 1902 Nam
901 1849 945 1903 si
973 1849 1264 1904 secundum
1286 1864 1469 1903 veram
1492 1850 1881 1919 professionem
1907 1852 2047 1907 Deus

460 1951 623 1993 verus
650 1946 791 1993 esset
820 1939 981 1993 homo
1010 1939 1097 1993 ille
1127 1948 1408 2010 susceptus
1429 1955 1461 1993 a
1488 1941 1681 2005 Verbo,
1706 1956 2044 2010 nequaquam

463 2033 643 2081 tantus
668 2029 940 2097 apostolus
970 2030 1192 2084 auderet
1216 2030 1397 2084 dicere
1423 2047 1436 2084 :
1465 2029 1606 2084 Deus
1631 2041 1743 2084 erat
1779 2048 1894 2090 cum
1930 2032 2042 2099 illo,

461 2120 558 2174 sed
586 2122 805 2189 potius:
835 2120 975 2175 Deus
1011 2131 1122 2175 erat
1162 2123 1287 2192 ipse.
1328 2142 1346 2173 ι
1393 2122 1631 2177 Tertiam
1670 2139 1883 2192 quoque
1920 2140 2044 2179 sen-

460 2211 679 2266 tentiam
724 2213 866 2267 beati
909 2214 1059 2266 Pauli
1098 2214 1467 2282 prastlicatoris
1506 2216 1709 2285 egregii
1737 2216 1914 2285 ponit,
1956 2217 2045 2270 tibi

460 2304 538 2357 ait
567 2322 579 2356 :
619 2322 637 2352 t
679 2303 941 2369 Quoniam
971 2305 1109 2359 Deus
1133 2316 1242 2359 erat
1275 2305 1326 2360 in
1354 2305 1560 2361 Christo
1589 2307 1841 2362 mundum
1870 2324 2048 2364 recon-

460 2396 649 2455 cilians
679 2395 775 2453 sibi
801 2397 885 2467 (II
912 2397 1031 2451 Cor.
1061 2414 1115 2462 v,
1151 2398 1262 2469 19).
1294 2398 1410 2453 Non
1438 2399 1548 2464 ait,
1577 2398 1718 2453 Deus
1754 2410 1866 2453 erat
1896 2400 2049 2454 Chri-

457 2497 600 2551 stus,
638 2489 758 2551 sed,
792 2488 932 2542 Deus
962 2498 1071 2542 erat
1104 2490 1157 2543 in
1186 2488 1394 2545 Christo
1418 2531 1433 2555 ,
1466 2506 1574 2545 non
1611 2492 1754 2559 quod
1777 2491 2043 2558 Christus,

461 2579 624 2633 homo
645 2578 1233 2649 videlicetassumptus,
1256 2581 1393 2635 Deus
1418 2597 1524 2635 non
1550 2581 1651 2646 sit,
1671 2583 1763 2647 sed
1790 2584 1915 2651 quia
1938 2600 2045 2638 non

458 2676 671 2733 natura,
697 2668 789 2723 sed
819 2670 989 2739 gratia
1024 2678 1184 2738 atque
1208 2672 1605 2741 nuncupatione
1635 2674 1704 2727 sit
1733 2673 1925 2728 Deus.»
1945 2676 2040 2729 V'i-

460 2759 615 2823 dete,
647 2759 824 2813 videte
843 2799 857 2823 ,
884 2759 1110 2814 lectores
1130 2802 1144 2822 ,
1172 2776 1369 2815 novum
1407 2770 1607 2817 sanctas
1637 2761 1931 2833 Scriptura:
1956 2764 2040 2819 in-
2095 2813 2104 2824 .

460 2852 782 2916 terpretem,
812 2847 901 2916 qui
944 2848 1135 2903 nititur
1170 2849 1336 2903 Deum
1379 2849 1683 2922 disjungere
1719 2853 1785 2907 ab
1825 2853 2042 2908 homine

457 2947 770 3008 assumpto;
800 2948 854 2993 et
892 2956 959 2993 ex
999 2956 1106 2996 uno
1145 2942 1254 2997 Deo
1292 2941 1649 3013 Redemptore
1691 2954 1878 3002 nostro
1908 2947 2042 3002 duos

457 3024 667 3081 edicere
699 3027 845 3090 deos,
883 3044 1049 3083 unum
1079 3045 1289 3095 verum,
1320 3031 1545 3089 alterum
1578 3035 1996 3103 nuncupativum
2023 3053 2037 3090 :

456 3125 512 3169 et
544 3114 851 3181 Christum,
881 3134 1041 3187 quem
1069 3127 1177 3174 tota
1216 3120 1453 3177 Ecclesia
1483 3123 1651 3177 Deum
1686 3126 1813 3179 colit
1837 3134 1890 3179 et
1915 3128 2043 3181 ado-

456 3213 563 3267 rat,
593 3221 697 3260 non
729 3208 902 3263 solum
933 3209 1022 3263 illa
1049 3225 1167 3279 quae
1204 3211 1256 3265 in
1287 3212 1448 3267 terris
1475 3212 1526 3267 in
1558 3229 1653 3283 spe
1683 3214 1919 3281 laborat,
1948 3218 2041 3272 sed

455 3306 511 3350 et
539 3297 625 3351 illa
651 3312 770 3366 qua:
801 3299 854 3359 in
884 3299 1034 3354 cmlis
1055 3298 1179 3368 jure
1212 3302 1423 3373 gaudet,
1458 3303 1560 3358 iste
1584 3320 1755 3359 novus
1778 3306 2043 3377 interpres

460 3389 735 3445 hominem
762 3391 877 3446 vult
899 3392 1214 3455 solitarium,
1242 3392 1397 3460 juxta
1430 3393 1805 3449 Nestorianam
1832 3397 1917 3451 vel
1944 3396 2042 3450 Pe-

456 3477 724 3550 lagianam
762 3482 1118 3551 pravitatem,
1163 3483 1328 3538 credi.
1367 3483 1520 3550 Quod
1556 3486 1601 3538 si
1640 3501 1825 3540 verum
1862 3496 1945 3542 est
1980 3497 2040 3543 ut

461 3568 733 3623 simulatio
765 3578 970 3625 tantum
995 3576 1065 3625 sit
1092 3574 1447 3642 nuncupativa
1472 3576 1705 3630 nominis
1730 3576 1783 3629 in
1806 3576 2036 3639 Christo,

459 3674 568 3712 non
590 3660 791 3714 veritas
812 3661 1129 3726 divinitatis,
1152 3664 1419 3731 quomodo
1438 3673 1520 3718 est
1541 3679 1701 3721 verus
1723 3665 2043 3737 Redemptor

459 3751 683 3805 humani
719 3753 963 3821 generis?
991 3753 1044 3807 Si
1088 3762 1171 3808 est
1207 3755 1519 3825 imaginatio
1556 3759 1838 3827 potestatis
1867 3759 1919 3813 in
1948 3774 2041 3814 ca-

457 3838 567 3910 pite
586 3880 599 3904 ,
630 3839 770 3895 unde
798 3849 880 3895 est
908 3843 1109 3901 veritas
1152 3842 1343 3897 salutis
1375 3844 1427 3898 in
1455 3846 1717 3915 corpore?
1743 3846 1908 3917 igitur
1935 3862 2042 3901 una

458 3931 544 3985 his
577 3932 748 3986 tribus
779 3934 1058 3989 sententiis
1090 3934 1369 4003 responsio
1396 3936 1593 4005 poterit
1630 3952 1767 4000 esse,
1795 3952 1912 4007 quze
1937 3954 2043 3995 una

458 4022 721 4091 pravitate
757 4022 1169 4092 interpretantes
1210 4022 1325 4096 [Ρη
1380 4025 1778 4097 interpretatze]
1816 4035 1940 4080 sunt
1976 4026 2043 4081 ab

458 4111 569 4166 illo.
597 4111 728 4166 Nam
758 4113 802 4167 si
827 4112 1069 4167 Christus
1101 4113 1305 4168 idcirco
1337 4130 1442 4168 non
1470 4124 1553 4171 est
1581 4115 1720 4167 Deus
1739 4155 1752 4178 ,
1790 4115 1913 4183 quia
1951 4116 2035 4169 di-

456 4205 530 4257 cit
550 4245 565 4265 ,
598 4203 737 4257 Deus
770 4214 877 4257 erat
906 4205 959 4258 in
984 4203 1215 4269 Christo,
1246 4194 1374 4258 item
1396 4238 1411 4268 ,-
1440 4204 1579 4257 Deus
1617 4213 1728 4257 erat
1766 4221 1882 4257 cum
1910 4204 2039 4269 illo;

458 4294 727 4361 quomodo
759 4293 1132 4362 intelligendus
1159 4303 1241 4349 est
1275 4294 1367 4348 Dei
1393 4291 1560 4347 Filius
1590 4292 1757 4356 Deus,
1792 4292 1882 4360 qui
1913 4293 1987 4347 ait
2021 4311 2033 4346 :

459 4380 573 4452 Ego
602 4383 656 4436 in
680 4380 857 4445 Patre,
880 4392 925 4434 et
956 4376 1116 4436 Pater
1148 4384 1199 4436 in
1225 4398 1323 4436 me.
1356 4382 1412 4435 Si
1444 4382 1606 4451 igitur
1630 4397 1732 4435 non
1763 4392 1845 4436 est
1874 4382 2035 4448 Deus,

462 4472 588 4539 quia
612 4470 774 4525 Pater
802 4471 855 4525 in
887 4470 1022 4525 Filio
1044 4479 1143 4533 est,
1178 4486 1278 4524 nec
1303 4471 1460 4524 Pater
1484 4472 1596 4540 ipse
1619 4470 1759 4526 Deus
1783 4480 1882 4535 est,
1910 4473 2035 4541 quia

460 4561 678 4624 dicitur,
710 4559 876 4620 Filius
906 4561 956 4614 in
996 4560 1152 4614 Patre
1183 4578 1195 4612 :
1224 4559 1368 4617 Idem
1405 4561 1548 4616 enim
1574 4569 1687 4626 est,
1722 4561 1864 4632 quod
1911 4562 1985 4615 ait
2017 4577 2032 4615 :

462 4652 573 4723 Ego
600 4654 653 4705 in
685 4648 875 4716 Patre,
907 4662 953 4705 et
984 4649 1147 4704 Pater
1172 4652 1229 4704 in
1257 4668 1370 4717 me;
1408 4668 1470 4706 ac
1498 4653 1541 4707 si
1568 4654 1789 4708 dixisset
1827 4673 1839 4707 :
1878 4654 2037 4711 Pater

460 4744 515 4799 in
551 4744 715 4807 Filio,
744 4753 798 4799 et
824 4745 990 4799 Filius
1023 4744 1076 4798 in
1106 4744 1294 4809 Patre;
1332 4754 1385 4800 at
1424 4747 1469 4800 si
1499 4762 1683 4802 verum
1721 4758 1832 4815 est,
1865 4750 2032 4804 Deum

459 4848 579 4889 esse
602 4834 816 4898 Filium,
844 4842 897 4888 et
926 4833 1091 4888 Deum
1118 4850 1237 4889 esse
1272 4836 1506 4901 Patrem,
1547 4840 1754 4892 tametsi
1789 4840 1902 4909 ipsa
1928 4840 2031 4895 Ve-

459 4925 593 4978 ritas
622 4924 825 4978 diceret
851 4939 864 4977 :
899 4923 1008 4993 Ego
1029 4924 1081 4977 in
1114 4922 1293 4987 Patre,
1327 4934 1373 4978 et
1402 4923 1563 4979 Pater
1590 4927 1643 4979 in
1671 4944 1750 4980 me
1778 4944 1796 4980 :
1826 4943 1954 4997 ergo
1979 4936 2033 4983 et

458 5013 706 5069 Christus
731 5023 815 5069 est
839 5015 998 5079 Deus,
1032 5016 1244 5069 tametsi
1275 5016 1558 5085 Apostolus
1587 5017 1810 5073 dixisset
1845 5038 1857 5073 :
1890 5019 2030 5074 Deus

457 5115 569 5159 erat
602 5105 656 5161 in
686 5105 907 5161 Christo.
942 5107 1124 5176 Itaque
1148 5109 1190 5163 si
1218 5108 1506 5163 secundum
1533 5110 1673 5165 illius
1694 5111 1887 5167 Felicis
1908 5128 2032 5181 pro-

458 5196 747 5253 fessionem
775 5196 1021 5253 Christus
1052 5216 1155 5253 non
1181 5211 1260 5252 est
1290 5197 1495 5270 [SuppL
1529 5200 1709 5273 Deus],
1734 5203 1860 5271 quia
1882 5201 2028 5271 Apo-

456 5288 623 5343 stolus
654 5288 730 5342 ait
764 5306 776 5341 :
819 5287 956 5342 Deus
988 5299 1096 5342 erat
1125 5290 1179 5342 in
1214 5287 1451 5354 Christo,
1494 5291 1712 5344 omnino
1742 5292 1846 5345 duo
1884 5301 2029 5357 sunt,

458 5380 596 5437 Deus
634 5392 690 5437 et
722 5382 1000 5447 Christus;
1046 5389 1101 5435 et
1151 5390 1342 5451 quarta
1390 5384 1747 5437 introducitur
1781 5396 2028 5453 persona,

456 5472 596 5541 quod
625 5481 829 5527 avertat
875 5473 943 5527 ab
982 5472 1127 5527 omni
1165 5472 1325 5527 corde
1360 5470 1788 5527 Christianorum
1830 5473 1936 5537 ille,
1966 5474 2033 5529 de

456 5577 562 5630 quo
608 5565 763 5618 nobis
804 5571 885 5618 est
932 5578 1139 5635 sermo,
1176 5563 1269 5631 qui
1306 5570 1389 5615 est
1431 5561 1569 5616 Deus
1610 5578 1749 5618 unus
1784 5577 1943 5618 verus
1979 5571 2035 5620 et

458 5668 701 5711 summus
727 5653 882 5710 Jcsus
907 5652 1151 5709 Christus
1190 5650 1445 5705 Dominus
1474 5659 1673 5706 noster.

2156 504 2272 545 mos
2302 502 2609 547 sanctorum
2638 493 2859 548 Patrum
2891 507 3109 559 sensus,
3147 493 3238 562 qui
3275 492 3432 547 aliter
3455 493 3555 550 bas
3580 494 3739 549 intel-

2152 578 2399 635 lexerunt
2422 584 2739 649 sententias,
2762 599 2931 653 pauca
2954 592 3130 638 tamen
3153 582 3489 652 proferamus
3506 599 3574 639 ex
3597 585 3740 640 mula

2151 674 2240 727 tis.
2272 674 2349 728 De
2378 674 2713 731 confessione
2743 677 2923 745 itaque
2959 677 3100 731 beati
3136 676 3282 730 Petri
3319 677 3577 753 principis
3606 693 3741 748 apo-

2150 764 2409 818 stolorum
2442 766 2510 819 ab
2542 766 2655 834 ipsa
2687 768 2927 824 Veritate
2955 766 3109 823 valde
3139 766 3468 821 excellenter
3495 766 3743 833 laudata,

2150 854 2280 909 illud
2320 857 2705 924 respondemus
2738 859 2883 926 quod
2925 859 3216 914 Cassianus
3246 856 3386 930 (Lib.
3428 876 3488 913 ιιι
3531 860 3597 913 de
3638 859 3740 914 In-

2150 961 2324 1009 carn.,
2342 960 2458 1013 cap.
2480 945 2544 997 12
2556 954 2611 1000 et
2634 946 2718 1016 l3)
2742 947 3071 1001 antecessori
3098 948 3255 1002 istius
3270 947 3463 1003 Felicis
3486 948 3741 1004 Nestorio

2152 1035 2427 1104 respondit
2455 1052 2467 1089 :
2507 1055 2524 1085 ι
2557 1035 2855 1104 Respondit
2875 1037 3040 1102 enim,
3072 1039 3267 1106 inquit,
3292 1040 3499 1108 primus
3527 1050 3744 1110 apostoe

2152 1125 2324 1180 lorum
2348 1126 2559 1192 Petrus,
2586 1143 2726 1183 unus
2754 1129 2939 1197 utique
2964 1144 3060 1197 pro
3088 1130 3339 1184 omnibus
3374 1148 3384 1182 :
3416 1130 3553 1185 idem
3590 1133 3741 1187 enim

2126 1218 2309 1271 ‘unius
2346 1218 2530 1272 habuit
2563 1219 2872 1288 responsio,
2917 1221 3058 1289 quod
3107 1222 3268 1274 habet
3300 1222 3538 1277 omnium
3576 1222 3735 1279 ﬁdes.

2155 1306 2261 1363 Sed
2298 1309 2530 1377 primum
2568 1309 2751 1364 decuit
2782 1310 3137 1380 respondere,
3174 1318 3233 1365 ut
3264 1312 3404 1366 idem
3433 1323 3577 1368 esset
3604 1316 3742 1371 ordo

2153 1399 2515 1467 responsionis
2551 1401 2644 1469 qui
2691 1411 2808 1455 erat
2850 1402 3104 1466 honoris,
3143 1410 3198 1456 et
3239 1401 3353 1474 ipse
3394 1405 3741 1462 antecederet

2150 1489 2489 1544 confessione
2531 1490 2621 1559 qui
2664 1492 3013 1546 antecedebat
3059 1501 3236 1546 astate.
3280 1492 3419 1558 Quid
3455 1508 3584 1565 ergo
3627 1496 3741 1551 ait?

2153 1576 2230 1629 Tu
2256 1594 2326 1640 es,
2356 1577 2625 1648 inquit,F
2628 1579 2750 1634 ilius
2776 1579 2872 1634 Dei
2900 1582 3015 1635 vivi.
3042 1581 3284 1651 Simplici
3314 1584 3742 1655 interrogatione

2148 1666 2310 1738 833
2337 1668 2405 1722 ad
2433 1667 2818 1729 confutandum
2849 1678 2901 1725 te
2928 1671 3080 1735 mihi,
3112 1672 3385 1738 haeretice,
3416 1674 3490 1727 uti
3515 1689 3744 1733 necesse

2148 1765 2249 1811 est.
2279 1757 2374 1812 Dic
2401 1758 2553 1824 mihi,
2587 1774 2802 1828 quasso,
2833 1760 2955 1829 quis
2984 1761 3074 1815 ille
3099 1760 3265 1815 fuerit
3289 1763 3377 1817 cui
3412 1763 3603 1820 Petrus
3633 1766 3746 1828 ista

2147 1850 2458 1917 respondit?
2490 1851 2696 1922 Negare
2720 1868 2828 1906 non
2855 1862 3006 1923 potes
3035 1855 3311 1910 Christum
3341 1855 3527 1915 fuisse.
3559 1860 3737 1916 Inter-

2148 1956 2278 2009 rogo
2295 1956 2447 2012 ergo,
2468 1942 2741 2003 Christum
2761 1960 2920 2015 quem
2943 1962 3124 2013 vocas,
3140 1949 3413 2005 hominem
3437 1968 3505 2006 an
3530 1952 3697 2007 Deum
3715 1956 3747 2011 '3-

2147 2031 2431 2089 Hominem
2476 2036 2679 2104 absque
2708 2038 2870 2091 dubio
2901 2052 2915 2090 :
2949 2038 3074 2093 hinc
3113 2039 3256 2093 enim
3299 2042 3477 2096 omnis
3519 2052 3603 2097 est
3644 2054 3745 2108 tua

2146 2122 2389 2187 hmresis,
2416 2125 2541 2192 quia
2562 2139 2727 2195 negas
2750 2124 3024 2181 Christum
3047 2127 3242 2182 Filium
3265 2129 3394 2193 Dei;
3423 2131 3542 2185 ideo
3568 2134 3739 2188 etiam

2146 2212 2369 2268 Mariam
2397 2214 2771 2272 Christotocon
2797 2232 2936 2284 esse,
2960 2235 3066 2275 non
3093 2221 3402 2277 Theotocon
3430 2224 3583 2289 dicis,
3604 2229 3737 2297 quia

2146 2305 2599 2385 Christigenitrix
2630 2310 2728 2375 sit,
2758 2325 2865 2365 non
2901 2310 3018 2366 Dei.
3053 2311 3204 2378 Quod
3230 2329 3360 2385 ergo
3390 2316 3458 2369 ad
3496 2316 3613 2373 haec
3640 2333 3731 2372 re-

2147 2381 2362 2465 spondii
2400 2397 2621 2453 Petrus?
2667 2398 2745 2453 Tu
2784 2416 2865 2467 es,
2903 2401 3108 2470 inquit,
3150 2381 3388 2459 Christus
3433 2404 3481 2457 F
3484 2406 3604 2460 ilius
3637 2407 3739 2462 Dei

2146 2487 2247 2541 vivi
2270 2501 2287 2539 :
2316 2487 2590 2543 Christum
2616 2490 2778 2555 hunc,
2804 2505 2963 2560 quem
2991 2499 3045 2545 tu
3070 2492 3303 2547 hominis
3331 2502 3537 2569 tantum
3562 2496 3737 2553 ﬁlium

2145 2592 2265 2633 esse
2294 2579 2513 2643 asseris,
2551 2579 2640 2634 ille
2669 2588 2895 2635 testatur
2920 2581 3114 2636 Filium
3143 2583 3257 2637 Dei.
3287 2582 3385 2639 Cui
3411 2586 3513 2650 vis,
3544 2586 3740 2641 creda-

2145 2681 2298 2732 mus,
2328 2666 2458 2732 tibi,
2491 2682 2559 2720 an
2590 2667 2783 2723 Petro?
2809 2666 3032 2738 Opinor,
3062 2685 3167 2724 non
3193 2686 3253 2725 es
3286 2680 3394 2725 tam
3426 2672 3741 2745 impudens,

2147 2764 2204 2809 ut
2228 2772 2539 2826 praeponere
2565 2765 2615 2811 te
2647 2757 2847 2813 audeas
2885 2759 3061 2829 primo
3087 2760 3470 2829 apostolorum.
3500 2762 3741 2832 Tamen,

2144 2847 2274 2917 quid
2317 2856 2403 2902 est
2446 2849 2588 2916 quod
2626 2856 2685 2903 tu
2734 2864 2841 2903 non
2875 2850 3105 2915 audeas,
3148 2859 3241 2904 aut
3279 2853 3739 2920 quemadmodum

2146 2940 2447 3009 apostolum
2477 2956 2581 2995 non
2606 2941 2871 3010 despicies
2890 2982 2903 3005 ,
2932 2943 3023 3012 qui
3048 2944 3213 2999 Deum
3243 2960 3440 3015 negare
3481 2962 3585 3000 non
3615 2963 3741 3003 me—.

2143 3031 2333 3085 ttiisti?
2364 3030 2441 3084 Tu
2475 3047 2527 3085 es
2566 3046 2687 3101 ergo
2708 3073 2721 3095 ,
2767 3032 2969 3101 inquit,
2999 3031 3234 3089 Christus
3264 3033 3436 3090 Filius
3471 3037 3570 3090 Dei
3608 3038 3747 3103 vivi._

2144 3118 2395 3188 Nunquid
2420 3121 2520 3175 hoc
2546 3121 2779 3193 ambigui
2805 3129 2897 3179 aut
2915 3121 3353 3192 obscurialiquid
3379 3123 3433 3179 in
3456 3139 3513 3183 se
3535 3126 3739 3185 habet?

2146 3209 2382 3279 Simplex
2427 3216 2636 3267 tantum
2675 3218 2758 3267 est
2800 3218 2855 3266 et
2896 3211 3413 3281 aperta.confessio,
3454 3213 3745 3277 Christum

2144 3298 2240 3353 Dei
2278 3298 2473 3353 Filium
2506 3298 2783 3373 prmdicat.
2819 3319 2837 3355 ι
2885 3300 2952 3353 Et
2991 3300 3151 3369 paulo
3182 3309 3303 3370 post
3335 3319 3346 3353 :
3386 3320 3405 3352 ‹
3441 3303 3745 3362 Videamus

2144 3390 2596 3462 quemadmodum
2623 3388 3013 3449 confessionem
3040 3389 3155 3459 ejus
3176 3391 3240 3456 is,
3264 3407 3421 3461 quem
3451 3394 3739 3452 confessus

2143 3486 2247 3545 est,
2276 3479 2587 3551 approbarit
2628 3498 2641 3532 :
2690 3480 2815 3549 quia
2854 3480 2974 3551 plus
3023 3482 3192 3536 multo
3229 3491 3341 3546 est,
3386 3498 3545 3553 quam
3583 3487 3735 3556 quod

2142 3566 2429 3642 Apostolus
2455 3567 2620 3632 dixit,
2658 3569 2703 3622 si
2736 3568 2937 3622 dictum
2966 3569 3109 3625 illius
3138 3571 3280 3626 Deus
3321 3573 3435 3641 ipse
3466 3574 3745 3641 laudavits

2144 3656 2353 3710 Dicenti
2400 3670 2529 3727 ergo
2576 3657 2815 3726 apostolo
2862 3675 2873 3711 :
2926 3656 3001 3716 Tu
3036 3675 3089 3712 es
3138 3658 3373 3714 Christus
3414 3659 3585 3715 Filius
3629 3662 3736 3718 Dei

2143 3748 2263 3812 vivi,
2290 3746 2417 3816 quid
2441 3762 2471 3800 a
2494 3748 2721 3803 Domino
2746 3747 3023 3803 Salvatore
3047 3764 3363 3820 responsum
3386 3753 3503 3807 est?
3530 3752 3734 3810 Beatus

2143 3854 2226 3903 es,
2259 3837 2467 3910 inquit,
2500 3837 2681 3892 Simon
2707 3838 2974 3909 Barjona,
2999 3840 3121 3909 quia
3144 3857 3265 3894 caro
3301 3850 3347 3894 et
3375 3844 3586 3912 sanguis
3618 3859 3737 3907 non,

2144 3916 2380 3984 revelavit
2408 3930 2519 3994 tibi,
2538 3930 2627 3983 sed
2653 3928 2812 3983 Pater
2832 3946 2977 3993 meus
2998 3932 3085 4002 qui
3106 3932 3159 3985 in
3180 3931 3321 4003 etrlis
3348 3943 3441 3987 est.
3473 3933 3528 3988 Si
3546 3933 3737 4004 displi-

2143 4029 2230 4076 cet
2257 4021 2356 4075 tibi
2388 4021 2615 4090 apostoli
2646 4021 2959 4077 testimonio
2986 4022 3084 4087 uti,
3112 4021 3203 4077 Dei
3234 4031 3404 4079 utere.
3435 4025 3732 4081 Laudando

2142 4113 2287 4165 enim
2313 4111 2453 4167 Deus
2474 4111 2617 4187 quod
2646 4112 2845 4166 dictum
2876 4121 2979 4177 est,
3009 4114 3383 4169 auctoritatem
3417 4131 3569 4169 suam
3598 4131 3735 4185 apo—

2142 4202 2330 4256 stolico
2350 4202 2493 4256 dicto
2514 4202 2717 4255 addidit
2742 4220 2753 4255 :
2777 4202 2853 4266 ita
2878 4196 2937 4256 ut
2957 4204 3121 4257 etiam
3147 4204 3191 4258 si
3214 4204 3412 4259 dictum
3444 4205 3570 4259 illud
3597 4220 3733 4274 apo-

2142 4289 2263 4345 stoli
2289 4306 2382 4345 ore
2409 4290 2624 4359 prodiit,
2652 4305 2807 4344 suum
2830 4306 2949 4345 esse
2979 4291 3082 4347 hoc
3117 4300 3295 4346 tamen
3337 4292 3476 4347 Deus
3509 4292 3728 4358 fecerit,

2140 4381 2231 4449 qui
2256 4379 2521 4449 probavit.
2547 4378 2739 4432 Beatus
2773 4396 2846 4445 es,
2872 4380 3069 4450 inquit,
3104 4379 3284 4435 Simon
3308 4382 3566 4461 Barjona,
3598 4384 3731 4459 quia

2141 4489 2263 4526 caro
2279 4482 2326 4525 et
2343 4472 2554 4541 sanguis
2568 4488 2668 4525 non
2688 4470 2922 4526 reuelauit
2937 4473 3048 4537 tibi,
3063 4474 3154 4527 sed
3168 4473 3394 4543 Spiritus
3409 4473 3585 4528 Patris
3600 4476 3727 4541 mei,

2139 4563 2228 4633 qui
2240 4564 2293 4616 in
2311 4563 2449 4619 catis
2466 4572 2539 4617 est
2557 4562 2771 4634 (Matth.
2789 4579 2898 4627 xvi,
2920 4564 3026 4634 i7).
3046 4564 3186 4635 Ergo
3202 4564 3253 4617 in
3270 4564 3493 4632 apostoli
3511 4565 3654 4620 dicto
3668 4574 3729 4620 el.

2141 4652 2373 4725 Spiritus
2396 4656 2589 4720 sancti,
2610 4662 2663 4710 et
2686 4654 2968 4723 praesentis
2992 4653 3134 4717 Filii,
3164 4662 3217 4707 et
3242 4654 3333 4707 Dei
3364 4654 3543 4709 Patris
3573 4656 3731 4708 testi-

2137 4748 2374 4801 monium
2395 4747 2563 4801 vides.
2590 4745 2727 4812 Quid
2747 4760 2874 4815 ergo
2895 4744 3125 4814 amplius
3144 4785 3156 4808 ,
3182 4752 3274 4798 aut
3292 4745 3418 4813 quid
3443 4744 3616 4798 simile
3639 4761 3731 4799 re-

2138 4837 2343 4906 quiris?
2364 4836 2531 4891 Filius
2550 4835 2785 4890 hominis
2808 4835 3063 4898 laudavit,
3092 4833 3251 4887 Pater
3270 4832 3531 4907 interfuit,
3555 4832 3728 4904 Spiri-

2137 4937 2223 4982 tus
2251 4927 2522 4981 revelavit.
2555 4925 2797 4994 Apostoli
2836 4940 2964 4994 ergo
2993 4924 3193 4978 dictum
3229 4924 3393 4979 totius
3421 4924 3724 4979 divinitatis

2137 5025 2221 5072 est
2247 5017 2634 5079 testimonium,
2662 5015 2788 5084 quia
2819 5013 2981 5078 illius,
3010 5028 3233 5068 necesse
3253 5021 3357 5077 est,
3385 5014 3487 5069 hoc
3516 5014 3720 5068 dictum

2137 5108 2509 5162 auctoritatem
2534 5105 2750 5168 habeat,
2779 5120 2887 5174 quo
2913 5112 3133 5159 auctore
3162 5102 3358 5176 [Cuss.,
3383 5120 3488 5173 quo
3512 5102 3719 5175 actore]

2135 5199 2417 5270 processit.
2443 5198 2636 5251 Beatus
2656 5213 2796 5266 ergo,
2817 5195 3008 5265 inquit,
3034 5212 3087 5250 es
3110 5194 3291 5250 Simon
3315 5195 3572 5265 Barjona,
3594 5196 3723 5265 quia

2136 5305 2258 5341 caro
2282 5297 2327 5341 et
2356 5288 2568 5356 sanguis
2598 5302 2700 5339 non
2729 5284 2969 5338 reve’aeit
2998 5286 3124 5349 tibi,
3159 5285 3250 5339 sed
3285 5283 3511 5355 Spiritus
3542 5283 3723 5337 Patris

2134 5378 2269 5440 mei,
2292 5378 2380 5446 qui
2406 5378 2462 5429 in
2490 5375 2629 5430 caelis
2654 5384 2747 5429 est.
2776 5375 2916 5445 Ergo
2945 5374 2989 5428 si
3017 5374 3178 5428 Petro
3210 5374 3361 5446 [caro
3390 5382 3445 5428 et
3475 5371 3717 5442 sanguis]

2136 5483 2244 5522 non
2271 5466 2645 5521 revelaverunt
2669 5466 2790 5529 ista,
2811 5473 2863 5518 et
2891 5464 3311 5532 inspiraverunt,
3326 5461 3438 5531 jam
3465 5460 3722 5529 intelligis

2135 5560 2226 5629 qui
2266 5558 2610 5629 inspiraverit
2651 5558 2767 5613 tibi.
2814 5556 2873 5613 Si
2911 5553 3059 5610 illum
3103 5554 3338 5625 Spiritus
3376 5553 3474 5608 Dei
3512 5551 3715 5613 docuit,

2135 5652 2227 5722 qui
2248 5651 2519 5707 Christum
2535 5650 2631 5705 Dei
2652 5649 2818 5705 tilium
2840 5662 2958 5703 esse
2978 5646 3255 5703 confessus
3280 5645 3548 5715 est,vides
3569 5646 3715 5715 quod
