4030 6358
248 262 359 323 ιω

980 253 1393 312 DOGMATICA.
1435 283 1503 293 --
1540 251 1699 306 ADV.
1737 244 2030 304 FELlCEM
2070 246 2249 301 LIBRI
2292 247 2397 302 V’ll.
2437 262 2504 285 -ιι-
2542 244 2687 300 LIB.'
2713 244 2777 299 ν.

3421 239 3525 299 194

246 388 305 435 ιιι
334 375 531 449 spiritu
558 372 820 429 daemonis
847 370 1038 427 doetus
1067 373 1173 434 sis,
1202 371 1292 441 qui
1335 384 1532 439 negare
1557 366 1830 438 potuisti»
1870 372 1911 430 Α
1941 362 2236 430 serpentinl
2266 377 2378 417 oris
2408 377 2614 417 venena
2645 360 2896 424 sibilans,
2923 356 3121 428 quaeris
3149 358 3417 428 quomodo
3442 367 3527 416 te-

326 469 411 527 Ἣ.
474 469 675 523 Beatus
716 479 928 535 quoque
975 464 1116 518 Beda
1166 463 1447 533 presbyter
1504 461 1557 514 in
1604 466 1836 513 tractatu

247 563 481 619 Actuum
525 557 891 629 apostolorum
934 554 1088 626 (Cap.
1126 554 1181 623 χ)
1224 553 1290 607 de
1327 567 1391 607 eo
1433 550 1576 621 quod
1621 549 1837 611 dicitur,

1940 453 2113 521 ipsum
2142 452 2366 520 perdere
2392 453 2574 519 possis
2609 471 2621 505 ι
2655 452 2781 521 quia
2813 451 2953 503 unde
2980 450 3115 503 bene
3143 448 3349 518 prolata
3382 458 3530 504 recte

1941 543 2301 611 intelligentes
2342 541 2436 595 ﬁlii
2480 542 2853 611 acquisitionis
2901 540 3200 605 salvantur,
3247 540 3388 594 unde
3433 540 3539 601 ﬁlii

249 655 395 710 Deus
423 661 539 706 erat
563 665 681 704 cum
707 647 824 712 illo,
852 647 924 701 ita
950 646 1206 716 exponit:
1240 663 1259 695 ι
1292 644 1463 706 Deus,
1494 641 1692 709 inquit,
1725 646 1843 692 erat
1943 631 2261 702 perditionis
2290 631 2635 695 damnantur,
2666 633 2790 685 dum
2822 632 2957 685 bene
2994 631 3203 699 prolata
3248 631 3298 684 in
3329 632 3532 687 sanctis

249 760 377 801 cum
406 742 523 808 illo,
548 741 603 795 id
624 749 731 804 est,
757 739 920 793 Pater
946 753 1067 793 cum
1090 736 1246 790 Filio.
1276 734 1465 789 Melius
1490 741 1574 788 est
1598 732 1742 786 enim
1766 730 1844 783 sic

1947 720 2241 789 Seripturis
2278 720 2413 773 male
2440 720 2782 789 inlerpretari
2825 736 2931 777 non
2969 730 3231 776 metuunt.
3275 721 3532 791 Proponit

250 836 576 905 intelligere,
597 847 758 902 quam
780 830 1113 886 divinitatem
1135 828 1257 881 Filii
1282 843 1400 881 cum
1423 826 1657 880 homine.
1684 836 1845 893 quem

1973 822 2126 878 taque
2155 810 2474 863 sententiam
2512 809 2577 862 de
2613 809 2848 877 Epistula
2884 811 3249 879 evangelistaa,
3282 810 3480 873 ubiait
3515 828 3531 866 :

250 924 569 993 assumpsit,
584 921 987 977 cohabitantem
1014 917 1413 987 signiﬁcari,ne
1433 915 1630 969 Christi
1661 928 1846 981 perso-

1948 896 2265 949 Advocatum
2307 897 2554 949 habemus
2598 898 2741 965 apud
2770 894 3013 962 Patrem,
3054 898 3235 953 Iesum
3267 897 3533 954 Christum

250 1028 378 1067 nam
408 986 722 1082 geminare,
753 1017 806 1063 et
842 1010 896 1063 in
925 986 1305 1063 Nestorianum
1332 1006 1523 1074 dogma
1554 1004 1746 1056 cadere
1770 1002 1849 1054 vi-
1941 986 2144 1082 ξιξδςωη
2180 1001 2196 1036 ·’
2239 996 2285 1039 ει
2327 987 2434 1082 ipse
2483 997 2555 1039 εει
2596 989 2896 1082 ηνορῑιέηιξφ
2939 1005 3033 1082 Ρζγξ
3076 990 3299 1082 Pertulit
3344 993 3536 1045 nostris

251 1105 501 1158 deamur.
537 1123 556 1155 ι
592 1102 670 1156 De
690 1116 756 1155 eo
783 1115 913 1155 vero
938 1099 1081 1168 quod
1107 1097 1395 1168 Apostolus
1423 1097 1498 1149 ait
1527 1113 1538 1147 :
1568 1094 1707 1148 Deus
1737 1101 1849 1147 erat

249 1200 305 1251 in
331 1195 573 1260 Christo,
604 1195 789 1249 Victor
811 1193 1098 1262 episcopus
1120 1191 1316 1259 Capua:
1346 1190 1400 1244 in
1427 1189 1592 1242 Libro
1619 1186 1853 1254 Sponsa-

252 1305 408 1353 rum,
439 1286 680 1355 capitulo
722 1285 981 1356 vigesimo
1021 1292 1217 1351 quarto
1251 1294 1276 1322 α
1321 1298 1332 1334 :
1376 1298 1394 1329 ‹
1430 1279 1604 1341 Deus,
1654 1277 1845 1344 inquit,

252 1389 370 1435 erat
411 1381 469 1433 in
500 1378 753 1441 Christo,
782 1376 967 1445 utique
1003 1374 1163 1428 Pater
1202 1374 1254 1427 in
1286 1372 1454 1434 Filio,
1488 1368 1611 1437 quia
1653 1367 1703 1420 in
1736 1366 1852 1434 ipso

252 1468 590 1539 complacuit
611 1481 823 1521 omnem
846 1463 1235 1533 plenitudinem
1260 1460 1506 1517 habitare
1530 1456 1848 1512 divinitatis.

252 1559 310 1614 lu
340 1559 469 1613 aliis
496 1572 713 1628 quoque
744 1556 975 1619 sanctis,
1003 1562 1058 1608 et
1082 1552 1359 1624 apostolis,
1390 1551 1475 1605 vel
1507 1546 1851 1619 patriarchis,

253 1650 372 1703 sive
398 1648 703 1717 prophetis,
734 1646 905 1716 gratia
935 1645 1068 1709 fuit;
1102 1645 1155 1698 in
1186 1642 1404 1697 Christo
1432 1648 1610 1695 autem
1640 1646 1750 1691 tota
1771 1636 1855 1691 dl-

1953 1075 2001 1145 (1
2026 1074 2190 1128 Ιοέιη.
2228 1092 2283 1129 ιι.
2322 1076 2403 1145 i);
2434 1092 2594 1144 quam
2624 1076 2696 1129 ita
2725 1092 2752 1128 ιι
2785 1071 3264 1147 ιϐ’ίιιιειιίεειιάωιι
3292 1081 3492 1135 asseris
3520 1097 3535 1134 :

1958 1184 1975 1215 ε
2009 1165 2347 1229 Advocatus,
2379 1165 2584 1235 inquis,
2619 1166 2758 1220 idem
2798 1174 2882 1220 est
2918 1167 3008 1235 qui
3041 1175 3095 1221 et
3131 1170 3416 1236 mediator,
3446 1172 3540 1240 qui

1953 1264 2173 1324 propter
2207 1255 2389 1323 culpas
2432 1255 2858 1325 delinquentium
2885 1258 3025 1325 apud
3061 1257 3272 1313 Patrem
3312 1261 3542 1316 interce-

1958 1349 2054 1413 dit,
2082 1350 2221 1417 quod
2254 1364 2357 1401 non
2389 1349 2453 1402 de
2489 1348 2597 1403 Deo
2623 1365 2771 1413 vero,
2802 1351 2894 1404 sed
2921 1351 2986 1404 de
3022 1352 3240 1405 homine
3268 1363 3543 1423 assumpto

1954 1439 2291 1493 sentiendum
2319 1448 2420 1493 est.
2461 1459 2478 1490 ι
2516 1439 2692 1505 Quare
2721 1449 2901 1495 autem
2935 1456 3039 1495 non
3080 1442 3365 1511 intelligis.
3397 1445 3544 1514 quod

1955 1528 2288 1599 evangelista
2317 1532 2564 1583 eumdem
2586 1530 2993 1600 propitiatorem
3022 1533 3172 1596 dicit,
3195 1548 3353 1602 quem
3383 1534 3545 1588 advo-

1958 1624 2174 1685 Catum,
2205 1621 2331 1673 dum
2361 1620 2438 1673 ait
2470 1638 2482 1672 :
2516 1621 2834 1674 Advocatum
2870 1622 3121 1677 habemus
3155 1624 3295 1694 apud
3331 1623 3546 1679 Patrem

254 1707 462 1791 vinitas
490 1707 782 1800 habitavit,
816 1736 869 1789 id
899 1742 1002 1800 est,
1030 1707 1144 1787 tota
1163 1732 1274 1802 jam
1303 1729 1574 1800 plenitu‘do
1608 1725 1856 1781 divinita-

1973 1708 2140 1763 lesum
2178 1707 2443 1763 Christum
2469 1710 2676 1779 justum
2710 1726 2727 1764 :
2766 1720 2812 1764 et
2850 1712 2957 1781 ipse
2991 1721 3065 1765 est
3105 1714 3408 1783 propitiatio
3451 1731 3547 1785 pro

256 1827 331 1882 tis
354 1827 739 1895 corporaliter.
777 1846 795 1877 ι
826 1824 971 1878 ldem
1012 1836 1228 1892 quoque
1264 1821 1450 1875 Victor
1477 1818 1760 1887 episcopus
1787 1828 1856 1869 ex

256 1930 424 1985 opere
461 1915 650 1987 Cyrilli
680 1916 707 1955 ιι
744 1914 799 1969 in
827 1914 991 1969 Libro
1021 1912 1086 1966 ad
1123 1910 1423 1980 Augustas,
1451 1906 1605 1976 cujus
1644 1905 1859 1959 initium

258 2015 346 2061 est
384 2024 396 2059 :
441 2004 549 2070 Qui
597 2006 829 2059 divinum
869 2002 1156 2074 pradicant
1198 2009 1246 2053 et
1291 1997 1490 2052 caeleste
1532 1996 1855 2065 mysterium.

265 2115 285 2148 ι
323 2095 386 2150 In
409 2111 519 2166 quo
538 2138 551 2161 ,
583 2096 695 2163 ait,
727 2095 933 2149 habitat
959 2091 1136 2147 omnis
1159 2090 1437 2159 plenitudo
1466 2086 1644 2141 divina
1671 2098 1859 2153 corpo-

260 2186 476 2251 raliter,
502 2185 555 2240 id
580 2194 693 2249 est,
727 2182 1177 2245 substantialiter,
1222 2195 1328 2234 non
1364 2194 1460 2248 per
1500 2175 1862 2246 participatio-

262 2292 425 2341 nem,
467 2290 642 2346 nequc
680 2289 777 2345 per
814 2274 1073 2345 gratiam,
1124 2287 1243 2342 qua:
1272 2270 1528 2325 tribuitur
1558 2264 1857 2335 adoptivis;

261 2370 365 2427 sed
391 2369 774 2439 corporaliter,
805 2368 856 2422 id
882 2373 986 2430 est,
1012 2362 1461 2435 substantialiter,
1505 2360 1643 2414 sicut
1680 2359 1729 2411 in
1764 2358 1864 2425 ho-

265 2460 417 2515 mine
445 2459 646 2513 dicitur
666 2457 917 2511 habitare
943 2455 1058 2523 ejus
1084 2454 1324 2524 spiritus,
1350 2467 1470 2506 cum
1497 2465 1602 2504 non
1634 2449 1705 2503 sit
1728 2447 1863 2501 alius

263 2552 387 2622 ipse
424 2551 588 2606 homo
626 2558 680 2605 et
722 2550 946 2619 spiritus
985 2546 1121 2616 ejus.
1171 2567 1189 2597 ι
1232 2544 1373 2598 Idem
1420 2556 1633 2612 quoque
1678 2541 1865 2593 doctor

266 2634 567 2698 Cassianus
601 2652 655 2705 ο,
682 2640 772 2710 qui
801 2647 855 2693 et
883 2653 1076 2708 supra,
1106 2636 1172 2691 de
1197 2632 1537 2703 inseparabili
1568 2628 1865 2704 divinitatis

266 2730 738 2802 humanitatisque
771 2731 1108 2801 operatione,
1141 2736 1196 2783 et
1220 2728 1352 2781 mira
1384 2723 1758 2779 communione
1783 2736 1867 2775 re-

264 2841 393 2881 rum
432 2834 708 2896 gestarum
750 2823 802 2875 in
836 2822 1053 2876 Christo
1101 2836 1201 2890 pro
1242 2817 1549 2873 beatissima
1587 2813 1866 2868 catholica:

265 2915 397 2969 ﬁdei
429 2900 662 2968 veritate
690 2896 772 2967 ita
814 2912 1068 2966 disseruit
1099 2929 1110 2963 :
1144 2929 1161 2960 ι
1197 2907 1527 2963 Confitentes
1566 2905 1709 2958 enim
1732 2944 1746 2966 ,
1785 2902 1868 2955 in-

267 3007 418 3076 quit,
462 3015 748 3073 utramque
798 3002 1153 3058 substantiam
1188 2999 1367 3054 carnis
1406 3013 1469 3051 ac
1501 2987 1659 3049 Verbi
1702 3007 1866 3047 unum

1958 1802 2182 1869 peccatis
2212 1802 2422 1854 nostris.
2457 1801 2511 1854 ln
2535 1817 2600 1856 eo
2625 1803 2768 1871 quod
2806 1804 3123 1858 advocatum
3153 1819 3276 1859 eum
3303 1808 3552 1862 nomina-

1959 1890 2060 1953 vit,
2106 1891 2377 1945 hominem
2416 1891 2664 1961 designat
2706 1910 2719 1945 :
2760 1894 2901 1961 quod
2948 1909 3075 1948 vero
3108 1897 3549 1964 propitiatorem,

1960 1979 2131 2035 Deum
2159 1980 2513 2035 demonstrat.
2555 1979 2658 2035 Sed
2691 1984 2957 2051 quomodo
2994 1986 3063 2039 sit
3099 1987 3423 2051 advocatus,
3458 1990 3552 2058 qui

1961 2071 2104 2127 Deus
2140 2080 2249 2135 est,
2298 2080 2611 2127 sanctorum
2653 2072 2873 2127 Patrum
2924 2075 3246 2129 testimoniis
3294 2075 3551 2148 intellige.

1960 2163 2297 2235 Augustinus
2317 2164 2461 2217 enim
2492 2175 2537 2228 θ,
2564 2162 2716 2232 cujus
2737 2165 2933 2234 saepius
2953 2166 3280 2221 mentionem
3305 2166 3550 2233 facimus,

1965 2258 2031 2312 de
2074 2258 2177 2311 hac
2224 2256 2654 2326 interpellatione
2694 2258 2746 2311 in
2789 2258 2928 2313 libro
2964 2267 3153 2313 contra
3187 2258 3375 2314 Arium
3414 2260 3491 2313 ait
3534 2277 3552 2314 :

1970 2368 1989 2399 ‹
2034 2347 2222 2403 Solent
2245 2350 2401 2418 plane
2440 2350 2629 2404 Ariani
2666 2366 2731 2404 es
2769 2351 3214 2421 interpellationis
3250 2368 3414 2408 causa
3443 2368 3559 2408 mo-

1964 2456 2092 2495 vere
2121 2441 2445 2496 calumniam
2474 2441 2733 2505 dicentes,
2766 2444 2907 2512 quod
2937 2444 3027 2512 qui
3055 2445 3446 2515 interpellatur,
3477 2445 3559 2498 ins

1965 2532 2286 2602 terpcllante
2340 2533 2411 2587 sit
2453 2531 2641 2601 major.
2697 2533 2905 2600 Quibus
2956 2535 3390 2604 respondendum
3440 2544 3555 2598 est,

1967 2621 2136 2677 Deum
2166 2622 2492 2678 oblivionem
2516 2640 2624 2678 non
2650 2624 2783 2693 pati,
2808 2633 2869 2678 ut
2896 2640 2991 2694 pro
3018 2625 3123 2679 illis
3152 2636 3560 2680 commoneatur

1968 2727 2201 2781 semper,
2227 2728 2362 2782 quos
2386 2714 2501 2783 ipse
2527 2714 2690 2783 elegit
2716 2734 2727 2768 :
2755 2716 2848 2769 sed
2873 2715 2925 2769 in
2956 2717 3057 2770 hoc
3080 2716 3386 2786 interpellat
3410 2733 3556 2781 eum,

1968 2804 2095 2858 dum
2140 2817 2353 2872 semper
2389 2802 2538 2857 Patri
2578 2805 2851 2859 hominem
2896 2820 3055 2874 quem
3096 2808 3364 2876 suscepit,
3404 2808 3561 2876 quasi

1970 2900 2215 2946 nostrum
2239 2892 2434 2963 pignus
2459 2893 2731 2957 ostendit,
2766 2901 2819 2948 et
2856 2894 3015 2949 odert
3042 2902 3103 2949 ut
3127 2910 3290 2950 verus
3319 2895 3564 2966 pontifex

1970 2992 2025 3039 et
2048 2996 2303 3039 aeternus.
2340 3004 2358 3036 ι
2392 2984 2499 3040 Sed
2525 2994 2580 3040 et
2603 2986 2727 3042 huic
2756 2989 2936 3043 sensui
2964 2989 3107 3044 illius
3130 2990 3400 3059 quomodo
3426 2991 3562 3046 bea-

267 3069 635 3165 eutndemque
662 3069 955 3158 hominem,
981 3107 1193 3161 semper
1223 3086 1633 3157 inseparabilem
1672 3085 1739 3138 ab
1763 3082 1867 3136 ini-
1898 3069 1942 3129 Ο
1974 3084 2063 3130 tus
2084 3076 2225 3131 Beda
2248 3078 2533 3149 presbyter
2554 3078 2645 3147 (In
2666 3080 2815 3149 epist.
2844 3079 2873 3132 1
2907 3080 3064 3135 Joan.
3088 3098 3203 3152 cap.
3236 3082 3297 3152 ιι)
3325 3082 3377 3136 in
3402 3098 3568 3153 expo-

268 3191 348 3245 tio
386 3189 559 3259 ipsius
597 3178 996 3255 conceptionis,
1028 3180 1115 3251 pia
1146 3181 1268 3235 ﬁdei
1300 3178 1619 3234 credulitate
1643 3173 1871 3242 suscipi-

267 3290 416 3343 mus,
445 3286 503 3332 et
523 3292 590 3330 ex
623 3272 788 3346 835.
820 3283 1060 3341 tempore
1085 3277 1346 3338 suscepta:
1374 3266 1555 3321 carnis
1579 3265 1658 3318 sic
1689 3262 1870 3316 omnia

270 3369 507 3423 dicimus
529 3382 648 3435 qum
667 3372 824 3419 erant
847 3362 937 3417 Dei
964 3361 1242 3415 transiisse
1269 3358 1323 3410 in
1347 3352 1643 3419 hominem,
1674 3360 1733 3406 ut
1755 3368 1872 3407 om-

270 3460 367 3514 nia
397 3473 518 3526 quae
549 3464 703 3510 erant
730 3453 963 3508 hominis
992 3452 1045 3506 in
1081 3450 1250 3503 Deum
1273 3448 1547 3510 venirent;
1583 3453 1637 3499 et
1662 3445 1764 3499 hac
1791 3446 1873 3499 in-

270 3546 573 3618 telligentia
604 3546 839 3600 Verbum
868 3542 1071 3598 factum
1113 3543 1186 3596 sit
1217 3556 1345 3596 caro
1376 3559 1387 3594 :
1420 3558 1523 3596 non
1556 3550 1613 3596 ut
1639 3558 1870 3597 conver-

275 3638 431 3693 sione
466 3646 559 3690 aut
585 3634 946 3689 mutabilitate
973 3633 1151 3701 aliqua
1179 3631 1403 3700 coeperit
1430 3647 1570 3695 esse,
1602 3632 1743 3702 quod
1766 3647 1872 3686 non

274 3736 398 3782 erat
420 3768 434 3790 ,
462 3726 557 3781 sed
595 3733 651 3778 ut
687 3724 927 3794 potentia
958 3723 1151 3777 divina:
1193 3721 1608 3791 dispensationis
1638 3723 1874 3778 Verbum

275 3812 495 3881 Patris,
539 3830 817 3885 nunquam
858 3829 888 3867 a
935 3812 1096 3868 Patre
1130 3812 1441 3875 discedens,
1477 3811 1639 3866 homo
1660 3812 1877 3882 proprie

274 3902 403 3965 ﬁeri
428 3907 752 3977 dignaretur
781 3906 1113 3959 incarnatus.
1140 3903 1165 3943 ά
1199 3902 1288 3975 [Et
1317 3920 1421 3958 non
1450 3903 1722 3957 hominem
1754 3919 1876 3957 cum

278 3996 401 4053 Deo
429 3999 504 4051 ita
529 4007 717 4051 natum
742 4012 862 4051 esse
888 3995 1088 4061 dicam,
1122 4003 1181 4048 ut
1210 4009 1455 4049 seorsum
1483 4009 1602 4063 qua:
1628 3988 1723 4047 Dei
1755 4000 1880 4047 sunt

280 4089 388 4145 soli
416 4089 529 4143 Deo
559 4089 700 4154 dem,
723 4092 773 4142 et
800 4098 1044 4142 seorsum
1076 4101 1195 4156 qua:
1226 4093 1352 4140 sunt
1382 4084 1616 4139 hominis
1644 4083 1742 4138 soli
1777 4085 1877 4138 ho-

280 4179 420 4234 mini
459 4188 734 4248 reputem;
774 4182 828 4233 et
864 4179 929 4232 de
965 4191 1072 4232 uno
1112 4172 1247 4231 Filio
1282 4174 1378 4229 Dei
1408 4190 1514 4230 non
1555 4191 1752 4241 unum,
1785 4172 1879 4229 sed

285 4269 470 4323 facere
494 4268 745 4337 incipiam
770 4269 903 4327 duos
924 4262 1168 4322 Christos
1196 4284 1209 4319 :
1235 4264 1379 4335 quod
1401 4280 1430 4319 a
1458 4265 1611 4319 nobis
1631 4264 1742 4333 jam
1770 4266 1881 4334 ipse

284 4359 553 4414 Dominus
578 4366 632 4411 et
657 4357 800 4412 Deus
824 4354 1071 4412 Christus
1106 4354 1335 4427 avertat]
1382 4374 1395 4410 τ
1440 4356 1533 4410 sed
1572 4356 1650 4409 sic
1684 4352 1883 4410 alteru-

1972 3165 2015 3219 si
2025 3165 2166 3220 tione
2188 3166 2431 3236 ejusdem
2454 3166 2760 3237 apostolica:
2780 3171 3057 3225 sententia:
3077 3173 3383 3238 conveniat,
3398 3174 3523 3228 audi
3549 3192 3561 3228 :

1978 3274 1995 3307 ι
2032 3250 2319 3327 Unigenito
2348 3259 2515 3323 enim,
2546 3259 2642 3323 ait,
2672 3258 2807 3313 Filio
2832 3274 2930 3329 pro
2961 3262 3179 3317 homine
3222 3263 3567 3334 interpellare

1971 3355 2077 3412 est,
2107 3349 2248 3417 apud
2278 3356 2603 3403 coaeternum
2632 3351 2846 3405 Patrem
2879 3353 3116 3422 seipsum
3151 3355 3563 3421 demonstrare;

1971 3440 2129 3510 eique
2156 3455 2256 3511 pro
2280 3443 2511 3495 humana
2539 3450 2730 3497 natura
2760 3459 2997 3515 rogasse,
3030 3453 3111 3500 est
3140 3448 3383 3502 eamdem
3413 3458 3567 3503 natu-

1972 3544 2089 3584 ram
2134 3531 2188 3583 in
2228 3531 2524 3586 divinitatis
2562 3548 2673 3587 sure
2713 3534 3086 3590 celsitudinem
3120 3538 3440 3608 suscepisse.
3481 3539 3569 3593 ln-

1973 3623 2225 3691 terpellat
2255 3624 2419 3695 igitur
2446 3640 2543 3695 pro
2564 3626 2720 3681 nobis
2743 3626 3003 3682 Dominus
3033 3644 3138 3682 non
3168 3645 3321 3694 voce,
3350 3631 3444 3685 sed
3470 3632 3572 3685 nii~

1975 3714 2264 3767 seratione.
2307 3733 2324 3764 ι
2376 3713 2667 3769 Sciendum
2719 3724 2803 3787 est
2847 3733 2994 3782 vere,
3028 3720 3185 3787 quod
3230 3735 3571 3790 nequaquam

1977 3804 2135 3857 modo
2158 3804 2359 3859 Christi
2386 3806 2453 3859 ad
2476 3806 2753 3860 dexteram
2781 3808 3019 3863 sedentis
3044 3809 3407 3878 interpellatio
3430 3812 3571 3880 apud

1975 3890 2190 3949 Patrem
2219 3896 2342 3949 talis
2365 3896 2589 3967 intelligi
2611 3898 2789 3962 debet,
2815 3898 2992 3967 qualis
3013 3899 3248 3955 hominis
3273 3901 3409 3955 solet
3429 3917 3572 3967 esse,

1977 3986 2104 4041 dum
2133 3987 2254 4056 quis
2280 3986 2416 4056 apud
2440 3987 2679 4058 judicem
2710 3989 3040 4059 supplicibus
3060 3991 3239 4046 verbis
3268 3991 3576 4062 interpellat

1977 4095 2075 4149 pro
2105 4095 2168 4134 eo
2196 4094 2209 4133 :
2240 4080 2334 4136 sed
2365 4082 2536 4150 patris
2563 4082 2673 4135 Deo
2687 4076 2835 4136 Patri
2858 4082 3214 4138 humanitatis
3240 4085 3297 4139 in
3320 4086 3415 4141 Dei
3437 4086 3575 4141 Filio

1978 4173 2311 4243 dispensatio
2354 4172 2547 4243 (Locus
2587 4175 2924 4246 corruptus),
2959 4176 3322 4245 interpellatio
3356 4186 3440 4233 est
3476 4194 3575 4249 pro

1978 4266 2216 4320 ltmtano
2244 4281 2462 4337 genere.
2497 4266 2631 4320 Nam
2656 4274 2713 4322 et
2740 4268 2806 4322 de
2846 4266 3050 4338 Spiritu
3099 4278 3289 4324 sancto
3327 4270 3523 4341 legitur
3559 4286 3574 4325 :

1984 4356 2101 4426 Ipse
2126 4355 2352 4427 Spiritus
2382 4357 2613 4426 postulat
2632 4375 2725 4429 pro
2742 4359 2889 4413 nobis
2917 4361 3189 4429 gemitibus
3214 4361 3390 4416 inenar
3406 4362 3578 4416 rabili-

285 4458 434 4501 trum
476 4463 615 4501 unus
653 4446 711 4501 ﬁt
752 4448 979 4500 verbum
1013 4454 1067 4499 et
1090 4459 1265 4517 caro,
1313 4452 1373 4499 ut
1407 4454 1655 4498 manente
1696 4445 1748 4498 in
1784 4460 1879 4499 sua
1907 4420 1959 4482 υ
1985 4445 2077 4499 bus
2106 4444 2283 4515 (Rom.
2314 4462 2432 4510 vnn,
2456 4446 2579 4519 26);
2614 4462 2720 4502 non
2746 4448 2892 4503 enim
2922 4448 3155 4519 Spiritus
3185 4459 3406 4506 sanctus
3434 4451 3579 4521 inge-

285 4537 624 4607 pcrfectione
664 4535 986 4590 naturaliter
1024 4544 1257 4604 utraque
1302 4530 1603 4589 substantia
1650 4534 1766 4588 sine
1804 4534 1885 4586 sui

286 4629 628 4700 prmjudicio,
653 4636 707 4681 et
735 4628 1053 4682 humanitati
1082 4625 1260 4682 divina
1286 4623 1703 4688 communicent,
1732 4636 1785 4680 et
1812 4620 1890 4680 di-

286 4719 507 4773 vinitati
546 4720 781 4772 humana
820 4717 1183 4788 participem;
1220 4731 1321 4771 nec
1361 4712 1497 4771 alter
1540 4710 1707 4780 Deus,
1752 4715 1889 4770 alter

288 4810 492 4873 homo,
522 4808 616 4863 sed
657 4808 797 4862 idem
830 4808 945 4876 ipse
986 4806 1159 4870 Deus,
1185 4807 1275 4876 qui
1315 4815 1369 4860 et
1403 4807 1565 4861 homo
1598 4825 1610 4860 :
1646 4815 1701 4860 et
1732 4807 1889 4861 vicis-

285 4903 398 4960 sim
426 4903 589 4956 homo
608 4942 622 4965 ,
650 4901 741 4970 qui
776 4909 832 4955 et
861 4900 1005 4955 Deus
1026 4898 1182 4955 Jesus
1211 4899 1459 4953 Christus
1494 4913 1633 4952 unus
1663 4898 1824 4953 Deus.
1863 4919 1880 4950 ι

364 4988 480 5046 γιι.
520 4989 626 5045 Sed
654 4991 739 5044 his
762 4999 923 5059 atque
952 4989 1275 5057 hujusrtiodi,
1305 5005 1338 5043 o
1365 4988 1533 5052 Felix,
1564 4984 1889 5042 ﬁrmissimis

290 5092 612 5139 sanctorum
632 5081 854 5135 Patrum
887 5081 1209 5135 testimoniis
1240 5088 1546 5149 superatus,
1580 5080 1647 5132 ad
1676 5076 1779 5133 alia
1805 5095 1892 5134 er-

292 5176 441 5231 roris
468 5173 542 5228 tui
569 5171 787 5228 latibula
812 5171 1103 5243 confugere
1132 5189 1236 5227 non
1262 5171 1488 5235 desiisti,
1515 5180 1675 5240 atque
1698 5166 1892 5226 exinde

369 5306 985 5381 ξιῩίεξοιυίξεη(Ἰειιιιιειιιί⁸
1012 5308 1149 5381 liber
1199 5307 1529 5381 Sponsorum
1594 5307 1893 5381 ignoratur.

367 5379 399 5419 ιι
426 5376 501 5459 _S.
533 5376 716 5459 Cyrilli
748 5376 1231 5459 eastatAOI-atio‘ad
1253 5376 1489 5459 Reginas
1511 5385 1641 5457 tom.
1670 5379 1733 5457 ιγ
1758 5378 1897 5459 Gon-

297 5448 393 5504 cil.
426 5446 597 5519 Mansi
622 5464 743 5518 pag.
770 5448 892 5503 805.
923 5447 1176 5519 Opusculi
1198 5463 1327 5519 vero
1348 5447 1603 5511 Victoris,
1632 5446 1785 5516 cujus
1809 5450 1895 5505 hic

302 5519 509 5575 mentio
536 5517 803 5581 tit,'nemo
824 5517 1255 5573 alius’meminit.

379 5586 768 5712 efCassianus,
794 5585 920 5643 libr.
958 5604 974 5644 ι
1003 5589 1069 5646 dc
1107 5580 1314 5643 lncarn.
1353 5602 1472 5656 cap.
1504 5587 1554 5652 5,
1582 5602 1647 5641 ex
1682 5588 1895 5658 Leporii

379 5676 411 5712 ιι
437 5672 666 5712 ιιςειοιιρ.

307 5672 666 5717 Οοιιιιιςειοιιρ.

1984 4537 2197 4603 miscit;
2234 4537 2325 4592 sed
2356 4539 2562 4607 tropica
2595 4538 2863 4594 locutione
2890 4540 3181 4609 Apostolus
3209 4558 3343 4597 usus
3371 4542 3580 4613 signina

1985 4637 2092 4693 cat,
2118 4630 2261 4698 quod
2294 4628 2527 4698 Spiritus
2556 4637 2775 4684 sanctus
2807 4644 2904 4685 nos
2934 4630 3288 4701 ingemiscere
3325 4630 3475 4687 facit.
3502 4632 3579 4686 Ita

1986 4721 2182 4775 dicitur
2209 4729 2264 4775 et
2294 4720 2443 4774 illum
2470 4720 2746 4789 postulare
2775 4735 2873 4789 pro
2909 4721 3132 4786 sanctis,
3154 4723 3279 4791 quia
3308 4723 3581 4791 postulare

1986 4808 2115 4865 facit
2144 4819 2361 4864 sanctos
2388 4828 2400 4863 :
2428 4811 2507 4865 sic
2527 4812 2692 4865 etiam
2717 4821 2769 4864 et
2795 4810 2846 4879 id
2868 4812 3010 4879 quod
3030 4810 3096 4866 de
3117 4812 3335 4867 Christo
3360 4813 3578 4878 dicitur,

1990 4906 2131 4973 quod
2156 4905 2227 4957 sit
2254 4905 2566 4968 advocatus,
2594 4904 2772 4958 altiori
2800 4904 3031 4974 mystico
3059 4903 3264 4975 [Forte,
3297 4903 3577 4976 mysterio]

1990 4995 2395 5065 intelligendum
2433 5004 2548 5060 est,
2579 5011 2742 5065 quam
2781 4997 3018 5051 humana
3048 4997 3427 5068 interpellandi
3454 5013 3582 5054 con-

1992 5085 2217 5139 suetudo
2248 5084 2388 5138 inter
2413 5085 2661 5140 homines
2688 5085 2824 5141 solet
2853 5088 3152 5143 observari.

2071 5173 2195 5230 Vill.
2237 5174 2439 5231 Deinde
2472 5175 2638 5243 igitur
2671 5175 2739 5230 ad
2773 5177 3122 5246 Evangelium
3161 5193 3447 5235 recurrens
3483 5180 3583 5235 hlk

2069 5311 2092 5348 d
2134 5311 2257 5365 [Lee
2290 5309 2536 5380 nonnihil
2561 5308 2817 5364 ditl'erunt
2846 5312 2988 5380 apud
3022 5308 3360 5367 Cassianum.

2075 5392 2097 5463 ξ
2136 5382 2193 5435 S.
2235 5381 2373 5463 Aug.
2425 5378 2559 5462 Ubi?
2602 5380 2813 5463 Ignoro.
2834 5378 3022 5463 "Liber
3063 5382 3344 5463 Augustini
3394 5391 3586 5463 contra

1998 5452 2185 5506 Arium
2233 5450 2440 5520 pariter
2485 5453 2780 5521 ignoratur.
2834 5450 3063 5506 Sensum
3113 5450 3359 5521 fortassis
3403 5452 3583 5521 Augu-

1998 5523 2157 5586 stini,
2207 5537 2312 5576 non
2359 5520 2523 5575 verba
2570 5521 2771 5576 referre
2814 5521 2984 5576 voluit
3024 5520 3280 5575 Alcuinus
3319 5536 3383 5575 ex
3420 5520 3586 5581 Libro

2000 5603 2189 5649 contra
2219 5594 2536 5649 Sermonem
2568 5591 2926 5660 Arianorum,
2957 5606 3073 5661 cap.
3111 5590 3175 5647 i9
3199 5598 3251 5643 et
3282 5590 3371 5646 25.
