4030 6358
442 304 554 372 195

1294 305 1352 360 Β.
1393 303 1454 358 F.
1495 299 1722 356 ALBlNl
1763 295 1894 354 SEU
1934 285 2210 350 ALCUlNl
2251 287 2537 347 OPERUM
2575 285 2758 344 PARS
2793 283 2882 342 ΙΙΙ.

3613 273 3722 338 19G

434 427 676 507 jusmodi
700 423 957 496 proponis
982 420 1306 480 sententiam
1339 435 1354 473 :
1385 419 1464 473 ais
1488 415 1630 471 enim
1664 433 1676 468 :
1710 431 1728 464 ι
1755 411 2030 479 Nuquam
2063 410 2108 468 Α
2137 403 2499 460 obstinatione
2545 401 2941 477 permanendo,
2997 391 3564 507 alienusICfnsfndus
3589 405 3714 496 .est.

441 504 588 578 enim
618 519 672 572 in
703 516 994 587 Evangelio
1020 515 1116 569 Dei
1143 513 1312 566 Filius
1351 525 1450 580 pro
1481 508 1664 568 nobis,
1697 504 1791 558 sed
1823 511 2033 556 tantum

443 609 587 666 ﬁlius
605 607 843 663 hominis
866 605 1096 659 traditus
1119 603 1336 672 legitur.
1366 620 1384 652 ι
1413 598 1621 654 Oblitus
1642 595 1870 658 scilicet,
1893 591 2036 661 quod

445 701 561 773 ipse
589 700 686 754 Dei
715 699 882 753 Filius
917 698 983 751 de
1011 712 1106 750 sua
1136 694 1428 749 traditione
1456 691 1682 744 dixisset
1707 703 1720 741 :
1751 686 1915 758 835
1945 685 2036 738 Sic

443 795 583 849 enim
607 791 788 848 dilexit
821 789 960 842 Deus
990 786 1265 850 mundum,
1298 795 1353 837 ut
1389 781 1587 834 Filium
1616 795 1771 834 suum
1800 776 2040 844 unigeni~

447 893 560 938 tum
601 883 751 940 daret
795 879 976 952 (Joan.
1008 895 1100 942 III,
1147 876 1255 947 16).
1296 870 1612 942 Unigenitus
1654 871 1834 938 itaque
1871 866 2041 920 Filius

448 975 581 1038 Dei,
615 980 698 1028 est
725 970 897 1026 Filius
922 970 1012 1038 qui
1049 971 1206 1022 datus
1234 975 1316 1020 est
1340 981 1438 1034 pro
1465 962 1647 1018 mundi
1678 961 1868 1016 salute.
1903 959 2042 1025 Quid

449 1077 581 1117 vero
611 1068 694 1116 est
724 1060 904 1124 datus,
926 1057 1029 1110 nisi
1055 1055 1326 1110 traditus?
1351 1053 1502 1120 Quod
1524 1049 1808 1121 Apostolus
1829 1061 2042 1118 quoque

451 1150 738 1208 conﬁrmat
774 1148 960 1204 dicens
999 1163 1010 1198 :
1047 1143 1150 1209 Qui
1185 1143 1397 1214 proprio
1429 1136 1569 1192 Filio
1599 1154 1692 1192 suo
1728 1155 1831 1190 non
1858 1151 2039 1206 peper-

452 1243 552 1306 cit,
586 1240 676 1294 sed
708 1255 803 1310 pro
835 1237 982 1290 nobis
1009 1233 1248 1288 omnibus
1287 1231 1505 1286 tradidit
1533 1229 1682 1282 illum
1711 1227 1888 1299 (Rom.
1921 1241 2040 1289 vIII,

452 1331 566 1402 32).
607 1331 740 1384 Item
777 1327 843 1382 de
879 1327 1068 1381 eodem
1104 1324 1200 1378 Dei
1235 1323 1372 1378 Filio
1413 1321 1550 1376 idem
1589 1318 1878 1388 Apostolus
1918 1315 1993 1369 ait
2027 1333 2039 1366 :

456 1420 563 1486 Qui
583 1417 800 1472 tradidit
821 1415 1152 1484 semetipsum
1176 1429 1271 1484 pro
1293 1411 1438 1465 nobis
1456 1409 1670 1480 (Ephes.
1696 1423 1748 1472 v,
1769 1407 1846 1478 2).
1873 1405 2045 1472 Quem

453 1511 616 1564 etiam
661 1509 853 1563 beatus
901 1504 1096 1559 Petrus
1131 1502 1332 1558 Judaeis
1367 1501 1670 1570 prtedicans
1712 1498 1909 1551 Filium
1949 1493 2046 1548 Dei

451 1619 562 1664 non
583 1599 848 1655 dubitavit
867 1596 1148 1652 testiﬁcari
1176 1595 1363 1650 dicens
1387 1607 1401 1646 :
1427 1593 1567 1646 Deus
1597 1589 1821 1644 Patrum
1843 1597 2048 1641 nostro-

454 1710 572 1748 rum
594 1689 906 1762 gloriﬁcavit
930 1687 1128 1769 Filium
1153 1702 1305 1740 suum
1327 1685 1530 1746 Iesum,
1551 1698 1700 1752 quem
1724 1696 1808 1734 vos
1838 1677 2044 1748 quidem

2208 493 2297 548 IX.
2355 492 2559 546 Deinde
2608 491 2761 544 vadis
2807 489 3098 559 quaerendo
3121 487 3249 557 quid
3275 485 3343 540 de
3379 485 3722 541 humanitate

2138 583 2360 646 Christi,
2390 581 2476 635 vel
2502 574 2632 649 quid
2654 581 2720 634 de
2756 575 3047 633 divinitate
3073 569 3379 646 specialiter
3419 575 3472 628 in
3513 574 3724 632 Sanctis

2139 672 2436 742 Scripturis
2460 671 2699 732 dicatur;
2747 670 3072 735 tandemque
3097 665 3226 719 illuc
3265 662 3584 732 pervenisti,
3627 661 3722 720 ubi

2139 767 2206 821 de
2228 767 2314 821 die
2335 763 2510 819 ultimi
2537 760 2804 817 examinis
2832 760 2973 813 idem
2989 758 3249 812 Dominus
3267 755 3536 825 loquitur;
3566 754 3728 824 cujus

2141 857 2246 914 diei
2270 857 2631 928 cognitionem
2654 853 2892 916 Christo,
2923 853 2975 906 in
3003 857 3266 921 quantum
3289 849 3453 902 homo
3481 856 3587 912 est,
3631 848 3728 902 de—

2140 965 2340 1020 negare
2362 949 2598 1010 laboras,
2617 954 2676 999 ut
2697 959 2763 999 ex
2781 944 2887 997 tuis
2902 943 3082 997 verbis
3102 941 3319 1008 agnosci
3333 946 3530 1010 potest.
3568 955 3588 988 ε
3605 938 3732 1008 Ipse

2141 1049 2223 1098 est
2238 1041 2404 1104 enim,
2429 1037 2627 1107 inquis,
2645 1037 2736 1106 qui
2763 1035 3058 1089 secundum
3083 1032 3477 1102 prmscientiam
3497 1029 3732 1084 Deitatis

2143 1134 2286 1187 diem
2324 1126 2513 1199 judicii
2565 1145 2661 1198 per
2707 1125 3036 1196 Prophetam
3081 1124 3332 1193 praedixit
3362 1140 3375 1175 :
3409 1121 3534 1175 Dies
3585 1121 3733 1174 enim

2144 1225 2357 1279 ultionis
2387 1225 2440 1276 in
2471 1223 2625 1276 corde
2649 1239 2762 1275 meo
2782 1262 2796 1284 ,
2831 1233 3001 1273 annus
3026 1217 3393 1286 redernptionis
3422 1231 3550 1268 mea:
3592 1210 3744 1266 venit

2148 1312 2301 1389 (Isai.
2336 1327 2491 1380 LXIII,
2513 1312 2590 1385 Ii).
2625 1315 2744 1384 lpse
2788 1308 3136 1367 nihilominus
3165 1314 3248 1362 est
3280 1315 3500 1378 propter
3529 1307 3735 1360 huma-

2147 1408 2334 1462 nitatis
2366 1414 2638 1469 naturam,
2664 1404 2756 1473 qui
2788 1401 2840 1456 in
2868 1400 3147 1470 evangelio
3173 1399 3466 1454 secundum
3489 1397 3738 1452 Marcum

2145 1506 2478 1570 protestatur
2502 1511 2517 1554 :
2549 1495 2626 1549 De
2648 1495 2734 1548 die
2761 1503 2934 1547 autem
2961 1490 3054 1545 illa
3079 1501 3127 1544 et
3149 1487 3280 1544 hora
3306 1505 3454 1542 nemo
3485 1489 3606 1551 scit,
3639 1503 3740 1540 ne-

2148 1603 2246 1662 que
2281 1587 2452 1660 angeli
2482 1587 2748 1649 caelorum,
2802 1600 2966 1654 neque
3015 1581 3208 1643 Filius,
3245 1581 3346 1633 nisi
3382 1578 3548 1632 Pater
3588 1575 3741 1632 solus

2153 1677 2346 1750 (Marc.
2377 1693 2493 1740 xm,
2518 1678 2628 1744 52).
2666 1697 2682 1728 ι
2718 1673 2870 1729 llanc
2910 1689 3038 1728 vero
3065 1673 3414 1734 sententiam,
3448 1685 3554 1740 qua
3594 1669 3743 1722 Mar—

455 1761 784 1846 tradidistis,
830 1789 874 1834 et
917 1761 1142 1849 negastis
1177 1787 1297 1831 ante
1342 1777 1527 1845 faciem
1579 1773 1744 1826 Pilati
1773 1771 2050 1841 judicante
2081 1767 2128 1827 Β
2153 1787 2249 1824 cus
2275 1769 2603 1840 evangelista
2629 1767 2827 1822 Filium
2862 1766 3002 1821 diem
3025 1763 3216 1833 judicii
3244 1765 3525 1834 ignorasse
3567 1761 3738 1825 dixit,

454 1873 549 1927 illo
577 1873 770 1926 dimitti
799 1885 817 1924 :
841 1887 928 1924 vos
951 1878 1123 1923 autem
1146 1878 1386 1921 sanctum
1415 1876 1463 1919 et
1478 1867 1684 1936 justum
1714 1863 1968 1933 negastis,
2002 1869 2048 1914 et

455 1965 657 2038 petistis
700 1963 866 2016 virum
907 1961 1221 2014 homicidam
1258 1959 1377 2012 dari
1413 1959 1576 2012 vobis.
1621 1957 1896 2010 Auctorem
1932 1969 2050 2008 vero

453 2055 580 2112 vitae
604 2051 960 2121 interfecistis,
991 2065 1142 2121 quem
1177 2049 1314 2102 Deus
1351 2047 1620 2102 suscitavit
1647 2065 1678 2098 a
1705 2045 1924 2099 mortuis
1949 2054 2053 2097 ter-

459 2145 540 2202 tia
565 2145 649 2198 die
678 2144 817 2216 (Act.
844 2158 924 2204 ιιι,
955 2142 1042 2207 15,
1085 2141 1170 2206 14,
1207 2141 1318 2212 15).
1351 2141 1489 2206 Quid
1517 2141 1570 2194 in
1605 2141 1688 2194 his
1713 2139 1893 2193 verbis
1920 2153 2051 2206 opm

460 2238 666 2295 stolicaa
696 2235 1038 2291 auctoritatis
1059 2234 1413 2290 dubitationis
1449 2247 1569 2288 esse
1593 2231 1832 2302 poterit?
1857 2230 2054 2284 Filium

459 2327 559 2382 Dei
577 2326 990 2391 testiﬁcabatur,
1007 2325 1101 2395 qui
1130 2325 1360 2378 traditus
1385 2331 1483 2386 est,
1504 2330 1560 2376 et
1577 2323 1668 2392 qui
1691 2330 1935 2376 mortuus
1949 2329 2051 2384 est,

461 2417 573 2473 imo
597 2427 652 2473 et
675 2414 1050 2472 resuscitatus.
1083 2413 1302 2478 Addidit
1331 2429 1543 2484 quoque
1576 2432 1587 2466 :
1621 2421 1888 2467 auctorem
1916 2408 2050 2466 vitm.

463 2507 598 2574 Quis
635 2515 719 2562 est
751 2521 884 2578 ergo
910 2516 1102 2560 auctor
1139 2505 1295 2570 vitae,
1327 2504 1431 2559 nisi
1469 2503 1636 2558 Filius
1669 2503 1799 2568 Dei,
1839 2504 1930 2572 qui
1958 2518 2058 2572 pro

464 2599 643 2654 salute
667 2596 853 2652 mundi
887 2597 974 2652 vel
1009 2611 1041 2649 a
1083 2595 1194 2650 Deo
1219 2595 1410 2658 Patre,
1440 2594 1526 2646 vel
1554 2609 1582 2646 a
1615 2594 1790 2661 seipso
1831 2593 2060 2647 traditus

466 2689 697 2745 dicitur?
731 2688 838 2744 Sed
867 2695 923 2743 et
961 2689 1030 2743 ab
1057 2688 1173 2757 ipso
1205 2687 1468 2741 traditore
1496 2701 1594 2740 suo
1618 2685 1753 2740 Juda
1779 2685 2056 2751 lscariote,

465 2795 569 2836 nec
598 2795 705 2836 non
730 2787 786 2834 et
814 2797 842 2834 a
881 2779 1082 2834 Judaeis
1123 2780 1356 2833 traditus
1389 2793 1508 2832 esse
1545 2779 1759 2848 legitur.
1796 2763 2056 2841 Tradidit,

466 2869 644 2938 inquit
683 2871 872 2925 beatus
921 2869 1144 2932 Petrus,
1196 2869 1420 2939 seipsum
1461 2868 1720 2936 iudicanti
1766 2885 1819 2921 se
1868 2868 2061 2936 injuste

469 2957 524 3030 (Ι
553 2958 698 3012 Petr.
731 2975 792 3024 II,
820 2957 934 3030 25),
968 2959 1093 3012 licet
1113 2958 1273 3012 aliter
1295 2973 1324 3011 a
1350 2957 1460 3011 Deo
1489 2957 1669 3020 Patre,
1700 2957 1902 3009 aliteI-a
1925 2955 2058 3009 Juda

467 3053 754 3116 traditore,
779 3059 834 3106 et
865 3047 1022 3105 aliter
1051 3068 1082 3106 a
1115 3052 1315 3119 seipso,
1346 3050 1504 3102 aliter
1532 3065 1559 3101 a
1588 3047 1788 3101 JUdtﬂlS
1818 3048 2059 3101 tradere-

2150 1865 2307 1934 longe
2334 1863 2490 1916 aliter
2517 1860 2686 1916 sancti
2714 1857 2901 1914 Patres
2931 1857 3317 1912 intellexerunt
3366 1871 3529 1925 quam
3564 1865 3620 1909 tu
3647 1869 3742 1908 as-

2151 1956 2289 2012 seris
2325 1953 2746 2024 intelligendam.
2799 1950 2997 2005 Beatus
3023 1951 3221 2020 quippe
3263 1946 3631 2018 Hieronymus
3685 1946 3746 2000 in

2152 2045 2557 2103 Commentario
2585 2043 2824 2097 Matthtci
2877 2041 3028 2112 (cap.
3067 2055 3217 2104 xxiv,
3255 2053 3395 2093 vers.
3429 2038 3546 2110 56),
3574 2035 3748 2092 simul

2153 2147 2207 2194 et
2235 2137 2376 2193 Beda
2401 2133 2746 2206 presbyterin
2770 2139 3003 2188 tractatu
3028 2131 3191 2185 Marci
3221 2129 3561 2200 evangelista
3584 2127 3745 2200 (cap.

2152 2228 2296 2300 xm),
2337 2221 2495 2295 hujus
2546 2223 2829 2281 sententia:
2877 2222 3290 2293 intelligentiam
3341 2218 3416 2274 ita
3474 2235 3754 2291 exposue-

2155 2330 2324 2377 runt:
2360 2339 2378 2372 ι
2423 2319 2601 2376 Causa
2645 2317 2832 2389 igitur,
2863 2316 3134 2385 inquiunt,
3187 2313 3460 2368 reddenda
3482 2320 3588 2375 est,
3643 2325 3752 2366 cur

2157 2415 2408 2486 ignorare
2439 2412 2653 2466 dicitur.
2686 2410 2981 2480 Apostolus
3003 2407 3221 2477 scripsit
3242 2407 3308 2460 de
3331 2405 3600 2459 salvatore
3630 2419 3645 2457 :
3679 2403 3755 2458 In

2156 2523 2256 2578 quo
2279 2515 2398 2559 sunt
2423 2521 2599 2558 omnes
2629 2503 2865 2556 thesauri
2887 2498 3157 2572 sapientia:
3179 2509 3225 2554 et
3258 2497 3492 2553 scientia!
3517 2498 3753 2553 abscon-

2159 2596 2255 2648 diti
2305 2593 2529 2666 (Coloss.
2579 2609 2642 2657 II,
2693 2593 2771 2660 5).
2802 2589 2941 2646 Sunt
2979 2605 3106 2660 ergo
3157 2604 3347 2643 omnes
3397 2589 3642 2644 thesauri
3693 2589 3755 2643 in

2159 2681 2375 2740 Christo
2400 2685 2677 2754 sapientia:
2704 2692 2759 2736 et
2789 2679 3028 2737 scientia:
3061 2679 3383 2736 absconditi.
3417 2679 3597 2746 Quare
3623 2680 3759 2735 abs-

2159 2778 2400 2834 conditi?
2429 2777 2558 2832 Post
2578 2775 3032 2831 resurrectionem
3051 2774 3416 2843 interrogatus
3436 2771 3504 2826 ab
3527 2781 3759 2843 aposto-

2162 2869 2314 2924 stolis
2337 2869 2402 2924 de
2429 2869 2516 2924 die
2533 2866 2743 2935 judicii,
2774 2865 3114 2920 manifestius
3149 2865 3440 2934 respondet
3481 2879 3494 2918 :
3525 2863 3651 2919 Non
3672 2869 3762 2918 est

2163 2974 2385 3018 vestrum
2416 2965 2548 3018 scire
2575 2972 2808 3033 tempora
2842 2968 2889 3013 et
2925 2965 3209 3024 momenta,
3237 2973 3355 3028 qua:
3395 2956 3558 3011 Pater
3577 2958 3764 3028 posuit

2166 3055 2217 3108 in
2262 3072 2358 3108 sua
2402 3065 2652 3126 potestate
2678 3054 2814 3126 (Act.
2853 3063 2896 3118 ἲ,
2931 3050 3007 3125 7).
3043 3049 3269 3122 Quando
3318 3048 3467 3120 dicit,
3513 3047 3638 3108 Non
3677 3053 3765 3108 est

469 3149 602 3198 tur:
635 3157 665 3195 τι
696 3141 806 3195 Deo
829 3141 990 3194 Patre
1020 3149 1242 3210 propter
1283 3140 1510 3194 salutem
1557 3139 1774 3191 humani
1815 3138 2058 3207 generis;
2092 3117 2136 3177 C
2169 3117 2413 3212 vestrum,
2445 3117 2703 3210 ostendit,
2736 3117 3024 3215 quodipse
3053 3117 3210 3210 sciat,
3243 3145 3337 3200 sed
3371 3117 3474 3200 non
3499 3143 3766 3214 expediat

473 3249 505 3288 a
531 3233 814 3298 traditore,
845 3241 906 3286 ut
934 3247 1045 3287 suae
1071 3231 1313 3286 avaritia:
1339 3231 1590 3301 impleret
1621 3231 1998 3300 cupiditatem;
2033 3247 2062 3284 a

473 3326 681 3394 seipso,
713 3331 774 3378 ut
812 3334 1053 3393 paterna:
1092 3316 1387 3378 voluntatis
1429 3322 1679 3393 impleret
1713 3323 1990 3388 effectum;
2034 3341 2064 3378 a

474 3415 698 3480 Iudaeis,
725 3423 787 3470 ut
811 3432 922 3470 suae
950 3411 1188 3485 perﬁdiae
1219 3415 1566 3470 ostenderent
1592 3415 1907 3486 nequitiam.
1940 3417 2068 3470 Nul-

475 3507 691 3564 latenus
715 3523 846 3579 ergo
869 3509 1032 3562 dividi
1060 3508 1260 3576 poterit
1294 3507 1434 3560 ﬁlius
1473 3508 1708 3561 hominis
1737 3523 1766 3562 a
1791 3508 1928 3562 Filio
1948 3508 2066 3573 Dei,

475 3601 561 3656 vel
587 3602 828 3671 separari
857 3616 886 3654 a
929 3601 1039 3655 ﬁlio
1065 3601 1300 3655 hominis
1332 3600 1500 3654 Filius
1529 3599 1644 3664 Dei,
1673 3601 1796 3669 quia
1821 3616 1960 3654 unus
1989 3609 2071 3655 est

474 3681 650 3748 Filius
673 3691 801 3754 Dei,
830 3691 972 3746 Deus
998 3699 1052 3746 et
1089 3692 1280 3755 homo,
1325 3693 1417 3761 qui
1459 3693 1688 3746 traditus
1729 3701 1811 3747 est
1853 3703 2071 3764 propter

481 3782 674 3838 delicta
704 3791 890 3838 nostra
925 3783 980 3837 in
1013 3792 1258 3838 mortem.
1299 3783 1452 3851 Quod
1479 3785 1669 3840 beatus
1697 3785 1985 3842 Cassianus
2016 3790 2070 3843 in

477 3873 648 3942 libro,
677 3879 820 3933 unde
857 3880 1104 3948 superius
1136 3881 1442 3936 testimonia
1471 3882 1771 3952 posuimus,
1804 3881 2072 3937 veraciter

479 3967 718 4023 ostendit
747 3981 772 4008 ι
807 3983 819 4022 :
854 3987 872 4019 ι
902 3968 1012 4024 Nec
1037 3971 1090 4024 in
1121 3978 1390 4041 tempore,
1422 3972 1629 4041 inquit,
1658 3973 1945 4028 admodum
1975 3974 2071 4027 hor

479 4057 680 4114 minem
715 4059 838 4127 quis
874 4075 903 4112 a
935 4060 1044 4114 Deo
1075 4061 1127 4114 in
1161 4063 1414 4131 passione
1439 4063 1638 4130 possit,
1671 4063 1754 4115 vel
1795 4061 1962 4116 Deum
2005 4064 2071 4117 ab

484 4146 707 4202 homine
747 4150 1065 4203 secernere?
1093 4146 1150 4203 Si
1180 4151 1323 4204 enim
1354 4145 1420 4203 ad
1451 4158 1662 4220 tempus
1701 4151 1958 4218 respicis,
1994 4147 2073 4204 in-

494 4238 680 4292 venies
725 4253 940 4307 semper
975 4237 1141 4292 ﬁlium
1191 4239 1427 4293 hominis
1479 4256 1600 4294 eum
1629 4240 1721 4293 Dei
1751 4239 1917 4300 Filio;
1950 4238 2000 4311 [δ
2028 4240 2072 4294 sl

488 4326 562 4382 ad
599 4327 938 4394 passionem,
984 4328 1228 4382 invenies
1272 4344 1488 4397 semper
1525 4347 1646 4383 cum
1689 4330 1796 4384 ﬁlio
1840 4329 2073 4385 hominis

483 4407 583 4470 Dei
611 4413 831 4486 Filium]
866 4433 879 4468 :
914 4416 986 4469 ita
1013 4417 1218 4471 scilicet
1257 4419 1467 4472 unitum
1503 4429 1557 4473 et
1597 4415 1928 4474 individuum
1971 4421 2072 4475 sibi

2167 3254 2327 3290 nosse
2349 3237 2626 3307 apostolis,
2668 3243 2726 3291 ut
2755 3251 2968 3307 semper
2997 3236 3190 3291 incerti
3219 3237 3284 3292 de
3329 3237 3560 3291 adventu
3588 3236 3766 3308 836

2162 3324 2362 3396 judicis
2391 3324 2468 3382 sic
2505 3329 2742 3398 quotidie
2768 3325 2972 3393 vivant,
3005 3329 3160 3398 quasi
3191 3329 3277 3383 die
3306 3329 3413 3382 alia
3444 3327 3639 3400 [Bt-da,
3669 3330 3766 3385 die

2170 3419 2283 3491 illa]
2317 3418 2593 3487 iudicandi
2623 3421 2751 3475 sint.
2789 3441 2807 3472 ι
2840 3415 2898 3474 Si
2924 3421 3140 3491 ignorat
3165 3421 3307 3475 diem
3350 3417 3564 3487 judicii,
3615 3435 3763 3488 quo-

2171 3512 2330 3566 modo
2356 3527 2543 3566 verum
2597 3519 2700 3576 est,
2752 3511 2895 3582 quod
2943 3519 3067 3566 ante
3120 3512 3296 3566 dixit:
3331 3509 3522 3566 Omnia
3555 3511 3768 3566 tradita

2171 3613 2290 3658 sunt
2318 3604 2446 3657 mihi
2475 3622 2508 3656 a
2540 3601 2700 3657 Patre
2729 3620 2840 3656 meo
2887 3602 3038 3673 (Luc.
3068 3620 3101 3656 x
3129 3644 3143 3667 ,
3175 3602 3266 3673 22)
3309 3622 3320 3655 ε
3358 3602 3403 3657 si
3443 3602 3549 3656 diei
3577 3599 3769 3658 ultimi

2172 3692 2409 3762 cognitio
2435 3709 2541 3747 non
2564 3701 2649 3748 est
2676 3689 2724 3747 ei
2754 3692 2949 3747 tradita
2967 3733 2979 3757 ,
3013 3692 3320 3747 nullatenus
3347 3693 3528 3746 omnia
3557 3693 3770 3748 tradita

2173 3794 2297 3839 sunt
2324 3785 2398 3838 illi
2431 3801 2460 3838 a
2493 3785 2674 3838 Patre.
2723 3781 2956 3839 Sanctus
2991 3798 3206 3854 quoque
3229 3783 3564 3854 Augustinus
3608 3783 3661 3838 in
3693 3781 3770 3838 li-

2171 3878 2271 3933 hro
2307 3878 2371 3932 de
2417 3885 2602 3931 sancta
2630 3874 2898 3930 Triuitate
2928 3872 3160 3946 capitulo
3187 3891 3262 3928 xII
3293 3873 3473 3946 (Num.
3504 3874 3595 3942 25)
3621 3916 3636 3938 ,
3667 3876 3769 3930 ho-

2174 3987 2292 4024 rum
2319 3969 2518 4024 Christi
2548 3970 2833 4021 verborum
2866 3983 3079 4021 sensum
3111 3982 3208 4035 per
3231 3974 3464 4036 tropum,
3495 3966 3586 4037 qui
3617 3967 3770 4037 apud

2173 4060 2551 4132 grammaticos
2576 4058 2886 4126 metonymia
2923 4057 3140 4122 dicitur,
3165 4057 3420 4127 explanat
3452 4075 3466 4110 τ
3498 4074 3517 4108 ι
3551 4056 3631 4110 De
3673 4055 3769 4112 die

2175 4169 2290 4207 vero
2313 4157 2359 4204 et
2387 4151 2515 4203 liora
2563 4165 2709 4202 nemo
2740 4149 2860 4210 scit,
2913 4165 3072 4218 neque
3102 4147 3274 4218 angeli
3292 4149 3346 4201 in
3376 4146 3502 4202 caelo
3521 4188 3534 4210 ,
3591 4165 3766 4218 neque

2176 4239 2368 4300 Filius,
2407 4241 2506 4292 nisi
2531 4237 2707 4291 Pater.
2736 4236 2850 4292 Hoc
2873 4236 3017 4292 enim
3050 4238 3242 4301 nescit,
3279 4237 3420 4306 quod
3447 4237 3768 4293 nescientes

2177 4330 2302 4384 facit
2337 4347 2348 4383 :
2376 4327 2427 4383 id
2466 4337 2566 4392 est,
2594 4329 2733 4397 quod
2764 4344 2869 4382 non
2912 4329 2986 4383 ita
3015 4329 3236 4392 sciebat,
3279 4336 3335 4381 ut
3364 4338 3491 4381 tunc
3524 4328 3770 4398 discipu-

2175 4420 2242 4477 lis
2285 4423 2544 4476 indiearet
2577 4441 2588 4474 :
2621 4422 2762 4475 sicut
2793 4422 2994 4477 dictum
3020 4431 3102 4477 est
3137 4421 3204 4476 ad
3243 4421 3519 4476 Abraham
3553 4441 3565 4476 :
3600 4419 3768 4477 Nunc

485 4505 760 4564 Christum
809 4485 977 4561 ﬁlium
1011 4508 1246 4563 hominis
1285 4526 1348 4564 ac
1391 4511 1484 4566 Dei
1515 4511 1741 4578 Filium,
1777 4513 1877 4585 [ut]
1905 4531 2074 4584 quan-
2103 4485 2152 4540 ι)
2179 4516 2412 4584 cognovi,
2441 4513 2580 4584 quod
2630 4514 2776 4568 times
2805 4512 2972 4568 Deum
3003 4511 3154 4586 (Gen.
3210 4529 3342 4578 χχιι,
3377 4514 3464 4584 l2)
3500 4533 3512 4567 :
3549 4515 3601 4568 id
3655 4523 3768 4582 est,

489 4603 606 4649 tum
635 4596 703 4648 ad
729 4610 919 4650 vocem
967 4595 1260 4666 Scriptura:
1287 4600 1536 4668 pertinet,
1569 4607 1630 4655 ut
1666 4619 1766 4657 nec
1801 4603 1961 4658 homo
1988 4619 2074 4659 se-

489 4686 672 4754 parari
701 4701 730 4739 a
757 4685 868 4740 Deo
893 4694 1134 4757 tempore
1155 4729 1168 4752 ,
1193 4703 1292 4744 nec
1326 4691 1393 4746 ab
1433 4693 1647 4748 homine
1679 4695 1822 4750 Deus
1857 4699 2076 4762 omnino

490 4774 670 4828 valeat
695 4775 965 4844 passione.
1007 4797 1025 4829 ι
1057 4777 1171 4834 Hoc
1192 4781 1351 4835 etiam
1375 4785 1618 4853 symbolo
1646 4775 1922 4845 catholica:
1954 4791 2077 4846 ﬁdei

491 4865 818 4920 conﬁtemur
845 4867 1150 4925 manifeste.
1176 4873 1318 4940 quod
1340 4872 1498 4930 Jesus
1519 4875 1763 4934 Christus
1787 4880 1878 4934 Dei
1910 4881 2078 4938 Filius

491 4956 818 5028 unigenitus,
852 4969 1010 5015 natus
1036 4963 1102 5016 de
1129 4961 1334 5032 Spiritu
1358 4979 1546 5022 sancto
1572 4977 1624 5024 et
1653 4970 1818 5026 Maria
1845 4975 2074 5045 virgine,

493 5061 686 5117 passus
713 5049 781 5104 sit
809 5065 906 5119 pro
931 5051 1161 5106 humana
1194 5053 1384 5110 salute.
1427 5056 1774 5128 Nequaquam
1808 5076 1936 5132 ergo
1973 5065 2074 5119 du-

494 5137 670 5194 bitare
697 5139 838 5197 ullus
867 5143 1162 5199 catholicus
1184 5146 1359 5212 debet,
1387 5149 1515 5218 quin
1539 5148 1631 5208 Dei
1657 5149 1822 5207 Filius
1851 5155 2080 5212 traditus

493 5239 638 5286 esset
665 5247 762 5301 pro
785 5235 971 5288 mundi
999 5235 1191 5291 salute.
1228 5237 1328 5304 Qui
1354 5240 1494 5293 enim
1528 5251 1717 5310 negat.
1757 5242 1852 5297 Dei
1882 5245 2078 5301 Filium

497 5321 754 5376 traditum
788 5339 908 5379 esse
948 5326 1016 5380 ad
1058 5327 1396 5396 passionem,
1438 5329 1740 5384 nullatenus
1782 5335 2080 5389 catholicus

497 5423 617 5466 esse
642 5413 860 5482 poterit,
892 5414 986 5469 sed
1007 5430 1036 5467 a
1059 5417 1338 5471 catholicae
1368 5413 1490 5471 ﬁdei
1515 5419 1866 5486 professione,
1896 5423 1947 5476 in
1976 5426 2078 5479 hac

571 5543 909 5619 |_Cas_sianus
943 5548 1065 5619 libr.
1096 5566 1147 5603 vI
1177 5549 1242 5603 de
1273 5549 1542 5603 lncarnat.
1570 5566 1688 5619 cap.
1719 5553 1806 5615 22,
1839 5555 1927 5608 ubi
1961 5561 2076 5610 tex-

502 5620 588 5669 tus
611 5616 682 5670 ita
713 5617 914 5674 habet:
948 5638 966 5671 ι
1004 5617 1111 5674 Nec
1134 5620 1186 5672 in
1220 5629 1458 5688 tempore
1483 5616 1771 5677 admodum
1800 5625 2073 5681 hominem

2178 4619 2322 4657 nunc
2351 4601 2452 4657 feci
2478 4609 2536 4656 ut
2561 4604 3079 4674 cognosceres,quia
3107 4611 3161 4656 et
3192 4603 3303 4674 ipse
3332 4602 3433 4657 sibi
3456 4604 3508 4656 in
3528 4603 3617 4656 illa
3645 4612 3772 4658 ten-

2177 4695 2384 4748 tatione
2429 4695 2687 4763 probatus
2734 4694 2984 4748 innotuit.
3045 4713 3064 4745 ι
3117 4693 3232 4758 Dic,
3283 4709 3438 4762 rogo,
3487 4695 3770 4762 quomodo

2180 4781 2298 4837 ﬁeri
2324 4783 2513 4852 possit,
2561 4781 2802 4850 utjudex
2829 4780 3070 4836 omnium
3101 4780 3240 4836 diem
3282 4779 3472 4848 judicii
3516 4784 3764 4850 nesciat;

2178 4882 2232 4927 et
2262 4873 2351 4941 qui
2383 4874 2578 4927 merita
2615 4870 2948 4941 singulorum
2973 4872 3369 4941 dijudicaturus
3404 4884 3509 4939 est,
3545 4882 3769 4945 tempus

2186 4959 2422 5032 ejusdem
2451 4962 2716 5016 examinis
2749 4959 2990 5033 ignoret?
3018 4960 3095 5017 De
3124 4961 3274 5031 cujus
3295 4962 3582 5030 judiciaria
3610 4974 3770 5033 pote.

2187 5062 2328 5107 state
2355 5053 2524 5108 multo
2548 5061 2674 5106 ante
2701 5054 2753 5106 in
2778 5053 2998 5123 psalmis
3032 5055 3344 5124 prtedicitur
3377 5073 3388 5108 ε
3416 5053 3558 5110 Deus
3586 5067 3770 5112 noster

2184 5151 2334 5205 tunc,
2364 5143 2498 5197 dicit
2539 5140 2807 5212 Propheta
2833 5183 2847 5207 ,
2892 5145 3220 5214 manifestius
3251 5147 3414 5199 veniet
3446 5164 3462 5200 :
3493 5145 3636 5200 Deus
3670 5164 3767 5200 no-

2182 5244 2290 5288 ster
2318 5242 2440 5286 tunc
2467 5250 2568 5286 non
2601 5233 2790 5286 silebit.
2827 5233 2973 5304 Ignis
3004 5234 3058 5287 in
3089 5245 3364 5305 conspectu
3389 5233 3503 5304 ejus
3524 5235 3764 5303 ardebit,

2183 5335 2230 5378 et
2257 5325 2313 5377 in
2335 5325 2556 5376 circuitu
2586 5321 2700 5392 ejus
2725 5332 3000 5393 tempestas
3026 5324 3198 5378 valida
3231 5339 3249 5378 :
3283 5325 3550 5378 advocavit
3573 5325 3768 5380 cmlum

2181 5413 2245 5468 de
2269 5429 2500 5478 sursum,
2523 5423 2572 5466 et
2600 5422 2794 5468 terram
2813 5415 3106 5469 discernere
3127 5414 3375 5486 populum
3405 5433 3558 5471 suum
3585 5415 3764 5490 (Psal.

2184 5548 2306 5630 quis
2327 5563 2357 5601 a
2383 5548 2532 5614 Deo;
2565 5565 2664 5605 nec
2689 5551 2742 5604 in
2767 5551 3016 5620 passione
3043 5551 3213 5622 possit
3241 5551 3408 5607 Deum
3452 5553 3520 5609 ab
3543 5554 3768 5612 homine

2189 5621 2520 5682 discernere,
2547 5630 2652 5675 etc.
2688 5641 2706 5672 ι

2257 5691 2284 5730 b
2311 5689 2474 5746 Uncis
2512 5691 2712 5746 inclusa
2743 5709 2807 5746 ex
2838 5691 3097 5747 Cassiano
3125 5693 3368 5762 suppleta
3396 5701 3539 5750 sunt.
