4030 6358
283 264 321 327 ἲ
332 269 400 328 97

1042 258 1454 330 DOGMATICA.
1492 304 1558 314 --
1601 274 1761 331 Αον.
1803 264 2099 338 raucam
2138 271 2317 335 LIBRI
2358 266 2467 337 vn.
2507 312 2577 322 -ο
2614 268 2743 338 LIB.
2788 276 2849 339 v.

3463 293 3565 353 198

293 400 448 449 xux,
472 384 527 449 '5,
551 380 630 455 ὁ).
662 377 729 438 Et
773 398 840 438 ne
881 394 1189 454 tgnararcs,
1227 387 1294 441 de
1335 403 1441 457 quo
1491 389 1592 442 hoc
1621 389 1846 443 dixisset
1868 427 1882 453 ,
1913 392 1958 449 Α
1991 397 2160 444 turus.
2194 391 2347 446 Hunc
2385 394 2631 450 eumdem
2674 396 2842 451 ﬁlium
2879 397 3135 465 hominis,
3160 402 3252 471 qui
3290 401 3564 471 judicatu-

290 478 458 549 paulo
480 485 611 531 ante
663 479 801 533 idem
843 480 1103 548 propheta
1138 481 1436 551 praemisit:
1475 481 1616 534 Deus
1659 482 1873 534 deorum

290 569 554 623 Dominus
578 566 781 623 locutus
806 580 880 623 est
905 568 1088 640 (lbid».,
1123 572 1197 639 1).
1223 571 1354 639 Quis
1374 580 1457 626 est
1481 572 1588 637 ille,
1613 573 1754 628 Deus
1782 573 1877 642 qui

289 668 379 714 est
415 661 665 725 deorum,
704 660 844 714 idem
877 660 1093 732 [Forte,
1130 663 1183 717 id
1212 664 1316 736 est]
1347 672 1654 719 Sanctorum
1694 666 1877 721 Domi-

288 752 429 806 nus?
462 752 600 807 Vere
632 753 858 806 omnino
891 752 1156 817 Christus,
1202 756 1289 823 qui
1311 754 1651 824 judicaturus
1676 764 1759 811 est
1796 758 1875 811 vi-

282 858 385 897 vos
410 858 477 898 ac
504 852 768 899 mortuos.
802 840 971 914 Hujus
994 844 1165 899 locum
1193 846 1490 915 prophetia:
1533 848 1721 901 beatus
1743 847 1877 903 Cas-

278 937 546 995 siodorus
595 938 683 1009 (In
723 937 873 991 Psal.
923 952 1067 1002 xux,
1114 937 1164 1001 i,
1206 937 1260 1008 ὅ)
1291 936 1366 991 ita
1410 938 1691 991 declarat:
1731 953 1749 989 ι
1796 937 1873 992 Ne

285 1030 431 1101 quis,
485 1030 594 1094 ait,
624 1028 1051 1082 incarnationem
1084 1024 1285 1081 Christi
1322 1026 1578 1081 mediocri
1628 1028 1873 1082 crederet

283 1119 651 1175 aestimatione
673 1120 998 1188 poscendam
1024 1116 1419 1189 [pensandam],
1438 1120 1679 1187 potentia
1704 1118 1871 1187 ipsius

284 1220 413 1265 ante
442 1209 782 1279 prmdieitur,
806 1216 865 1262 ut
888 1208 1052 1263 totius
1103 1208 1497 1263 incredulitatis
1515 1208 1752 1278 pravitas
1773 1224 1869 1263 aua-

278 1302 517 1357 feratur.
570 1302 652 1355 Dii
699 1301 978 1365 dicuntur,
1031 1300 1120 1368 qui
1173 1299 1329 1355 bonis
1372 1301 1872 1355 eonversationibus

283 1395 519 1464 gratiam
553 1408 800 1462 superna:
849 1390 1149 1459 majestatis
1178 1391 1478 1460 accipiunt;
1512 1392 1651 1446 sicut
1682 1393 1733 1446 in
1760 1384 1866 1445 alio

281 1484 501 1539 Psalmo
532 1486 608 1538 ait
639 1502 651 1537 :
689 1482 801 1553 Ego
828 1482 959 1547 dixi,
987 1482 1062 1536 dii
1095 1484 1238 1545 estis,
1270 1492 1317 1535 et
1340 1482 1438 1551 ﬁlii
1477 1483 1666 1537 excelsi
1690 1501 1865 1540 omnes

282 1572 461 1647 (Psal.
498 1590 680 1637 Lxxxt,
708 1573 781 1645 6).
815 1574 893 1627 lta
918 1590 1047 1643 ergo
1074 1572 1169 1627 ﬁlii
1195 1574 1464 1637 dicuntur,
1489 1574 1630 1629 sicut
1664 1584 1718 1630 et
1767 1576 1860 1642 dii,

280 1666 427 1733 quod
473 1673 764 1733 utrumque
792 1665 965 1735 gratia
1006 1673 1256 1734 praestat,
1307 1678 1413 1719 non
1465 1674 1679 1719 natura.
1724 1666 1865 1721 Deus

1984 496 2077 535 rus
2103 488 2187 535 est
2213 483 2497 548 mundum,
2526 484 2812 554 Apostolus
2842 488 3010 543 Deum
3039 507 3145 545 non
3177 492 3442 551 dubitavit
3463 514 3561 553 no—

1981 569 2207 624 minare.
2240 570 2329 623 Ait
2358 574 2501 627 enim
2540 592 2551 626 :
2591 574 2838 645 Alioquin
2863 581 3122 648 quomodo
3143 581 3285 637 Deus
3297 584 3561 653 jadicabit

1978 658 2116 712 hunc
2160 662 2412 716 mundum
2453 663 2629 734 (Rom.
2660 683 2742 731 ιιι,
2777 668 2870 739 6)?
2898 680 2952 724 et
2980 672 3107 726 alibi
3137 691 3149 725 :
3183 675 3562 744 Exspectantes

1974 747 2180 802 beatam
2194 767 2332 820 spem
2349 760 2395 804 et
2412 752 2690 808 adventum
2710 755 2891 826 gloria:
2908 761 3087 829 magni
3106 761 3204 816 Dei
3222 763 3348 834 (Tit.
3370 767 3558 838 ",15).

2045 838 2209 909 837
2237 840 2303 895 Χ.
2343 841 2401 895 In
2426 845 2773 911 sequentibus
2801 863 3014 918 qtioque
3042 867 3247 921 ponens
3276 856 3441 909 verba
3482 857 3562 926 ip-

1977 929 2088 983 sius
2117 930 2389 996 Veritatis,
2422 935 2615 1002 quibus
2644 936 2857 991 cuidam
2890 940 3039 994 diviti
3073 957 3133 996 se
3163 944 3359 999 bonum
3388 949 3562 1018 magi-

1976 1029 2145 1074 strum
2174 1023 2471 1077 norninanti
2500 1026 2777 1094 respondit
2802 1046 2812 1079 :
2852 1028 3019 1083 Nemo
3045 1032 3208 1088 bonus
3227 1072 3245 1099 ,
3276 1038 3375 1089 nisi
3416 1039 3559 1094 solus

1972 1109 2115 1165 Deus
2142 1112 2291 1182 (Luc.
2317 1130 2468 1179 xvm,
2494 1115 2603 1185 19),
2630 1117 2785 1171 valde
2810 1118 3268 1191 inconvenienter,
3295 1137 3561 1196 quantum

1974 1201 2039 1257 ad
2088 1204 2451 1275 intelligentia:
2479 1209 2713 1276 pertinet
2758 1211 3046 1276 rationem,
3078 1217 3266 1280 verba,
3309 1233 3341 1271 ο
3366 1218 3515 1273 Felix
3539 1259 3558 1286 ,

1971 1295 2256 1366 conjungis
2285 1316 2296 1349 :
2332 1315 2350 1347 ε
2382 1298 2499 1366 Ipse
2533 1300 2700 1365 enim,
2731 1300 2836 1365 ais,
2887 1303 2978 1371 qui
3028 1306 3393 1361 essentialitcr
3434 1325 3557 1365 cum

1970 1383 2132 1439 Patre
2182 1395 2237 1439 et
2267 1386 2470 1456 Spiritu
2503 1401 2692 1443 sancto
2739 1391 2886 1446 solus
2913 1401 2996 1446 est
3025 1394 3220 1459 bonus,
3254 1405 3339 1449 est
3381 1399 3557 1465 Deus,

1970 1472 2084 1541 ipse
2113 1474 2167 1527 in
2200 1476 2472 1530 hominem
2503 1478 2628 1533 licet
2654 1480 2725 1533 sit
2762 1480 2959 1546 bonus,
2995 1499 3102 1537 non
3133 1492 3311 1539 tamen
3338 1497 3558 1542 natura-

1967 1560 2091 1615 liter
2117 1578 2147 1615 a
2172 1566 2461 1635 semetipso
2497 1566 2557 1620 ﬁt
2587 1568 2782 1622 bonus.
2821 1587 2839 1622 ι
2877 1569 3155 1637 Quomodo
3193 1582 3338 1630 stare
3379 1586 3560 1645 potest

1967 1654 2110 1722 quod
2156 1656 2312 1721 dicis,
2342 1658 2455 1727 ipse
2499 1669 2582 1713 est
2626 1660 2820 1727 bonus,
2862 1672 2918 1716 et
2954 1665 3066 1733 ipse
3098 1668 3419 1739 naturaliter
3448 1686 3556 1724 non

279 1762 467 1808 autem
526 1754 750 1807 deorum
818 1762 901 1807 ρει
961 1753 1229 1808 Christus,
1273 1774 1291 1807 ,
1356 1754 1424 1808 Ει
1488 1755 1648 1823 paulo
1698 1764 1821 1824 post
1851 1774 1864 1811 ε
1900 1739 1946 1802 Β
1971 1750 2056 1795 est
2082 1742 2253 1798 bonus
2282 1746 2336 1799 in
2367 1750 2692 1820 semetipso?
2721 1750 2776 1804 Si
2804 1768 2902 1821 per
2926 1768 2983 1807 se
3010 1755 3182 1809 bonus
3203 1764 3287 1810 est
3305 1774 3427 1812 cum
3450 1758 3557 1813 Pa-

287 1845 466 1899 iDeus
513 1846 658 1899 enim
695 1845 1124 1901 Christianorum
1163 1848 1277 1915 ipse
1313 1855 1399 1902 est
1432 1844 1576 1902 Deus
1612 1850 1863 1916 deorum,

274 1936 371 2005 qui
400 1942 459 1990 et
502 1937 780 2005 manifeste
824 1939 987 1991 ueniet
1047 1947 1097 1991 et
1150 1954 1255 1993 non
1304 1936 1493 1993 silebit.
1555 1940 1689 1995 Silet
1723 1942 1865 1995 enim

276 2031 462 2096 modo,
507 2046 630 2085 eum
670 2031 905 2085 mundus
954 2033 1056 2086 iste
1102 2033 1407 2102 peragitur;
1456 2049 1578 2088 cum
1618 2033 1866 2103 blasphe-

275 2122 417 2176 mias
467 2130 521 2176 et
571 2122 862 2191 sacrilegas
908 2138 1072 2178 voces
1121 2124 1401 2179 sementim
1453 2138 1565 2179 suze
1608 2126 1866 2179 severita-

276 2222 364 2277 te,
413 2228 523 2267 non
564 2213 817 2279 damnat,
868 2213 963 2267 sed
1007 2214 1075 2268 ad
1123 2215 1493 2269 conversionis
1538 2212 1862 2270 medicinam

274 2305 513 2359 sustinet
536 2312 875 2373 peccatores.
900 2300 1050 2359 Tunc
1075 2313 1254 2359 autem
1280 2323 1384 2360 non
1426 2305 1618 2370 silebit,
1647 2308 1862 2375 quando

269 2396 555 2449 sceleratis
576 2395 821 2449 dicturus
846 2403 964 2450 est:
1006 2395 1087 2449 Ite
1126 2398 1179 2448 in
1228 2397 1398 2465 ignem
1445 2406 1719 2458 wteruum,
1772 2399 1860 2467 qui

270 2496 492 2557 paratus
521 2495 597 2540 est
624 2486 834 2539 diabolo
857 2497 903 2540 et
930 2486 1131 2557 angelis
1158 2487 1273 2555 ejus
1302 2484 1516 2555 (Matth.
1543 2505 1668 2549 xxv,
1689 2486 1800 2559 41).
1834 2509 1851 2540 ι

272 2575 423 2629 Hane
448 2590 637 2629 vocem
658 2583 883 2639 metuat,
911 2576 1002 2644 qui
1036 2576 1193 2630 modo
1222 2577 1641 2645 nuncupativum
1668 2586 1722 2630 et
1751 2592 1857 2631 non

268 2681 463 2720 verum
486 2667 657 2723 Deum
689 2666 850 2719 audet
885 2663 1258 2734 blasphemare
1303 2663 1600 2728 Christum,
1636 2667 1725 2735 qui
1765 2664 1855 2733 ju-

267 2757 553 2811 dicaturus
576 2767 660 2812 est
707 2758 987 2812 mundum.
1022 2756 1362 2827 Nuneupatio
1386 2774 1492 2813 non
1518 2767 1602 2813 est
1629 2760 1682 2814 in
1714 2762 1855 2815 veri-

269 2855 380 2900 tate
400 2848 710 2917 potestatis,
745 2848 838 2901 sed
861 2848 914 2901 in
934 2849 1167 2903 nominis
1188 2851 1556 2904 tantummodo
1573 2852 1850 2921 dignitate.

264 2938 370 3006 Qui
397 2941 618 2995 vocabit
644 2939 841 2994 cmlum
876 2948 931 2993 et
964 2948 1163 2993 terram
1212 2942 1279 2993 ad
1302 2940 1585 3011 judicium,
1619 2958 1724 2996 non
1761 2959 1852 2998 so-

265 3026 378 3082 lum
430 3044 628 3083 nomen
665 3029 829 3083 habet
873 3030 1111 3095 deltatis,
1163 3032 1254 3085 sed
1307 3032 1473 3085 etiam
1528 3040 1849 3101 potestatem

1969 1842 2051 1889 tre
2081 1844 2136 1889 et
2166 1836 2366 1906 Spiritu
2397 1851 2606 1907 saneto,
2637 1844 2823 1913 utique
2850 1854 2905 1899 et
2932 1847 3046 1916 ipse
3070 1848 3244 1904 bonus
3267 1859 3351 1905 est
3374 1853 3428 1906 in
3457 1854 3555 1908 ho-

1966 1924 2115 1978 mine
2144 1937 2445 1997 assumpto,
2493 1946 2597 1985 non
2630 1933 2806 1986 aliena
2832 1934 3097 2003 bonitate,
3129 1940 3223 1993 sed
3269 1943 3505 1997 naturali
3535 1984 3551 2010 ,

1965 2017 2091 2085 quia
2123 2018 2258 2087 ipse,
2292 2028 2347 2075 et
2376 2022 2489 2090 ipse
2522 2039 2684 2077 unam
2716 2026 3103 2095 signiﬁcaverit
3131 2047 3422 2099 personam
3443 2075 3458 2100 ,
3498 2042 3555 2089 et

1964 2121 2068 2160 non
2084 2109 2383 2163 estalterin
2406 2111 2589 2177 Patre,
2605 2113 2743 2168 alter
2770 2115 2823 2168 in
2840 2117 3078 2171 homine.
3100 2118 3404 2176 Mirandum
3422 2139 3552 2179 vero

1962 2204 2066 2262 est,
2104 2200 2373 2266 quomodo
2420 2202 2679 2272 magister
2725 2204 2858 2259 velis
2906 2205 3023 2260 ﬁeri
3070 2208 3195 2263 ﬁdei
3240 2211 3550 2280 catholica},

1962 2286 2086 2340 dum
2143 2289 2455 2355 verborum,
2503 2307 2601 2361 per
2658 2308 2776 2362 quze
2825 2294 2961 2349 ﬁdes
3011 2296 3231 2365 dicitur,
3286 2303 3551 2358 rationem

1961 2378 2193 2447 ignores.
2224 2378 2393 2434 Corde
2431 2384 2566 2436 enim
2599 2385 2831 2437 creditur
2850 2386 2918 2439 ad
2939 2388 3230 2456 justitiam,
3262 2409 3351 2446 ore
3372 2404 3547 2449 autent

1959 2469 2214 2537 confessio
2240 2471 2300 2539 ﬁt
2319 2472 2387 2525 ad
2406 2472 2627 2527 salutent
2658 2474 2835 2545 (Rom.
2870 2493 2923 2542 ιε,
2966 2479 3075 2551 10).
3098 2480 3261 2536 Recte
3286 2484 3466 2553 itaque
3490 2487 3545 2540 in

1959 2562 2119 2616 corde
2133 2564 2277 2616 credi
2288 2572 2336 2617 ta
2365 2567 2806 2622 convenientibus
2819 2586 2961 2625 vera:
2976 2571 3098 2627 ﬁdei
3126 2576 3302 2630 verbis
3313 2577 3546 2646 proferri

1958 2654 2170 2708 debent.
2198 2654 2304 2709 Sed
2329 2659 2570 2724 quzedam
2584 2660 2713 2714 mihi
2740 2664 2979 2731 su5picio
3003 2680 3065 2719 ex
3093 2670 3541 2727 antecedentibus

1956 2745 2081 2798 ﬁdei
2099 2755 2198 2800 tua:
2227 2748 2669 2818 professionibus,
2694 2770 2745 2807 ιιι
2770 2756 2854 2809 his
2878 2760 3117 2813 nascitur
3138 2762 3339 2827 verbis,
3364 2768 3548 2833 tequi-

1958 2838 2079 2892 dem
2092 2838 2227 2894 velle
2261 2856 2507 2895 asserere
2534 2842 2628 2896 Dei
2661 2844 2850 2900 Filium
2870 2886 2884 2911 ,
2915 2849 3007 2918 qui
3035 2850 3306 2905 hominem
3336 2868 3546 2908 assum-

1954 2928 2081 2997 psit,
2098 2930 2416 2984 naturaliter
2430 2932 2630 2986 bonum
2645 2949 2792 3001 esse;
2812 2938 3085 2993 hominem
3108 2956 3256 3009 vero,
3276 2959 3435 3013 quem
3459 2961 3545 3000 as-

1957 3021 2207 3088 sumpsit,
2238 3022 2471 3076 naturali
2498 3024 2739 3080 bonitate
2768 3028 2968 3083 bonum
3003 3046 3108 3085 non
3136 3048 3276 3087 esse.
3313 3035 3419 3090 Sed
3443 3036 3545 3091 iste

263 3120 587 3174 divinitatis.
638 3120 705 3173 Et
745 3134 812 3173 ne
858 3119 998 3174 forte
1036 3122 1379 3177 contradicas
1417 3097 1584 3176 ﬁliuni
1618 3124 1855 3178 hominis
1881 3097 1926 3162 ο
1962 3118 2086 3165 “ius
2110 3128 2302 3167 sensus
2328 3114 2511 3169 munis
2542 3126 2744 3172 sane“?
2777 3118 3070 3189 Scriptum?
3100 3125 3425 3181 ιθδῑίιηοηὶἱε
3446 3126 3544 3182 de-

261 3228 404 3277 esse,
438 3214 533 3283 qui
560 3212 723 3267 habet
746 3220 1067 3281 potestatem
1084 3210 1385 3283 judicandi,
1408 3216 1530 3269 audi
1558 3216 1687 3284 quid
1710 3217 1852 3272 idem

264 3304 378 3372 ipse
410 3303 479 3357 de
516 3319 611 3357 sua
647 3311 911 3373 potestate
949 3304 1181 3369 diceret;
1208 3304 1286 3357 ait
1313 3306 1457 3358 enim
1490 3324 1501 3357 :
1536 3304 1667 3358 Cum
1707 3322 1856 3360 vene-

261 3398 330 3449 rit
371 3396 521 3466 ﬁlius
564 3397 789 3449 hominis
822 3395 877 3449 in
906 3396 1182 3466 majestate
1223 3411 1346 3461 sua,
1374 3406 1423 3450 et
1461 3414 1637 3451 omnes
1681 3399 1854 3469 angeli

261 3503 383 3540 cum
414 3502 495 3549 eo,
537 3495 661 3539 tunc
703 3486 899 3546 sedebit
924 3488 979 3539 in
1012 3488 1131 3541 sede
1169 3487 1459 3556 majestatis
1490 3504 1601 3541 sua:
1633 3488 1849 3555 (Matth.

260 3593 389 3641 xxv,
415 3577 529 3649 5|).
567 3577 763 3631 Filium
804 3578 1038 3633 hominis
1069 3586 1302 3634 testatur
1332 3580 1384 3632 in
1416 3595 1512 3634 sua
1543 3579 1845 3649 majestate,

262 3677 453 3722 etnon
486 3669 541 3722 in
590 3668 766 3722 aliena
807 3684 1082 3723 sessurum
1130 3678 1185 3723 et
1222 3668 1611 3737 iudicaturum,
1660 3680 1714 3726 et
1764 3686 1850 3725 re-

260 3767 423 3828 gnum
459 3758 543 3813 sui
588 3758 767 3813 Patris
813 3759 1018 3814 sanctis
1069 3761 1341 3815 daturum.
1395 3760 1462 3813 Et
1491 3761 1616 3813 alibi
1645 3780 1656 3814 :
1690 3760 1850 3816 Pater

260 3850 584 3919 nonjudicat
612 3868 946 3921 quemquam,
970 3852 1059 3905 sed
1075 3869 1223 3905 omne
1240 3852 1503 3921 judicium
1520 3852 1661 3905 dedit
1682 3852 1843 3919 Filio,

260 3952 313 3993 ut
353 3957 535 3993 omnes
581 3941 921 4010 honori/iectu
953 3940 1171 4007 Filium,
1202 3942 1333 3995 sicut
1371 3942 1715 4010 honoriﬁcam
1746 3943 1849 3996 Pa-

260 4042 413 4085 trem.
463 4033 531 4086 Et
557 4034 718 4102 paulo
744 4042 866 4103 post
895 4053 906 4087 :
951 4032 1096 4088 Sicut
1123 4032 1285 4087 Pater
1313 4033 1464 4087 habet
1496 4035 1652 4087 vitam
1684 4036 1738 4087 in
1769 4052 1849 4089 se-

258 4124 593 4192 metipso,sic
609 4123 748 4176 dedit
767 4134 814 4177 et
836 4122 980 4177 Filio
1004 4125 1161 4176 vitam
1188 4122 1376 4176 habere
1400 4124 1453 4175 in
1479 4125 1775 4190 semetipso,
1799 4135 1844 4178 et

254 4223 567 4283 potestatem
588 4213 729 4267 dedit
760 4215 807 4267 ei
823 4215 1087 4283 judicium
1110 4214 1300 4283 facere,
1327 4215 1450 4284 quia
1483 4213 1627 4282 [ilius
1680 4215 1849 4266 homi—

252 4306 335 4357 nis
356 4314 437 4357 est
468 4303 649 4373 (Joan.
682 4321 734 4369 v,
766 4305 856 4371 25,
885 4305 977 4370 26,
1013 4306 1126 4376 27).
1158 4307 1224 4359 Et
1259 4322 1327 4360 ne
1362 4306 1467 4359 ulla
1501 4306 1721 4360 cuilibet
1743 4306 1843 4360 du-

254 4395 454 4449 hitatio
481 4397 854 4461 remansisset,
896 4398 1017 4466 quis
1046 4397 1117 4451 sit
1157 4398 1247 4467 qui
1279 4397 1330 4450 in
1356 4393 1561 4466 judicio
1593 4398 1844 4451 omnibus

1956 3204 2202 3257 struitur.
2242 3205 2425 3260 Primo
2458 3222 2582 3261 cum
2612 3207 2809 3278 legitur
2834 3210 2888 3263 in
2915 3209 3133 3277 Genesi,
3164 3214 3330 3268 Deum
3357 3218 3540 3272 omnia

1952 3295 2092 3352 bona
2122 3299 2449 3354 condidisse.
2473 3300 2679 3354 Etcum
2695 3317 2792 3371 per
2814 3303 3054 3374 singulos
3097 3306 3214 3360 dies
3240 3307 3372 3360 dicit
3396 3307 3545 3363 Scri-

1951 3395 2108 3456 ptura
2134 3406 2146 3440 :
2185 3386 2322 3442 Vidit
2346 3389 2509 3457 Deus,
2535 3393 2673 3459 quod
2701 3393 2891 3447 bonum
2918 3405 3049 3449 esset
3074 3435 3085 3448 .
3110 3404 3164 3450 et
3185 3398 3308 3451 dum
3335 3399 3540 3467 omnia,

1951 3480 2092 3534 sicut
2117 3481 2227 3536 Deo
2251 3482 2472 3550 placuit,
2501 3493 2686 3539 creata
2719 3495 2865 3550 sunt,
2902 3488 3105 3541 dictum
3135 3496 3257 3542 est:
3294 3488 3363 3542 Et
3390 3498 3537 3543 erant

1951 3574 2127 3626 omnia
2148 3573 2295 3627 valde
2324 3574 2454 3627 bona
2477 3572 2630 3645 (Gen.
2658 3575 2698 3646 ι)
2728 3595 2739 3629 :
2762 3579 3031 3646 quomodo
3058 3579 3146 3633 ille
3174 3581 3335 3634 homo
3363 3580 3536 3646 solus,

1947 3679 2106 3734 quem
2136 3665 2249 3735 ipse
2281 3667 2375 3721 Dci
2401 3667 2601 3734 Filius,
2632 3685 2729 3739 per
2756 3684 2915 3739 quem
2967 3670 3109 3725 facta
3151 3682 3278 3727 sunt
3319 3674 3537 3740 omnia,

1951 3754 2052 3807 sibi
2082 3754 2135 3807 in
2167 3756 2430 3810 unitatem
2477 3772 2723 3825 persona:
2768 3760 2820 3813 in
2852 3768 3008 3815 utero
3035 3764 3284 3833 virginali
3328 3779 3539 3819 assum-

1949 3846 2075 3914 psit,
2116 3861 2220 3898 non
2250 3854 2368 3899 erat
2399 3848 2721 3901 naturaliter
2745 3849 2959 3903 bonus?
2988 3850 3123 3916 Quid
3163 3853 3214 3904 in
3250 3850 3339 3904 illa
3367 3854 3536 3907 mira-

1949 3936 2040 3989 bili
2072 3936 2137 3989 de
2162 3936 2365 4004 Spiritu
2395 3947 2583 3991 sancto
2614 3947 2668 3992 et
2694 3940 2943 4009 virginali
2970 3943 3322 4010 conceptione
3351 3952 3405 3997 et
3429 3960 3527 3997 na-

1949 4025 2174 4087 tivitate,
2206 4026 2412 4093 peccati
2442 4025 2560 4089 fuit,
2588 4034 2645 4079 ut
2671 4027 2842 4083 bonus
2874 4029 3194 4083 naturaliter
3223 4047 3328 4083 non
3359 4041 3526 4098 esset,

1950 4118 2039 4187 qui
2069 4125 2226 4172 natus
2252 4124 2354 4181 est,
2401 4125 2455 4171 et
2492 4117 2585 4171 Dei
2627 4118 2762 4172 Filio
2804 4118 2856 4172 in
2886 4121 3149 4174 unitatem
3188 4136 3435 4190 persona)
3478 4124 3533 4178 in

1950 4211 2066 4279 ipso
2092 4210 2314 4265 exordio
2340 4210 2736 4264 incarnationis
2761 4207 3081 4279 adjunctus?
3102 4211 3289 4266 Omnis
3317 4213 3533 4281 quidem

1950 4299 2232 4353 rationalis
2263 4308 2515 4353 creatura
2550 4310 2644 4353 aut
2684 4300 2822 4355 bona
2852 4309 2957 4365 est,
3000 4308 3094 4354 aut
3117 4301 3279 4356 mala.
3312 4301 3534 4372 Legitur

1949 4390 2092 4444 enim
2122 4389 2175 4442 in
2211 4389 2506 4457 Scripturis
2531 4392 2735 4445 sanctis
2765 4392 2987 4462 angelus
3014 4393 3208 4457 bonus,
3234 4401 3290 4448 et
3310 4394 3534 4464 angelus

254 4486 554 4550 videbitur,
584 4486 724 4541 idem
750 4488 939 4542 beatus
973 4487 1207 4542 Joannes
1243 4489 1572 4559 evangelista
1614 4489 1845 4559 prophe—
1880 4458 1925 4516 ί)
1949 4483 2125 4538 malus
2166 4498 2180 4536 :
2221 4482 2470 4537 similiter
2513 4491 2570 4537 et
2605 4484 2779 4538 bonus
2830 4486 3011 4550 homo,
3063 4494 3115 4541 et
3164 4486 3339 4540 malus
3370 4487 3532 4539 homo

256 4573 423 4628 ticum
454 4574 510 4627 in
545 4589 612 4628 eo
649 4576 1015 4629 tesﬁmonium
1044 4576 1374 4644 implendum
1405 4594 1525 4631 esse
1561 4580 1842 4648 praedixit;

165 4679 184 4695 ο
257 4664 331 4717 ait
360 4664 510 4717 enim
540 4680 553 4715 :
595 4663 709 4717 Hoc
731 4674 896 4718 totum
921 4665 1119 4734 fectant
1147 4672 1252 4730 est,
1296 4675 1352 4719 ut
1376 4665 1681 4736 impleretur
1706 4666 1846 4736 quod

254 4756 458 4811 dictum
504 4768 581 4811 est
612 4757 726 4812 :Os
756 4774 857 4811 non
900 4757 1261 4811 comminuetis
1308 4773 1371 4811 ea:
1414 4773 1494 4811 eo.
1542 4756 1611 4809 Et
1655 4759 1843 4810 iterum

256 4847 363 4902 alia
393 4848 675 4918 Scriptura
702 4850 828 4903 dicit
852 4866 868 4903 :
910 4849 1189 4913 Videbunt,
1213 4850 1267 4903 in
1286 4865 1438 4919 quem
1465 4848 1843 4917 transﬁxerunt

258 4938 441 5011 (Joan.
474 4956 591 5001 nx,
623 4940 737 5011 56).
770 4936 1004 4995 Vulnera
1038 4942 1220 5010 itaque
1243 4941 1355 4994 veri
1382 4942 1628 5009 corporis
1650 4957 1841 4995 verum

259 5031 426 5086 ﬁlium
450 5032 689 5087 hominis
731 5032 1035 5097 ostendent,
1069 5033 1159 5102 qui
1200 5029 1541 5101 iudicaturus
1562 5041 1642 5086 cst
1688 5048 1844 5086 mun—

259 5124 383 5177 dum
421 5142 434 5176 :
470 5122 645 5177 forma
676 5122 765 5178 illa
792 5125 895 5178 erit
914 5121 1223 5193 judex,qua
1246 5125 1393 5177 stetit
1422 5132 1546 5177 ante
1584 5123 1840 5193 judicent.

258 5212 403 5267 Talis
441 5213 725 5282 apparebit
754 5213 939 5284 judex,
987 5215 1161 5282 qualis
1198 5214 1367 5267 videri
1406 5214 1577 5284 possit
1615 5215 1684 5269 ab
1721 5212 1800 5269 eis
1826 5254 1842 5279 ,

246 5322 393 5375 quos
429 5315 793 5361 coronaturus
821 5306 945 5370 erit,
978 5306 1122 5359 etab
1169 5306 1271 5369 eis,
1305 5320 1439 5373 quos
1466 5304 1838 5359 danmaturus.

247 5394 576 5465 ‘lioc-ipsum
609 5398 805 5467 quippe
830 5397 1047 5452 Christo
1076 5398 1398 5452 ascendente
1425 5397 1599 5467 angeli
1628 5406 1842 5466 aposto-

245 5483 323 5539 -lis
346 5486 756 5555 praedixerunt:
785 5487 895 5552 Sic,
926 5489 1195 5557 inquiunt,
1230 5486 1840 5557 venietquemadmodum

260 5577 459 5631 vidistis
485 5596 606 5633 eum
636 5590 843 5633 euntem
868 5582 923 5634 in
953 5579 1137 5634 etclam
1178 5579 1317 5651 (Act.
1350 5597 1398 5643 ι,
1430 5580 1541 5648 ii),
1570 5580 1622 5634 id
1651 5590 1754 5645 est,
1784 5580 1838 5634 in

261 5664 447 5719 eadem
479 5666 655 5723 forma
682 5669 860 5723 carnis
889 5678 1050 5737 atque
1096 5668 1395 5724 substantia
1422 5668 1601 5723 veniet
1634 5668 1843 5737 judica-

1949 4574 2061 4642 ipsa
2092 4574 2331 4628 Veritatc
2360 4581 2649 4628 attestante
2693 4588 2704 4627 ε
2738 4575 2917 4629 Bonus
2946 4576 3100 4630 homo
3140 4577 3204 4629 de
3247 4576 3379 4630 bono
3422 4576 3532 4629 the«

1946 4683 2105 4719 suuro
2128 4666 2299 4720 cordis
2324 4668 2406 4720 sui
2431 4667 2552 4737 (etsi
2578 4666 2782 4730 omnia,
2809 4682 2929 4735 qua:
2953 4667 3095 4720 Deus
3124 4667 3351 4730 creavit,
3374 4673 3533 4719 erant

1946 4757 2102 4812 valde
2146 4757 2308 4827 bona)
2355 4758 2549 4827 profert
2581 4757 2757 4811 bona:
2808 4766 2854 4810 et
2882 4755 3055 4811 malus
3100 4758 3253 4810 homo
3292 4756 3355 4809 de
3390 4756 3529 4810 malo

1946 4847 2190 4901 thesauro
2215 4847 2388 4900 cordis
2416 4848 2497 4900 sui
2526 4847 2721 4917 profert
2767 4847 2909 4900 mala
2950 4846 3099 4917 (Luc.
3140 4863 3226 4912 vt,
3258 4847 3371 4916 45).
3421 4845 3529 4902 Sed

1947 4939 2127 4992 omnia
2174 4955 2293 5007 quae
2336 4938 2475 4992 bona
2507 4947 2649 5003 sunt,
2698 4940 3020 4994 naturaliter
3050 4940 3187 4995 bona
3236 4948 3382 5003 sunt,
3434 4937 3528 4994 Dei

1948 5032 2123 5101 gratia
2156 5040 2348 5101 agente
2378 5048 2390 5095 ;
2432 5047 2551 5101 quas
2581 5047 2708 5087 vero
2743 5032 2883 5086 mala
2914 5041 3057 5097 sunt,
3087 5050 3153 5088 ex
3184 5032 3405 5103 proprio
3442 5032 3526 5085 vi-

1950 5122 2023 5175 tio
2064 5121 2206 5174 mala
2237 5121 2557 5176 efﬁciuntur.
2593 5123 2872 5188 Quomodo
2918 5139 3047 5193 ergo
3073 5123 3321 5179 Christus
3361 5132 3524 5177 natu-

1948 5207 2139 5269 raliter
2193 5228 2300 5268 non
2359 5223 2443 5269 est
2496 5215 2705 5279 bonus,
2768 5230 2867 5285 per
2929 5231 3091 5284 quem
3144 5231 3366 5277 omnes,
3409 5212 3528 5281 qui-

1948 5320 2161 5373 cunque
2209 5305 2337 5359 boni
2385 5313 2551 5370 sunt,
2599 5303 2903 5360 elliciuntur
2942 5307 3105 5361 boni?
3163 5304 3314 5359 Sicut
3375 5302 3522 5357 enim

1946 5411 2117 5466 prope
2146 5394 2350 5467 [Forte,
2383 5396 2620 5467 proprie]
2654 5406 2737 5451 est
2762 5396 2930 5452 Filius
2957 5399 3073 5462 Dei,
3110 5413 3208 5467 per
3227 5410 3387 5465 quem
3410 5409 3527 5448 om-

1938 5503 2045 5542 nes
2074 5489 2244 5543 sancti
2272 5487 2391 5541 Filii
2419 5489 2514 5544 Dei
2543 5486 2669 5543 facti
2698 5498 2823 5543 sunt
2862 5506 2875 5544 :
2905 5491 2979 5543 ita
3008 5487 3327 5543 naturaliter
3354 5486 3529 5540 bonus

1948 5590 2047 5642 est,
2098 5581 2212 5634 sine
2236 5596 2345 5651 quo
2389 5580 2566 5634 nullus
2594 5582 2917 5635 naturaliter
2944 5580 3143 5649 poterit
3168 5592 3290 5632 esse
3330 5578 3527 5635 bonus.

1951 5673 2120 5743 llujns
2151 5690 2279 5730 vero
2313 5673 2677 5744 responsionis
2706 5673 2903 5728 Christi
2934 5672 3094 5725 verba
3121 5672 3313 5727 beatus
3335 5668 3527 5724 Hiero-
