4030 6358
473 301 578 359 £99

1317 292 1378 348 Β.
1419 290 1480 346 F.
1524 288 1750 346 ALBINI
1791 289 1924 347 SEU
1960 286 2234 347 ALCUlNl
2273 285 2560 346 OPERUM
2597 285 2778 344 PARS
2811 281 2897 343 Ill.

3639 287 3749 349 Μ

469 426 666 487 nymus
690 407 960 482 presbiter
979 406 1136 478 longe
1165 404 1346 467 aliter,
1373 417 1539 473 quam
1569 409 1622 454 ιιι
1649 401 1871 465 asseris,
1898 398 2056 455 intel-
2081 404 2130 460 Α
2159 398 2532 455 sicuthumani
2555 399 2771 470 generis
2783 412 2948 453 causa
2974 395 3250 466 posCehat,
3279 394 3330 451 in
3373 395 3546 452 beata:
3569 397 3742 470 Virgis

467 507 561 579 ligi
590 504 781 567 voluit,
813 511 872 556 ut
899 503 952 556 iu
981 499 1300 572 praescripto
1329 495 1446 564 ejus
1465 493 1889 557 Commentario,
1914 492 2056 547 unde

467 597 630 670 paulo
645 605 768 650 ante
795 593 1074 664 posuimus
1089 589 1428 653 testimonia,
1453 585 1688 653 legitura
1711 601 1722 636 :
1747 602 1765 632 ι
1790 582 1929 648 Quid
1953 599 2053 646 me,

471 690 671 760 inquit,
720 689 1010 755 interrogas
1053 684 1118 736 de
1169 682 1342 736 bono?
1398 695 1533 732 unus
1588 686 1663 730 est
1707 677 1872 729 bonus
1916 673 2057 725 Deus

473 782 691 854 (Matth.
720 795 835 841 amt,
863 779 948 843 i7;
976 776 1104 830 Luc.
1133 790 1293 838 xvm,
1321 770 1424 840 l9).
1459 770 1596 837 Quia
1625 769 1940 839 magistrum
1963 780 2059 820 vos

471 883 694 931 caverat
718 873 936 933 bonum,
961 877 1014 924 et
1041 885 1144 922 non
1180 863 1396 938 [Deum]
1429 863 1512 916 vel
1545 863 1636 916 Dei
1686 860 1885 914 Filium
1928 872 2059 912 con-

473 967 654 1023 fessus
692 971 831 1018 erat.
861 961 1025 1024 Dicit,
1055 957 1300 1030 quemvis
1330 964 1574 1009 sanctum
1601 952 1876 1007 hominem
1905 961 2056 1004 coms

474 1055 756 1126 paratione
804 1051 900 1105 Dei
947 1065 1051 1104 non
1103 1061 1224 1102 esse
1275 1047 1499 1106 bonum,
1549 1043 1615 1097 de
1655 1055 1761 1110 quo
1801 1038 2000 1093 dicitur
2040 1048 2054 1090 :

475 1143 811 1213 Conﬁtemini
836 1140 1060 1194 Domino
1083 1137 1332 1202 quoniam
1361 1135 1524 1188 bon-us
1555 1131 1728 1203 (Psal.
1759 1147 1846 1195 cv,
1881 1127 1950 1198 Ι).
1982 1127 2059 1182 Ne

473 1235 595 1304 quis
619 1241 800 1287 autem
828 1237 980 1300 putet
1002 1231 1054 1282 in
1079 1242 1164 1292 eo,
1197 1225 1340 1295 quod
1369 1225 1542 1278 bonus
1569 1222 1829 1278 Dominus
1855 1217 2058 1290 [Hier.,

473 1326 639 1400 Deus]
683 1325 903 1388 dicitur,
953 1321 1164 1377 excludi
1193 1337 1223 1374 a
1256 1320 1494 1374 bonitate
1538 1317 1733 1372 Filium
1765 1314 1884 1378 Dei,
1929 1313 2062 1382 legi-

470 1433 597 1476 mus
624 1418 677 1470 in
709 1415 816 1469 alio
855 1414 973 1468 loco
998 1431 1010 1465 :
1049 1411 1240 1465 Pastor
1269 1410 1432 1464 bonus
1461 1409 1605 1479 ponit
1649 1409 1880 1460 animum
1907 1418 2059 1456 suam

471 1524 570 1580 pro
598 1505 775 1560 ovibus
798 1505 907 1558 suis
943 1501 1124 1575 (Joan.
1157 1518 1214 1566 Χ,
1253 1500 1360 1570 ll).
1407 1499 1474 1553 Et
1498 1499 1551 1552 in
1589 1497 1900 1566 Propheta:
1938 1493 2062 1563 Spi-

472 1599 632 1652 ritum
661 1598 872 1660 bonum,
917 1604 1211 1663 terramque
1245 1592 1433 1644 bonam
1471 1585 1644 1660 (Psal.
1676 1603 1846 1651 cxut,
1881 1585 1993 1654 10).
2035 1603 2053 1634 ι

472 1684 590 1741 Νοη
618 1685 780 1756 igitur
805 1683 1065 1738 Dominus
1090 1696 1149 1736 se
1177 1681 1375 1735 bonum
1415 1687 1596 1750 negat,
1623 1677 1718 1732 sed
1745 1690 1864 1731 esse
1891 1675 2058 1729 Deum

2156 496 2241 550 nis
2268 503 2425 549 utero
2457 493 2677 547 Verbum
2691 510 2815 546 caro
2828 493 3028 562 factum
3040 501 3136 555 est,
3166 505 3266 545 nec
3280 490 3448 545 Deum
3465 491 3613 546 illum
3629 493 3748 550 sine
3769 510 3772 511 '

2155 586 2280 648 hoc,
2322 583 2464 653 quod
2507 583 2668 637 homo
2690 592 2802 647 est;
2849 595 2945 635 nec
2986 580 3260 634 hominem
3299 580 3417 634 sine
3455 581 3560 636 hoc
3585 580 3751 638 liceat

2157 677 2417 746 cogitare,
2447 674 2591 742 quod
2617 674 2759 728 Deus
2784 681 2886 726 est.
2920 670 3170 726 Ostendit
3192 669 3277 742 [S.
3310 669 3436 736 Leo,
3466 670 3748 744 exprimit]

2159 767 2376 838 quidem
2429 767 2529 820 sub
2586 763 2857 820 distinctis
2900 762 3206 818 actionibus
3250 761 3539 818 veritatem
3596 778 3753 818 suam

2158 863 2390 932 utraque
2419 863 2637 918 natura,
2670 855 2764 908 sed
2811 862 3003 907 neutra
3043 867 3103 906 se
3144 852 3214 906 ab
3263 850 3491 906 alterius
3524 851 3755 919 conjun-

2158 949 2336 1004 ctione
2366 945 2644 1017 disjungit.
2681 943 2824 998 Nihil
2852 943 2922 997 ibi
2951 943 3018 997 ad
3041 943 3271 996 invicem
3301 941 3541 998 alienum
3571 951 3751 998 vacat.

2160 1041 2272 1095 Nec
2311 1041 2454 1094 enim
2483 1039 2738 1093 divinitas
2777 1037 2974 1092 animae
3006 1037 3242 1090 tristanti
3274 1045 3399 1091 ante
3441 1037 3755 1107 passionem

2161 1135 2352 1200 defuit,
2383 1152 2481 1191 nec
2519 1148 2740 1190 carnem
2768 1148 2920 1188 suam
2953 1133 3006 1186 in
3049 1131 3302 1201 passione
3328 1131 3586 1188 deseruit.
3617 1131 3758 1186 Tota

2161 1241 2244 1286 εει
2280 1230 2333 1284 in
2374 1226 2660 1296 majestate
2701 1225 2999 1286 humilitas,
3039 1231 3150 1277 tota
3202 1223 3254 1276 in
3293 1221 3600 1278 humilitate
3641 1238 3759 1276 mae

2155 1319 2346 1388 jestas.
2401 1319 2610 1374 Idcirco
2655 1315 2898 1385 ejusdem
2943 1327 3028 1370 est
3070 1313 3428 1378 contumelia,
3475 1312 3633 1381 cujus
3671 1322 3776 1371 est.

2163 1411 2353 1482 gloria.
2399 1409 2520 1480 Ipse
2560 1416 2644 1462 est
2685 1408 2738 1460 in
2786 1405 3122 1468 inﬁrmitate,
3173 1403 3264 1473 qui
3311 1413 3366 1458 et
3404 1404 3458 1458 in
3505 1405 3756 1460 virtute:

2164 1502 2303 1556 idem
2332 1499 2524 1554 mortis
2562 1513 2754 1568 capax,
2784 1504 2840 1550 et
2874 1497 3013 1549 idem
3045 1496 3217 1549 victor
3243 1501 3328 1548 est
3363 1494 3576 1550 mortis.
3623 1493 3763 1549 Sus-

2164 1591 2302 1661 cepit
2339 1604 2467 1658 ergo
2508 1596 2678 1642 totum
2723 1586 2997 1640 hominem
3042 1583 3207 1648 Deus,
3246 1592 3300 1638 et
3333 1584 3408 1638 ita
3445 1599 3504 1639 se
3549 1583 3626 1638 illi
3667 1592 3762 1638 at-

2167 1695 2274 1749 que
2325 1679 2475 1734 illum
2537 1677 2640 1732 sibi
2681 1675 3067 1730 misericordiae
3117 1685 3174 1730 et
3215 1676 3504 1744 potestatis
3540 1675 3760 1732 ratione

472 1777 763 1848 signiﬁcat.
801 1773 919 1829 Non
951 1789 1012 1828 se
1055 1773 1374 1842 magistrum
1404 1770 1604 1824 bonum
1635 1783 1742 1821 non
1768 1779 1888 1821 esse
1909 1805 1922 1829 ,
1966 1763 2061 1818 sed
2095 1759 2138 1819 Β
2168 1769 2466 1833 conseruit,
2493 1777 2552 1823 ut
2579 1776 2811 1837 utraque
2837 1766 2991 1820 alteri
3025 1773 3218 1820 natura
3257 1767 3491 1831 inesset,
3537 1774 3594 1820 et
3620 1781 3765 1821 neu-

473 1868 796 1939 magistrum
836 1866 1039 1933 absque
1065 1861 1177 1917 Deo
1200 1860 1403 1915 nullum
1434 1859 1636 1914 bonum
1661 1871 1780 1910 esse
1805 1862 2058 1909 testatur,

553 1959 642 2012 Xl.
682 1956 854 2015 Addis
875 1963 1108 2024 Quoque,
1141 1953 1229 2006 ubi
1261 1951 1328 2006 de
1363 1949 1573 2005 duabus
1617 1949 1672 2002 in
1714 1946 1933 2002 Christo
1965 1960 2062 1998 na-'

474 2051 613 2105 turis
640 2049 926 2120 disputas:
985 2066 1003 2098 ‹
1035 2043 1388 2115 hnpassibilis
1423 2043 1478 2097 in
1523 2056 1644 2104 suo,
1689 2039 1965 2110 passibilis
2005 2038 2061 2092 in

473 2140 670 2194 alieno.
711 2159 728 2191 ι
769 2137 908 2206 Quid
935 2137 1072 2191 dicis
1107 2135 1342 2189 alienant
1391 2147 1510 2187 esse
1558 2132 1656 2186 Dei
1693 2130 1831 2184 Filio
1871 2129 1924 2184 in
1971 2127 2062 2182 illa

473 2229 814 2286 susceptione
843 2226 1222 2290 humanitatis,
1269 2235 1388 2294 qua:
1419 2223 1475 2278 in
1505 2230 1710 2276 tantam
1737 2229 1792 2276 et
1822 2229 1932 2274 tam
1963 2219 2065 2274 mia

474 2319 702 2374 rabilem
747 2334 872 2372 cum
920 2317 1016 2372 Dei
1057 2316 1191 2370 Filio
1230 2322 1506 2384 assumpta
1551 2322 1631 2368 est
1669 2314 1959 2378 unitatem,
2005 2320 2065 2366 ut

473 2426 616 2464 unus
643 2416 811 2475 esset,
841 2424 947 2464 non
974 2407 1118 2463 duo?
1153 2404 1298 2461 Idem
1336 2405 1390 2459 in
1423 2403 1722 2458 divinitatis
1751 2401 1943 2482 gloria,
1969 2401 2062 2471 qui

475 2501 615 2556 etin
645 2500 1000 2556 humanitatis
1045 2498 1384 2561 inﬁrmitate,
1422 2495 1564 2550 idem
1608 2493 1776 2548 Filius
1805 2494 1922 2557 Dei,
1971 2493 2062 2561 qui

475 2604 532 2653 et
569 2595 710 2650 ﬁlius
754 2592 1008 2656 hominis,
1039 2599 1093 2645 ct
1134 2591 1277 2644 idem
1311 2588 1454 2642 ﬁlius
1495 2586 1732 2642 hominis
1757 2585 1848 2656 qui
1873 2594 1929 2638 et
1975 2584 2064 2638 Fi-

476 2688 583 2743 lius
629 2685 744 2740 Dei.
778 2683 919 2751 Quid
965 2681 1109 2736 enim
1160 2681 1212 2734 in
1260 2681 1362 2736 hac
1408 2676 1785 2746 conjunctione
1829 2676 2066 2731 alienum

474 2779 653 2849 potuit
678 2790 822 2841 esse,
848 2774 975 2830 dum
999 2788 1188 2828 omnes
1210 2779 1364 2827 actus
1387 2757 1742 2840 utrarumque
1771 2770 1826 2824 in
1847 2768 2065 2824 Christo

475 2878 797 2926 naturarum
821 2868 983 2922 unius
1002 2867 1234 2936 promite
1249 2879 1371 2920 esse
1391 2879 1636 2934 persona:
1665 2871 1875 2918 certum
1900 2860 2066 2915 habe-

475 2970 589 3028 tur,
619 2961 752 3016 sicut
781 2961 974 3014 beatus
1000 2959 1110 3013 Leo
1137 2973 1278 3027 papa
1307 2959 1385 3011 ait
1413 2957 1440 2996 ι)
1469 2975 1480 3009 :
1513 2977 1532 3006 ε
1567 2955 1727 3008 Salva
1749 2963 2066 3008 naturarum

476 3052 831 3124 proprietate,
859 3049 1027 3120 838
1055 3065 1175 3118 quae
1201 3049 1295 3104 Dei
1327 3056 1476 3112 sunt,
1508 3046 1839 3100 transierunt
1878 3045 1932 3098 in
1974 3044 2066 3098 ho-

2171 1869 2254 1914 tra
2290 1861 2344 1914 in
2386 1860 2616 1914 alteram
2657 1874 2687 1912 a
2731 1874 2826 1912 sua
2868 1857 3204 1926 proprietate
3250 1857 3529 1912 transiret.
3575 1856 3765 1928 Atque

2168 1953 2243 2006 ita
2283 1951 2338 2006 in
2377 1959 2542 2006 carne
2581 1949 2798 2020 propria
2836 1963 3029 2018 passus
3065 1957 3150 2002 est
3181 1947 3534 2017 impassihilis
3572 1947 3763 2012 Deus,

2168 2049 2230 2094 ut
2271 2051 2458 2095 veram
2498 2039 2828 2108 passionem,
2871 2038 2998 2106 quia
3046 2037 3254 2101 voluit,
3313 2038 3368 2092 in
3421 2052 3550 2091 vera
3591 2052 3770 2096 carne

2169 2132 2430 2197 sentiret,
2468 2140 2524 2185 et
2561 2132 2614 2185 in
2639 2132 2919 2186 divinitate
2947 2147 3170 2200 prorsus
3199 2132 3608 2202 impassihiliter
3627 2147 3766 2202 per—

2170 2237 2446 2294 maneret;
2477 2245 2578 2284 nec
2609 2229 2747 2284 alius
2789 2229 3140 2299 semetipsum
3189 2229 3348 2284 morti
3399 2229 3648 2298 dignatus
3691 2227 3776 2282 sit

2170 2318 2407 2383 tradere,
2447 2333 2611 2388 quam
2653 2318 2740 2372 ille
2763 2318 2856 2387 qui
2901 2318 2980 2372 sic
3018 2316 3194 2388 potuit
3223 2316 3464 2372 moriens
3490 2317 3556 2368 de
3579 2325 3768 2369 morte

2171 2410 2422 2475 vincere,
2468 2418 2530 2463 ut
2573 2418 2801 2463 mortem
2849 2423 2955 2462 non
2997 2407 3167 2480 possit
3215 2407 3270 2461 in
3317 2414 3493 2462 morte
3532 2403 3774 2460 sentire.

2174 2498 2280 2555 Sed
2320 2501 2422 2554 hoc
2461 2500 2822 2554 certissimum
2884 2499 3023 2554 scire
3067 2497 3357 2562 debemus,
3401 2496 3543 2566 quod
3601 2493 3772 2565 quid;

2171 2591 2301 2660 quid
2338 2591 2640 2644 vexationis
2661 2598 2716 2644 et
2751 2589 3020 2658 passionis
3049 2587 3202 2646 [uror
3236 2587 3418 2642 intulit
3447 2586 3768 2656 impiorum,

2172 2698 2279 2737 non
2326 2683 2392 2736 de
2434 2683 2756 2737 necessitate
2807 2681 3098 2736 toleratam
3135 2721 3150 2746 ,
3193 2681 3290 2736 sed
3350 2679 3419 2734 de
3479 2677 3773 2734 voluntate

2171 2783 2482 2842 susceptum
2519 2781 2605 2828 est
2650 2791 2662 2825 :
2704 2793 2722 2824 ι
2771 2771 2936 2828 veluti
2987 2773 3152 2827 etiam
3194 2770 3400 2834 omnia,
3449 2784 3569 2840 qua:
3606 2766 3771 2823 inﬁr-

2172 2865 2378 2920 mitatis
2421 2872 2546 2919 sunt
2589 2865 2860 2926 humanae,
2889 2863 3167 2919 voluntate
3191 2863 3471 2926 sustinuit,
3513 2876 3622 2916 non
3663 2875 3771 2916 ne-

2171 2955 2446 3020 cessitate,
2493 2962 2552 3006 ut
2581 2952 2800 3017 famem,
2842 2954 3004 3018 sitim,
3047 2953 3446 3012 lassitudinem,
3483 2965 3770 3016 somnum,

2172 3046 2471 3109 irrisioues,
2504 3059 2738 3109 erucem,
2773 3054 2934 3114 atque
2975 3045 3147 3115 ipsam
3194 3054 3444 3100 mortem.
3482 3043 3560 3098 lla
3587 3050 3646 3097 et
3671 3042 3773 3098 ille

4011 799 4013 820 Α

4011 901 4013 916 l

4011 1223 4013 1238 l

4011 1303 4013 1318 ι

4011 1335 4013 1350 l

4011 1357 4013 1376 I

478 3107 702 3208 inhient,
735 3150 790 3196 et
816 3141 997 3195 omnia
1029 3155 1145 3209 quae
1174 3140 1408 3194 hominis
1433 3145 1559 3192 sunt
1579 3179 1594 3202 ,
1637 3137 1971 3192 transierunt
2011 3135 2065 3188 in
2090 3107 2138 3170 (ἶ
2168 3140 2260 3210 qui
2301 3140 2515 3209 propria
2561 3139 2838 3194 voluntate
2871 3149 3114 3194 mortuus
3145 3148 3248 3203 est,
3279 3137 3494 3208 propria
3544 3150 3774 3206 quoque

479 3233 691 3288 Deum:
725 3240 782 3286 ut
812 3246 912 3286 nec
935 3232 1050 3286 sine
1080 3231 1298 3285 homine
1328 3233 1552 3300 agerent
1581 3229 1780 3291 divina.
1807 3241 1911 3282 nec
1952 3226 2068 3281 sine
2166 3241 2434 3304 potestate
2464 3233 2720 3296 surrexit,
2753 3233 2917 3287 veluti
2947 3242 3074 3287 ante
3098 3233 3348 3302 praedixit
3391 3250 3404 3284 :
3438 3231 3774 3285 Potestath

477 3323 590 3378 Deo
626 3330 914 3392 agerentur
957 3321 1213 3376 humana.
1258 3320 1371 3376 lloc
1415 3321 1560 3375 enim
1615 3319 1880 3374 catholica
1935 3317 2068 3372 ﬁdes
2167 3320 3774 3392 Imbeo,inquit,ponendianimammeam,etpotestatemlta-

477 3413 668 3477 tradit,
718 3414 822 3469 hoc
871 3413 1056 3483 exigit,
1088 3420 1150 3466 ut
1191 3413 1242 3468 in
1288 3412 1647 3483 Redemptore
1692 3419 1882 3467 nostro
1931 3411 2070 3466 duas
2173 3414 2468 3466 beoiterum
2490 3412 3240 3484 sumendieam(Luc.x,-18).
3270 3409 3774 3480 Sednelongiorli-

476 3504 718 3559 noverim
759 3503 839 3575 [S.
869 3503 996 3568 Leo,
1027 3503 1358 3576 noverimus]
1388 3503 1706 3559 convenisse
1727 3511 1986 3568 naturas;
2014 3509 2071 3557 et
2173 3507 2298 3563 belli
2312 3507 2480 3562 series
2501 3507 2713 3578 legendi
2732 3505 3004 3560 fastidium
3023 3507 3262 3578 generet,
3281 3506 3370 3560 hic
3384 3506 3452 3559 sit
3477 3503 3634 3574 hujus
3647 3517 3777 3558 seb-

475 3595 824 3650 manentibus
850 3595 1273 3664 proprietatibus
1308 3595 1442 3658 suis,
1474 3605 1680 3649 tantam
1708 3594 1909 3649 factam
1951 3594 2072 3648 uni—
2176 3599 2354 3653 monis
2391 3597 2538 3665 ﬁnis,
2583 3605 2639 3652 ut
2678 3599 2747 3653 ab
2787 3597 2893 3651 alio
2934 3596 3158 3652 liberius
3189 3597 3366 3652 oratio
3390 3601 3570 3652 sumat
3602 3608 3777 3649 exor-

476 3690 652 3741 tatem
684 3684 965 3754 "utriusque
1005 3685 1344 3750 substantiae,
1367 3695 1427 3740 ut
1454 3685 1524 3739 ab
1551 3685 1642 3739 illo
1679 3694 1943 3755 tempore,
1964 3699 2073 3754 quo
2179 3689 2350 3743 dium.

552 3812 665 3889 ξιξ.
701 3813 868 3889 _Hier.
925 3815 980 3870 in
1015 3830 1145 3889 _cap.
1199 3833 1290 3889 xiii
1346 3817 1534 3872 Matth.
1589 3833 1656 3889 ex
1703 3833 1812 3888 quo
1857 3826 2065 3874 textum
2103 3818 2340 3876 maxime
2365 3819 2418 3872 in
2445 3811 2614 3889 priori
2647 3809 2895 3872 Editione
2925 3825 3240 3888 corruptum
3261 3817 3689 3873 emendavimus.

553 3885 581 3924 δ
610 3885 668 3940 S.
701 3885 810 3941 Leo
841 3902 976 3956 papa
1009 3885 1187 3940 Serm.
1217 3886 1306 3951 54,
1339 3903 1459 3958 cap.
1494 3889 1518 3942 1
1551 3897 1607 3956 et
1633 3888 1668 3942 2

489 4010 574 4037 υ,
863 4009 868 4028 ,
1373 4010 1376 4013 .
1566 4011 1570 4016 ,
1805 4009 1807 4011 ,

2461 4009 2524 4014 .,
2705 4008 2708 4012 .
2906 4007 2910 4010 .
3119 3997 3168 4012 ,κ
3411 4005 3584 4028 sil.
3705 4006 3752 4033 η

1823 4115 2058 4176 LIBER
2104 4112 2435 4174 SEXTUS.

547 4306 590 4366 l.
631 4310 950 4367 Sublimitas
989 4312 1300 4380 apostolicae
1343 4311 1687 4366 auctoritatls
1719 4320 1926 4368 terrere
1969 4311 2062 4367 dea

477 4405 685 4461 buisset
709 4404 843 4458 istos
869 4405 1172 4472 adoptionis
1201 4405 1284 4457 vel
1311 4407 1728 4475 nuncupationis
1761 4407 1816 4460 in
1845 4406 2064 4461 Christo

2170 4311 2300 4366 tatis
2329 4309 2902 4390 sequacibusGhristo
2929 4305 3151 4378 injicere
3181 4315 3351 4364 tentat
3377 4307 3616 4365 debitam
3641 4323 3774 4364 ser-

2169 4405 2418 4468 vitutem,
2447 4412 2502 4458 et
2531 4403 2893 4459 conditionale
2938 4403 3220 4458 servitium
3242 4441 3257 4468 ,
3307 4410 3363 4456 et
3395 4402 3776 4466 necessariam

480 4506 809 4559 assertores,
841 4505 901 4549 ut
921 4503 1186 4560 tacerent,
1211 4498 1336 4565 quia
1365 4512 1554 4552 omnes
1579 4499 1848 4568 novitates
1871 4515 2063 4555 vocum
2092 4491 2143 4550 D
2171 4494 2562 4563 subjectionem
2611 4513 2625 4548 :
2661 4495 2788 4550 dum
2835 4509 3027 4550 omnes
3070 4492 3400 4564 evangelicae
3450 4492 3658 4563 pagina:
3710 4501 3776 4548 et

481 4585 692 4640 cunctis
715 4577 998 4639 catholica:
1028 4584 1150 4638 ﬁdei
1183 4585 1310 4641 ﬁliis
1341 4587 1440 4642 sub
1466 4588 1828 4644 anathematis
1858 4598 2067 4644 terrore

477 4675 779 4730 interdixit.
839 4673 944 4728 Sed
998 4675 1271 4731 obstinata
1329 4693 1482 4733 mens
1549 4679 1710 4734 nullis
1767 4681 2068 4736 terroribus

478 4764 714 4819 emollita
744 4780 772 4817 a
797 4780 907 4818 sua:
936 4767 1309 4834 perversitatis
1331 4769 1632 4838 pertinacia
1664 4774 2061 4841 compescitur:

478 4869 581 4909 nec
599 4868 790 4908 eorum
821 4853 1181 4909 damnationis
1207 4858 1456 4928 exemplo
1478 4860 1765 4930 semetipsa
1792 4863 2066 4932 corrigere

481 4951 656 5008 curat,
687 4943 782 5012 qui
827 4945 1092 5000 anteactis
1120 4948 1454 5016 temporibus
1495 4963 1666 5006 novas
1698 4959 1896 5017 sectas,
1936 4967 2068 5023 apo-'-

481 5032 799 5103 stolicisque
829 5037 1208 5092 traditionibus
1237 5043 1544 5096 contrarias
1574 5041 1920 5098 introducere
1943 5051 2064 5098 ten-

480 5132 682 5179 tarunt.
712 5126 785 5180 Ita
831 5129 973 5182 enim
1004 5145 1104 5183 nec
1134 5131 1242 5195 isti,
1275 5133 1366 5201 qui
1417 5134 1578 5203 hujus
1618 5135 1871 5191 novitatis
1898 5136 2066 5192 intro-

481 5213 765 5269 ductiones
793 5215 914 5271 ﬁdci
949 5219 1230 5274 catholica:
1261 5221 1502 5276 inserere
1545 5233 1828 5287 conantur,
1872 5241 1931 5281 se
1975 5225 2064 5295 pia

481 5303 802 5360 humilitatis
829 5307 1266 5364 consideratione
1292 5311 1346 5364 in
1371 5311 1512 5365 ovile
1535 5312 1856 5369 universalis
1880 5315 2067 5370 Eccle-

479 5393 575 5450 siae
604 5410 702 5466 per
744 5398 1057 5468 apotolicae
1088 5399 1211 5454 ﬁdei
1247 5395 1507 5455 unitatem
1537 5415 1793 5457 revocare
1822 5405 2061 5461 student.

481 5483 550 5539 Et
583 5501 688 5541 non
716 5489 888 5544 solum
919 5491 1061 5546 male
1096 5491 1304 5560 prolata
1351 5493 1655 5548 salubriora
1688 5509 1850 5550 sensu
1881 5511 2065 5552 emen-

481 5579 614 5635 dare
641 5598 747 5638 non
793 5587 1140 5640 consentiunt
1185 5603 1198 5639 :
1236 5599 1425 5640 verum
1458 5585 1624 5640 etiam
1673 5586 1951 5655 pejoribus
2005 5604 2064 5645 se

479 5667 658 5722 denuo
693 5671 971 5740 implicare
1000 5673 1276 5726 erroribus
1305 5673 1654 5728 contendunt.
1691 5675 1841 5730 Unde
1869 5685 1924 5731 et
1964 5677 2064 5733 iste

481 5758 633 5816 Felix
670 5764 964 5822 iufcliciore
992 5766 1238 5833 audacia,
1269 5783 1389 5824 cum
1417 5767 1630 5823 czctcris
1657 5785 1768 5828 suae
1795 5775 2063 5842 perversi-

2172 4587 2483 4656 apostolicae
2513 4586 2811 4656 Scriptura:
2855 4586 3132 4641 Christum
3161 4587 3433 4642 veraciter
3473 4585 3775 4644 Dominum

2171 4677 2364 4743 Deum,
2392 4687 2557 4748 atque
2583 4679 2676 4733 Dei
2715 4678 2910 4733 Filium
2940 4676 3286 4748 apertissime
3315 4685 3601 4732 testentur.-
3650 4675 3778 4736 Nec

2171 4770 2332 4825 alicui
2360 4779 2671 4824 sanctorum
2719 4777 2870 4823 tanta
2913 4767 3014 4822 fuit
3052 4768 3283 4822 latitudo
3328 4767 3628 4836 sapientiae,
3674 4767 3777 4824 vel

2171 4869 2281 4913 tam
2304 4861 2524 4930 grandis
2551 4860 2874 4930 eloquentia:
2905 4859 3083 4928 copia,
3113 4868 3173 4912 ut
3199 4858 3413 4918 laudem
3442 4867 3498 4912 et
3531 4857 3776 4928 gloriam

2170 4950 2372 5006 Christi
2400 4951 2493 5006 Dei
2524 4951 2686 5022 digne
2709 4951 2976 5020 potuisset
3015 4962 3296 5005 enarrare.
3348 4950 3579 5019 Superat
3615 4949 3776 5006 enim

2168 5057 2385 5096 omnem
2433 5053 2652 5096 sensum
2705 5041 2986 5096 rationalis
3021 5049 3288 5096 creaturae
3316 5040 3476 5111 hujus
3517 5039 3776 5111 mysterii

2169 5133 2508 5204 magnitudo,
2535 5148 2643 5202 quo
2674 5133 2766 5186 Dei
2798 5131 2965 5187 Filius
2996 5132 3050 5186 in
3081 5133 3344 5188 unitatem
3375 5145 3620 5201 persona:
3648 5129 3766 5184 hu-

2167 5223 2448 5279 manitatis
2498 5233 2744 5278 naturam
2779 5237 3056 5278 assumere
3087 5224 3343 5292 dignatus
3383 5230 3488 5286 est,
3527 5229 3582 5276 et
3619 5220 3776 5280 inter

2169 5315 2418 5370 homines
2451 5314 2611 5369 homo
2641 5314 2785 5369 Deus
2811 5315 3159 5381 conversari,
3189 5315 3283 5385 qui
3312 5314 3366 5370 in
3390 5313 3544 5370 caelis
3569 5313 3776 5370 adora-

2169 5413 2259 5460 tur
2287 5405 2355 5460 ab
2383 5404 2626 5475 angelis:
2661 5419 2822 5474 quem
2849 5405 3036 5461 infelix
3075 5407 3306 5462 istorum
3339 5407 3622 5464 temeritas
3661 5405 3772 5462 de-

2166 5496 2402 5554 bitorem
2427 5498 2728 5564 servitutis,
2772 5499 2857 5554 vel
2884 5500 3307 5556 conditionalem
3336 5515 3554 5556 servum
3581 5499 3772 5554 nomi-

2166 5603 2298 5644 nare
2323 5605 2430 5644 non
2469 5589 2681 5654 metuit,
2709 5601 2766 5646 et
2793 5590 2977 5647 inﬁma
3008 5607 3238 5663 qumque
3265 5595 3486 5648 nomina
3520 5590 3762 5646 Redem-

2164 5681 2305 5752 ptori
2333 5690 2518 5738 nostro
2541 5682 2778 5748 Christo,
2795 5684 2906 5739 Deo
2931 5699 3083 5751 veno,
3106 5693 3163 5740 et
3185 5685 3318 5758 Regi
3347 5701 3552 5757 regum,
3580 5684 3774 5741 Domi-

2166 5788 2341 5844 noque
2369 5773 2760 5830 dominantium
2793 5776 3070 5845 imponere
3097 5778 3394 5848 prmsumit.
