4030 6358
297 316 405 403 s91

1023 337 1437 398 DOGMATICA.
1471 364 1542 377 -
1576 334 1739 391 ADV.
1777 326 2073 387 FELICEM
2105 328 2286 388 LIBRI
2321 331 2432 389 VII.
2470 360 2543 374 -
2572 329 2699 388 LIB.
2737 331 2825 386 VI.

3438 323 3545 381 202

368 457 539 534 339
570 456 636 516 II.
676 453 830 524 Quod
873 468 1002 525 ergo
1043 453 1319 510 Christum
1362 452 1557 508 debita:
1599 447 1874 506 servitutis
1900 446 1973 506 At
2047 445 2132 500 III.
2162 445 2294 500 Illud
2326 462 2457 502 vero
2481 446 2622 517 quod
2655 446 2736 501 ais
2765 464 2777 499 :
2807 463 2826 495 ι
2857 439 3013 499 Illum
3039 449 3258 513 pr0pter
3297 440 3546 534 ignobili—

297 553 627 612 necessitate
655 548 1006 603 constrictum
1040 562 1159 601 esse
1201 544 1500 607 contendis,
1527 542 1630 605 dic,
1662 555 1780 604 oro,
1821 539 1875 593 in

295 658 409 714 quo
452 639 554 694 fuit
595 638 844 698 Christus
884 635 1040 692 Iesus
1069 635 1321 691 debitor?
1364 633 1614 703 Nunquid
1654 640 1875 701 peccata

296 733 512 797 habuit,
542 738 602 784 ut
638 738 860 800 propter
882 736 1227 798 peccatorum
1255 725 1628 781 remissionem
1670 723 1879 779 debitor

296 826 484 883 esset?
519 823 656 877 Nam
686 823 741 877 in
778 822 1021 877 oratione
1048 820 1325 874 Dominica
1354 818 1532 873 debita
1561 831 1659 887 pro
1688 827 1878 886 pecca-

298 917 372 973 tis
395 923 688 986 pouuntur,
719 912 861 967 sicut
904 912 1135 967 solemus
1169 926 1235 966 ex
1278 919 1546 981 praecepto
1577 910 1746 978 ipsius
1777 908 1880 962 Ve-

294 1007 479 1063 ritatis
504 1004 747 1077 quotidie
793 1002 1084 1057 decantare
1125 1018 1138 1054 :
1186 1000 1256 1054 Et
1285 1001 1485 1054 dimitte
1506 988 1663 1053 'nobis
1708 999 1879 1052 debita

296 1104 503 1152 nostra.
545 1095 680 1146 sicut
730 1101 780 1145 et
826 1107 918 1144 nos
966 1090 1273 1143 dimittimus
1329 1088 1646 1143 debitoribus
1689 1087 1877 1142 nostris

296 1184 520 1256 (Matth.
550 1199 628 1247 vr,
658 1181 764 1249 12).
792 1180 946 1236 Unde
973 1188 1029 1235 et
1071 1195 1196 1235 mox
1225 1178 1383 1248 hujus
1422 1179 1702 1251 petitionis
1725 1194 1880 1233 reca-

293 1273 550 1345 pitulatio
596 1270 833 1340 subjecta
884 1278 987 1333 est,
1036 1278 1098 1324 ut
1142 1270 1530 1340 intelligeretur
1575 1272 1641 1325 de
1684 1269 1879 1339 quibus

292 1363 531 1421 dixisset
557 1362 779 1424 debitis;
814 1360 890 1413 ait
913 1359 1056 1413 enim
1088 1359 1200 1429 ipse
1231 1360 1491 1414 Dominus
1520 1360 1575 1413 in
1604 1358 1877 1428 sequenti-

290 1454 437 1513 bus:
471 1455 531 1512 Si
563 1454 863 1508 dimiseritis
894 1453 1191 1506 hominibus
1220 1460 1430 1522 peccata
1459 1466 1663 1516 eorum,
1703 1448 1881 1502 dimit-

291 1554 368 1601 tet
394 1556 445 1600 et
489 1545 629 1599 vobis
673 1544 834 1609 Pater
855 1551 1018 1597 vester
1051 1541 1266 1597 ccclesiis
1297 1541 1484 1595 delicta
1514 1530 1679 1596 uestra
1712 1539 1874 1610 (Ibid.

292 1635 411 1705 14).
443 1634 513 1689 Et
540 1633 633 1688 ubi
660 1649 800 1688 unus
827 1632 1153 1703 evangelista
1197 1631 1347 1695 dicit,
1376 1631 1548 1684 debita
1577 1639 1777 1695 nostra,
1806 1629 1878 1685 ibi

291 1725 439 1803 alius
484 1738 586 1795 pro
622 1723 818 1779 debitis
845 1734 1068 1792 peccata
1113 1723 1265 1792 ponit
1293 1721 1443 1792 (Luc.
1471 1738 1546 1785 xi,
1575 1720 1652 1791 4).
1698 1719 1756 1775 Si
1786 1721 1877 1775 de-

1977 543 2142 592 tatem
2170 537 2340 592 beata:
2384 536 2639 606 Virginis,
2681 551 2801 605 qua:
2839 551 2898 591 se
2941 533 3188 589 ancillam
3217 533 3312 587 Dei
3355 532 3544 587 humili

1974 643 2106 683 voce
2146 634 2504 697 protestatur,
2547 642 2762 681 servum
2792 640 2912 681 esse
2942 623 3376 680 conditionalem.
3414 643 3434 673 ι
3485 621 3543 677 Si

1976 721 2315 778 sanctissima
2343 721 2494 791 virgo
2536 720 2702 775 Maria
2722 720 2876 788 juxta
2903 729 3138 775 vestram
3184 720 3544 775 temeritatem

1975 813 2352 871 conditionalis
2397 821 2479 868 est
2508 813 2724 877 ancilla,
2752 828 2880 884 ergo
2908 812 3138 868 nobilior
3162 820 3245 868 est
3279 811 3413 867 Sara
3448 808 3544 867 'se-

1977 905 2208 960 cundum
2239 902 2583 973 apostolicam
2632 904 3028 968 auctoritatem,
3066 904 3131 959 de
3160 918 3265 973 qua
3294 904 3409 974 ipse
3446 902 3544 957 do-

1976 1006 2094 1054 ctor
2143 998 2379 1068 gentium
2420 995 2497 1049 ait
2537 1015 2549 1048 :
2585 993 2849 1065 Scriptum
2878 1004 2950 1049 est
2992 997 3238 1065 quoniam
3278 994 3543 1048 Abraham

1976 1089 2106 1143 duos
2132 1088 2270 1157 ﬁlios
2311 1087 2511 1151 habuit,
2538 1101 2700 1141 unum
2742 1085 2805 1139 de
2846 1083 3061 1146 ancilla,
3106 1095 3153 1139 et
3191 1102 3352 1139 unum
3381 1084 3444 1138 de
3483 1082 3548 1137 Ιί-

1977 1180 2118 1234 bera.
2168 1178 2272 1235 Sed
2300 1179 2389 1249 qui
2433 1178 2496 1235 de
2534 1175 2758 1241 ancilla,
2809 1174 3091 1230 secundum
3138 1192 3347 1229 carnem
3391 1184 3545 1229 natus

1976 1279 2075 1331 est,
2104 1271 2192 1341 qui
2219 1279 2388 1323 autem
2414 1268 2479 1323 de
2499 1267 2681 1330 libera,
2707 1283 2800 1337 per
2828 1267 3275 1336 repromissionem
3300 1264 3443 1334 (Gal.
3469 1281 3544 1328 tv,

1972 1362 2071 1425 22,
2112 1361 2224 1430 25).
2256 1360 2324 1414 Et
2370 1368 2491 1429 post
2512 1374 2723 1429 pauca:
2766 1356 2868 1413 Sed
2906 1358 3031 1429 quid
3067 1358 3193 1411 dicit
3239 1357 3552 1428 Scriptura?

1979 1451 2127 1522 Ejice
2149 1451 2396 1506 ancillam
2422 1459 2468 1505 et
2495 1450 2665 1519 [ilium
2692 1450 2806 1519 ejus
2832 1466 2849 1503 :
2879 1466 2981 1502 non
3008 1450 3143 1502 enim
3170 1450 3332 1503 haeres
3355 1449 3452 1502 erit
3480 1450 3540 1516 [i-

1977 1543 2079 1597 lius
2111 1540 2318 1597 ancilla:
2338 1559 2456 1595 cum
2484 1541 2595 1610 ﬁlio
2620 1540 2795 1593 libera:
2819 1537 2981 1609 (Ibid.
3007 1539 3120 1607 50).
3142 1538 3305 1593 Forte
3332 1547 3386 1593 et
3411 1541 3552 1608 apud

1979 1642 2031 1689 te
2060 1634 2290 1689 nobilior
2316 1642 2401 1688 est
2440 1634 2590 1688 Isaac
2625 1647 2786 1702 quam
2812 1632 3097 1687 Christus:
3127 1632 3218 1701 qui
3257 1631 3551 1702 apostolico

1977 1723 2285 1778 testimonio
2305 1722 2370 1777 de
2395 1722 2564 1777 libera
2590 1728 2747 1776 natus
2773 1731 2877 1785 est,
2906 1729 2961 1775 et
2996 1718 3281 1785 Christus,
3302 1729 3363 1775 ut
3386 1728 3441 1774 tu
3468 1737 3554 1775 as-

289 1793 442 1876 sub:
463 1793 569 1879 est,
591 1813 681 1885 qui
703 1821 757 1867 et
781 1811 1456 1883 peccator,utevangelica
1480 1811 1681 1865 veritas
1701 1818 1878 1865 osten-
1909 1793 1953 1854 Β
1980 1816 2133 1877 seris,
2182 1815 2248 1870 de
2298 1815 2489 1869 ancilla
2542 1830 2555 1868 :
2585 1823 2640 1869 et
2682 1829 2871 1869 omnes
2915 1812 3149 1882 adoptivi
3194 1813 3287 1867 ﬁlii
3322 1813 3417 1867 Dei
3461 1814 3551 1880 qui

290 1908 396 1971 dit,
426 1904 672 1973 nunquid
697 1902 1010 1958 etChristus
1032 1909 1286 1971 peccator
1307 1900 1429 1964 fuit,
1456 1909 1516 1956 ut
1540 1901 1751 1956 debitor
1772 1900 1874 1955 dici

291 1996 532 2055 debeat?
564 1995 666 2049 nisi
695 1992 835 2048 forte
860 1992 966 2047 alio
993 2007 1154 2047 sensu
1193 1993 1490 2047 debitorem
1519 1991 1653 2045 velis
1680 1989 1876 2044 intelli-

292 2104 447 2161 gere,
475 2085 712 2141 anteacti
741 2083 991 2139 videlicet
1015 2082 1302 2152 cujuslibet
1331 2080 1579 2137 beneﬁcii
1626 2094 1877 2135 remune—

292 2186 563 2234 tutorem.
595 2174 733 2242 Quid
764 2189 893 2228 vero
920 2174 1024 2231 hoc
1051 2171 1118 2226 ad
1145 2171 1419 2227 Christum
1440 2171 1708 2242 pertinet?
1729 2170 1877 2225 Nun-

294 2271 429 2343 quid
460 2269 695 2339 primum
744 2264 846 2321 fuit
873 2268 1055 2330 homo,
1086 2274 1141 2320 et
1164 2273 1353 2334 postea
1378 2262 1634 2333 singulari
1676 2262 1878 2317 beneﬁ-

292 2363 385 2419 cio
407 2363 463 2417 in
492 2360 587 2416 Dei
614 2358 809 2414 Filium
835 2358 1038 2413 electus
1059 2370 1178 2412 esse
1217 2355 1518 2412 credendus
1547 2362 1648 2417 est,
1678 2362 1740 2408 ut
1776 2354 1877 2408 hu-

286 2453 382 2523 ius
425 2452 563 2506 tanti
605 2448 855 2505 beneﬁcii
889 2448 1099 2504 debitor
1141 2447 1212 2501 sit
1254 2444 1546 2502 dicendus?
1593 2443 1781 2498 Nonne
1823 2444 1877 2498 in

289 2544 418 2615 ipso
464 2548 726 2612 conceptu
768 2540 912 2594 Deus
978 2542 1158 2600 verus,
1222 2545 1277 2592 et
1342 2552 1503 2591 verus
1563 2535 1656 2589 Dei
1710 2534 1878 2589 Filius

290 2642 592 2704 conceptus
640 2642 753 2699 est,
793 2640 848 2689 et
886 2633 941 2687 in
974 2646 1137 2686 unam
1174 2645 1462 2702 personam
1502 2628 1730 2683 duarum
1780 2642 1879 2681 na-

294 2734 546 2782 turarum
603 2725 749 2780 facta
811 2732 894 2780 est
936 2722 1241 2792 conjunctio
1300 2722 1355 2777 in
1404 2722 1519 2791 ipso
1561 2730 1714 2775 utero
1768 2719 1878 2772 vir-

292 2819 487 2892 ginali,
537 2819 594 2873 in
621 2826 769 2872 tanta
812 2832 1061 2887 persona:
1105 2816 1342 2882 unitate,
1372 2822 1433 2870 ut
1456 2815 1548 2869 hic
1578 2821 1743 2877 totus,
1786 2811 1877 2882 qui

293 2924 369 2966 ex
393 2910 602 2980 virgine
639 2916 800 2963 natus
831 2916 931 2972 est,
970 2907 1333 2963 indubitanter
1371 2906 1477 2961 dici
1508 2913 1565 2959 et
1600 2904 1746 2959 credi
1787 2904 1879 2958 de-

289 3001 428 3057 beat
450 3015 589 3055 unus
619 3015 778 3055 verus
801 2999 970 3054 Filius
1000 2999 1116 3053 Dei.
1148 2999 1290 3053 Alibi
1318 3011 1532 3068 quoque
1558 2997 1611 3051 in
1638 2996 1877 3065 Evange-

286 3088 375 3145 lio
394 3088 462 3143 de
491 3088 733 3144 debitore
769 3088 969 3143 dicitur
1000 3102 1015 3140 :
1048 3086 1165 3140 Duo
1194 3086 1448 3140 debitores
1475 3085 1686 3154 fuerunt
1731 3084 1875 3153 fene—

284 3178 466 3231 ratori
478 3175 732 3246 κνήμης.
756 3191 853 3238 vn,
880 3174 993 3245 41).
1011 3174 1112 3241 Qui
1134 3174 1223 3228 hic
1252 3173 1523 3229 debitores
1549 3172 1876 3242 intelligendi

282 3276 446 3333 sunt,
489 3266 592 3321 nisi
618 3265 906 3334 cujuslibet
928 3265 1073 3335 pacti
1105 3264 1429 3319 necessitate
1469 3264 1523 3317 in
1543 3262 1634 3331 jus
1665 3262 1878 3317 fenera-

287 3357 438 3413 toris
462 3354 702 3425 obligati,
731 3368 962 3424 quorum
989 3354 1120 3408 nihil
1148 3354 1213 3408 de
1235 3353 1451 3408 Christo
1472 3353 1561 3422 pia
1586 3352 1878 3408 credulitas

282 3448 567 3517 permittit
606 3444 747 3500 dici?
793 3445 947 3512 Quod
993 3460 1123 3500 vero
1170 3445 1250 3500 ais
1296 3445 1711 3500 conditionalem
1756 3460 1877 3500 esse

283 3552 516 3592 servum
542 3551 557 3589 :
586 3552 704 3606 quae
725 3535 1006 3591 catholicae
1034 3549 1192 3589 aures
1220 3536 1359 3589 hanc
1389 3542 1593 3589 tantam
1629 3534 1879 3604 hlasphe«

286 3628 466 3682 miam
501 3628 771 3697 patienter
798 3626 1085 3691 sufferunt,
1106 3635 1166 3681 ut
1193 3625 1442 3681 Christus
1475 3627 1569 3681 Dei
1600 3627 1765 3681 Filius
1784 3628 1877 3682 vili

284 3716 608 3774 conditione
632 3726 687 3771 et
710 3718 844 3771 dura
871 3716 1196 3772 necessitate
1220 3730 1410 3771 servus
1439 3716 1509 3770 sit
1546 3714 1641 3769 Dei
1665 3715 1879 3770 Patris?

288 3805 439 3874 Quid
476 3822 606 3877 ergo
632 3807 767 3862 dicis
795 3807 861 3861 de
887 3805 1093 3860 Adam?
1128 3805 1447 3861 Utrumnam
1486 3804 1660 3859 libera
1707 3806 1878 3877 digni-

293 3904 431 3961 tate,
457 3896 540 3950 vel
564 3896 745 3951 servili
779 3896 1085 3951 conditione
1128 3902 1346 3951 creatus
1385 3896 1491 3950 sit?
1520 3895 1577 3951 Si
1616 3898 1879 3952 conditio-

292 3985 440 4039 nalis
469 4000 658 4039 servus
684 3984 946 4040 formatus
969 3994 1083 4049 est,
1114 3985 1382 4055 quomodo
1410 3993 1495 4039 est
1536 3985 1709 4056 imago
1744 3986 1879 4041 Dei?

294 4071 399 4129 Vel
422 4074 512 4128 ubi
536 4074 764 4129 Iiborum
795 4074 937 4129 illius
967 4075 1249 4129 arbitrium
1288 4074 1423 4129 fuit?
1449 4075 1558 4128 Aut
1597 4076 1724 4144 quid
1754 4092 1880 4145 pec-

288 4164 476 4220 cando
510 4165 786 4235 perdidit?
816 4164 873 4221 Si
902 4180 1031 4220 vero
1071 4164 1224 4229 liber,
1256 4166 1524 4235 quomodo
1563 4181 1669 4220 non
1710 4166 1879 4222 multo

286 4256 474 4328 magis
495 4255 792 4320 Christum,
823 4256 875 4310 in
904 4271 1010 4325 quo
1038 4256 1304 4312 Divinitas
1326 4255 1503 4310 omnis
1526 4256 1879 4324 corporaliter

290 4343 601 4408 habitabat,
627 4344 800 4399 libera
822 4344 1103 4415 dignitate,
1135 4360 1241 4399 non
1267 4344 1619 4399 conditionali
1656 4345 1879 4401 servitio

288 4448 369 4489 ex
394 4434 557 4505 regias
583 4435 878 4490 nobilitatis
910 4436 1127 4506 Virgine
1173 4443 1358 4490 natum
1401 4450 1522 4492 esse
1548 4438 1876 4493 credendum

288 4527 422 4583 est?
446 4526 523 4581 De
545 4541 653 4595 quo
675 4527 865 4581 beatus
901 4526 1234 4597 Augustinus
1269 4526 1323 4581 in
1370 4527 1597 4596 epistola
1638 4528 1707 4584 ad
1748 4529 1881 4585 Con-

290 4623 535 4679 sentium
566 4621 755 4693 (Epist.
798 4621 921 4686 205,
972 4638 1025 4675 η.
1060 4621 1148 4691 12)
1188 4637 1203 4675 :
1238 4638 1258 4671 ‹
1304 4620 1632 4691 Assumpsit,
1680 4622 1873 4691 inquit,

290 4714 528 4771 formam
576 4714 717 4769 servi
747 4729 851 4768 non
895 4713 1104 4768 Domini
1136 4712 1395 4768 mutando
1424 4723 1675 4768 naturam
1721 4729 1736 4768 :
1780 4715 1879 4769 im-

289 4806 581 4877 partiendo
626 4806 967 4861 Dominicam
1002 4806 1255 4877 gratiam,
1294 4820 1400 4860 non
1443 4806 1693 4862 servilem
1734 4807 1878 4878 inju-

290 4899 437 4952 riam
482 4897 778 4951 retinendo.
815 4916 833 4947 ι
879 4894 937 4949 Si
973 4896 1115 4951 enim
1142 4895 1377 4950 humana
1417 4896 1672 4952 nobilitas
1712 4898 1880 4954 alicu-

285 4986 388 5058 jus
412 4987 667 5043 momenti
695 4987 776 5042 vel
803 4986 1080 5057 dignitatis
1119 4988 1435 5042 aastimanda
1465 4996 1570 5054 est,
1611 4989 1733 5058 quis
1776 5005 1875 5045 no-

292 5078 460 5135 bilior
487 5080 603 5150 ipso
628 5080 795 5134 David
822 5094 966 5150 rege,
996 5095 1064 5134 ex
1093 5079 1246 5149 cujus
1268 5080 1473 5136 semine
1502 5082 1654 5151 quasi
1699 5082 1765 5137 de
1792 5098 1877 5137 re-

289 5169 435 5243 galis
466 5169 797 5224 excellentiae
822 5168 1132 5235 nobilitate,
1172 5185 1277 5225 non
1309 5169 1520 5225 servilis
1555 5170 1879 5228 conditionis

289 5258 640 5332 ignobilitate
668 5260 916 5315 Christus
939 5261 1088 5315 nasci
1122 5261 1293 5316 voluit
1334 5261 1388 5317 in
1424 5262 1668 5318 mundo?
1711 5262 1767 5318 Si
1810 5264 1879 5319 ad

290 5350 526 5407 Deitatis
563 5350 788 5422 gloriam
830 5352 1093 5421 respicis,
1148 5353 1269 5421 quis
1340 5353 1436 5407 Dei
1485 5352 1621 5408 Filio
1648 5395 1664 5420 ,
1689 5355 1782 5424 qui
1823 5354 1879 5408 in

291 5444 508 5501 duabus
538 5445 749 5500 naturis
774 5461 913 5499 unus
934 5452 1096 5513 atque
1122 5446 1265 5500 idem
1292 5444 1412 5509 fuit,
1438 5447 1643 5515 mquari
1677 5455 1875 5516 potest,

292 5535 387 5590 cui
414 5534 591 5590 nullus
613 5543 922 5591 sanctorum
951 5535 1230 5590 nobilitate
1254 5536 1339 5591 vel
1377 5537 1645 5600 libertate,
1674 5537 1757 5593 vel
1783 5553 1879 5610 po-

294 5626 514 5681 testatis
535 5626 816 5698 privilegio
837 5627 1029 5684 similis
1050 5630 1368 5697 essepotuit
1404 5630 1488 5685 vel
1520 5631 1752 5702 poterit?

374 5748 400 5797 Ρ
428 5736 484 5815 S.
515 5737 697 5810 Greg.,
726 5737 821 5793 lib.
850 5754 980 5795 xxrv
1001 5739 1211 5807 Moral.,
1237 5755 1355 5811 cap.
1387 5743 1438 5796 '5.

698 5833 973 5899 Panos.
1009 5833 1105 5896 CI.

1976 1914 2120 1969 sunt,
2151 1904 2439 1960 nobiliores
2473 1913 2597 1959 sunt
2618 1894 2861 1967 Christo,
2883 1903 2949 1957 de
2974 1904 3171 1973 quibus
3191 1905 3307 1974 ipsa
3338 1904 3554 1959 Veritas

1976 1997 2051 2050 ait
2089 1997 2253 2051 :Jam
2292 2012 2395 2050 non
2425 1997 2597 2049 dicam
2646 2013 2733 2050 vos
2760 2013 2954 2061 servos,
2991 1996 3082 2049 sed
3124 1997 3319 2051 amicos
3368 1998 3549 2067 (Joan.

1974 2104 2066 2153 xv,
2097 2086 2207 2159 15).
2234 2087 2309 2141 De
2337 2087 2532 2156 quibus
2567 2094 2623 2141 et
2648 2088 2967 2155 praedicator
2990 2088 3228 2157 gentium
3251 2088 3326 2143 ait
3357 2103 3372 2141 :
3406 2088 3553 2142 Misit

1977 2180 2117 2235 Deus
2162 2180 2399 2250 spiritum
2430 2177 2560 2232 Filii
2598 2181 2680 2232 sui
2708 2180 2764 2233 in
2809 2180 2967 2234 corda
3008 2190 3186 2234 nostra
3217 2180 3550 2240 clamantem,

1977 2271 2122 2325 Abba
2153 2280 2320 2341 pater.
2370 2269 2555 2340 Itaque
2594 2270 2712 2339 jam
2737 2287 2839 2324 non
2881 2280 2957 2325 est
3001 2287 3198 2335 seruus,
3229 2271 3320 2325 sed
3350 2268 3550 2324 Filius.

1979 2358 2130 2426 Quod
2152 2360 2197 2413 si
2241 2356 2437 2424 Filius,
2468 2368 2514 2412 et
2541 2359 2706 2412 hwres
2732 2375 2823 2428 per
2865 2358 3031 2413 Deum
3063 2357 3205 2431 (Gal.
3230 2375 3305 2423 ιν,
3335 2357 3411 2429 6).
3462 2357 3551 2413 Di-

1976 2450 2098 2504 cis:
2135 2468 2153 2501 ‹
2187 2448 2326 2515 Quid
2349 2450 2525 2520 potuit
2557 2449 2624 2503 de
2664 2448 2858 2504 ancilla
2899 2450 3069 2514 nasci,
3116 2450 3220 2504 nisi
3265 2450 3486 2506 servus?
3521 2468 3539 2499 ι

1978 2540 2081 2596 Ubi
2127 2549 2210 2597 est
2256 2540 2607 2613 intelligentia
2654 2549 2745 2597 tua
2772 2582 2787 2605 ,
2830 2556 2937 2596 non
2972 2541 3324 2596 considerans
3382 2541 3549 2597 multa

1978 2631 2331 2686 animantium
2369 2645 2565 2699 genera
2602 2631 2669 2685 de
2708 2638 2855 2685 terra
2898 2645 3019 2685 esse
3056 2638 3263 2695 creata,
3302 2638 3357 2685 et
3390 2630 3559 2700 pluri-

1979 2734 2095 2775 mas
2133 2719 2362 2790 piscium
2403 2720 2744 2774 diversitates
2770 2734 2837 2772 ex
2881 2718 3075 2786 aquis?
3119 2716 3399 2783 Quomodo
3426 2729 3556 2788 ergo

1977 2810 2101 2864 viva
2139 2818 2390 2864 creatura
2415 2823 2483 2864 ex
2520 2808 2838 2872 insensibili,
2876 2809 2930 2863 id
2952 2815 3035 2863 est
3061 2849 3075 2871 ,
3111 2816 3272 2863 terrai
3293 2808 3379 2863 vel
3402 2823 3556 2879 aqua:

1978 2909 2174 2956 natura
2197 2901 2370 2955 creari
2396 2900 2630 2969 poterit?
2651 2900 2747 2953 Vel
2775 2899 3044 2967 quomodo
3071 2899 3136 2953 de
3156 2898 3377 2967 pulvere
3399 2899 3559 2953 arbo-

1978 3004 2087 3053 res,
2122 2996 2177 3043 et
2205 2988 2270 3042 de
2296 2986 2461 3059 840
2490 2988 2776 3042 arboribus
2802 2986 2961 3041 ﬂores
2992 2986 3307 3055 fructusque
3332 3001 3561 3042 nascun-

1979 3080 2108 3133 tur?
2145 3078 2325 3145 Quare
2362 3092 2469 3132 non
2501 3084 2709 3131 tantum
2739 3076 2914 3145 pulvis
2953 3077 3017 3131 de
3047 3076 3265 3146 pulvere
3291 3076 3557 3142 nascitur,

1903 3155 1950 3221 C
1980 3170 2124 3225 sicut
2149 3169 2306 3234 dicis,
2337 3167 2478 3238 quod
2503 3168 2578 3222 nil
2606 3169 2869 3236 potuisset
2896 3168 2960 3221 de
3011 3166 3203 3221 ancilla
3234 3167 3402 3229 nasci,
3452 3166 3558 3221 nisi

1978 3276 2185 3316 servus.
2221 3259 2290 3315 Ut
2312 3259 2527 3314 interim
2561 3258 2773 3312 beatam
2804 3257 3077 3326 Virginem
3109 3255 3359 3311 ancillam
3387 3256 3559 3309 nomi-

1980 3351 2097 3406 nari
2128 3366 2233 3404 non
2280 3364 2537 3419 negemus
2588 3367 2599 3400 :
2650 3355 2829 3400 tamen
2874 3346 3107 3401 concede
3153 3345 3559 3415 omnipotentiae

1978 3440 2192 3503 divinae,
2255 3446 2315 3492 ut
2354 3438 2421 3492 de
2478 3436 2669 3490 ancilla
2739 3450 2929 3490 creare
2978 3436 3240 3504 potuisset
3298 3434 3557 3505 quidquid

1978 3529 2275 3599 placuisset
2310 3543 2421 3582 suae
2460 3526 2714 3581 ineffabili
2778 3526 3063 3586 voluntati,
3132 3525 3232 3580 nisi
3283 3524 3423 3580 forte
3473 3541 3560 3581 re-

1979 3622 2170 3676 sistere
2226 3619 2361 3674 velis
2402 3618 2530 3678 Deo,
2592 3611 2691 3689 [et]
2750 3616 2931 3670 dicere
2975 3634 2987 3668 :
3050 3614 3186 3669 Nolo
3244 3625 3306 3669 ut
3360 3615 3560 3685 aliquid

1979 3710 2124 3763 aliud
2159 3709 2253 3762 ﬁat
2280 3709 2344 3761 de
2372 3706 2587 3769 ancilla,
2618 3706 2720 3760 nisi
2750 3720 2940 3760 servus
2964 3712 3194 3758 tantum.
3235 3703 3340 3759 Sed
3371 3719 3561 3760 revera

1980 3801 2225 3857 Christus
2253 3801 2418 3865 solus,
2450 3808 2510 3853 ut
2536 3800 2802 3868 Propheta
2849 3798 2917 3852 de
2961 3814 3027 3853 eo
3055 3800 3397 3868 praececinit,
3428 3801 3564 3854 inter

1981 3909 2211 3954 mortuos
2254 3899 2384 3951 liber
2428 3907 2502 3950 est
2548 3898 2783 3951 inventus
2815 3896 3040 3967 (Psalm.
3081 3913 3322 3961 Lxxxvu,
3360 3897 3438 3965 5).
3486 3899 3562 3954 De

1981 4005 2087 4060 qua
2128 3988 2244 4057 eius
2289 3988 2519 4059 gloriosa
2571 3986 2822 4040 libertate
2869 3987 3059 4041 beatus
3104 3985 3459 4041 Cassiodorus
3504 3988 3558 4043 in

1980 4081 2294 4154 octogesimi
2348 4078 2564 4150 septimi
2611 4077 2805 4148 psalmi
2852 4078 3190 4148 expositione
3244 4079 3317 4132 ita
3370 4078 3499 4134 dicit
3544 4098 3558 4134 :

1987 4194 2005 4226 ι
2040 4174 2198 4229 Solus
2239 4173 2383 4228 enim
2411 4172 2547 4224 inzer
2566 4177 2797 4223 mortuos
2838 4168 2967 4221 liber
3012 4166 3132 4231 fuit,
3161 4168 3252 4236 qui
3282 4167 3395 4237 ipsa
3423 4182 3560 4236 quo-

1981 4283 2087 4337 que
2114 4264 2305 4321 mortis
2335 4263 2572 4318 claustra
2604 4258 2870 4329 confregit
2906 4276 2918 4313 :
2951 4259 3121 4327 ipsius
3172 4259 3315 4312 enim
3353 4267 3559 4314 tantum

1981 4375 2128 4415 mors
2156 4359 2345 4422 libera,
2394 4357 2520 4426 quia
2549 4362 2605 4411 et
2638 4354 2941 4409 voluntaria
2989 4351 3108 4415 fuit,
3142 4354 3563 4423 quipotestatem

1982 4450 2200 4504 habebat
2247 4446 2470 4518 ponendi
2516 4445 2747 4499 animam
2792 4459 2964 4507 suam,
3010 4450 3058 4496 et
3094 4443 3282 4495 iterum
3323 4441 3563 4495 sumendi

1985 4558 2099 4597 eam
2130 4540 2314 4611 (Joan.
2338 4554 2396 4603 χ,
2423 4536 2533 4605 18).
2569 4535 2675 4590 Sed
2701 4550 2822 4590 cum
2852 4534 2939 4589 ille
2968 4540 3112 4588 esset
3139 4533 3281 4588 inter
3319 4544 3561 4588 mortuos

1985 4633 2141 4698 liber,
2172 4631 2467 4686 aestimatus
2495 4636 2579 4683 est
2608 4636 2785 4682 tamen
2822 4642 2851 4680 a
2882 4625 3241 4689 dementibus,
3274 4625 3407 4679 sicut
3444 4624 3561 4678 vul-

1986 4724 2155 4779 nerati
2180 4723 2513 4777 dormientes.
2546 4720 2685 4774 Vere
2732 4726 2911 4774 autem
2965 4719 3138 4772 dictus
3179 4723 3262 4771 est
3304 4716 3562 4771 Dominus

1986 4815 2138 4877 liber,
2193 4814 2283 4884 qui
2309 4814 2606 4868 humanum
2632 4826 2802 4881 genus
2830 4810 3060 4865 liberare
3085 4810 3336 4880 dignatus
3365 4817 3447 4863 est
3482 4827 3493 4862 :
3535 4830 3554 4861 ι

1987 4918 2146 4973 quem
2179 4912 2235 4958 tu
2266 4902 2403 4957 forte
2445 4917 2544 4971 per
2584 4902 2688 4956 hoc
2723 4914 2938 4953 servum
2970 4913 3091 4954 esse
3140 4897 3558 4954 conditionalem

1983 4993 2353 5055 calumniaris,
2410 4992 2534 5060 quia
2582 4991 2876 5045 humanum
2927 5002 3097 5057 genus
3137 4988 3397 5044 benevola
3448 5003 3559 5043 sum

1979 5090 2298 5146 obedientia:
2332 5087 2661 5157 subjectioue
2694 5087 2924 5142 liberum
2952 5084 3099 5140 fecit.
3131 5085 3236 5140 Sed
3264 5085 3420 5157 longe
3462 5084 3561 5138 ali-

1980 5189 2065 5236 ter
2110 5182 2303 5236 beatus
2350 5179 2639 5250 Gregorius
2688 5180 2741 5234 in
2790 5178 2929 5233 libro
2970 5178 3251 5234 Moralium
3296 5177 3559 5249 vigesimo

1983 5269 2143 5324 tertio
2187 5268 2252 5322 de
2289 5268 2391 5323 hac
2436 5267 2622 5322 eadem
2674 5267 3014 5339 liberatione,
3069 5267 3213 5322 unde
3263 5265 3552 5335 loquimur,

1984 5364 2185 5419 sentire
2208 5365 2467 5434 probatur
2494 5375 2519 5404 ει
2555 5382 2568 5417 :
2607 5381 2625 5413 ‹
2659 5362 2942 5427 Mediatoi',
2970 5362 3163 5431 inquit,
3187 5361 3281 5414 Dei
3303 5366 3359 5413 et
3380 5357 3559 5412 homi-

1975 5473 2104 5512 num
2132 5457 2288 5514 Jesus
2312 5457 2516 5530 [Greg.,
2547 5446 2987 5513 bomo‘Christus
3011 5454 3190 5526 Iesus]
3222 5453 3275 5509 in
3298 5467 3363 5509 eo
3391 5453 3556 5508 mise-

1974 5561 2127 5607 retur
2155 5553 2409 5620 hominis,
2442 5567 2549 5623 quo
2593 5551 2822 5607 formam
2852 5551 3086 5606 hominis
3133 5547 3399 5617 sumpsit:
3445 5559 3554 5615 qua

1975 5643 2343 5699 misericordia
2394 5643 2670 5715 redempta
2712 5639 2908 5715 [Idem,
2963 5654 3064 5711 pro
3116 5634 3416 5711 redempta]
3453 5635 3552 5693 ho-

3070 5839 3110 5937 ’ἴ
