4030 6358
524 299 631 357 205

1347 302 1414 361 B’.
1451 302 1513 357 Ε.
1554 302 1779 363 ALHNI
1811 303 1948 365 aut
1985 304 2263 367 W1
2301 305 2589 365 OPERUM
2624 307 2805 367 PARS
2838 310 2925 365 Il.

3666 322 3779 384 284

529 417 672 470 mine
700 413 830 470 dicit
856 414 1003 471 Patri
1028 431 1044 468 :
1072 413 1268 471 libora
1310 430 1457 480 eum,
1490 424 1683 471 utnon
1709 416 2003 472 descendat
2041 417 2097 471 in
2120 418 2174 485 Α
2202 412 2269 468 Ut
2297 416 2355 470 in
2398 418 2605 473 nomine
2634 417 2765 475 Iesu
2792 435 2945 477 omne
2968 438 3109 491 genu
3146 425 3413 495 ﬂectatur,

529 507 930 573 corruptionem
974 504 1117 576 (Job.
1172 521 1366 572 sunt,
1418 506 1528 575 24).
1584 506 1736 561 Sicut
1774 505 1886 574 jam
1934 522 2096 577 supra

527 597 782 660 diximus,
810 597 989 652 dicere
1011 598 1129 667 eius
1154 605 1257 662 est,
1287 597 1448 652 libera
1476 616 1595 653 eum
1619 599 1911 664 hominem,
1940 607 2099 653 natu-

527 702 644 745 ram
673 688 909 744 hominis
928 689 1250 745 asstunendo
1274 689 1497 745 liberam
1518 690 1907 746 demonstrare.
1933 692 2013 746 Ex
2032 707 2096 747 ea

526 781 725 851 quippe
768 796 950 846 carne,
998 796 1162 849 quam
1192 782 1439 849 sumpsit,
1487 783 1647 836 etiam
1694 782 1831 838 hanc
1861 783 2097 838 ostendit

526 875 752 930 liberam
780 914 793 937 ,
840 889 1003 943 quam
1056 873 1297 929 redemit.
1338 873 1469 939 Quae
1522 875 1796 943 redempta
1848 875 2097 932 videlicet

525 980 655 1020 caro
682 980 779 1021 nos
818 980 1027 1031 sumus,
1047 964 1141 1033 qui
1158 964 1462 1034 cognitione
1499 964 1669 1019 nostri
1696 972 1878 1019 reatus
1896 965 2095 1019 astrin-

523 1058 720 1126 gimnr,
748 1058 841 1111 sed
867 1056 1179 1112 mediatoris
1205 1056 1340 1111 tanti
1379 1055 1635 1124 aequitate
1663 1056 1972 1121 liberamur,
2017 1056 2092 1111 si-

522 1158 616 1202 cut
643 1148 758 1217 ipse
788 1148 864 1200 ait
894 1165 905 1198 :
941 1146 1001 1200 Si
1024 1163 1107 1201 vos
1137 1144 1309 1199 Filius
1338 1145 1649 1208 liberaverit,
1676 1162 1789 1199 vere
1815 1144 1965 1198 liberi
1986 1146 2093 1199 eri-

518 1238 587 1297 tis
638 1257 657 1290 ι
691 1237 869 1308 (Joan.
901 1253 1019 1299 vui,
1049 1236 1157 1307 56).
1192 1235 1425 1290 Nimium
1449 1250 1578 1305 ergo
1612 1236 1856 1306 ingratus
1896 1235 2094 1293 videris

522 1327 795 1381 liberatori
843 1327 1061 1381 humani
1091 1327 1326 1395 generis,
1359 1328 1451 1395 qui
1480 1327 1638 1383 toties
1681 1326 1828 1381 illum
1858 1342 1966 1380 non
2008 1342 2094 1381 so-

520 1418 631 1473 lum
661 1420 901 1474 absolute
929 1433 1143 1474 servum
1170 1420 1427 1487 appellari
1453 1420 1606 1485 dicis,
1640 1421 1734 1474 sed
1762 1421 1927 1474 etiam
1966 1435 2094 1475 con-

519 1510 831 1564 ditionalem
861 1523 1074 1564 servum
1129 1510 1390 1564 testaris:
1445 1510 1571 1565 dum
1618 1509 1859 1567 conditio
1899 1511 2092 1565 duram

517 1601 852 1655 demonstrat
906 1601 1309 1665 necessitatem,
1370 1614 1476 1655 non
1525 1599 1845 1657 voluntaria:
1899 1615 2093 1656 munus

516 1691 855 1745 ohedicntiaa.
1386 1701 1396 1707 '

2198 509 2521 562 terrestrium
2543 518 2591 560 et
2615 509 2960 577 inferuerunt,
2982 521 3035 567 et
3060 515 3227 569 omnis
3252 515 3433 586 lingua
3469 523 3783 589 conﬁteatur

2192 600 2321 670 quia
2348 600 2604 655 Dominus
2628 601 2783 663 lesus
2812 600 3049 658 Christus
3072 605 3127 659 in
3148 605 3320 676 gloria
3348 619 3425 662 est
3450 610 3550 665 Dei
3573 613 3774 672 Patris.

2197 689 2255 745 Si
2281 689 2394 759 jam
2440 692 2695 748 Dominus
2725 701 2807 747 est
2846 692 3025 758 Iesus,
3052 702 3108 749 et
3148 696 3205 755 in
3226 697 3401 768 gloria
3433 712 3515 757 est
3543 704 3639 760 Dei
3678 708 3778 764 Pa-

2199 780 2314 844 tris,
2346 779 2401 832 id
2422 789 2528 844 est,
2557 780 2609 834 in
2634 780 2929 836 divinitatis
2954 784 3256 853 umiestate,
3288 803 3415 858 ergo
3441 794 3779 851 conditiona-

2196 869 2261 925 lis
2286 872 2489 925 servitii
2517 871 2647 943 jugo
2685 871 2960 940 subjectus
2984 888 3093 927 non
3114 883 3198 929 est
3220 893 3237 927 :
3274 879 3391 943 sed,
3420 880 3560 935 sicut
3587 883 3781 943 beatus

2193 958 2386 1015 Petrus
2432 961 2683 1031 princeps
2728 962 3092 1031 apostolorum
3141 964 3255 1019 ait:
3302 964 3578 1036 Profectus
3623 976 3779 1029 estin

2192 1050 2377 1105 cwlum
2402 1052 2645 1121 subjectis
2682 1052 2781 1105 sibi
2809 1052 3007 1122 angelis
3036 1063 3084 1108 et
3106 1058 3442 1124 potestatibus
3458 1099 3475 1125 ,
3502 1070 3549 1113 et
3576 1063 3781 1121 virtuti-

2195 1140 2288 1197 bus
2310 1140 2363 1212 (I
2408 1140 2559 1196 Petri
2602 1159 2689 1208 ιιι,
2720 1143 2829 1213 22).
2861 1142 3014 1210 Quod
3046 1153 3103 1200 et
3134 1145 3278 1201 idem
3326 1146 3612 1205 Psalmista
3640 1169 3781 1223 prse-

2192 1233 2330 1291 dixit
2371 1232 2540 1289 multo
2585 1241 2711 1289 ante
2754 1233 2993 1289 futurum
3041 1253 3052 1287 :
3117 1236 3381 1304 Minuisti,
3426 1240 3624 1310 inquit,
3654 1259 3781 1300 eum

2191 1327 2350 1397 paulo
2380 1329 2551 1383 minus
2594 1329 2682 1400 [ab
2709 1328 2953 1400 angelis],
2995 1330 3165 1399 gloria
3204 1342 3253 1385 et
3279 1333 3475 1388 honore
3510 1338 3781 1393 coronati

2190 1434 2330 1483 eum,
2352 1428 2399 1471 et
2426 1420 2742 1475 constituisti
2762 1436 2880 1473 eum
2903 1437 3059 1491 super
3082 1437 3241 1492 opera
3264 1439 3514 1479 manuum
3536 1435 3775 1482 tuarum.

2196 1509 2389 1566 Omnia
2416 1511 2685 1580 subjecisti
2727 1512 2821 1566 sub
2849 1511 3064 1581 pedibus
3090 1514 3205 1583 ejus
3248 1512 3419 1584 (Psal.
3459 1532 3576 1581 vm,
3607 1518 3685 1590 6).
3733 1520 3780 1577 0

2190 1598 2428 1669 gloriosa
2456 1599 2765 1657 obedientia
2813 1610 2869 1656 et
2895 1602 3042 1657 omni
3070 1602 3228 1657 laude
3257 1604 3571 1673 dignissima
3593 1647 3609 1673 ,
3655 1624 3782 1680 qua:

2192 1690 2251 1745 in
2281 1698 2484 1747 tantam
2513 1693 2707 1749 divinae
2728 1694 3017 1763 potestatis
3038 1696 3461 1765 magnitudinem
3482 1700 3779 1759 sublimata

528 1825 534 1832 .
584 1781 673 1835 IV.
716 1781 821 1837 Sed
858 1791 914 1835 et
960 1783 1101 1837 inter
1146 1790 1361 1847 canora,
1408 1797 1514 1852 quo
1555 1792 1607 1839 te
1632 1799 1801 1853 vagus
1824 1783 2091 1839 sermonis
2122 1771 2168 1833 Β
2194 1796 2299 1853 est,
2332 1798 2391 1844 ut
2414 1802 2575 1857 super
2599 1789 2780 1844 omnia
2821 1803 2985 1856 opera
3029 1787 3126 1844 Dei
3154 1790 3606 1847 constitueretur!
3639 1795 3782 1852 item

517 1870 595 1925 tui
620 1871 870 1939 perduxit
895 1878 1103 1933 textus,
1131 1872 1293 1925 etiam
1327 1870 1393 1924 ad
1422 1872 1524 1927 hoc
1568 1872 1880 1940 pervenisti,
1911 1881 1972 1925 ut
2010 1873 2092 1927 di—

516 1976 670 2019 ceres
700 1963 804 2015 duo
830 1976 1037 2031 genera
1052 1962 1329 2016 servitutis
1356 1977 1473 2016 esse
1505 1963 1556 2016 in
1589 1963 1873 2027 creaturis,
1902 1963 2090 2019 volun-

513 2055 707 2111 torium
737 2056 954 2123 quidem
984 2063 1038 2109 et
1067 2055 1447 2120 conditiouaie,
1477 2057 1622 2125 quia,
1671 2055 1872 2124 inquis,
1923 2056 2089 2111 omnis

510 2155 753 2200 creatura
800 2145 1064 2200 voluntate
1110 2163 1201 2201 seu
1249 2148 1551 2203 necessitate
1603 2164 1694 2217 per
1741 2148 2089 2205 conditionem

511 2236 621 2295 Deo
650 2239 823 2291 servit.
858 2236 1021 2291 Plane
1047 2238 1297 2293 omnibus
1338 2246 1486 2307 patet
1510 2238 1739 2293 interius
1764 2255 1883 2296 esse
1923 2234 2089 2310 genus

514 2329 893 2387 conditionalis
935 2330 1162 2393 servitii,
1192 2345 1355 2398 quam
1383 2330 1698 2395 voluntarii,
1749 2330 1849 2385 sub
1874 2346 1980 2399 quo
2009 2332 2089 2385 in-

511 2424 699 2479 feriori
732 2425 899 2490 gradu
926 2423 1089 2492 impia
1121 2425 1424 2479 temeritate
1451 2423 1732 2480 Clu-istum
1771 2434 2088 2492 computare

508 2528 617 2569 non
661 2513 839 2576 times,
870 2514 1012 2569 sicut
1055 2530 1120 2569 ex
1172 2515 1277 2571 tuis
1308 2514 1486 2571 verbis
1509 2516 1623 2584 jam
1662 2527 1821 2570 antea
1850 2516 2090 2571 ostendi-

507 2617 647 2661 mus.
692 2605 749 2659 in
776 2618 884 2673 quo
912 2605 1075 2659 etiam
1122 2606 1293 2675 gradu
1343 2606 1720 2661 conditioualis
1749 2607 1990 2670 servitii,
2034 2617 2090 2665 et

507 2697 681 2767 ipsum
721 2697 993 2751 diabolum
1039 2698 1264 2765 posuisti
1309 2697 1495 2752 dicens
1546 2715 1558 2751 :
1599 2698 1799 2768 Nempe
1845 2698 2087 2754 diabolus

504 2803 681 2841 unus
706 2786 920 2840 Domini
944 2801 1037 2855 per
1062 2788 1412 2842 conditionem
1439 2790 1494 2842 in
1518 2804 1670 2842 sacro
1709 2788 1913 2859 eloquio
1956 2790 2087 2844 dici-

504 2888 611 2931 tur.
647 2878 873 2933 Videsne
901 2894 1008 2947 quo
1036 2886 1089 2932 te
1114 2887 1206 2933 tua
1230 2881 1483 2948 perduxit
1510 2881 1871 2951 blasphemia,
1898 2894 1957 2937 ut
1979 2899 2085 2939 uno

505 2972 777 3026 servitutis
797 2986 995 3042 genere
1020 2971 1294 3027 Christum
1320 2981 1375 3028 et
1412 2974 1683 3029 diabolum
1704 2984 2081 3043 computares:

506 3079 607 3118 nec
634 3066 807 3133 ipsum
830 3064 1105 3119 Christum
1136 3067 1473 3121 conscntlres
1493 3067 1798 3121 voluntaria
1828 3068 2084 3132 obedien-

507 3155 581 3209 tia
615 3155 725 3209 Deo
754 3156 897 3211 Patri
944 3160 1219 3213 deservire
1265 3160 1318 3213 in
1365 3160 1555 3216 diebus
1599 3162 1780 3215 carnis
1816 3177 1946 3227 sure,
1990 3146 2085 3218 sed

511 3249 857 3303 conditionali
907 3254 1250 3317 necessitate,
1308 3255 1448 3308 sicut
1493 3255 1783 3310 diabolum.
1832 3256 2084 3326 Nunquid

507 3355 616 3393 non
680 3355 838 3394 omne
898 3340 1327 3397 Christianorum
1379 3344 1660 3398 servitium
1719 3345 1773 3398 in
1825 3344 2084 3415 religione

505 3431 813 3485 sanctitatis
837 3432 1202 3487 voluntarium
1248 3434 1358 3488 Deo
1386 3435 1546 3489 debet
1572 3451 1692 3490 esse
1722 3436 1892 3506 magis
1921 3451 2081 3504 quam

503 3522 889 3588 necessarium,
920 3524 973 3577 in
1005 3530 1240 3590 tantum,
1272 3533 1331 3578 ut
1361 3525 1611 3579 voluntas
1642 3527 1777 3580 bona
1804 3542 1902 3596 pro
1920 3542 2084 3596 opere

501 3620 864 3682 computetur,
920 3615 1167 3682 quamvis
1221 3614 1403 3684 aliqua
1460 3618 1759 3671 necessitas
1822 3618 2081 3685 Operandi

504 3703 762 3772 impediat
806 3704 1152 3761 facultatem?
1195 3706 1362 3761 Addis
1403 3708 1578 3762 adhuc
1620 3708 1686 3761 de
1729 3708 2081 3763 conditionali

504 3796 726 3850 servitio
758 3794 955 3852 Christi
988 3799 1102 3851 haec
1134 3798 1299 3852 verba
1327 3815 1340 3850 :
1387 3814 1406 3848 ι
1446 3797 1716 3868 Nunquid,
1741 3799 1843 3865 ais,
1872 3800 1964 3868 qui
1992 3815 2084 3855 ve-

503 3900 596 3941 rus
624 3897 705 3942 est
732 3890 889 3954 Deus,
939 3888 1055 3943 ﬁeri
1086 3896 1286 3959 potest,
1316 3897 1376 3943 ut
1417 3891 1724 3945 conditione
1766 3904 1954 3945 servus
1985 3891 2081 3946 Dei

492 3976 596 4042 ait,
624 3978 763 4032 sicut
789 3978 1038 4033 Christus
1068 3980 1323 4034 Dominus
1349 3981 1404 4034 in
1435 3980 1608 4034 forma
1637 3982 1803 4045 servi,
1826 3982 1919 4051 qui
1946 3982 2082 4037 mul-

502 4066 574 4121 tis
620 4070 792 4123 modis
838 4070 1127 4139 multisque
1176 4073 1528 4133 documentis,
1563 4086 1670 4125 non
1720 4080 1926 4126 tantum
1956 4088 2081 4141 pro-

500 4162 622 4224 pter
650 4158 1034 4223 obedientiam,
1064 4168 1121 4211 ut
1160 4160 1403 4229 plerique
1432 4161 1650 4225 volunt,
1683 4161 1777 4215 sed
1820 4163 1986 4216 etiam
2028 4171 2081 4217 et

501 4258 602 4316 per
631 4256 880 4301 naturam
911 4263 1097 4304 servus
1124 4249 1302 4302 Patris
1329 4257 1386 4302 et
1431 4250 1572 4303 ﬁlius
1598 4250 1808 4304 ancillae
1834 4250 1954 4320 eius
1982 4266 2077 4309 ve-

502 4337 719 4392 rissime
756 4340 1045 4393 educetur?
1082 4360 1099 4389 ι
1140 4338 1291 4405 Quod
1341 4355 1499 4408 quam
1557 4340 1851 4395 absurdum
1879 4342 1985 4409 sit,
2026 4350 2080 4397 et

501 4444 663 4497 quam
711 4430 950 4499 ineptum
997 4431 1101 4484 hoc
1130 4431 1195 4484 de
1223 4431 1351 4494 Deo,
1384 4432 1477 4485 Dei
1511 4431 1669 4496 Filio,
1703 4448 1767 4487 ac
1792 4434 1903 4490 Deo
1946 4452 2074 4491 vero
2100 4462 2155 4535 ρ

501 4523 724 4577 credere
748 4523 958 4591 piorum
988 4523 1202 4592 ignorat
1229 4538 1404 4579 nemo.
1438 4522 1584 4579 inter
1606 4527 1911 4597 plerosque,
1941 4546 2076 4599 quos

501 4614 637 4668 dicis
672 4613 947 4667 Christum
977 4621 1167 4683 putare
1192 4630 1290 4683 per
1317 4616 1678 4670 obedientiam
1710 4620 1917 4673 servire
1942 4620 2073 4687 Deo,

502 4714 641 4758 unus
692 4705 910 4775 quidem
950 4712 1035 4760 est
1084 4706 1274 4760 beatus
1319 4706 1515 4762 Paulus
1561 4712 1836 4779 apostolus
1887 4712 2077 4768 doctor

502 4797 764 4867 gentium,
806 4798 899 4866 qui
937 4798 1013 4851 ait
1043 4811 1059 4851 :
1088 4796 1325 4853 Christus
1354 4800 1597 4856 obediens
1638 4802 1792 4857 Patri
1819 4818 1982 4875 usque
2006 4806 2075 4859 ad

503 4899 747 4953 Mortem,
772 4900 991 4944 mortem
1026 4899 1199 4944 autem
1226 4893 1413 4958 crucis,
1445 4902 1655 4964 propter
1682 4895 1820 4964 quod
1845 4905 1891 4948 et
1933 4895 2078 4950 Deus

500 4979 746 5033 exaltabit
789 4979 977 5045 illum,
1029 4990 1077 5035 et
1119 4982 1260 5036 dedit
1306 4985 1353 5036 ei
1390 4996 1573 5037 nomen
1617 4985 1754 5056 quod
1795 4993 1869 5038 est
1921 5000 2075 5055 super

502 5084 875 5125 omnenomen
903 5070 1122 5144 (Philip.
1154 5088 1218 5139 ιι,
1248 5075 1301 5137 8,
1330 5073 1405 5144 9).
1455 5073 1659 5129 Servus
1697 5074 2075 5129 conditionalis

501 5176 610 5218 non
644 5173 727 5219 est
776 5176 940 5236 super
964 5179 1127 5221 omne
1174 5180 1388 5231 nomen,
1442 5166 1538 5220 sed
1568 5165 1793 5221 inferius
1840 5166 2074 5221 ﬁliorum

501 5254 740 5310 nomine.
794 5254 917 5310 Filii
946 5257 1143 5327 quippe
1187 5271 1386 5311 nomen
1424 5258 1676 5311 omnibus
1725 5259 1942 5321 sanctis,
1979 5259 2075 5314 Dei

503 5344 832 5413 dignatione,
859 5345 1222 5400 communiter
1241 5344 1496 5399 donatum
1525 5352 1626 5398 est.
1658 5344 1812 5411 Quod
1837 5354 1922 5400 est
1949 5362 2076 5417 ergo

524 5435 633 5488 llud
680 5436 1031 5490 excellentius
1073 5435 1287 5491 caneris
1332 5435 1640 5490 nominibus
1669 5450 1883 5502 nomen,
1935 5440 2077 5507 quod

504 5523 719 5581 Christo
750 5543 781 5583 a
808 5526 917 5579 Deo
946 5526 1127 5587 Patre,
1160 5524 1417 5592 Apostolo
1451 5534 1607 5589 teste,
1641 5525 1826 5581 datum
1855 5540 1976 5581 esse
1994 5516 2075 5581 die-

502 5616 665 5679 citur,
694 5622 920 5686 propter
951 5618 1271 5673 obedientim
1300 5617 1549 5675 mirabiie
1576 5619 1735 5689 3&1
1770 5634 2071 5675 sacramen-

506 5712 652 5763 tum?
679 5711 807 5765 lllud
835 5712 1040 5765 scilicet
1066 5710 1209 5780 quod
1228 5709 1367 5764 idem
1392 5709 1504 5779 ipse
1521 5709 1792 5781 subiungit
1811 5708 2066 5765 dicendo:

2191 1881 2248 1936 in
2281 1882 2388 1936 alio
2418 1881 2535 1935 loco
2561 1880 2849 1949 Apostolus
2880 1899 2893 1935 :
2928 1880 3032 1946 Qui
3056 1883 3276 1937 tradidit
3310 1887 3641 1957 semetipsum
3677 1907 3782 1959 pro

2192 1970 2339 2025 nobis
2392 1970 2707 2025 oblationem
2749 1979 2799 2024 et
2837 1971 3062 2027 hostium
3091 1970 3306 2041 (Ephes.
3349 1988 3403 2038 v,
3444 1975 3520 2035 2).
3567 1976 3628 2032 in
3671 1980 3781 2035 hoc

2186 2060 2331 2127 quod
2360 2060 2434 2115 ait
2465 2078 2475 2111 :
2505 2058 2747 2113 Tradidit
2772 2060 3125 2130 semetipsum,
3154 2061 3456 2118 voluntarie
3479 2079 3540 2120 se
3560 2068 3781 2129 trades}

2191 2148 2281 2213 tis,
2313 2163 2423 2205 non
2446 2149 2884 2206 conditionaiiter
2902 2152 3213 2215 servientis,
3236 2155 3474 2211 ostendit
3495 2155 3775 2214 allectum.

2189 2237 2330 2294 Dicit
2359 2249 2414 2295 et
2441 2238 2555 2308 ipse
2580 2238 2752 2295 David
2779 2238 2882 2295 sub
2909 2254 3143 2307 persona
3183 2249 3492 2297 sanctorum
3516 2260 3532 2296 :
3575 2242 3781 2301 Vola»-

2187 2332 2322 2387 tarie
2348 2330 2662 2399 sacriﬁcabo
2686 2330 2781 2387 tibi
2811 2330 2983 2401 (Psal.
3012 2348 3129 2398 Llil,
3153 2331 3230 2402 8).
3262 2332 3321 2388 Si
3348 2344 3664 2391 sanctorum
3682 2353 3779 2393 sa-

2187 2420 2412 2485 criﬁcia,
2463 2434 2584 2490 quae
2610 2421 2722 2477 Deo
2769 2420 2946 2476 solent
2988 2420 3203 2488 oil‘erri,
3253 2424 3559 2481 voluntaria
3600 2426 3780 2485 fuisse

2187 2514 2537 2571 manifestum
2562 2524 2665 2579 est,
2697 2516 2969 2583 quomodo
2993 2515 3097 2569 hoc
3122 2515 3294 2570 solum
3321 2517 3671 2584 sacriﬁcium,
3715 2520 3779 2575 in

2186 2624 2296 2677 quo
2327 2609 2495 2665 totius
2542 2608 2729 2665 mundi
2758 2606 3069 2677 redemptio.
3100 2616 3183 2663 est
3202 2648 3218 2672 ,
3268 2623 3364 2676 per
3392 2610 3779 2672 necessitatem

2188 2698 2354 2754 fuisse
2403 2698 2774 2763 calumniaris,
2824 2706 2882 2753 et
2914 2712 3027 2755 non
3064 2714 3163 2766 per
3202 2697 3533 2757 voluntatem
3578 2712 3779 2770 sponte

2186 2792 2424 2859 eipsum
2452 2789 2765 2849 oiiercntis?
2790 2790 2932 2847 sicut
2955 2790 3095 2845 idem
3121 2790 3385 2860 propheta
3421 2792 3476 2845 in
3499 2791 3608 2845 alio
3647 2792 3779 2848 loco

2188 2884 2264 2939 ait
2294 2903 2304 2935 :
2342 2884 2411 2937 In
2439 2884 2605 2952 capite
2630 2882 2750 2937 libri
2770 2883 3023 2952 scripturn
3047 2892 3121 2936 est
3147 2882 3212 2936 de
3235 2899 3335 2947 me,
3360 2893 3413 2936 ut
3436 2883 3663 2951 facerem
3688 2903 3779 2941 uo-

2185 2973 2437 3031 luntatem
2481 2985 2625 3027 tuam
2651 2989 2667 3026 :
2694 2972 2836 3027 Deus
2875 2987 3020 3029 metu
3063 2972 3223 3037 volui,
3269 2972 3497 3044 etlegem
3527 2984 3673 3029 tuam
3714 2977 3779 3030 in

2186 3065 2357 3118 medio
2385 3065 2557 3119 cordis
2583 3064 2683 3120 mei
2711 3061 2883 3133 (Psal.
2916 3078 3102 3128 XXXIX,
3123 3064 3201 3133 8).
3240 3061 3414 3131 Volui,
3441 3065 3635 3134 inquit,
3658 3080 3776 3122 non

2108 3122 2158 3189 c
2188 3158 2329 3212 sicut
2359 3162 2413 3209 tu
2457 3157 2602 3211 soles
2652 3122 2854 3220 dicere,
2907 3156 3062 3219 debui
3089 3122 3306 3225 '(d’ebita
3334 3122 3478 3213 enim
3514 3122 3779 3214 ais'ser-

2185 3245 2375 3315 vitute)
2414 3246 2524 3300 Deo
2550 3246 2701 3301 Patri
2751 3245 3026 3313 subjectus
3053 3260 3191 3302 esse.
3226 3246 3382 3312 Quod
3422 3249 3642 3316 quidem
3671 3248 3779 3306 de-

2183 3337 2358 3392 bitum
2385 3346 2441 3391 et
2463 3336 2826 3392 conditionnle
2852 3338 3157 3403 servitium,
3198 3339 3269 3393 ab
3297 3339 3679 3397 ecclesiasticae
3701 3342 3778 3396 ἢ»-

2185 3429 2271 3483 doi
2293 3429 2523 3483 veritate
2540 3429 2760 3484 omnino
2783 3429 3018 3484 alienum
3043 3444 3164 3485 esse
3191 3430 3543 3501 dignoscitur.
3570 3433 3777 3489 Catho-

2183 3521 2288 3575 lica
2300 3536 2535 3590 natoque
2556 3520 2755 3576 veritas
2780 3521 2835 3575 in
2861 3536 2969 3575 uno
2993 3522 3290 3591 eodemque
3312 3522 3532 3577 Christo
3566 3526 3772 3592 credit,

2181 3621 2237 3668 et
2249 3611 2535 3667 conﬁtetur
2550 3612 2846 3666 secundum
2858 3627 3042 3666 veram
3054 3612 3410 3668 substantiam
3428 3614 3634 3679 carnis,
3646 3629 3778 3670 orn-

2182 3720 2281 3759 nes
2315 3705 2556 3775 ejusdem
2590 3705 2789 3767 carnis,
2823 3720 2959 3773 quas
2987 3706 3246 3776 suscepit,
3278 3706 3623 3763 inﬁrmitates
3666 3723 3773 3764 νο»

2184 3795 2452 3849 iuntarias
2482 3796 2683 3849 habere
2707 3794 3004 3857 Christum,
3031 3809 3157 3850 cum
3184 3795 3460 3851 voluisset.
3502 3799 3772 3855 Volunta-

2183 3885 2322 3939 riam
2354 3900 2587 3953 namque
2616 3895 2669 3939 et
2698 3899 2882 3939 veram
2909 3884 3128 3950 famem,
3159 3900 3285 3938 cum
3310 3886 3559 3942 esuriens
3597 3887 3663 3942 ad
3695 3888 3771 3942 ti-

2182 3976 2428 4031 culneam
2448 3977 2656 4029 veniret
2676 3994 2688 4028 :
2712 3975 2929 4029 voiunta
2936 3976 3074 4030 riam
3085 3985 3141 4029 et
3154 3990 3340 4030 veram
3360 3977 3764 4045 lassitudinem,

2181 4080 2304 4119 cum
2335 4065 2592 4134 fatigatus
2618 4066 2687 4119 ab
2713 4065 2907 4120 itinere
2949 4080 3110 4134 super
3130 4075 3350 4136 puteum
3378 4066 3627 4134 sederet;
3658 4083 3771 4122 vo-

2181 4156 2476 4210 luntarium
2503 4164 2559 4210 et
2579 4171 2768 4213 verum
2794 4157 3009 4223 vulnus,
3038 4172 3161 4212 cum
3196 4158 3385 4214 militis
3421 4161 3604 4217 lancea
3632 4175 3769 4230 per-

2180 4256 2456 4304 euteretur
2484 4249 2539 4301 in
2564 4248 2764 4312 latere;
2794 4248 3155 4304 voluntariam
3176 4259 3232 4303 et
3271 4264 3457 4305 veram
3498 4259 3766 4317 mortem,

2179 4350 2301 4393 cum
2352 4338 2609 4392 inclinato
2654 4338 2831 4406 capite
2872 4339 3122 4407 spiritum
3166 4341 3436 4395 emisisset
3473 4341 3527 4395 in
3556 4356 3762 4407 cruce;

2177 4428 2538 4482 voluntarium
2562 4436 2617 4482 et
2646 4442 2829 4481 veram
2857 4426 3209 4499 sepulturam,
3238 4440 3361 4484 cum
3390 4445 3514 4485 eum
3543 4432 3770 4502 depost-

2184 4529 2294 4574 tum
2337 4520 2404 4573 de
2442 4519 2588 4588 ligno
2620 4516 2817 4588 loseph
2847 4528 2903 4573 et
2936 4518 3261 4575 Nicodemus
3289 4528 3551 4590 ponerent
3577 4522 3629 4575 in
3667 4534 3767 4576 se.

2181 4608 2391 4680 pulcro.
2435 4607 2543 4665 liae
2577 4608 2723 4663 enim
2764 4608 2944 4663 carnis
2966 4620 3155 4662 omnes
3193 4608 3537 4665 inﬁrmitates
3572 4610 3767 4666 volun-

2184 4702 2350 4756 tarias
2371 4702 2607 4770 quidem,
2649 4702 2743 4756 sed
2766 4716 2921 4756 veras
2960 4698 3209 4755 Christus
3237 4702 3441 4765 habuit,
3484 4704 3606 4773 quia
3634 4718 3768 4758 car-

2182 4793 2268 4847 nis
2292 4791 2544 4847 humanm
2578 4800 2850 4855 naturam,
2889 4804 2997 4844 non
3038 4790 3095 4843 in
3128 4790 3434 4860 phantasia,
3463 4792 3557 4847 sed
3586 4793 3641 4847 in
3665 4808 3768 4849 νει

2182 4886 2343 4939 ritate
2379 4884 2651 4954 suscepit:
2700 4899 2835 4955 quas
2866 4882 3144 4953 passiones
3182 4888 3464 4952 propterea
3509 4886 3563 4938 in
3592 4900 3766 4943 carne

2182 4978 2514 5033 voluntarias
2558 4977 2765 5039 habuit,
2794 4983 2857 5029 ut
2892 4976 2949 5028 in
2992 4977 3223 5030 veritate
3254 4976 3436 5030 carinis
3460 4975 3637 5030 divina
3660 4990 3767 5045 po-

2182 5070 2370 5133 tentia,
2402 5085 2523 5138 qutn
2568 5082 2669 5121 nec
2695 5067 2807 5137 pati
2828 5067 3005 5134 potuit
3036 5066 3327 5136 aliquando
3352 5079 3454 5121 nec
3489 5066 3647 5129 ori,
3674 5065 3767 5120 in-

2181 5158 2495 5216 ﬁrmitatem
2542 5168 2877 5226 mortemque
2901 5158 3229 5222 devinceret,
3263 5162 3322 5214 et
3344 5172 3567 5214 camem
3602 5172 3764 5212 suam

2182 5251 2237 5304 in
2258 5250 2425 5303 vitam
2444 5251 2809 5318 virtutemque
2827 5255 3141 5319 perpetuam
3164 5250 3453 5305 suscitaret
3478 5264 3494 5303 :
3516 5262 3676 5319 quem
3694 5257 3761 5305 In

2181 5353 2397 5398 utet-nae
2425 5341 2775 5411 subjectiouis
2809 5344 3030 5398 servitio
3059 5343 3363 5412 opprimere
3391 5341 3601 5398 niteris.

2250 5436 2314 5490 ν.
2347 5435 2489 5489 Dicis
2517 5434 2699 5512 enim:
2752 5434 2844 5488 Vel
2885 5438 2937 5489 in
2961 5454 3065 5505 qua
3094 5437 3265 5506 forma
3307 5438 3404 5489 en’t
3424 5439 3482 5490 in
3504 5444 3761 5491 interm

2170 5526 2331 5581 Patri
2371 5527 2629 5589 subditus,
2665 5528 2710 5580 si
2748 5529 2885 5581 inter
2922 5529 3243 5581 divimtatem
3286 5530 3400 5597 ejus
3438 5539 3487 5581 ct
3511 5527 3759 5580 humani-

2174 5627 2333 5671 tatem
2367 5618 2513 5672 nulla
2555 5619 2851 5687 differentia
2877 5618 3119 5687 nullaque
3152 5617 3482 5688 inaequalitas
3507 5618 3616 5686 fore
3643 5633 3757 5668 creb

2172 5710 2375 5765 datur?
2435 5714 2668 5769 Dicimus
2714 5714 2891 5784 itaque
2942 5713 2999 5771 in
3042 5713 3150 5768 Deo
3187 5713 3405 5768 Christo
3452 5714 3587 5771 duas
3635 5726 3760 5767 esse
