  <div class='ocr_page' id='page_1' title='image "/cluster/home/n/w/nwhite01/storage/ocr_20150623/101/hvd.32044004824769/108.png"; bbox 0 0 4030 6358; ppageno 0'>
   <div class='ocr_carea' id='block_1_1' title="bbox 932 332 2757 399">
    <p class='ocr_par' dir='ltr' id='par_1_1' title="bbox 932 332 2757 399">
     <span class='ocr_line' id='line_1_1' title="bbox 932 332 2757 399; baseline 0.001 -3"><span class='ocrx_word' id='word_1_1' title='bbox 932 337 1346 396; x_wconf 74' lang='lat' dir='ltr'><strong>DOGMATICA.</strong></span> <span class='ocrx_word' id='word_1_2' title='bbox 1387 370 1429 379; x_wconf 94' lang='lat'><strong><em>—</em></strong></span> <span class='ocrx_word' id='word_1_3' title='bbox 1494 337 1651 393; x_wconf 74' lang='lat' dir='ltr'><strong>ADV.</strong></span> <span class='ocrx_word' id='word_1_4' title='bbox 1694 332 1988 395; x_wconf 73' lang='lat' dir='ltr'><strong>FELICEM</strong></span> <span class='ocrx_word' id='word_1_5' title='bbox 2026 336 2205 395; x_wconf 80' lang='lat' dir='ltr'><strong>LIBRI</strong></span> <span class='ocrx_word' id='word_1_6' title='bbox 2242 336 2353 397; x_wconf 75' lang='lat' dir='ltr'><strong>VII.</strong></span> <span class='ocrx_word' id='word_1_7' title='bbox 2393 370 2465 382; x_wconf 87' lang='lat'><strong>——-</strong></span> <span class='ocrx_word' id='word_1_8' title='bbox 2501 340 2630 397; x_wconf 84' lang='lat' dir='ltr'><strong>LIB.</strong></span> <span class='ocrx_word' id='word_1_9' title='bbox 2673 344 2757 399; x_wconf 82' lang='lat' dir='ltr'><strong>Vl.</strong></span> 
     </span>
    </p>
   </div>
   <div class='ocr_carea' id='block_1_2' title="bbox 3382 324 3499 405">
    <p class='ocr_par' dir='ltr' id='par_1_2' title="bbox 3382 324 3499 405">
     <span class='ocr_line' id='line_1_2' title="bbox 3382 324 3499 405; baseline 0 0"><span class='ocrx_word' id='word_1_10' title='bbox 3382 324 3499 405; x_wconf 69' lang='lat' dir='ltr'><strong>eos</strong></span> 
     </span>
    </p>
   </div>
   <div class='ocr_carea' id='block_1_3' title="bbox 226 455 3491 535">
    <p class='ocr_par' dir='ltr' id='par_1_3' title="bbox 226 455 3491 535">
     <span class='ocr_line' id='line_1_3' title="bbox 226 455 3491 535; baseline -0.004 -12"><span class='ocrx_word' id='word_1_11' title='bbox 226 474 457 525; x_wconf 74' lang='lat' dir='ltr'><strong>naturas</strong></span> <span class='ocrx_word' id='word_1_12' title='bbox 484 462 735 535; x_wconf 88' lang='lat' dir='ltr'><strong>proprias</strong></span> <span class='ocrx_word' id='word_1_13' title='bbox 761 480 773 515; x_wconf 87' lang='lat'>:</span> <span class='ocrx_word' id='word_1_14' title='bbox 803 475 963 515; x_wconf 89' lang='lat' dir='ltr'><strong>unam</strong></span> <span class='ocrx_word' id='word_1_15' title='bbox 1006 461 1251 523; x_wconf 82' lang='lat' dir='ltr'><strong>Deitatis.</strong></span> <span class='ocrx_word' id='word_1_16' title='bbox 1297 459 1521 513; x_wconf 80' lang='lat' dir='ltr'><strong>alteram</strong></span> <span class='ocrx_word' id='word_1_17' title='bbox 1564 457 1815 511; x_wconf 83' lang='lat' dir='ltr'><strong>humani-</strong></span> <span class='ocrx_word' id='word_1_18' title='bbox 1844 460 1891 516; x_wconf 75' lang='grc' dir='ltr'><strong>Α</strong></span> <span class='ocrx_word' id='word_1_19' title='bbox 1919 455 2222 511; x_wconf 70' lang='lat' dir='ltr'><strong>indulturus</strong></span> <span class='ocrx_word' id='word_1_20' title='bbox 2249 456 2319 509; x_wconf 90' lang='lat' dir='ltr'><strong>sit</strong></span> <span class='ocrx_word' id='word_1_21' title='bbox 2362 455 2415 510; x_wconf 91' lang='lat' dir='ltr'><strong>id</strong></span> <span class='ocrx_word' id='word_1_22' title='bbox 2441 470 2653 526; x_wconf 89' lang='lat' dir='ltr'><strong>quoque</strong></span> <span class='ocrx_word' id='word_1_23' title='bbox 2695 473 2789 512; x_wconf 87' lang='lat' dir='ltr'><strong>nus</strong></span> <span class='ocrx_word' id='word_1_24' title='bbox 2812 471 2932 514; x_wconf 88' lang='lat' dir='ltr'><strong>esse</strong></span> <span class='ocrx_word' id='word_1_25' title='bbox 2963 461 3103 529; x_wconf 88' lang='lat' dir='ltr'><strong>quod</strong></span> <span class='ocrx_word' id='word_1_26' title='bbox 3135 474 3241 516; x_wconf 88' lang='lat' dir='ltr'><strong>non</strong></span> <span class='ocrx_word' id='word_1_27' title='bbox 3286 477 3491 521; x_wconf 71' lang='lat' dir='ltr'><strong>sumus,</strong></span> 
     </span>
    </p>
   </div>
   <div class='ocr_carea' id='block_1_4' title="bbox 228 551 1819 622">
    <p class='ocr_par' dir='ltr' id='par_1_4' title="bbox 228 551 1819 622">
     <span class='ocr_line' id='line_1_4' title="bbox 228 551 1819 622; baseline -0.007 -8"><span class='ocrx_word' id='word_1_28' title='bbox 228 561 390 622; x_wconf 76' lang='lat' dir='ltr'><strong>tatis;</strong></span> <span class='ocrx_word' id='word_1_29' title='bbox 415 557 511 613; x_wconf 83' lang='lat' dir='ltr'><strong>sed</strong></span> <span class='ocrx_word' id='word_1_30' title='bbox 529 570 713 609; x_wconf 82' lang='lat' dir='ltr'><strong>veram</strong></span> <span class='ocrx_word' id='word_1_31' title='bbox 733 555 783 607; x_wconf 91' lang='lat' dir='ltr'><strong>in</strong></span> <span class='ocrx_word' id='word_1_32' title='bbox 806 568 872 608; x_wconf 88' lang='lat' dir='ltr'><strong>eo</strong></span> <span class='ocrx_word' id='word_1_33' title='bbox 886 554 1178 609; x_wconf 75' lang='lat' dir='ltr'><strong>divinitatis</strong></span> <span class='ocrx_word' id='word_1_34' title='bbox 1201 553 1423 622; x_wconf 85' lang='lat' dir='ltr'><strong>gloriam</strong></span> <span class='ocrx_word' id='word_1_35' title='bbox 1447 551 1734 615; x_wconf 77' lang='lat' dir='ltr'><strong>credimus,</strong></span> <span class='ocrx_word' id='word_1_36' title='bbox 1751 562 1819 604; x_wconf 90' lang='lat' dir='ltr'><strong>ne</strong></span> 
     </span>
    </p>
   </div>
   <div class='ocr_carea' id='block_1_5' title="bbox 230 648 1818 721">
    <p class='ocr_par' dir='ltr' id='par_1_5' title="bbox 230 648 1818 721">
     <span class='ocr_line' id='line_1_5' title="bbox 230 648 1818 721; baseline -0.004 -13"><span class='ocrx_word' id='word_1_37' title='bbox 230 652 563 721; x_wconf 74' lang='lat' dir='ltr'><strong>nuncupatio</strong></span> <span class='ocrx_word' id='word_1_38' title='bbox 592 651 702 703; x_wconf 86' lang='lat' dir='ltr'><strong>sola</strong></span> <span class='ocrx_word' id='word_1_39' title='bbox 732 648 1052 711; x_wconf 69' lang='lat' dir='ltr'><strong>divinitatis,</strong></span> <span class='ocrx_word' id='word_1_40' title='bbox 1082 663 1110 700; x_wconf 91' lang='lat' dir='ltr'><strong>a</strong></span> <span class='ocrx_word' id='word_1_41' title='bbox 1139 657 1188 701; x_wconf 90' lang='lat' dir='ltr'><strong>te</strong></span> <span class='ocrx_word' id='word_1_42' title='bbox 1215 661 1386 716; x_wconf 85' lang='lat' dir='ltr'><strong>nuper</strong></span> <span class='ocrx_word' id='word_1_43' title='bbox 1434 648 1736 702; x_wconf 89' lang='lat' dir='ltr'><strong>introducta</strong></span> <span class='ocrx_word' id='word_1_44' title='bbox 1764 648 1818 702; x_wconf 91' lang='lat' dir='ltr'><strong>in</strong></span> 
     </span>
    </p>
   </div>
   <div class='ocr_carea' id='block_1_6' title="bbox 228 738 1816 809">
    <p class='ocr_par' dir='ltr' id='par_1_6' title="bbox 228 738 1816 809">
     <span class='ocr_line' id='line_1_6' title="bbox 228 738 1816 809; baseline -0.006 -8"><span class='ocrx_word' id='word_1_45' title='bbox 228 748 469 801; x_wconf 82' lang='lat' dir='ltr'><strong>humana</strong></span> <span class='ocrx_word' id='word_1_46' title='bbox 513 753 704 797; x_wconf 87' lang='lat' dir='ltr'><strong>natura</strong></span> <span class='ocrx_word' id='word_1_47' title='bbox 748 757 778 794; x_wconf 90' lang='lat' dir='ltr'><strong>a</strong></span> <span class='ocrx_word' id='word_1_48' title='bbox 820 738 1115 794; x_wconf 72' lang='lat' dir='ltr'><strong>divinitatis</strong></span> <span class='ocrx_word' id='word_1_49' title='bbox 1162 746 1353 793; x_wconf 88' lang='lat' dir='ltr'><strong>natura</strong></span> <span class='ocrx_word' id='word_1_50' title='bbox 1410 748 1710 809; x_wconf 85' lang='lat' dir='ltr'><strong>segregata,</strong></span> <span class='ocrx_word' id='word_1_51' title='bbox 1765 740 1816 792; x_wconf 92' lang='lat' dir='ltr'><strong>in</strong></span> 
     </span>
    </p>
   </div>
   <div class='ocr_carea' id='block_1_7' title="bbox 231 828 1819 900">
    <p class='ocr_par' dir='ltr' id='par_1_7' title="bbox 231 828 1819 900">
     <span class='ocr_line' id='line_1_7' title="bbox 231 828 1819 900; baseline -0.004 -7"><span class='ocrx_word' id='word_1_52' title='bbox 231 840 368 893; x_wconf 84' lang='lat' dir='ltr'><strong>duos</strong></span> <span class='ocrx_word' id='word_1_53' title='bbox 398 839 529 891; x_wconf 86' lang='lat' dir='ltr'><strong>deos</strong></span> <span class='ocrx_word' id='word_1_54' title='bbox 561 835 681 890; x_wconf 76' lang='lat' dir='ltr'><strong>fidei</strong></span> <span class='ocrx_word' id='word_1_55' title='bbox 728 841 926 888; x_wconf 70' lang='lat' dir='ltr'><strong>nostra:</strong></span> <span class='ocrx_word' id='word_1_56' title='bbox 954 831 1219 887; x_wconf 79' lang='lat' dir='ltr'><strong>divideret</strong></span> <span class='ocrx_word' id='word_1_57' title='bbox 1262 829 1690 900; x_wconf 83' lang='lat' dir='ltr'><strong>professionem;</strong></span> <span class='ocrx_word' id='word_1_58' title='bbox 1726 828 1819 886; x_wconf 86' lang='lat' dir='ltr'><strong>sed</strong></span> 
     </span>
    </p>
   </div>
   <div class='ocr_carea' id='block_1_8' title="bbox 230 922 1818 993">
    <p class='ocr_par' dir='ltr' id='par_1_8' title="bbox 230 922 1818 993">
     <span class='ocr_line' id='line_1_8' title="bbox 230 922 1818 993; baseline -0.006 -7"><span class='ocrx_word' id='word_1_59' title='bbox 230 946 397 986; x_wconf 72' lang='lat' dir='ltr'><strong>mium</strong></span> <span class='ocrx_word' id='word_1_60' title='bbox 428 926 751 983; x_wconf 77' lang='lat' dir='ltr'><strong>conﬁtemur</strong></span> <span class='ocrx_word' id='word_1_61' title='bbox 776 925 944 979; x_wconf 83' lang='lat' dir='ltr'><strong>Deum</strong></span> <span class='ocrx_word' id='word_1_62' title='bbox 972 924 1072 979; x_wconf 88' lang='lat' dir='ltr'><strong>sub</strong></span> <span class='ocrx_word' id='word_1_63' title='bbox 1101 922 1430 993; x_wconf 87' lang='lat' dir='ltr'><strong>proprietate</strong></span> <span class='ocrx_word' id='word_1_64' title='bbox 1468 923 1695 977; x_wconf 89' lang='lat' dir='ltr'><strong>duarum</strong></span> <span class='ocrx_word' id='word_1_65' title='bbox 1719 938 1818 976; x_wconf 86' lang='lat' dir='ltr'><strong>na-</strong></span> 
     </span>
    </p>
   </div>
   <div class='ocr_carea' id='block_1_9' title="bbox 233 1015 1819 1090">
    <p class='ocr_par' dir='ltr' id='par_1_9' title="bbox 233 1015 1819 1090">
     <span class='ocr_line' id='line_1_9' title="bbox 233 1015 1819 1090; baseline -0.007 -10"><span class='ocrx_word' id='word_1_66' title='bbox 233 1034 501 1085; x_wconf 81' lang='lat' dir='ltr'><strong>turarum,</strong></span> <span class='ocrx_word' id='word_1_67' title='bbox 533 1022 624 1090; x_wconf 85' lang='lat' dir='ltr'><strong>qui</strong></span> <span class='ocrx_word' id='word_1_68' title='bbox 664 1018 1004 1086; x_wconf 68' lang='lat' dir='ltr'><strong>iudicaturus</strong></span> <span class='ocrx_word' id='word_1_69' title='bbox 1049 1025 1131 1072; x_wconf 93' lang='lat' dir='ltr'><strong>est</strong></span> <span class='ocrx_word' id='word_1_70' title='bbox 1165 1017 1423 1071; x_wconf 87' lang='lat' dir='ltr'><strong>mundum</strong></span> <span class='ocrx_word' id='word_1_71' title='bbox 1473 1015 1666 1080; x_wconf 82' lang='lat' dir='ltr'><strong>forma,</strong></span> <span class='ocrx_word' id='word_1_72' title='bbox 1716 1029 1819 1085; x_wconf 85' lang='lat' dir='ltr'><strong>qua</strong></span> 
     </span>
    </p>
   </div>
   <div class='ocr_carea' id='block_1_10' title="bbox 229 1108 1820 1184">
    <p class='ocr_par' dir='ltr' id='par_1_10' title="bbox 229 1108 1820 1184">
     <span class='ocr_line' id='line_1_10' title="bbox 229 1108 1820 1184; baseline -0.006 -12"><span class='ocrx_word' id='word_1_73' title='bbox 229 1116 403 1171; x_wconf 75' lang='lat' dir='ltr'><strong>videri</strong></span> <span class='ocrx_word' id='word_1_74' title='bbox 452 1114 649 1184; x_wconf 88' lang='lat' dir='ltr'><strong>poterit</strong></span> <span class='ocrx_word' id='word_1_75' title='bbox 679 1113 745 1165; x_wconf 89' lang='lat' dir='ltr'><strong>ab</strong></span> <span class='ocrx_word' id='word_1_76' title='bbox 786 1111 1057 1175; x_wconf 89' lang='lat' dir='ltr'><strong>omnibus,</strong></span> <span class='ocrx_word' id='word_1_77' title='bbox 1104 1124 1265 1180; x_wconf 88' lang='lat' dir='ltr'><strong>quam</strong></span> <span class='ocrx_word' id='word_1_78' title='bbox 1309 1108 1820 1165; x_wconf 87' lang='lat' dir='ltr'><strong>conditionalitertu</strong></span> 
     </span>
    </p>
   </div>
   <div class='ocr_carea' id='block_1_11' title="bbox 231 1198 1820 1270">
    <p class='ocr_par' dir='ltr' id='par_1_11' title="bbox 231 1198 1820 1270">
     <span class='ocr_line' id='line_1_11' title="bbox 231 1198 1820 1270; baseline -0.006 -7"><span class='ocrx_word' id='word_1_79' title='bbox 231 1208 436 1263; x_wconf 80' lang='lat' dir='ltr'><strong>asseris</strong></span> <span class='ocrx_word' id='word_1_80' title='bbox 473 1208 581 1260; x_wconf 84' lang='lat' dir='ltr'><strong>Deo</strong></span> <span class='ocrx_word' id='word_1_81' title='bbox 610 1204 757 1259; x_wconf 82' lang='lat' dir='ltr'><strong>Patri</strong></span> <span class='ocrx_word' id='word_1_82' title='bbox 805 1201 1100 1269; x_wconf 86' lang='lat' dir='ltr'><strong>subjectam</strong></span> <span class='ocrx_word' id='word_1_83' title='bbox 1127 1217 1287 1257; x_wconf 86' lang='lat' dir='ltr'><strong>esse:</strong></span> <span class='ocrx_word' id='word_1_84' title='bbox 1324 1200 1481 1254; x_wconf 85' lang='lat' dir='ltr'><strong>aliter</strong></span> <span class='ocrx_word' id='word_1_85' title='bbox 1520 1198 1820 1270; x_wconf 83' lang='lat' dir='ltr'><strong>intelligens</strong></span> 
     </span>
    </p>
   </div>
   <div class='ocr_carea' id='block_1_12' title="bbox 231 1292 1821 1363">
    <p class='ocr_par' dir='ltr' id='par_1_12' title="bbox 231 1292 1821 1363">
     <span class='ocr_line' id='line_1_12' title="bbox 231 1292 1821 1363; baseline -0.004 -11"><span class='ocrx_word' id='word_1_86' title='bbox 231 1299 379 1353; x_wconf 78' lang='lat' dir='ltr'><strong>illius</strong></span> <span class='ocrx_word' id='word_1_87' title='bbox 406 1295 596 1351; x_wconf 69' lang='lat' dir='ltr'><strong>ﬁmum</strong></span> <span class='ocrx_word' id='word_1_88' title='bbox 617 1294 1006 1362; x_wconf 86' lang='lat' dir='ltr'><strong>subjectionem</strong></span> <span class='ocrx_word' id='word_1_89' title='bbox 1033 1309 1047 1359; x_wconf 89' lang='lat'><strong>;</strong></span> <span class='ocrx_word' id='word_1_90' title='bbox 1095 1292 1252 1347; x_wconf 84' lang='lat' dir='ltr'><strong>aliter</strong></span> <span class='ocrx_word' id='word_1_91' title='bbox 1277 1294 1447 1347; x_wconf 88' lang='lat' dir='ltr'><strong>sancti</strong></span> <span class='ocrx_word' id='word_1_92' title='bbox 1483 1292 1697 1357; x_wconf 84' lang='lat' dir='ltr'><strong>Patres,</strong></span> <span class='ocrx_word' id='word_1_93' title='bbox 1728 1292 1821 1363; x_wconf 97' lang='lat' dir='ltr'><strong>qui</strong></span> 
     </span>
    </p>
   </div>
   <div class='ocr_carea' id='block_1_13' title="bbox 230 1384 1822 1455">
    <p class='ocr_par' dir='ltr' id='par_1_13' title="bbox 230 1384 1822 1455">
     <span class='ocr_line' id='line_1_13' title="bbox 230 1384 1822 1455; baseline -0.007 -8"><span class='ocrx_word' id='word_1_94' title='bbox 230 1390 414 1447; x_wconf 80' lang='lat' dir='ltr'><strong>altiori</strong></span> <span class='ocrx_word' id='word_1_95' title='bbox 439 1404 624 1453; x_wconf 87' lang='lat' dir='ltr'><strong>sensu,</strong></span> <span class='ocrx_word' id='word_1_96' title='bbox 653 1395 841 1442; x_wconf 90' lang='lat' dir='ltr'><strong>sancto</strong></span> <span class='ocrx_word' id='word_1_97' title='bbox 879 1385 1083 1455; x_wconf 80' lang='lat' dir='ltr'><strong>Spiritu</strong></span> <span class='ocrx_word' id='word_1_98' title='bbox 1126 1386 1443 1455; x_wconf 84' lang='lat' dir='ltr'><strong>inspirante,</strong></span> <span class='ocrx_word' id='word_1_99' title='bbox 1488 1384 1669 1439; x_wconf 83' lang='lat' dir='ltr'><strong>divina</strong></span> <span class='ocrx_word' id='word_1_100' title='bbox 1706 1399 1822 1454; x_wconf 82' lang='lat' dir='ltr'><strong>my-</strong></span> 
     </span>
    </p>
   </div>
   <div class='ocr_carea' id='block_1_14' title="bbox 228 1474 1820 1542">
    <p class='ocr_par' dir='ltr' id='par_1_14' title="bbox 228 1474 1820 1542">
     <span class='ocr_line' id='line_1_14' title="bbox 228 1474 1820 1542; baseline -0.008 0"><span class='ocrx_word' id='word_1_101' title='bbox 228 1486 397 1542; x_wconf 71' lang='lat' dir='ltr'><strong>Stcria</strong></span> <span class='ocrx_word' id='word_1_102' title='bbox 426 1481 769 1535; x_wconf 79' lang='lat' dir='ltr'><strong>considerare</strong></span> <span class='ocrx_word' id='word_1_103' title='bbox 802 1480 1101 1533; x_wconf 75' lang='lat' dir='ltr'><strong>valuerunt.</strong></span> <span class='ocrx_word' id='word_1_104' title='bbox 1155 1478 1260 1534; x_wconf 88' lang='lat' dir='ltr'><strong>Sed</strong></span> <span class='ocrx_word' id='word_1_105' title='bbox 1292 1479 1435 1534; x_wconf 85' lang='lat' dir='ltr'><strong>beati</strong></span> <span class='ocrx_word' id='word_1_106' title='bbox 1480 1474 1669 1531; x_wconf 77' lang='lat' dir='ltr'><strong>Hilarii</strong></span> <span class='ocrx_word' id='word_1_107' title='bbox 1709 1475 1820 1531; x_wconf 81' lang='lat' dir='ltr'><strong>cla-</strong></span> 
     </span>
    </p>
   </div>
   <div class='ocr_carea' id='block_1_15' title="bbox 230 1572 1819 1642">
    <p class='ocr_par' dir='ltr' id='par_1_15' title="bbox 230 1572 1819 1642">
     <span class='ocr_line' id='line_1_15' title="bbox 230 1572 1819 1642; baseline -0.005 -9"><span class='ocrx_word' id='word_1_108' title='bbox 230 1577 437 1633; x_wconf 83' lang='lat' dir='ltr'><strong>rissimi</strong></span> <span class='ocrx_word' id='word_1_109' title='bbox 470 1577 706 1630; x_wconf 89' lang='lat' dir='ltr'><strong>doctoris</strong></span> <span class='ocrx_word' id='word_1_110' title='bbox 736 1576 1106 1629; x_wconf 82' lang='lat' dir='ltr'><strong>tantummodo</strong></span> <span class='ocrx_word' id='word_1_111' title='bbox 1131 1588 1321 1629; x_wconf 87' lang='lat' dir='ltr'><strong>sensus</strong></span> <span class='ocrx_word' id='word_1_112' title='bbox 1344 1572 1575 1628; x_wconf 78' lang='lat' dir='ltr'><strong>suiliciat</strong></span> <span class='ocrx_word' id='word_1_113' title='bbox 1597 1586 1819 1642; x_wconf 89' lang='lat' dir='ltr'><strong>ponere,</strong></span> 
     </span>
    </p>
   </div>
   <div class='ocr_carea' id='block_1_16' title="bbox 230 1662 1831 1740">
    <p class='ocr_par' dir='ltr' id='par_1_16' title="bbox 230 1662 1831 1740">
     <span class='ocr_line' id='line_1_16' title="bbox 230 1662 1831 1740; baseline -0.005 -17"><span class='ocrx_word' id='word_1_114' title='bbox 230 1671 321 1740; x_wconf 80' lang='lat' dir='ltr'><strong>qui</strong></span> <span class='ocrx_word' id='word_1_115' title='bbox 365 1670 697 1722; x_wconf 81' lang='lat' dir='ltr'><strong>undecimum</strong></span> <span class='ocrx_word' id='word_1_116' title='bbox 739 1665 1007 1719; x_wconf 72' lang='lat' dir='ltr'><strong>catholicw</strong></span> <span class='ocrx_word' id='word_1_117' title='bbox 1057 1664 1181 1734; x_wconf 81' lang='lat' dir='ltr'><strong>ﬁdei</strong></span> <span class='ocrx_word' id='word_1_118' title='bbox 1210 1662 1440 1717; x_wconf 80' lang='lat' dir='ltr'><strong>libellum</strong></span> <span class='ocrx_word' id='word_1_119' title='bbox 1490 1662 1723 1717; x_wconf 84' lang='lat' dir='ltr'><strong>maxime</strong></span> <span class='ocrx_word' id='word_1_120' title='bbox 1756 1663 1831 1716; x_wconf 88' lang='lat' dir='ltr'><strong>de</strong></span> 
     </span>
    </p>
   </div>
   <div class='ocr_carea' id='block_1_17' title="bbox 231 1752 1823 1829">
    <p class='ocr_par' dir='ltr' id='par_1_17' title="bbox 231 1752 1823 1829">
     <span class='ocr_line' id='line_1_17' title="bbox 231 1752 1823 1829; baseline -0.006 -13"><span class='ocrx_word' id='word_1_121' title='bbox 231 1760 393 1829; x_wconf 84' lang='lat' dir='ltr'><strong>hujus</strong></span> <span class='ocrx_word' id='word_1_122' title='bbox 422 1759 771 1829; x_wconf 73' lang='lat' dir='ltr'><strong>subiectionis</strong></span> <span class='ocrx_word' id='word_1_123' title='bbox 800 1756 1162 1826; x_wconf 85' lang='lat' dir='ltr'><strong>disputatione</strong></span> <span class='ocrx_word' id='word_1_124' title='bbox 1190 1755 1586 1810; x_wconf 83' lang='lat' dir='ltr'><strong>consummavit</strong></span> <span class='ocrx_word' id='word_1_125' title='bbox 1611 1770 1624 1807; x_wconf 86' lang='lat'><strong>:</strong></span> <span class='ocrx_word' id='word_1_126' title='bbox 1655 1770 1675 1802; x_wconf 82' lang='grc' dir='ltr'><strong>ι</strong></span> <span class='ocrx_word' id='word_1_127' title='bbox 1703 1752 1823 1806; x_wconf 86' lang='lat' dir='ltr'><strong>Pri-</strong></span> 
     </span>
    </p>
   </div>
   <div class='ocr_carea' id='block_1_18' title="bbox 232 1844 1823 1921">
    <p class='ocr_par' dir='ltr' id='par_1_18' title="bbox 232 1844 1823 1921">
     <span class='ocr_line' id='line_1_18' title="bbox 232 1844 1823 1921; baseline -0.006 -14"><span class='ocrx_word' id='word_1_128' title='bbox 232 1868 402 1915; x_wconf 90' lang='lat' dir='ltr'><strong>mum,</strong></span> <span class='ocrx_word' id='word_1_129' title='bbox 436 1851 614 1921; x_wconf 89' lang='lat' dir='ltr'><strong>inquit</strong></span> <span class='ocrx_word' id='word_1_130' title='bbox 644 1849 782 1920; x_wconf 86' lang='lat' dir='ltr'><strong>(Lib.</strong></span> <span class='ocrx_word' id='word_1_131' title='bbox 810 1864 863 1902; x_wconf 75' lang='lat' dir='ltr'><strong>xi</strong></span> <span class='ocrx_word' id='word_1_132' title='bbox 896 1849 959 1901; x_wconf 82' lang='lat' dir='ltr'><strong>de</strong></span> <span class='ocrx_word' id='word_1_133' title='bbox 999 1846 1217 1913; x_wconf 83' lang='lat' dir='ltr'><strong>Trinit.,</strong></span> <span class='ocrx_word' id='word_1_134' title='bbox 1244 1862 1393 1900; x_wconf 91' lang='lat' dir='ltr'><strong>num.</strong></span> <span class='ocrx_word' id='word_1_135' title='bbox 1426 1844 1540 1918; x_wconf 79' lang='grc'><strong>50),</strong></span> <span class='ocrx_word' id='word_1_136' title='bbox 1583 1858 1823 1899; x_wconf 90' lang='lat' dir='ltr'><strong>commu-</strong></span> 
     </span>
    </p>
   </div>
   <div class='ocr_carea' id='block_1_19' title="bbox 232 1936 1823 2011">
    <p class='ocr_par' dir='ltr' id='par_1_19' title="bbox 232 1936 1823 2011">
     <span class='ocr_line' id='line_1_19' title="bbox 232 1936 1823 2011; baseline -0.006 -13"><span class='ocrx_word' id='word_1_137' title='bbox 232 1958 358 1999; x_wconf 81' lang='lat' dir='ltr'><strong>nem</strong></span> <span class='ocrx_word' id='word_1_138' title='bbox 405 1958 625 1997; x_wconf 88' lang='lat' dir='ltr'><strong>sensum</strong></span> <span class='ocrx_word' id='word_1_139' title='bbox 675 1942 966 2011; x_wconf 87' lang='lat' dir='ltr'><strong>interrogo,</strong></span> <span class='ocrx_word' id='word_1_140' title='bbox 1010 1950 1193 1994; x_wconf 89' lang='lat' dir='ltr'><strong>utrum</strong></span> <span class='ocrx_word' id='word_1_141' title='bbox 1243 1953 1387 1993; x_wconf 90' lang='lat' dir='ltr'><strong>nunc</strong></span> <span class='ocrx_word' id='word_1_142' title='bbox 1435 1936 1823 2006; x_wconf 88' lang='lat' dir='ltr'><strong>subjectionem</strong></span> 
     </span>
    </p>
   </div>
   <div class='ocr_carea' id='block_1_20' title="bbox 232 2026 1821 2103">
    <p class='ocr_par' dir='ltr' id='par_1_20' title="bbox 232 2026 1821 2103">
     <span class='ocr_line' id='line_1_20' title="bbox 232 2026 1821 2103; baseline -0.006 -14"><span class='ocrx_word' id='word_1_143' title='bbox 232 2034 309 2089; x_wconf 80' lang='lat' dir='ltr'><strong>ita</strong></span> <span class='ocrx_word' id='word_1_144' title='bbox 337 2032 736 2103; x_wconf 84' lang='lat' dir='ltr'><strong>intelligendam</strong></span> <span class='ocrx_word' id='word_1_145' title='bbox 766 2040 1036 2101; x_wconf 87' lang='lat' dir='ltr'><strong>putemus,</strong></span> <span class='ocrx_word' id='word_1_146' title='bbox 1081 2038 1335 2098; x_wconf 90' lang='lat' dir='ltr'><strong>tanquam</strong></span> <span class='ocrx_word' id='word_1_147' title='bbox 1364 2028 1681 2082; x_wconf 84' lang='lat' dir='ltr'><strong>servitutem</strong></span> <span class='ocrx_word' id='word_1_148' title='bbox 1725 2026 1821 2079; x_wconf 86' lang='lat' dir='ltr'><strong>do-</strong></span> 
     </span>
    </p>
   </div>
   <div class='ocr_carea' id='block_1_21' title="bbox 232 2118 1826 2190">
    <p class='ocr_par' dir='ltr' id='par_1_21' title="bbox 232 2118 1826 2190">
     <span class='ocr_line' id='line_1_21' title="bbox 232 2118 1826 2190; baseline -0.006 -10"><span class='ocrx_word' id='word_1_149' title='bbox 232 2128 485 2190; x_wconf 87' lang='lat' dir='ltr'><strong>minatui,</strong></span> <span class='ocrx_word' id='word_1_150' title='bbox 508 2134 601 2179; x_wconf 88' lang='lat' dir='ltr'><strong>aut</strong></span> <span class='ocrx_word' id='word_1_151' title='bbox 624 2124 992 2178; x_wconf 84' lang='lat' dir='ltr'><strong>infirmitatem</strong></span> <span class='ocrx_word' id='word_1_152' title='bbox 1019 2122 1225 2185; x_wconf 83' lang='lat' dir='ltr'><strong>virtuti,</strong></span> <span class='ocrx_word' id='word_1_153' title='bbox 1260 2127 1354 2175; x_wconf 82' lang='lat' dir='ltr'><strong>aut</strong></span> <span class='ocrx_word' id='word_1_154' title='bbox 1379 2118 1570 2174; x_wconf 83' lang='lat' dir='ltr'><strong>honori</strong></span> <span class='ocrx_word' id='word_1_155' title='bbox 1598 2118 1826 2172; x_wconf 84' lang='lat' dir='ltr'><strong>inhono-</strong></span> 
     </span>
    </p>
   </div>
   <div class='ocr_carea' id='block_1_22' title="bbox 231 2208 1824 2285">
    <p class='ocr_par' dir='ltr' id='par_1_22' title="bbox 231 2208 1824 2285">
     <span class='ocr_line' id='line_1_22' title="bbox 231 2208 1824 2285; baseline -0.006 -11"><span class='ocrx_word' id='word_1_156' title='bbox 231 2219 523 2283; x_wconf 86' lang='lat' dir='ltr'><strong>rationem,</strong></span> <span class='ocrx_word' id='word_1_157' title='bbox 556 2216 843 2272; x_wconf 89' lang='lat' dir='ltr'><strong>contrariis</strong></span> <span class='ocrx_word' id='word_1_158' title='bbox 870 2214 1215 2285; x_wconf 87' lang='lat' dir='ltr'><strong>qualitatibus</strong></span> <span class='ocrx_word' id='word_1_159' title='bbox 1242 2212 1471 2268; x_wconf 89' lang='lat' dir='ltr'><strong>subditis</strong></span> <span class='ocrx_word' id='word_1_160' title='bbox 1510 2208 1672 2282; x_wconf 80' lang='lat' dir='ltr'><strong>[Hit.,</strong></span> <span class='ocrx_word' id='word_1_161' title='bbox 1699 2210 1824 2265; x_wconf 86' lang='lat' dir='ltr'><strong>sub—</strong></span> 
     </span>
    </p>
   </div>
   <div class='ocr_carea' id='block_1_23' title="bbox 232 2302 1819 2383">
    <p class='ocr_par' dir='ltr' id='par_1_23' title="bbox 232 2302 1819 2383">
     <span class='ocr_line' id='line_1_23' title="bbox 232 2302 1819 2383; baseline -0.008 -15"><span class='ocrx_word' id='word_1_162' title='bbox 232 2310 464 2383; x_wconf 74' lang='lat' dir='ltr'><strong>dlmUS],</strong></span> <span class='ocrx_word' id='word_1_163' title='bbox 488 2318 546 2365; x_wconf 90' lang='lat' dir='ltr'><strong>ut</strong></span> <span class='ocrx_word' id='word_1_164' title='bbox 575 2308 741 2364; x_wconf 79' lang='lat' dir='ltr'><strong>Filius</strong></span> <span class='ocrx_word' id='word_1_165' title='bbox 771 2310 1063 2363; x_wconf 89' lang='lat' dir='ltr'><strong>secundum</strong></span> <span class='ocrx_word' id='word_1_166' title='bbox 1092 2308 1206 2361; x_wconf 67' lang='lat' dir='ltr'><strong>hmo</strong></span> <span class='ocrx_word' id='word_1_167' title='bbox 1236 2306 1347 2360; x_wconf 89' lang='lat' dir='ltr'><strong>Deo</strong></span> <span class='ocrx_word' id='word_1_168' title='bbox 1374 2304 1525 2359; x_wconf 83' lang='lat' dir='ltr'><strong>Patri</strong></span> <span class='ocrx_word' id='word_1_169' title='bbox 1558 2304 1627 2358; x_wconf 87' lang='lat' dir='ltr'><strong>sit</strong></span> <span class='ocrx_word' id='word_1_170' title='bbox 1658 2302 1819 2357; x_wconf 87' lang='lat' dir='ltr'><strong>dissi-</strong></span> 
     </span>
    </p>
   </div>
   <div class='ocr_carea' id='block_1_24' title="bbox 232 2394 1818 2473">
    <p class='ocr_par' dir='ltr' id='par_1_24' title="bbox 232 2394 1818 2473">
     <span class='ocr_line' id='line_1_24' title="bbox 232 2394 1818 2473; baseline -0.01 -10"><span class='ocrx_word' id='word_1_171' title='bbox 232 2402 410 2463; x_wconf 85' lang='lat' dir='ltr'><strong>dentis</strong></span> <span class='ocrx_word' id='word_1_172' title='bbox 431 2413 638 2459; x_wconf 74' lang='lat' dir='ltr'><strong>naturze</strong></span> <span class='ocrx_word' id='word_1_173' title='bbox 654 2404 965 2458; x_wconf 85' lang='lat' dir='ltr'><strong>diversitate</strong></span> <span class='ocrx_word' id='word_1_174' title='bbox 981 2397 1221 2469; x_wconf 80' lang='lat' dir='ltr'><strong>abjectus</strong></span> <span class='ocrx_word' id='word_1_175' title='bbox 1238 2395 1375 2473; x_wconf 77' lang='lat' dir='ltr'><strong>[HiL</strong></span> <span class='ocrx_word' id='word_1_176' title='bbox 1389 2440 1401 2462; x_wconf 94' lang='lat'><strong>,</strong></span> <span class='ocrx_word' id='word_1_177' title='bbox 1421 2394 1715 2466; x_wconf 80' lang='lat' dir='ltr'><strong>subjectus]</strong></span> <span class='ocrx_word' id='word_1_178' title='bbox 1729 2395 1770 2449; x_wconf 80' lang='lat'><strong>?‘.</strong></span> <span class='ocrx_word' id='word_1_179' title='bbox 1782 2434 1818 2447; x_wconf 93' lang='lat'><strong>..</strong></span> 
     </span>
    </p>
   </div>
   <div class='ocr_carea' id='block_1_25' title="bbox 231 2490 1823 2568">
    <p class='ocr_par' dir='ltr' id='par_1_25' title="bbox 231 2490 1823 2568">
     <span class='ocr_line' id='line_1_25' title="bbox 231 2490 1823 2568; baseline -0.008 -14"><span class='ocrx_word' id='word_1_180' title='bbox 231 2498 377 2554; x_wconf 79' lang='lat' dir='ltr'><strong>Nihil</strong></span> <span class='ocrx_word' id='word_1_181' title='bbox 400 2498 581 2568; x_wconf 82' lang='lat' dir='ltr'><strong>itaque</strong></span> <span class='ocrx_word' id='word_1_182' title='bbox 604 2510 747 2551; x_wconf 91' lang='lat' dir='ltr'><strong>nunc</strong></span> <span class='ocrx_word' id='word_1_183' title='bbox 766 2496 909 2549; x_wconf 85' lang='lat' dir='ltr'><strong>aliud</strong></span> <span class='ocrx_word' id='word_1_184' title='bbox 929 2491 1273 2563; x_wconf 75' lang='lat' dir='ltr'><strong>subiectionis</strong></span> <span class='ocrx_word' id='word_1_185' title='bbox 1295 2490 1635 2562; x_wconf 81' lang='lat' dir='ltr'><strong>significatio,</strong></span> <span class='ocrx_word' id='word_1_186' title='bbox 1660 2503 1823 2559; x_wconf 88' lang='lat' dir='ltr'><strong>quam</strong></span> 
     </span>
    </p>
   </div>
   <div class='ocr_carea' id='block_1_26' title="bbox 232 2579 1818 2663">
    <p class='ocr_par' dir='ltr' id='par_1_26' title="bbox 232 2579 1818 2663">
     <span class='ocr_line' id='line_1_26' title="bbox 232 2579 1818 2663; baseline -0.009 -15"><span class='ocrx_word' id='word_1_187' title='bbox 232 2591 477 2663; x_wconf 83' lang='lat' dir='ltr'><strong>mysterii</strong></span> <span class='ocrx_word' id='word_1_188' title='bbox 507 2589 894 2644; x_wconf 89' lang='lat' dir='ltr'><strong>demonstratio</strong></span> <span class='ocrx_word' id='word_1_189' title='bbox 922 2594 1021 2641; x_wconf 88' lang='lat' dir='ltr'><strong>est.</strong></span> <span class='ocrx_word' id='word_1_190' title='bbox 1051 2608 1066 2638; x_wconf 73' lang='grc' dir='ltr'><strong>ι</strong></span> <span class='ocrx_word' id='word_1_191' title='bbox 1101 2584 1170 2640; x_wconf 83' lang='grc' dir='ltr'>Ει</span> <span class='ocrx_word' id='word_1_192' title='bbox 1192 2585 1245 2639; x_wconf 92' lang='lat' dir='ltr'><strong>in</strong></span> <span class='ocrx_word' id='word_1_193' title='bbox 1269 2583 1618 2652; x_wconf 87' lang='lat' dir='ltr'><strong>sequentibus</strong></span> <span class='ocrx_word' id='word_1_194' title='bbox 1639 2579 1818 2652; x_wconf 90' lang='lat' dir='ltr'><strong>(Num.</strong></span> 
     </span>
    </p>
   </div>
   <div class='ocr_carea' id='block_1_27' title="bbox 229 2672 1820 2754">
    <p class='ocr_par' dir='ltr' id='par_1_27' title="bbox 229 2672 1820 2754">
     <span class='ocr_line' id='line_1_27' title="bbox 229 2672 1820 2754; baseline -0.007 -17"><span class='ocrx_word' id='word_1_195' title='bbox 229 2678 323 2754; x_wconf 74' lang='grc'><strong>40)</strong></span> <span class='ocrx_word' id='word_1_196' title='bbox 356 2701 368 2737; x_wconf 90' lang='lat'>:</span> <span class='ocrx_word' id='word_1_197' title='bbox 398 2702 415 2734; x_wconf 77' lang='grc' dir='ltr'><strong>ι</strong></span> <span class='ocrx_word' id='word_1_198' title='bbox 445 2678 564 2737; x_wconf 85' lang='lat' dir='ltr'><strong>Non</strong></span> <span class='ocrx_word' id='word_1_199' title='bbox 594 2681 699 2735; x_wconf 88' lang='lat' dir='ltr'><strong>alia</strong></span> <span class='ocrx_word' id='word_1_200' title='bbox 726 2678 905 2749; x_wconf 83' lang='lat' dir='ltr'><strong>itaque</strong></span> <span class='ocrx_word' id='word_1_201' title='bbox 941 2678 1291 2749; x_wconf 85' lang='lat' dir='ltr'><strong>subjectionis</strong></span> <span class='ocrx_word' id='word_1_202' title='bbox 1324 2691 1485 2733; x_wconf 88' lang='lat' dir='ltr'><strong>causa</strong></span> <span class='ocrx_word' id='word_1_203' title='bbox 1525 2672 1689 2746; x_wconf 65' lang='grc'><strong>842</strong></span> <span class='ocrx_word' id='word_1_204' title='bbox 1716 2678 1820 2737; x_wconf 89' lang='lat' dir='ltr'><strong>est,</strong></span> 
     </span>
    </p>
   </div>
   <div class='ocr_carea' id='block_1_28' title="bbox 230 2764 1825 2843">
    <p class='ocr_par' dir='ltr' id='par_1_28' title="bbox 230 2764 1825 2843">
     <span class='ocr_line' id='line_1_28' title="bbox 230 2764 1825 2843; baseline -0.006 -17"><span class='ocrx_word' id='word_1_205' title='bbox 230 2786 393 2843; x_wconf 85' lang='lat' dir='ltr'><strong>quam</strong></span> <span class='ocrx_word' id='word_1_206' title='bbox 426 2780 488 2825; x_wconf 90' lang='lat' dir='ltr'><strong>ut</strong></span> <span class='ocrx_word' id='word_1_207' title='bbox 509 2770 691 2825; x_wconf 87' lang='lat' dir='ltr'><strong>omnia</strong></span> <span class='ocrx_word' id='word_1_208' title='bbox 717 2771 769 2823; x_wconf 90' lang='lat' dir='ltr'><strong>in</strong></span> <span class='ocrx_word' id='word_1_209' title='bbox 800 2766 1049 2823; x_wconf 90' lang='lat' dir='ltr'><strong>omnibus</strong></span> <span class='ocrx_word' id='word_1_210' title='bbox 1092 2764 1233 2821; x_wconf 82' lang='lat' dir='ltr'><strong>Betis</strong></span> <span class='ocrx_word' id='word_1_211' title='bbox 1258 2764 1348 2829; x_wconf 88' lang='lat' dir='ltr'><strong>sit,</strong></span> <span class='ocrx_word' id='word_1_212' title='bbox 1378 2764 1523 2818; x_wconf 84' lang='lat' dir='ltr'><strong>nulla</strong></span> <span class='ocrx_word' id='word_1_213' title='bbox 1566 2779 1629 2818; x_wconf 79' lang='lat' dir='ltr'><strong>cx</strong></span> <span class='ocrx_word' id='word_1_214' title='bbox 1669 2770 1825 2832; x_wconf 87' lang='lat' dir='ltr'><strong>parte</strong></span> 
     </span>
    </p>
   </div>
   <div class='ocr_carea' id='block_1_29' title="bbox 227 2857 1823 2932">
    <p class='ocr_par' dir='ltr' id='par_1_29' title="bbox 227 2857 1823 2932">
     <span class='ocr_line' id='line_1_29' title="bbox 227 2857 1823 2932; baseline -0.004 -15"><span class='ocrx_word' id='word_1_215' title='bbox 227 2864 435 2917; x_wconf 87' lang='lat' dir='ltr'><strong>terreni</strong></span> <span class='ocrx_word' id='word_1_216' title='bbox 468 2858 522 2917; x_wconf 88' lang='lat' dir='ltr'><strong>in</strong></span> <span class='ocrx_word' id='word_1_217' title='bbox 561 2878 624 2916; x_wconf 91' lang='lat' dir='ltr'><strong>eo</strong></span> <span class='ocrx_word' id='word_1_218' title='bbox 653 2861 901 2932; x_wconf 91' lang='lat' dir='ltr'><strong>corporis</strong></span> <span class='ocrx_word' id='word_1_219' title='bbox 945 2858 1214 2915; x_wconf 89' lang='lat' dir='ltr'><strong>residente</strong></span> <span class='ocrx_word' id='word_1_220' title='bbox 1258 2865 1475 2924; x_wconf 88' lang='lat' dir='ltr'><strong>natura,</strong></span> <span class='ocrx_word' id='word_1_221' title='bbox 1507 2864 1567 2911; x_wconf 90' lang='lat' dir='ltr'><strong>ut</strong></span> <span class='ocrx_word' id='word_1_222' title='bbox 1610 2866 1735 2911; x_wconf 89' lang='lat' dir='ltr'><strong>ante</strong></span> <span class='ocrx_word' id='word_1_223' title='bbox 1766 2857 1823 2910; x_wconf 92' lang='lat' dir='ltr'><strong>in</strong></span> 
     </span>
    </p>
   </div>
   <div class='ocr_carea' id='block_1_30' title="bbox 230 2946 1819 3025">
    <p class='ocr_par' dir='ltr' id='par_1_30' title="bbox 230 2946 1819 3025">
     <span class='ocr_line' id='line_1_30' title="bbox 230 2946 1819 3025; baseline -0.006 -16"><span class='ocrx_word' id='word_1_224' title='bbox 230 2970 288 3009; x_wconf 87' lang='lat' dir='ltr'><strong>se</strong></span> <span class='ocrx_word' id='word_1_225' title='bbox 319 2955 426 3008; x_wconf 89' lang='lat' dir='ltr'><strong>duo</strong></span> <span class='ocrx_word' id='word_1_226' title='bbox 454 2951 620 3025; x_wconf 81' lang='lat' dir='ltr'><strong>[Hil.,</strong></span> <span class='ocrx_word' id='word_1_227' title='bbox 650 2950 806 3024; x_wconf 73' lang='lat' dir='ltr'><strong>duos]</strong></span> <span class='ocrx_word' id='word_1_228' title='bbox 832 2951 1132 3015; x_wconf 90' lang='lat' dir='ltr'><strong>continens,</strong></span> <span class='ocrx_word' id='word_1_229' title='bbox 1155 2965 1297 3004; x_wconf 91' lang='lat' dir='ltr'><strong>nunc</strong></span> <span class='ocrx_word' id='word_1_230' title='bbox 1319 2947 1460 3002; x_wconf 88' lang='lat' dir='ltr'><strong>Deus</strong></span> <span class='ocrx_word' id='word_1_231' title='bbox 1486 2954 1696 3002; x_wconf 90' lang='lat' dir='ltr'><strong>tantum</strong></span> <span class='ocrx_word' id='word_1_232' title='bbox 1715 2946 1819 3013; x_wconf 89' lang='lat' dir='ltr'><strong>sit;</strong></span> 
     </span>
    </p>
   </div>
   <div class='ocr_carea' id='block_1_31' title="bbox 229 3038 1821 3113">
    <p class='ocr_par' dir='ltr' id='par_1_31' title="bbox 229 3038 1821 3113">
     <span class='ocr_line' id='line_1_31' title="bbox 229 3038 1821 3113; baseline -0.004 -14"><span class='ocrx_word' id='word_1_233' title='bbox 229 3059 341 3099; x_wconf 91' lang='lat' dir='ltr'><strong>non</strong></span> <span class='ocrx_word' id='word_1_234' title='bbox 369 3042 579 3112; x_wconf 88' lang='lat' dir='ltr'><strong>abjecto</strong></span> <span class='ocrx_word' id='word_1_235' title='bbox 621 3058 870 3113; x_wconf 88' lang='lat' dir='ltr'><strong>corpore,</strong></span> <span class='ocrx_word' id='word_1_236' title='bbox 920 3041 1013 3098; x_wconf 90' lang='lat' dir='ltr'><strong>sed</strong></span> <span class='ocrx_word' id='word_1_237' title='bbox 1042 3058 1109 3096; x_wconf 77' lang='lat' dir='ltr'><strong>ex</strong></span> <span class='ocrx_word' id='word_1_238' title='bbox 1145 3039 1481 3110; x_wconf 74' lang='lat' dir='ltr'><strong>subiectione</strong></span> <span class='ocrx_word' id='word_1_239' title='bbox 1515 3038 1821 3105; x_wconf 87' lang='lat' dir='ltr'><strong>translato;</strong></span> 
     </span>
    </p>
   </div>
   <div class='ocr_carea' id='block_1_32' title="bbox 1919 548 3495 618">
    <p class='ocr_par' dir='ltr' id='par_1_32' title="bbox 1919 548 3495 618">
     <span class='ocr_line' id='line_1_32' title="bbox 1919 548 3495 618; baseline 0.006 -15"><span class='ocrx_word' id='word_1_240' title='bbox 1919 549 2053 603; x_wconf 74' lang='lat' dir='ltr'><strong>Vitae</strong></span> <span class='ocrx_word' id='word_1_241' title='bbox 2081 548 2224 602; x_wconf 92' lang='lat' dir='ltr'><strong>enim</strong></span> <span class='ocrx_word' id='word_1_242' title='bbox 2262 549 2508 602; x_wconf 68' lang='lat' dir='ltr'><strong>humanae</strong></span> <span class='ocrx_word' id='word_1_243' title='bbox 2551 559 2711 618; x_wconf 86' lang='lat' dir='ltr'><strong>atque</strong></span> <span class='ocrx_word' id='word_1_244' title='bbox 2738 551 2927 606; x_wconf 89' lang='lat' dir='ltr'><strong>mortis</strong></span> <span class='ocrx_word' id='word_1_245' title='bbox 2956 550 3078 607; x_wconf 83' lang='lat' dir='ltr'><strong>linis</strong></span> <span class='ocrx_word' id='word_1_246' title='bbox 3122 561 3206 609; x_wconf 88' lang='lat' dir='ltr'><strong>est</strong></span> <span class='ocrx_word' id='word_1_247' title='bbox 3248 552 3495 613; x_wconf 78' lang='lat' dir='ltr'><strong>resurre—</strong></span> 
     </span>
    </p>
   </div>
   <div class='ocr_carea' id='block_1_33' title="bbox 1918 639 3500 715">
    <p class='ocr_par' dir='ltr' id='par_1_33' title="bbox 1918 639 3500 715">
     <span class='ocr_line' id='line_1_33' title="bbox 1918 639 3500 715; baseline 0.006 -18"><span class='ocrx_word' id='word_1_248' title='bbox 1918 642 2026 697; x_wconf 90' lang='lat' dir='ltr'><strong>ctio</strong></span> <span class='ocrx_word' id='word_1_249' title='bbox 2052 658 2065 693; x_wconf 89' lang='lat'><strong>:</strong></span> <span class='ocrx_word' id='word_1_250' title='bbox 2096 648 2149 695; x_wconf 89' lang='lat' dir='ltr'><strong>et</strong></span> <span class='ocrx_word' id='word_1_251' title='bbox 2195 639 2552 695; x_wconf 86' lang='lat' dir='ltr'><strong>certissimum</strong></span> <span class='ocrx_word' id='word_1_252' title='bbox 2597 642 2803 697; x_wconf 68' lang='lat' dir='ltr'><strong>militia:</strong></span> <span class='ocrx_word' id='word_1_253' title='bbox 2847 645 3170 715; x_wconf 87' lang='lat' dir='ltr'><strong>stipendium</strong></span> <span class='ocrx_word' id='word_1_254' title='bbox 3215 657 3295 704; x_wconf 88' lang='lat' dir='ltr'><strong>est</strong></span> <span class='ocrx_word' id='word_1_255' title='bbox 3324 650 3500 706; x_wconf 78' lang='lat' dir='ltr'><strong>incor-</strong></span> 
     </span>
    </p>
   </div>
   <div class='ocr_carea' id='block_1_34' title="bbox 1918 736 3499 811">
    <p class='ocr_par' dir='ltr' id='par_1_34' title="bbox 1918 736 3499 811">
     <span class='ocr_line' id='line_1_34' title="bbox 1918 736 3499 811; baseline 0.006 -19"><span class='ocrx_word' id='word_1_256' title='bbox 1918 747 2074 809; x_wconf 88' lang='lat' dir='ltr'><strong>rupta</strong></span> <span class='ocrx_word' id='word_1_257' title='bbox 2100 737 2390 801; x_wconf 80' lang='lat' dir='ltr'><strong>aeternitas,</strong></span> <span class='ocrx_word' id='word_1_258' title='bbox 2432 752 2539 793; x_wconf 91' lang='lat' dir='ltr'><strong>non</strong></span> <span class='ocrx_word' id='word_1_259' title='bbox 2569 736 2634 792; x_wconf 90' lang='lat' dir='ltr'><strong>ad</strong></span> <span class='ocrx_word' id='word_1_260' title='bbox 2667 752 2840 807; x_wconf 82' lang='lat' dir='ltr'><strong>poenae</strong></span> <span class='ocrx_word' id='word_1_261' title='bbox 2884 744 3337 811; x_wconf 86' lang='lat' dir='ltr'><strong>perseverantiam</strong></span> <span class='ocrx_word' id='word_1_262' title='bbox 3384 760 3499 801; x_wconf 92' lang='lat' dir='ltr'><strong>ma-</strong></span> 
     </span>
    </p>
   </div>
   <div class='ocr_carea' id='block_1_35' title="bbox 1918 826 3502 902">
    <p class='ocr_par' dir='ltr' id='par_1_35' title="bbox 1918 826 3502 902">
     <span class='ocr_line' id='line_1_35' title="bbox 1918 826 3502 902; baseline 0.005 -19"><span class='ocrx_word' id='word_1_263' title='bbox 1918 842 2069 891; x_wconf 83' lang='lat' dir='ltr'><strong>nens,</strong></span> <span class='ocrx_word' id='word_1_264' title='bbox 2107 828 2199 883; x_wconf 88' lang='lat' dir='ltr'><strong>sed</strong></span> <span class='ocrx_word' id='word_1_265' title='bbox 2226 827 2291 881; x_wconf 86' lang='lat' dir='ltr'><strong>ad</strong></span> <span class='ocrx_word' id='word_1_266' title='bbox 2316 832 2585 897; x_wconf 63' lang='lat' dir='ltr'><strong>perpetua:</strong></span> <span class='ocrx_word' id='word_1_267' title='bbox 2609 826 2790 898; x_wconf 76' lang='lat' dir='ltr'><strong>gloria:</strong></span> <span class='ocrx_word' id='word_1_268' title='bbox 2826 831 3055 887; x_wconf 87' lang='lat' dir='ltr'><strong>fructum</strong></span> <span class='ocrx_word' id='word_1_269' title='bbox 3084 832 3502 902; x_wconf 76' lang='lat' dir='ltr'><strong>iucunditatem-</strong></span> 
     </span>
    </p>
   </div>
   <div class='ocr_carea' id='block_1_36' title="bbox 1919 918 3501 991">
    <p class='ocr_par' dir='ltr' id='par_1_36' title="bbox 1919 918 3501 991">
     <span class='ocr_line' id='line_1_36' title="bbox 1919 918 3501 991; baseline 0.006 -17"><span class='ocrx_word' id='word_1_270' title='bbox 1919 930 2025 990; x_wconf 81' lang='lat' dir='ltr'><strong>que</strong></span> <span class='ocrx_word' id='word_1_271' title='bbox 2066 934 2173 974; x_wconf 91' lang='lat' dir='ltr'><strong>non</strong></span> <span class='ocrx_word' id='word_1_272' title='bbox 2207 919 2476 975; x_wconf 83' lang='lat' dir='ltr'><strong>desinens.</strong></span> <span class='ocrx_word' id='word_1_273' title='bbox 2525 918 2658 974; x_wconf 91' lang='lat' dir='ltr'><strong>Cum</strong></span> <span class='ocrx_word' id='word_1_274' title='bbox 2705 918 2867 991; x_wconf 82' lang='lat' dir='ltr'><strong>igitur</strong></span> <span class='ocrx_word' id='word_1_275' title='bbox 2910 922 3024 980; x_wconf 72' lang='lat' dir='ltr'><strong>haec</strong></span> <span class='ocrx_word' id='word_1_276' title='bbox 3049 935 3230 981; x_wconf 90' lang='lat' dir='ltr'><strong>nostra</strong></span> <span class='ocrx_word' id='word_1_277' title='bbox 3260 934 3501 984; x_wconf 89' lang='lat' dir='ltr'><strong>terreno-</strong></span> 
     </span>
    </p>
   </div>
   <div class='ocr_carea' id='block_1_37' title="bbox 1920 1010 3502 1085">
    <p class='ocr_par' dir='ltr' id='par_1_37' title="bbox 1920 1010 3502 1085">
     <span class='ocr_line' id='line_1_37' title="bbox 1920 1010 3502 1085; baseline 0.005 -20"><span class='ocrx_word' id='word_1_278' title='bbox 1920 1024 2041 1065; x_wconf 85' lang='lat' dir='ltr'><strong>rnm</strong></span> <span class='ocrx_word' id='word_1_279' title='bbox 2065 1023 2351 1080; x_wconf 85' lang='lat' dir='ltr'><strong>corporum</strong></span> <span class='ocrx_word' id='word_1_280' title='bbox 2399 1010 2551 1081; x_wconf 87' lang='lat' dir='ltr'><strong>origo</strong></span> <span class='ocrx_word' id='word_1_281' title='bbox 2578 1012 2632 1065; x_wconf 92' lang='lat' dir='ltr'><strong>in</strong></span> <span class='ocrx_word' id='word_1_282' title='bbox 2677 1010 2862 1066; x_wconf 85' lang='lat' dir='ltr'><strong>habitu</strong></span> <span class='ocrx_word' id='word_1_283' title='bbox 2894 1023 3099 1069; x_wconf 73' lang='lat' dir='ltr'><strong>naturae</strong></span> <span class='ocrx_word' id='word_1_284' title='bbox 3140 1017 3366 1085; x_wconf 83' lang='lat' dir='ltr'><strong>potioris</strong></span> <span class='ocrx_word' id='word_1_285' title='bbox 3404 1032 3502 1073; x_wconf 81' lang='lat' dir='ltr'><strong>ex-</strong></span> 
     </span>
    </p>
   </div>
   <div class='ocr_carea' id='block_1_38' title="bbox 1920 1100 3501 1177">
    <p class='ocr_par' dir='ltr' id='par_1_38' title="bbox 1920 1100 3501 1177">
     <span class='ocr_line' id='line_1_38' title="bbox 1920 1100 3501 1177; baseline 0.004 -20"><span class='ocrx_word' id='word_1_286' title='bbox 1920 1102 2098 1167; x_wconf 87' lang='lat' dir='ltr'><strong>cedat,</strong></span> <span class='ocrx_word' id='word_1_287' title='bbox 2134 1110 2189 1157; x_wconf 90' lang='lat' dir='ltr'><strong>et</strong></span> <span class='ocrx_word' id='word_1_288' title='bbox 2215 1100 2512 1157; x_wconf 80' lang='lat' dir='ltr'><strong>conformis</strong></span> <span class='ocrx_word' id='word_1_289' title='bbox 2556 1101 2739 1173; x_wconf 68' lang='lat' dir='ltr'><strong>gloria:</strong></span> <span class='ocrx_word' id='word_1_290' title='bbox 2779 1102 3044 1160; x_wconf 92' lang='lat' dir='ltr'><strong>Dominici</strong></span> <span class='ocrx_word' id='word_1_291' title='bbox 3076 1109 3316 1177; x_wconf 88' lang='lat' dir='ltr'><strong>corporis</strong></span> <span class='ocrx_word' id='word_1_292' title='bbox 3366 1114 3501 1175; x_wconf 80' lang='lat' dir='ltr'><strong>liat;</strong></span> 
     </span>
    </p>
   </div>
   <div class='ocr_carea' id='block_1_39' title="bbox 1921 1191 3508 1274">
    <p class='ocr_par' dir='ltr' id='par_1_39' title="bbox 1921 1191 3508 1274">
     <span class='ocr_line' id='line_1_39' title="bbox 1921 1191 3508 1274; baseline 0.006 -27"><span class='ocrx_word' id='word_1_293' title='bbox 1921 1192 2064 1248; x_wconf 80' lang='lat' dir='ltr'><strong>Deus</strong></span> <span class='ocrx_word' id='word_1_294' title='bbox 2097 1193 2155 1247; x_wconf 86' lang='lat' dir='ltr'><strong>in</strong></span> <span class='ocrx_word' id='word_1_295' title='bbox 2178 1191 2349 1248; x_wconf 84' lang='lat' dir='ltr'><strong>forma</strong></span> <span class='ocrx_word' id='word_1_296' title='bbox 2381 1194 2523 1249; x_wconf 84' lang='lat' dir='ltr'><strong>servi</strong></span> <span class='ocrx_word' id='word_1_297' title='bbox 2568 1204 2813 1265; x_wconf 86' lang='lat' dir='ltr'><strong>repertus</strong></span> <span class='ocrx_word' id='word_1_298' title='bbox 2860 1192 2991 1269; x_wconf 79' lang='lat' dir='ltr'><strong>[Al.,</strong></span> <span class='ocrx_word' id='word_1_299' title='bbox 3018 1201 3354 1274; x_wconf 86' lang='lat' dir='ltr'><strong>perpetuus],</strong></span> <span class='ocrx_word' id='word_1_300' title='bbox 3381 1202 3508 1259; x_wconf 90' lang='lat' dir='ltr'><strong>licet</strong></span> 
     </span>
    </p>
   </div>
   <div class='ocr_carea' id='block_1_40' title="bbox 1914 1282 3505 1361">
    <p class='ocr_par' dir='ltr' id='par_1_40' title="bbox 1914 1282 3505 1361">
     <span class='ocr_line' id='line_1_40' title="bbox 1914 1282 3505 1361; baseline 0.007 -23"><span class='ocrx_word' id='word_1_301' title='bbox 1914 1284 2026 1353; x_wconf 85' lang='lat' dir='ltr'><strong>jam</strong></span> <span class='ocrx_word' id='word_1_302' title='bbox 2056 1284 2386 1353; x_wconf 76' lang='lat' dir='ltr'><strong>gloriﬁcatus</strong></span> <span class='ocrx_word' id='word_1_303' title='bbox 2432 1282 2489 1339; x_wconf 89' lang='lat' dir='ltr'><strong>in</strong></span> <span class='ocrx_word' id='word_1_304' title='bbox 2529 1296 2754 1355; x_wconf 87' lang='lat' dir='ltr'><strong>corpore</strong></span> <span class='ocrx_word' id='word_1_305' title='bbox 2799 1288 2885 1352; x_wconf 88' lang='lat' dir='ltr'><strong>sit,</strong></span> <span class='ocrx_word' id='word_1_306' title='bbox 2935 1291 3230 1345; x_wconf 88' lang='lat' dir='ltr'><strong>secundum</strong></span> <span class='ocrx_word' id='word_1_307' title='bbox 3275 1294 3505 1361; x_wconf 91' lang='lat' dir='ltr'><strong>quodin</strong></span> 
     </span>
    </p>
   </div>
   <div class='ocr_carea' id='block_1_41' title="bbox 1921 1375 3508 1440">
    <p class='ocr_par' dir='ltr' id='par_1_41' title="bbox 1921 1375 3508 1440">
     <span class='ocr_line' id='line_1_41' title="bbox 1921 1375 3508 1440; baseline 0.004 -10"><span class='ocrx_word' id='word_1_308' title='bbox 1921 1376 2095 1430; x_wconf 87' lang='lat' dir='ltr'><strong>forma</strong></span> <span class='ocrx_word' id='word_1_309' title='bbox 2125 1376 2264 1429; x_wconf 80' lang='lat' dir='ltr'><strong>servi</strong></span> <span class='ocrx_word' id='word_1_310' title='bbox 2311 1376 2400 1440; x_wconf 91' lang='lat' dir='ltr'><strong>sit,</strong></span> <span class='ocrx_word' id='word_1_311' title='bbox 2446 1382 2624 1430; x_wconf 87' lang='lat' dir='ltr'><strong>tamen</strong></span> <span class='ocrx_word' id='word_1_312' title='bbox 2654 1375 2947 1432; x_wconf 84' lang='lat' dir='ltr'><strong>conformis</strong></span> <span class='ocrx_word' id='word_1_313' title='bbox 2991 1378 3102 1435; x_wconf 88' lang='lat' dir='ltr'><strong>Deo</strong></span> <span class='ocrx_word' id='word_1_314' title='bbox 3130 1396 3238 1435; x_wconf 91' lang='lat' dir='ltr'><strong>non</strong></span> <span class='ocrx_word' id='word_1_315' title='bbox 3278 1383 3418 1437; x_wconf 90' lang='lat' dir='ltr'><strong>erit:</strong></span> <span class='ocrx_word' id='word_1_316' title='bbox 3449 1392 3508 1437; x_wconf 90' lang='lat' dir='ltr'><strong>ut</strong></span> 
     </span>
    </p>
   </div>
   <div class='ocr_carea' id='block_1_42' title="bbox 1922 1465 3511 1541">
    <p class='ocr_par' dir='ltr' id='par_1_42' title="bbox 1922 1465 3511 1541">
     <span class='ocr_line' id='line_1_42' title="bbox 1922 1465 3511 1541; baseline 0.006 -21"><span class='ocrx_word' id='word_1_317' title='bbox 1922 1467 2014 1537; x_wconf 88' lang='lat' dir='ltr'><strong>qui</strong></span> <span class='ocrx_word' id='word_1_318' title='bbox 2061 1466 2217 1521; x_wconf 89' lang='lat' dir='ltr'><strong>nobis</strong></span> <span class='ocrx_word' id='word_1_319' title='bbox 2267 1466 2495 1521; x_wconf 85' lang='lat' dir='ltr'><strong>formam</strong></span> <span class='ocrx_word' id='word_1_320' title='bbox 2551 1465 2832 1537; x_wconf 81' lang='lat' dir='ltr'><strong>glorificati</strong></span> <span class='ocrx_word' id='word_1_321' title='bbox 2881 1472 3124 1541; x_wconf 89' lang='lat' dir='ltr'><strong>corporis</strong></span> <span class='ocrx_word' id='word_1_322' title='bbox 3178 1472 3261 1528; x_wconf 89' lang='lat' dir='ltr'><strong>sui</strong></span> <span class='ocrx_word' id='word_1_323' title='bbox 3320 1475 3511 1529; x_wconf 86' lang='lat' dir='ltr'><strong>tribuit</strong></span> 
     </span>
    </p>
   </div>
   <div class='ocr_carea' id='block_1_43' title="bbox 1924 1556 3506 1635">
    <p class='ocr_par' dir='ltr' id='par_1_43' title="bbox 1924 1556 3506 1635">
     <span class='ocr_line' id='line_1_43' title="bbox 1924 1556 3506 1635; baseline 0.005 -24"><span class='ocrx_word' id='word_1_324' title='bbox 1924 1557 2087 1632; x_wconf 77' lang='lat' dir='ltr'><strong>[Htl.,</strong></span> <span class='ocrx_word' id='word_1_325' title='bbox 2115 1556 2362 1630; x_wconf 83' lang='lat' dir='ltr'><strong>tribuet],</strong></span> <span class='ocrx_word' id='word_1_326' title='bbox 2411 1558 2524 1627; x_wconf 88' lang='lat' dir='ltr'><strong>ipse</strong></span> <span class='ocrx_word' id='word_1_327' title='bbox 2568 1559 2779 1627; x_wconf 87' lang='lat' dir='ltr'><strong>corpori</strong></span> <span class='ocrx_word' id='word_1_328' title='bbox 2826 1572 2924 1614; x_wconf 90' lang='lat' dir='ltr'><strong>suo</strong></span> <span class='ocrx_word' id='word_1_329' title='bbox 2953 1561 3085 1615; x_wconf 87' lang='lat' dir='ltr'><strong>nihil</strong></span> <span class='ocrx_word' id='word_1_330' title='bbox 3129 1560 3267 1617; x_wconf 90' lang='lat' dir='ltr'><strong>ultra</strong></span> <span class='ocrx_word' id='word_1_331' title='bbox 3310 1564 3506 1635; x_wconf 89' lang='lat' dir='ltr'><strong>possit,</strong></span> 
     </span>
    </p>
   </div>
   <div class='ocr_carea' id='block_1_44' title="bbox 1923 1647 3508 1720">
    <p class='ocr_par' dir='ltr' id='par_1_44' title="bbox 1923 1647 3508 1720">
     <span class='ocr_line' id='line_1_44' title="bbox 1923 1647 3508 1720; baseline 0.005 -17"><span class='ocrx_word' id='word_1_332' title='bbox 1923 1664 2085 1719; x_wconf 85' lang='lat' dir='ltr'><strong>quam</strong></span> <span class='ocrx_word' id='word_1_333' title='bbox 2110 1649 2266 1703; x_wconf 90' lang='lat' dir='ltr'><strong>nobis</strong></span> <span class='ocrx_word' id='word_1_334' title='bbox 2292 1663 2357 1703; x_wconf 91' lang='lat' dir='ltr'><strong>ac</strong></span> <span class='ocrx_word' id='word_1_335' title='bbox 2378 1647 2478 1703; x_wconf 90' lang='lat' dir='ltr'><strong>sibi</strong></span> <span class='ocrx_word' id='word_1_336' title='bbox 2507 1647 2597 1713; x_wconf 86' lang='lat' dir='ltr'><strong>sit,</strong></span> <span class='ocrx_word' id='word_1_337' title='bbox 2623 1649 2677 1702; x_wconf 92' lang='lat' dir='ltr'><strong>iu</strong></span> <span class='ocrx_word' id='word_1_338' title='bbox 2708 1662 2993 1705; x_wconf 89' lang='lat' dir='ltr'><strong>commune</strong></span> <span class='ocrx_word' id='word_1_339' title='bbox 3015 1658 3294 1720; x_wconf 73' lang='lat' dir='ltr'><strong>przestare.</strong></span> <span class='ocrx_word' id='word_1_340' title='bbox 3327 1675 3345 1706; x_wconf 75' lang='grc' dir='ltr'><strong>ι</strong></span> <span class='ocrx_word' id='word_1_341' title='bbox 3383 1652 3508 1711; x_wconf 73' lang='lat' dir='ltr'><strong>Hmc</strong></span> 
     </span>
    </p>
   </div>
   <div class='ocr_carea' id='block_1_45' title="bbox 1925 1738 3512 1814">
    <p class='ocr_par' dir='ltr' id='par_1_45' title="bbox 1925 1738 3512 1814">
     <span class='ocr_line' id='line_1_45' title="bbox 1925 1738 3512 1814; baseline 0.005 -20"><span class='ocrx_word' id='word_1_342' title='bbox 1925 1742 2106 1810; x_wconf 89' lang='lat' dir='ltr'><strong>itaque</strong></span> <span class='ocrx_word' id='word_1_343' title='bbox 2137 1742 2443 1795; x_wconf 86' lang='lat' dir='ltr'><strong>testimonia</strong></span> <span class='ocrx_word' id='word_1_344' title='bbox 2471 1740 2645 1795; x_wconf 86' lang='lat' dir='ltr'><strong>sancti</strong></span> <span class='ocrx_word' id='word_1_345' title='bbox 2674 1738 2852 1795; x_wconf 89' lang='lat' dir='ltr'><strong>Patris</strong></span> <span class='ocrx_word' id='word_1_346' title='bbox 2876 1741 3064 1796; x_wconf 84' lang='lat' dir='ltr'><strong>Hilarii</strong></span> <span class='ocrx_word' id='word_1_347' title='bbox 3092 1745 3158 1799; x_wconf 92' lang='lat' dir='ltr'><strong>de</strong></span> <span class='ocrx_word' id='word_1_348' title='bbox 3180 1744 3512 1814; x_wconf 89' lang='lat' dir='ltr'><strong>subjectione</strong></span> 
     </span>
    </p>
   </div>
   <div class='ocr_carea' id='block_1_46' title="bbox 1853 1809 3512 1901">
    <p class='ocr_par' dir='ltr' id='par_1_46' title="bbox 1853 1809 3512 1901">
     <span class='ocr_line' id='line_1_46' title="bbox 1853 1809 3512 1901; baseline 0.005 -17"><span class='ocrx_word' id='word_1_349' title='bbox 1853 1809 2073 1895; x_wconf 55' lang='lat' dir='ltr'><strong>‘Filii,</strong></span> <span class='ocrx_word' id='word_1_350' title='bbox 2127 1844 2289 1899; x_wconf 89' lang='lat' dir='ltr'><strong>quam</strong></span> <span class='ocrx_word' id='word_1_351' title='bbox 2341 1836 2398 1883; x_wconf 90' lang='lat' dir='ltr'><strong>tu</strong></span> <span class='ocrx_word' id='word_1_352' title='bbox 2446 1828 2681 1884; x_wconf 81' lang='lat' dir='ltr'><strong>debitam</strong></span> <span class='ocrx_word' id='word_1_353' title='bbox 2727 1839 3094 1901; x_wconf 71' lang='lat' dir='ltr'><strong>aeternamque</strong></span> <span class='ocrx_word' id='word_1_354' title='bbox 3146 1809 3382 1890; x_wconf 78' lang='lat' dir='ltr'><strong>asseris:</strong></span> <span class='ocrx_word' id='word_1_355' title='bbox 3426 1835 3512 1891; x_wconf 93' lang='lat' dir='ltr'><strong>vel</strong></span> 
     </span>
    </p>
   </div>
   <div class='ocr_carea' id='block_1_47' title="bbox 1924 1916 3513 1995">
    <p class='ocr_par' dir='ltr' id='par_1_47' title="bbox 1924 1916 3513 1995">
     <span class='ocr_line' id='line_1_47' title="bbox 1924 1916 3513 1995; baseline 0.004 -22"><span class='ocrx_word' id='word_1_356' title='bbox 1924 1919 2087 1974; x_wconf 84' lang='lat' dir='ltr'><strong>etiam</strong></span> <span class='ocrx_word' id='word_1_357' title='bbox 2114 1919 2181 1973; x_wconf 90' lang='lat' dir='ltr'><strong>de</strong></span> <span class='ocrx_word' id='word_1_358' title='bbox 2207 1916 2593 1972; x_wconf 80' lang='lat' dir='ltr'><strong>clarificatlone</strong></span> <span class='ocrx_word' id='word_1_359' title='bbox 2614 1917 2856 1988; x_wconf 88' lang='lat' dir='ltr'><strong>corporis</strong></span> <span class='ocrx_word' id='word_1_360' title='bbox 2880 1919 2936 1973; x_wconf 92' lang='lat' dir='ltr'><strong>in</strong></span> <span class='ocrx_word' id='word_1_361' title='bbox 2962 1920 3257 1978; x_wconf 85' lang='lat' dir='ltr'><strong>divinitatis</strong></span> <span class='ocrx_word' id='word_1_362' title='bbox 3284 1925 3513 1995; x_wconf 81' lang='lat' dir='ltr'><strong>gloriam</strong></span> 
     </span>
    </p>
   </div>
   <div class='ocr_carea' id='block_1_48' title="bbox 1923 2009 3514 2089">
    <p class='ocr_par' dir='ltr' id='par_1_48' title="bbox 1923 2009 3514 2089">
     <span class='ocr_line' id='line_1_48' title="bbox 1923 2009 3514 2089; baseline 0.004 -23"><span class='ocrx_word' id='word_1_363' title='bbox 1923 2011 2163 2082; x_wconf 76' lang='lat' dir='ltr'><strong>ejusdem</strong></span> <span class='ocrx_word' id='word_1_364' title='bbox 2196 2009 2409 2066; x_wconf 85' lang='lat' dir='ltr'><strong>Domini</strong></span> <span class='ocrx_word' id='word_1_365' title='bbox 2432 2010 2602 2066; x_wconf 87' lang='lat' dir='ltr'><strong>nostri</strong></span> <span class='ocrx_word' id='word_1_366' title='bbox 2627 2009 2756 2066; x_wconf 82' lang='lat' dir='ltr'><strong>Jesu</strong></span> <span class='ocrx_word' id='word_1_367' title='bbox 2783 2010 3007 2080; x_wconf 76' lang='lat' dir='ltr'><strong>Christi,</strong></span> <span class='ocrx_word' id='word_1_368' title='bbox 3032 2012 3178 2083; x_wconf 88' lang='lat' dir='ltr'><strong>quod</strong></span> <span class='ocrx_word' id='word_1_369' title='bbox 3200 2029 3268 2070; x_wconf 80' lang='lat' dir='ltr'><strong>ex</strong></span> <span class='ocrx_word' id='word_1_370' title='bbox 3293 2016 3514 2089; x_wconf 77' lang='lat' dir='ltr'><strong>Virgine</strong></span> 
     </span>
    </p>
   </div>
   <div class='ocr_carea' id='block_1_49' title="bbox 1924 2100 2729 2175">
    <p class='ocr_par' dir='ltr' id='par_1_49' title="bbox 1924 2100 2729 2175">
     <span class='ocr_line' id='line_1_49' title="bbox 1924 2100 2729 2175; baseline -0.006 -13"><span class='ocrx_word' id='word_1_371' title='bbox 1924 2104 2235 2175; x_wconf 76' lang='lat' dir='ltr'><strong>assumpsit,</strong></span> <span class='ocrx_word' id='word_1_372' title='bbox 2268 2103 2411 2159; x_wconf 81' lang='lat' dir='ltr'><strong>dicta</strong></span> <span class='ocrx_word' id='word_1_373' title='bbox 2439 2100 2729 2159; x_wconf 82' lang='lat' dir='ltr'><strong>sulliciant.</strong></span> 
     </span>
    </p>
   </div>
   <div class='ocr_carea' id='block_1_50' title="bbox 1994 2212 3513 2287">
    <p class='ocr_par' dir='ltr' id='par_1_50' title="bbox 1994 2212 3513 2287">
     <span class='ocr_line' id='line_1_50' title="bbox 1994 2212 3513 2287; baseline 0.003 -15"><span class='ocrx_word' id='word_1_374' title='bbox 1994 2213 2080 2272; x_wconf 78' lang='lat' dir='ltr'><strong>Vl.</strong></span> <span class='ocrx_word' id='word_1_375' title='bbox 2106 2212 2261 2271; x_wconf 86' lang='lat' dir='ltr'><strong>Nunc</strong></span> <span class='ocrx_word' id='word_1_376' title='bbox 2288 2230 2466 2287; x_wconf 74' lang='lat' dir='ltr'><strong>aperte</strong></span> <span class='ocrx_word' id='word_1_377' title='bbox 2505 2215 2740 2287; x_wconf 89' lang='lat' dir='ltr'><strong>pretium</strong></span> <span class='ocrx_word' id='word_1_378' title='bbox 2780 2224 2865 2271; x_wconf 92' lang='lat' dir='ltr'><strong>est</strong></span> <span class='ocrx_word' id='word_1_379' title='bbox 2902 2213 3079 2287; x_wconf 85' lang='lat' dir='ltr'><strong>aliqua</strong></span> <span class='ocrx_word' id='word_1_380' title='bbox 3106 2234 3174 2274; x_wconf 78' lang='lat' dir='ltr'><strong>ex</strong></span> <span class='ocrx_word' id='word_1_381' title='bbox 3201 2229 3513 2277; x_wconf 89' lang='lat' dir='ltr'><strong>sanctorum</strong></span> 
     </span>
    </p>
   </div>
   <div class='ocr_carea' id='block_1_51' title="bbox 1925 2304 3515 2379">
    <p class='ocr_par' dir='ltr' id='par_1_51' title="bbox 1925 2304 3515 2379">
     <span class='ocr_line' id='line_1_51' title="bbox 1925 2304 3515 2379; baseline 0.004 -16"><span class='ocrx_word' id='word_1_382' title='bbox 1925 2308 2205 2363; x_wconf 88' lang='lat' dir='ltr'><strong>doctorum</strong></span> <span class='ocrx_word' id='word_1_383' title='bbox 2237 2304 2431 2361; x_wconf 88' lang='lat' dir='ltr'><strong>libellis</strong></span> <span class='ocrx_word' id='word_1_384' title='bbox 2469 2305 2775 2361; x_wconf 91' lang='lat' dir='ltr'><strong>testimonia</strong></span> <span class='ocrx_word' id='word_1_385' title='bbox 2802 2306 3069 2376; x_wconf 86' lang='lat' dir='ltr'><strong>proferre,</strong></span> <span class='ocrx_word' id='word_1_386' title='bbox 3116 2325 3235 2379; x_wconf 64' lang='lat' dir='ltr'><strong>quae</strong></span> <span class='ocrx_word' id='word_1_387' title='bbox 3264 2318 3322 2366; x_wconf 89' lang='lat' dir='ltr'><strong>tu</strong></span> <span class='ocrx_word' id='word_1_388' title='bbox 3348 2309 3515 2369; x_wconf 88' lang='lat' dir='ltr'><strong>etiam</strong></span> 
     </span>
    </p>
   </div>
   <div class='ocr_carea' id='block_1_52' title="bbox 1924 2386 3514 2468">
    <p class='ocr_par' dir='ltr' id='par_1_52' title="bbox 1924 2386 3514 2468">
     <span class='ocr_line' id='line_1_52' title="bbox 1924 2386 3514 2468; baseline 0.003 -14"><span class='ocrx_word' id='word_1_389' title='bbox 1924 2386 2195 2455; x_wconf 79' lang='lat' dir='ltr'><strong>contrario</strong></span> <span class='ocrx_word' id='word_1_390' title='bbox 2220 2414 2381 2453; x_wconf 91' lang='lat' dir='ltr'><strong>sensu</strong></span> <span class='ocrx_word' id='word_1_391' title='bbox 2400 2394 2615 2454; x_wconf 86' lang='lat' dir='ltr'><strong>ﬂectere</strong></span> <span class='ocrx_word' id='word_1_392' title='bbox 2636 2396 2703 2451; x_wconf 89' lang='lat' dir='ltr'><strong>ad</strong></span> <span class='ocrx_word' id='word_1_393' title='bbox 2730 2406 2835 2453; x_wconf 71' lang='lat' dir='ltr'><strong>tuae</strong></span> <span class='ocrx_word' id='word_1_394' title='bbox 2854 2398 3025 2468; x_wconf 89' lang='lat' dir='ltr'><strong>partis</strong></span> <span class='ocrx_word' id='word_1_395' title='bbox 3049 2398 3514 2459; x_wconf 82' lang='lat' dir='ltr'><strong>conﬁrmationem</strong></span> 
     </span>
    </p>
   </div>
   <div class='ocr_carea' id='block_1_53' title="bbox 1922 2488 3520 2559">
    <p class='ocr_par' dir='ltr' id='par_1_53' title="bbox 1922 2488 3520 2559">
     <span class='ocr_line' id='line_1_53' title="bbox 1922 2488 3520 2559; baseline 0.004 -16"><span class='ocrx_word' id='word_1_396' title='bbox 1922 2488 2135 2555; x_wconf 91' lang='lat' dir='ltr'><strong>niteris,</strong></span> <span class='ocrx_word' id='word_1_397' title='bbox 2167 2503 2286 2559; x_wconf 78' lang='lat' dir='ltr'><strong>quae</strong></span> <span class='ocrx_word' id='word_1_398' title='bbox 2313 2489 2533 2543; x_wconf 89' lang='lat' dir='ltr'><strong>omnino</strong></span> <span class='ocrx_word' id='word_1_399' title='bbox 2575 2488 2672 2543; x_wconf 91' lang='lat' dir='ltr'><strong>tibi</strong></span> <span class='ocrx_word' id='word_1_400' title='bbox 2701 2503 2822 2544; x_wconf 88' lang='lat' dir='ltr'><strong>esse</strong></span> <span class='ocrx_word' id='word_1_401' title='bbox 2867 2490 3198 2557; x_wconf 85' lang='lat' dir='ltr'><strong>adversaria,</strong></span> <span class='ocrx_word' id='word_1_402' title='bbox 3242 2499 3299 2547; x_wconf 90' lang='lat' dir='ltr'><strong>et</strong></span> <span class='ocrx_word' id='word_1_403' title='bbox 3325 2493 3404 2549; x_wconf 93' lang='lat' dir='ltr'><strong>tui</strong></span> <span class='ocrx_word' id='word_1_404' title='bbox 3432 2508 3520 2550; x_wconf 88' lang='lat' dir='ltr'><strong>er-</strong></span> 
     </span>
    </p>
   </div>
   <div class='ocr_carea' id='block_1_54' title="bbox 1924 2580 3521 2656">
    <p class='ocr_par' dir='ltr' id='par_1_54' title="bbox 1924 2580 3521 2656">
     <span class='ocr_line' id='line_1_54' title="bbox 1924 2580 3521 2656; baseline 0.006 -22"><span class='ocrx_word' id='word_1_405' title='bbox 1924 2582 2066 2635; x_wconf 89' lang='lat' dir='ltr'><strong>roris</strong></span> <span class='ocrx_word' id='word_1_406' title='bbox 2088 2590 2248 2634; x_wconf 72' lang='lat' dir='ltr'><strong>secta:</strong></span> <span class='ocrx_word' id='word_1_407' title='bbox 2283 2580 2436 2635; x_wconf 91' lang='lat' dir='ltr'><strong>valde</strong></span> <span class='ocrx_word' id='word_1_408' title='bbox 2476 2580 2748 2635; x_wconf 90' lang='lat' dir='ltr'><strong>contraria</strong></span> <span class='ocrx_word' id='word_1_409' title='bbox 2778 2580 3168 2655; x_wconf 88' lang='lat' dir='ltr'><strong>intelligentur.</strong></span> <span class='ocrx_word' id='word_1_410' title='bbox 3211 2581 3439 2656; x_wconf 87' lang='lat' dir='ltr'><strong>Insuper</strong></span> <span class='ocrx_word' id='word_1_411' title='bbox 3465 2595 3521 2643; x_wconf 91' lang='lat' dir='ltr'><strong>et</strong></span> 
     </span>
    </p>
   </div>
   <div class='ocr_carea' id='block_1_55' title="bbox 1924 2670 3519 2746">
    <p class='ocr_par' dir='ltr' id='par_1_55' title="bbox 1924 2670 3519 2746">
     <span class='ocr_line' id='line_1_55' title="bbox 1924 2670 3519 2746; baseline 0.004 -19"><span class='ocrx_word' id='word_1_412' title='bbox 1924 2672 2166 2744; x_wconf 72' lang='lat' dir='ltr'><strong>quaedam</strong></span> <span class='ocrx_word' id='word_1_413' title='bbox 2190 2670 2501 2727; x_wconf 88' lang='lat' dir='ltr'><strong>calliditatis</strong></span> <span class='ocrx_word' id='word_1_414' title='bbox 2523 2682 2627 2727; x_wconf 74' lang='lat' dir='ltr'><strong>tum</strong></span> <span class='ocrx_word' id='word_1_415' title='bbox 2648 2673 2887 2743; x_wconf 90' lang='lat' dir='ltr'><strong>nequitia</strong></span> <span class='ocrx_word' id='word_1_416' title='bbox 2911 2674 3202 2739; x_wconf 87' lang='lat' dir='ltr'><strong>subtrahis,</strong></span> <span class='ocrx_word' id='word_1_417' title='bbox 3227 2690 3347 2746; x_wconf 74' lang='lat' dir='ltr'><strong>quae</strong></span> <span class='ocrx_word' id='word_1_418' title='bbox 3370 2685 3519 2735; x_wconf 89' lang='lat' dir='ltr'><strong>tuam</strong></span> 
     </span>
    </p>
   </div>
   <div class='ocr_carea' id='block_1_56' title="bbox 1924 2762 3518 2834">
    <p class='ocr_par' dir='ltr' id='par_1_56' title="bbox 1924 2762 3518 2834">
     <span class='ocr_line' id='line_1_56' title="bbox 1924 2762 3518 2834; baseline 0.003 -14"><span class='ocrx_word' id='word_1_419' title='bbox 1924 2764 2175 2820; x_wconf 75' lang='lat' dir='ltr'><strong>hteresim</strong></span> <span class='ocrx_word' id='word_1_420' title='bbox 2204 2764 2462 2819; x_wconf 90' lang='lat' dir='ltr'><strong>damnare</strong></span> <span class='ocrx_word' id='word_1_421' title='bbox 2490 2762 2780 2818; x_wconf 85' lang='lat' dir='ltr'><strong>videntur:</strong></span> <span class='ocrx_word' id='word_1_422' title='bbox 2825 2764 3067 2834; x_wconf 63' lang='lat' dir='ltr'><strong>quaedam</strong></span> <span class='ocrx_word' id='word_1_423' title='bbox 3103 2782 3234 2822; x_wconf 88' lang='lat' dir='ltr'><strong>vero</strong></span> <span class='ocrx_word' id='word_1_424' title='bbox 3258 2776 3518 2825; x_wconf 80' lang='lat' dir='ltr'><strong>consueta</strong></span> 
     </span>
    </p>
   </div>
   <div class='ocr_carea' id='block_1_57' title="bbox 1924 2836 3519 2925">
    <p class='ocr_par' dir='ltr' id='par_1_57' title="bbox 1924 2836 3519 2925">
     <span class='ocr_line' id='line_1_57' title="bbox 1924 2836 3519 2925; baseline 0.003 -14"><span class='ocrx_word' id='word_1_425' title='bbox 1924 2854 2024 2911; x_wconf 91' lang='lat' dir='ltr'><strong>tibi</strong></span> <span class='ocrx_word' id='word_1_426' title='bbox 2051 2853 2296 2911; x_wconf 81' lang='lat' dir='ltr'><strong>versutia</strong></span> <span class='ocrx_word' id='word_1_427' title='bbox 2328 2854 2611 2911; x_wconf 86' lang='lat' dir='ltr'><strong>immutare</strong></span> <span class='ocrx_word' id='word_1_428' title='bbox 2655 2872 2764 2911; x_wconf 91' lang='lat' dir='ltr'><strong>non</strong></span> <span class='ocrx_word' id='word_1_429' title='bbox 2786 2836 2973 2925; x_wconf 68' lang='lat' dir='ltr'><strong>limes,</strong></span> <span class='ocrx_word' id='word_1_430' title='bbox 3003 2866 3065 2912; x_wconf 92' lang='lat' dir='ltr'><strong>ut</strong></span> <span class='ocrx_word' id='word_1_431' title='bbox 3109 2859 3163 2913; x_wconf 92' lang='lat' dir='ltr'><strong>in</strong></span> <span class='ocrx_word' id='word_1_432' title='bbox 3193 2858 3345 2914; x_wconf 89' lang='lat' dir='ltr'><strong>libris</strong></span> <span class='ocrx_word' id='word_1_433' title='bbox 3371 2860 3519 2916; x_wconf 88' lang='lat' dir='ltr'><strong>beati</strong></span> 
     </span>
    </p>
   </div>
   <div class='ocr_carea' id='block_1_58' title="bbox 1924 2945 3521 3022">
    <p class='ocr_par' dir='ltr' id='par_1_58' title="bbox 1924 2945 3521 3022">
     <span class='ocr_line' id='line_1_58' title="bbox 1924 2945 3521 3022; baseline 0.002 -17"><span class='ocrx_word' id='word_1_434' title='bbox 1924 2947 2113 3005; x_wconf 80' lang='lat' dir='ltr'><strong>Hilarii</strong></span> <span class='ocrx_word' id='word_1_435' title='bbox 2157 2945 2351 3005; x_wconf 79' lang='lat' dir='ltr'><strong>fecisse</strong></span> <span class='ocrx_word' id='word_1_436' title='bbox 2378 2948 2581 3005; x_wconf 89' lang='lat' dir='ltr'><strong>videris</strong></span> <span class='ocrx_word' id='word_1_437' title='bbox 2610 2968 2624 3003; x_wconf 89' lang='lat'><strong>:</strong></span> <span class='ocrx_word' id='word_1_438' title='bbox 2666 2948 2756 3005; x_wconf 91' lang='lat' dir='ltr'><strong>ubi</strong></span> <span class='ocrx_word' id='word_1_439' title='bbox 2796 2948 2885 3004; x_wconf 90' lang='lat' dir='ltr'><strong>ille</strong></span> <span class='ocrx_word' id='word_1_440' title='bbox 2913 2948 3221 3022; x_wconf 83' lang='lat' dir='ltr'><strong>praecipuus</strong></span> <span class='ocrx_word' id='word_1_441' title='bbox 3248 2951 3438 3007; x_wconf 89' lang='lat' dir='ltr'><strong>doctor</strong></span> <span class='ocrx_word' id='word_1_442' title='bbox 3464 2960 3521 3008; x_wconf 91' lang='lat' dir='ltr'><strong>et</strong></span> 
     </span>
    </p>
   </div>
   <div class='ocr_carea' id='block_1_59' title="bbox 1926 3039 3517 3112">
    <p class='ocr_par' dir='ltr' id='par_1_59' title="bbox 1926 3039 3517 3112">
     <span class='ocr_line' id='line_1_59' title="bbox 1926 3039 3517 3112; baseline 0 -15"><span class='ocrx_word' id='word_1_443' title='bbox 1926 3041 2225 3098; x_wconf 87' lang='lat' dir='ltr'><strong>catholicus</strong></span> <span class='ocrx_word' id='word_1_444' title='bbox 2252 3039 2329 3095; x_wconf 86' lang='lat' dir='ltr'><strong>ait</strong></span> <span class='ocrx_word' id='word_1_445' title='bbox 2378 3053 2447 3094; x_wconf 76' lang='lat' dir='ltr'><strong>ll:</strong></span> <span class='ocrx_word' id='word_1_446' title='bbox 2498 3040 2738 3095; x_wconf 84' lang='lat' dir='ltr'><strong>Potestas</strong></span> <span class='ocrx_word' id='word_1_447' title='bbox 2782 3039 3054 3112; x_wconf 79' lang='lat' dir='ltr'><strong>dignitatis</strong></span> <span class='ocrx_word' id='word_1_448' title='bbox 3101 3056 3206 3097; x_wconf 88' lang='lat' dir='ltr'><strong>non</strong></span> <span class='ocrx_word' id='word_1_449' title='bbox 3239 3044 3517 3110; x_wconf 85' lang='lat' dir='ltr'><strong>amittitur,</strong></span> 
     </span>
    </p>
   </div>
   <div class='ocr_carea' id='block_1_60' title="bbox 225 3128 3520 3222">
    <p class='ocr_par' dir='ltr' id='par_1_60' title="bbox 225 3128 3520 3222">
     <span class='ocr_line' id='line_1_60' title="bbox 225 3128 3520 3222; baseline 0.001 -34"><span class='ocrx_word' id='word_1_450' title='bbox 225 3146 410 3204; x_wconf 80' lang='lat' dir='ltr'><strong>neque</strong></span> <span class='ocrx_word' id='word_1_451' title='bbox 436 3148 533 3205; x_wconf 89' lang='lat' dir='ltr'><strong>per</strong></span> <span class='ocrx_word' id='word_1_452' title='bbox 555 3133 908 3189; x_wconf 87' lang='lat' dir='ltr'><strong>defectionem</strong></span> <span class='ocrx_word' id='word_1_453' title='bbox 947 3130 1170 3197; x_wconf 83' lang='lat' dir='ltr'><strong>abolito,</strong></span> <span class='ocrx_word' id='word_1_454' title='bbox 1217 3128 1311 3185; x_wconf 88' lang='lat' dir='ltr'><strong>sed</strong></span> <span class='ocrx_word' id='word_1_455' title='bbox 1340 3145 1405 3185; x_wconf 77' lang='lat' dir='ltr'><strong>ex</strong></span> <span class='ocrx_word' id='word_1_456' title='bbox 1437 3129 1823 3186; x_wconf 83' lang='lat' dir='ltr'><strong>clariﬁcatione</strong></span> <span class='ocrx_word' id='word_1_457' title='bbox 1850 3143 1985 3222; x_wconf 63' lang='lat' dir='ltr'><strong>ctu</strong></span> <span class='ocrx_word' id='word_1_458' title='bbox 2013 3133 2233 3190; x_wconf 90' lang='lat' dir='ltr'><strong>omnino</strong></span> <span class='ocrx_word' id='word_1_459' title='bbox 2257 3133 2666 3205; x_wconf 85' lang='lat' dir='ltr'><strong>perversissime</strong></span> <span class='ocrx_word' id='word_1_460' title='bbox 2690 3133 2828 3189; x_wconf 91' lang='lat' dir='ltr'><strong>dicis</strong></span> <span class='ocrx_word' id='word_1_461' title='bbox 2856 3151 2869 3187; x_wconf 93' lang='lat'>:</span> <span class='ocrx_word' id='word_1_462' title='bbox 2915 3128 3197 3205; x_wconf 82' lang='lat' dir='ltr'><strong>adoptatur</strong></span> <span class='ocrx_word' id='word_1_463' title='bbox 3226 3152 3244 3189; x_wconf 90' lang='lat'><strong><em>:</em></strong></span> <span class='ocrx_word' id='word_1_464' title='bbox 3274 3134 3367 3190; x_wconf 89' lang='lat' dir='ltr'><strong>ubi</strong></span> <span class='ocrx_word' id='word_1_465' title='bbox 3395 3136 3520 3191; x_wconf 85' lang='lat' dir='ltr'><strong>bea-</strong></span> 
     </span>
    </p>
   </div>
   <div class='ocr_carea' id='block_1_61' title="bbox 224 3220 1822 3296">
    <p class='ocr_par' dir='ltr' id='par_1_61' title="bbox 224 3220 1822 3296">
     <span class='ocr_line' id='line_1_61' title="bbox 224 3220 1822 3296; baseline -0.003 -15"><span class='ocrx_word' id='word_1_466' title='bbox 224 3235 461 3282; x_wconf 86' lang='lat' dir='ltr'><strong>mutato.</strong></span> <span class='ocrx_word' id='word_1_467' title='bbox 489 3227 788 3295; x_wconf 88' lang='lat' dir='ltr'><strong>Acquircns</strong></span> <span class='ocrx_word' id='word_1_468' title='bbox 836 3226 937 3281; x_wconf 90' lang='lat' dir='ltr'><strong>sibi</strong></span> <span class='ocrx_word' id='word_1_469' title='bbox 974 3238 1038 3279; x_wconf 90' lang='lat' dir='ltr'><strong>eo</strong></span> <span class='ocrx_word' id='word_1_470' title='bbox 1069 3222 1232 3296; x_wconf 56' lang='lat'><strong>[11511,</strong></span> <span class='ocrx_word' id='word_1_471' title='bbox 1261 3220 1393 3293; x_wconf 87' lang='lat' dir='ltr'><strong>Deo]</strong></span> <span class='ocrx_word' id='word_1_472' title='bbox 1442 3222 1621 3291; x_wconf 88' lang='lat' dir='ltr'><strong>potius</strong></span> <span class='ocrx_word' id='word_1_473' title='bbox 1648 3221 1822 3276; x_wconf 86' lang='lat' dir='ltr'><strong>homi-</strong></span> 
     </span>
    </p>
   </div>
   <div class='ocr_carea' id='block_1_62' title="bbox 226 3315 1826 3390">
    <p class='ocr_par' dir='ltr' id='par_1_62' title="bbox 226 3315 1826 3390">
     <span class='ocr_line' id='line_1_62' title="bbox 226 3315 1826 3390; baseline -0.002 -16"><span class='ocrx_word' id='word_1_474' title='bbox 226 3334 377 3384; x_wconf 89' lang='lat' dir='ltr'><strong>nem,</strong></span> <span class='ocrx_word' id='word_1_475' title='bbox 411 3336 573 3390; x_wconf 89' lang='lat' dir='ltr'><strong>quam</strong></span> <span class='ocrx_word' id='word_1_476' title='bbox 602 3319 769 3374; x_wconf 86' lang='lat' dir='ltr'><strong>Deum</strong></span> <span class='ocrx_word' id='word_1_477' title='bbox 796 3336 894 3390; x_wconf 91' lang='lat' dir='ltr'><strong>per</strong></span> <span class='ocrx_word' id='word_1_478' title='bbox 921 3316 1195 3374; x_wconf 86' lang='lat' dir='ltr'><strong>hominem</strong></span> <span class='ocrx_word' id='word_1_479' title='bbox 1222 3318 1476 3372; x_wconf 86' lang='lat' dir='ltr'><strong>amittens</strong></span> <span class='ocrx_word' id='word_1_480' title='bbox 1502 3335 1514 3369; x_wconf 91' lang='lat'><strong>:</strong></span> <span class='ocrx_word' id='word_1_481' title='bbox 1551 3315 1826 3384; x_wconf 85' lang='lat' dir='ltr'><strong>subjectus</strong></span> 
     </span>
    </p>
   </div>
   <div class='ocr_carea' id='block_1_63' title="bbox 224 3406 1825 3475">
    <p class='ocr_par' dir='ltr' id='par_1_63' title="bbox 224 3406 1825 3475">
     <span class='ocr_line' id='line_1_63' title="bbox 224 3406 1825 3475; baseline -0.003 -11"><span class='ocrx_word' id='word_1_482' title='bbox 224 3422 365 3465; x_wconf 81' lang='lat' dir='ltr'><strong>vero</strong></span> <span class='ocrx_word' id='word_1_483' title='bbox 386 3410 456 3465; x_wconf 92' lang='lat' dir='ltr'><strong>ob</strong></span> <span class='ocrx_word' id='word_1_484' title='bbox 487 3412 558 3475; x_wconf 88' lang='lat' dir='ltr'><strong>id,</strong></span> <span class='ocrx_word' id='word_1_485' title='bbox 600 3426 705 3465; x_wconf 90' lang='lat' dir='ltr'><strong>non</strong></span> <span class='ocrx_word' id='word_1_486' title='bbox 735 3418 794 3464; x_wconf 98' lang='grc' dir='ltr'><strong>ιιι</strong></span> <span class='ocrx_word' id='word_1_487' title='bbox 826 3427 933 3465; x_wconf 87' lang='grc' dir='ltr'>ιιοιι</span> <span class='ocrx_word' id='word_1_488' title='bbox 980 3410 1072 3475; x_wconf 89' lang='lat' dir='ltr'><strong>sit,</strong></span> <span class='ocrx_word' id='word_1_489' title='bbox 1108 3408 1202 3463; x_wconf 90' lang='lat' dir='ltr'><strong>sed</strong></span> <span class='ocrx_word' id='word_1_490' title='bbox 1250 3416 1310 3463; x_wconf 91' lang='lat' dir='ltr'><strong>ut</strong></span> <span class='ocrx_word' id='word_1_491' title='bbox 1342 3406 1521 3462; x_wconf 91' lang='lat' dir='ltr'><strong>omnia</strong></span> <span class='ocrx_word' id='word_1_492' title='bbox 1553 3408 1607 3459; x_wconf 90' lang='lat' dir='ltr'><strong>in</strong></span> <span class='ocrx_word' id='word_1_493' title='bbox 1651 3406 1825 3460; x_wconf 90' lang='lat' dir='ltr'><strong>omni-</strong></span> 
     </span>
    </p>
   </div>
   <div class='ocr_carea' id='block_1_64' title="bbox 224 3496 1825 3571">
    <p class='ocr_par' dir='ltr' id='par_1_64' title="bbox 224 3496 1825 3571">
     <span class='ocr_line' id='line_1_64' title="bbox 224 3496 1825 3571; baseline -0.003 -15"><span class='ocrx_word' id='word_1_494' title='bbox 224 3502 334 3556; x_wconf 86' lang='lat' dir='ltr'><strong>bus</strong></span> <span class='ocrx_word' id='word_1_495' title='bbox 386 3500 527 3555; x_wconf 88' lang='lat' dir='ltr'><strong>Deus</strong></span> <span class='ocrx_word' id='word_1_496' title='bbox 569 3501 657 3555; x_wconf 89' lang='lat' dir='ltr'><strong>sit.</strong></span> <span class='ocrx_word' id='word_1_497' title='bbox 693 3522 711 3553; x_wconf 77' lang='grc' dir='ltr'><strong>ι</strong></span> <span class='ocrx_word' id='word_1_498' title='bbox 757 3501 890 3555; x_wconf 88' lang='lat' dir='ltr'><strong>Item</strong></span> <span class='ocrx_word' id='word_1_499' title='bbox 934 3496 1096 3571; x_wconf 87' lang='lat' dir='ltr'><strong>paulo</strong></span> <span class='ocrx_word' id='word_1_500' title='bbox 1144 3508 1265 3569; x_wconf 88' lang='lat' dir='ltr'><strong>post</strong></span> <span class='ocrx_word' id='word_1_501' title='bbox 1315 3498 1382 3553; x_wconf 90' lang='lat' dir='ltr'><strong>de</strong></span> <span class='ocrx_word' id='word_1_502' title='bbox 1436 3496 1825 3553; x_wconf 84' lang='lat' dir='ltr'><strong>clariﬁcatione</strong></span> 
     </span>
    </p>
   </div>
   <div class='ocr_carea' id='block_1_65' title="bbox 226 3590 1822 3663">
    <p class='ocr_par' dir='ltr' id='par_1_65' title="bbox 226 3590 1822 3663">
     <span class='ocr_line' id='line_1_65' title="bbox 226 3590 1822 3663; baseline -0.001 -18"><span class='ocrx_word' id='word_1_503' title='bbox 226 3592 404 3662; x_wconf 87' lang='lat' dir='ltr'><strong>ipsius</strong></span> <span class='ocrx_word' id='word_1_504' title='bbox 426 3590 661 3658; x_wconf 84' lang='lat' dir='ltr'><strong>Domini,</strong></span> <span class='ocrx_word' id='word_1_505' title='bbox 688 3606 791 3662; x_wconf 89' lang='lat' dir='ltr'><strong>qua</strong></span> <span class='ocrx_word' id='word_1_506' title='bbox 833 3607 891 3646; x_wconf 90' lang='lat' dir='ltr'><strong>se</strong></span> <span class='ocrx_word' id='word_1_507' title='bbox 918 3592 969 3645; x_wconf 92' lang='lat' dir='ltr'><strong>in</strong></span> <span class='ocrx_word' id='word_1_508' title='bbox 998 3591 1286 3663; x_wconf 85' lang='lat' dir='ltr'><strong>Evangelio</strong></span> <span class='ocrx_word' id='word_1_509' title='bbox 1316 3591 1637 3647; x_wconf 77' lang='lat' dir='ltr'><strong>testificatur</strong></span> <span class='ocrx_word' id='word_1_510' title='bbox 1661 3590 1822 3645; x_wconf 90' lang='lat' dir='ltr'><strong>clari-</strong></span> 
     </span>
    </p>
   </div>
   <div class='ocr_carea' id='block_1_66' title="bbox 226 3680 1825 3755">
    <p class='ocr_par' dir='ltr' id='par_1_66' title="bbox 226 3680 1825 3755">
     <span class='ocr_line' id='line_1_66' title="bbox 226 3680 1825 3755; baseline 0.001 -19"><span class='ocrx_word' id='word_1_511' title='bbox 226 3682 507 3737; x_wconf 78' lang='lat' dir='ltr'><strong>ﬁcandum</strong></span> <span class='ocrx_word' id='word_1_512' title='bbox 537 3698 677 3749; x_wconf 89' lang='lat' dir='ltr'><strong>esse,</strong></span> <span class='ocrx_word' id='word_1_513' title='bbox 711 3684 802 3739; x_wconf 91' lang='lat' dir='ltr'><strong>ubi</strong></span> <span class='ocrx_word' id='word_1_514' title='bbox 851 3680 964 3738; x_wconf 87' lang='lat' dir='ltr'><strong>ait:</strong></span> <span class='ocrx_word' id='word_1_515' title='bbox 998 3683 1155 3739; x_wconf 81' lang='lat' dir='ltr'><strong>Nunc</strong></span> <span class='ocrx_word' id='word_1_516' title='bbox 1198 3683 1522 3755; x_wconf 82' lang='lat' dir='ltr'><strong>gloriﬁcatus</strong></span> <span class='ocrx_word' id='word_1_517' title='bbox 1560 3690 1637 3738; x_wconf 87' lang='lat' dir='ltr'><strong>est</strong></span> <span class='ocrx_word' id='word_1_518' title='bbox 1680 3681 1825 3753; x_wconf 81' lang='lat' dir='ltr'><strong>ﬁlius</strong></span> 
     </span>
    </p>
   </div>
   <div class='ocr_carea' id='block_1_67' title="bbox 225 3772 1828 3845">
    <p class='ocr_par' dir='ltr' id='par_1_67' title="bbox 225 3772 1828 3845">
     <span class='ocr_line' id='line_1_67' title="bbox 225 3772 1828 3845; baseline 0.002 -18"><span class='ocrx_word' id='word_1_519' title='bbox 225 3772 459 3827; x_wconf 75' lang='lat' dir='ltr'><strong>hominis</strong></span> <span class='ocrx_word' id='word_1_520' title='bbox 513 3772 694 3844; x_wconf 86' lang='lat' dir='ltr'><strong>(Joan.</strong></span> <span class='ocrx_word' id='word_1_521' title='bbox 728 3790 849 3840; x_wconf 80' lang='lat' dir='ltr'><strong>xm,</strong></span> <span class='ocrx_word' id='word_1_522' title='bbox 885 3774 995 3845; x_wconf 80' lang='grc'><strong>51).</strong></span> <span class='ocrx_word' id='word_1_523' title='bbox 1026 3794 1044 3825; x_wconf 83' lang='grc'><strong><em>‹</em></strong></span> <span class='ocrx_word' id='word_1_524' title='bbox 1096 3772 1429 3829; x_wconf 82' lang='lat' dir='ltr'><strong>Glorificavit</strong></span> <span class='ocrx_word' id='word_1_525' title='bbox 1462 3791 1602 3838; x_wconf 91' lang='lat' dir='ltr'><strong>eum,</strong></span> <span class='ocrx_word' id='word_1_526' title='bbox 1652 3776 1828 3845; x_wconf 84' lang='lat' dir='ltr'><strong>inquit</strong></span> 
     </span>
    </p>
   </div>
   <div class='ocr_carea' id='block_1_68' title="bbox 224 3862 1823 3938">
    <p class='ocr_par' dir='ltr' id='par_1_68' title="bbox 224 3862 1823 3938">
     <span class='ocr_line' id='line_1_68' title="bbox 224 3862 1823 3938; baseline 0.003 -21"><span class='ocrx_word' id='word_1_527' title='bbox 224 3862 418 3938; x_wconf 74' lang='lat' dir='ltr'><strong>(Num.</strong></span> <span class='ocrx_word' id='word_1_528' title='bbox 447 3865 558 3936; x_wconf 60' lang='lat'><strong>42),</strong></span> <span class='ocrx_word' id='word_1_529' title='bbox 590 3862 645 3920; x_wconf 91' lang='lat' dir='ltr'><strong>in</strong></span> <span class='ocrx_word' id='word_1_530' title='bbox 674 3881 731 3921; x_wconf 89' lang='lat' dir='ltr'><strong>se</strong></span> <span class='ocrx_word' id='word_1_531' title='bbox 758 3868 920 3932; x_wconf 89' lang='lat' dir='ltr'><strong>Deus,</strong></span> <span class='ocrx_word' id='word_1_532' title='bbox 951 3875 1011 3921; x_wconf 89' lang='lat' dir='ltr'><strong>ut</strong></span> <span class='ocrx_word' id='word_1_533' title='bbox 1033 3866 1157 3936; x_wconf 87' lang='lat' dir='ltr'><strong>quia</strong></span> <span class='ocrx_word' id='word_1_534' title='bbox 1194 3866 1305 3935; x_wconf 89' lang='lat' dir='ltr'><strong>jam</strong></span> <span class='ocrx_word' id='word_1_535' title='bbox 1350 3876 1539 3937; x_wconf 82' lang='lat' dir='ltr'><strong>regnat</strong></span> <span class='ocrx_word' id='word_1_536' title='bbox 1558 3866 1612 3920; x_wconf 93' lang='lat' dir='ltr'><strong>in</strong></span> <span class='ocrx_word' id='word_1_537' title='bbox 1635 3866 1823 3938; x_wconf 87' lang='lat' dir='ltr'><strong>gloria,</strong></span> 
     </span>
    </p>
   </div>
   <div class='ocr_carea' id='block_1_69' title="bbox 226 3952 1825 4029">
    <p class='ocr_par' dir='ltr' id='par_1_69' title="bbox 226 3952 1825 4029">
     <span class='ocr_line' id='line_1_69' title="bbox 226 3952 1825 4029; baseline 0.001 -20"><span class='ocrx_word' id='word_1_538' title='bbox 226 3971 360 4027; x_wconf 62' lang='lat' dir='ltr'><strong>quae</strong></span> <span class='ocrx_word' id='word_1_539' title='bbox 381 3970 447 4010; x_wconf 78' lang='lat' dir='ltr'><strong>ex</strong></span> <span class='ocrx_word' id='word_1_540' title='bbox 492 3952 584 4011; x_wconf 90' lang='lat' dir='ltr'><strong>Dei</strong></span> <span class='ocrx_word' id='word_1_541' title='bbox 634 3956 802 4027; x_wconf 88' lang='lat' dir='ltr'><strong>gloria</strong></span> <span class='ocrx_word' id='word_1_542' title='bbox 842 3964 943 4021; x_wconf 89' lang='lat' dir='ltr'><strong>est,</strong></span> <span class='ocrx_word' id='word_1_543' title='bbox 977 3957 1090 4027; x_wconf 84' lang='lat' dir='ltr'><strong>ipse</strong></span> <span class='ocrx_word' id='word_1_544' title='bbox 1135 3958 1331 4013; x_wconf 75' lang='lat' dir='ltr'><strong>exinde</strong></span> <span class='ocrx_word' id='word_1_545' title='bbox 1361 3958 1416 4012; x_wconf 92' lang='lat' dir='ltr'><strong>in</strong></span> <span class='ocrx_word' id='word_1_546' title='bbox 1463 3956 1557 4011; x_wconf 89' lang='lat' dir='ltr'><strong>Dei</strong></span> <span class='ocrx_word' id='word_1_547' title='bbox 1598 3958 1825 4029; x_wconf 89' lang='lat' dir='ltr'><strong>gloriam</strong></span> 
     </span>
    </p>
   </div>
   <div class='ocr_carea' id='block_1_70' title="bbox 224 4042 1821 4115">
    <p class='ocr_par' dir='ltr' id='par_1_70' title="bbox 224 4042 1821 4115">
     <span class='ocr_line' id='line_1_70' title="bbox 224 4042 1821 4115; baseline -0.001 -14"><span class='ocrx_word' id='word_1_548' title='bbox 224 4053 479 4101; x_wconf 79' lang='lat' dir='ltr'><strong>transeat</strong></span> <span class='ocrx_word' id='word_1_549' title='bbox 505 4062 519 4109; x_wconf 92' lang='lat'><strong>;</strong></span> <span class='ocrx_word' id='word_1_550' title='bbox 552 4046 603 4099; x_wconf 92' lang='lat' dir='ltr'><strong>in</strong></span> <span class='ocrx_word' id='word_1_551' title='bbox 631 4061 688 4099; x_wconf 89' lang='lat' dir='ltr'><strong>se</strong></span> <span class='ocrx_word' id='word_1_552' title='bbox 717 4047 859 4099; x_wconf 90' lang='lat' dir='ltr'><strong>enim</strong></span> <span class='ocrx_word' id='word_1_553' title='bbox 910 4042 1050 4101; x_wconf 88' lang='lat' dir='ltr'><strong>Deus</strong></span> <span class='ocrx_word' id='word_1_554' title='bbox 1078 4062 1202 4100; x_wconf 91' lang='lat' dir='ltr'><strong>eum</strong></span> <span class='ocrx_word' id='word_1_555' title='bbox 1247 4044 1589 4115; x_wconf 83' lang='lat' dir='ltr'><strong>gloriﬁcavit,</strong></span> <span class='ocrx_word' id='word_1_556' title='bbox 1640 4047 1693 4101; x_wconf 90' lang='lat' dir='ltr'><strong>id</strong></span> <span class='ocrx_word' id='word_1_557' title='bbox 1722 4052 1821 4110; x_wconf 90' lang='lat' dir='ltr'><strong>est,</strong></span> 
     </span>
    </p>
   </div>
   <div class='ocr_carea' id='block_1_71' title="bbox 224 4136 1827 4207">
    <p class='ocr_par' dir='ltr' id='par_1_71' title="bbox 224 4136 1827 4207">
     <span class='ocr_line' id='line_1_71' title="bbox 224 4136 1827 4207; baseline -0.001 -15"><span class='ocrx_word' id='word_1_558' title='bbox 224 4136 287 4192; x_wconf 85' lang='lat' dir='ltr'><strong>in</strong></span> <span class='ocrx_word' id='word_1_559' title='bbox 314 4150 382 4190; x_wconf 84' lang='lat' dir='ltr'><strong>ea</strong></span> <span class='ocrx_word' id='word_1_560' title='bbox 412 4144 599 4191; x_wconf 89' lang='lat' dir='ltr'><strong>natura</strong></span> <span class='ocrx_word' id='word_1_561' title='bbox 627 4152 732 4206; x_wconf 89' lang='lat' dir='ltr'><strong>qua</strong></span> <span class='ocrx_word' id='word_1_562' title='bbox 762 4136 902 4192; x_wconf 90' lang='lat' dir='ltr'><strong>Deus</strong></span> <span class='ocrx_word' id='word_1_563' title='bbox 928 4144 1011 4192; x_wconf 91' lang='lat' dir='ltr'><strong>est</strong></span> <span class='ocrx_word' id='word_1_564' title='bbox 1051 4138 1194 4207; x_wconf 90' lang='lat' dir='ltr'><strong>quod</strong></span> <span class='ocrx_word' id='word_1_565' title='bbox 1219 4146 1321 4205; x_wconf 89' lang='lat' dir='ltr'><strong>est,</strong></span> <span class='ocrx_word' id='word_1_566' title='bbox 1352 4146 1409 4191; x_wconf 90' lang='lat' dir='ltr'><strong>ut</strong></span> <span class='ocrx_word' id='word_1_567' title='bbox 1439 4139 1509 4193; x_wconf 87' lang='lat' dir='ltr'><strong>sit</strong></span> <span class='ocrx_word' id='word_1_568' title='bbox 1532 4136 1681 4193; x_wconf 87' lang='lat' dir='ltr'><strong>Deus</strong></span> <span class='ocrx_word' id='word_1_569' title='bbox 1708 4153 1827 4193; x_wconf 90' lang='lat' dir='ltr'><strong>om-</strong></span> 
     </span>
    </p>
   </div>
   <div class='ocr_carea' id='block_1_72' title="bbox 225 4224 1830 4299">
    <p class='ocr_par' dir='ltr' id='par_1_72' title="bbox 225 4224 1830 4299">
     <span class='ocr_line' id='line_1_72' title="bbox 225 4224 1830 4299; baseline -0.001 -16"><span class='ocrx_word' id='word_1_570' title='bbox 225 4224 325 4283; x_wconf 81' lang='lat' dir='ltr'><strong>nia</strong></span> <span class='ocrx_word' id='word_1_571' title='bbox 356 4225 411 4279; x_wconf 90' lang='lat' dir='ltr'><strong>in</strong></span> <span class='ocrx_word' id='word_1_572' title='bbox 436 4226 706 4281; x_wconf 90' lang='lat' dir='ltr'><strong>omnibus.</strong></span> <span class='ocrx_word' id='word_1_573' title='bbox 740 4246 758 4278; x_wconf 75' lang='grc' dir='ltr'><strong>ι</strong></span> <span class='ocrx_word' id='word_1_574' title='bbox 810 4226 940 4281; x_wconf 84' lang='lat' dir='ltr'><strong>item</strong></span> <span class='ocrx_word' id='word_1_575' title='bbox 984 4228 1145 4297; x_wconf 90' lang='lat' dir='ltr'><strong>paulo</strong></span> <span class='ocrx_word' id='word_1_576' title='bbox 1173 4234 1295 4298; x_wconf 90' lang='lat' dir='ltr'><strong>post</strong></span> <span class='ocrx_word' id='word_1_577' title='bbox 1342 4227 1523 4299; x_wconf 87' lang='lat' dir='ltr'><strong>(Num.</strong></span> <span class='ocrx_word' id='word_1_578' title='bbox 1549 4227 1639 4299; x_wconf 75' lang='grc'><strong>45)</strong></span> <span class='ocrx_word' id='word_1_579' title='bbox 1666 4245 1679 4282; x_wconf 90' lang='lat'>:</span> <span class='ocrx_word' id='word_1_580' title='bbox 1711 4246 1728 4278; x_wconf 84' lang='grc' dir='ltr'><strong>ι</strong></span> <span class='ocrx_word' id='word_1_581' title='bbox 1762 4228 1830 4281; x_wconf 88' lang='grc' dir='ltr'>Ει</span> 
     </span>
    </p>
   </div>
   <div class='ocr_carea' id='block_1_73' title="bbox 227 4316 1829 4389">
    <p class='ocr_par' dir='ltr' id='par_1_73' title="bbox 227 4316 1829 4389">
     <span class='ocr_line' id='line_1_73' title="bbox 227 4316 1829 4389; baseline -0.001 -15"><span class='ocrx_word' id='word_1_582' title='bbox 227 4319 287 4374; x_wconf 90' lang='lat' dir='ltr'><strong>in</strong></span> <span class='ocrx_word' id='word_1_583' title='bbox 318 4333 388 4373; x_wconf 87' lang='lat' dir='ltr'><strong>eo</strong></span> <span class='ocrx_word' id='word_1_584' title='bbox 421 4319 658 4387; x_wconf 89' lang='lat' dir='ltr'><strong>quidem,</strong></span> <span class='ocrx_word' id='word_1_585' title='bbox 703 4320 799 4385; x_wconf 87' lang='lat' dir='ltr'><strong>ait,</strong></span> <span class='ocrx_word' id='word_1_586' title='bbox 834 4328 1033 4389; x_wconf 87' lang='lat' dir='ltr'><strong>quanta</strong></span> <span class='ocrx_word' id='word_1_587' title='bbox 1074 4318 1274 4375; x_wconf 83' lang='lat' dir='ltr'><strong>furoris</strong></span> <span class='ocrx_word' id='word_1_588' title='bbox 1312 4316 1553 4375; x_wconf 64' lang='lat' dir='ltr'><strong>haeretici</strong></span> <span class='ocrx_word' id='word_1_589' title='bbox 1600 4316 1829 4376; x_wconf 81' lang='lat' dir='ltr'><strong>stultitia</strong></span> 
     </span>
    </p>
   </div>
   <div class='ocr_carea' id='block_1_74' title="bbox 224 4408 1826 4482">
    <p class='ocr_par' dir='ltr' id='par_1_74' title="bbox 224 4408 1826 4482">
     <span class='ocr_line' id='line_1_74' title="bbox 224 4408 1826 4482; baseline 0.001 -17"><span class='ocrx_word' id='word_1_590' title='bbox 224 4418 339 4473; x_wconf 83' lang='lat' dir='ltr'><strong>est,</strong></span> <span class='ocrx_word' id='word_1_591' title='bbox 373 4410 660 4478; x_wconf 86' lang='lat' dir='ltr'><strong>desperare</strong></span> <span class='ocrx_word' id='word_1_592' title='bbox 684 4410 737 4465; x_wconf 91' lang='lat' dir='ltr'><strong>id</strong></span> <span class='ocrx_word' id='word_1_593' title='bbox 765 4408 830 4466; x_wconf 84' lang='lat' dir='ltr'><strong>de</strong></span> <span class='ocrx_word' id='word_1_594' title='bbox 856 4412 985 4478; x_wconf 91' lang='lat' dir='ltr'><strong>Deo,</strong></span> <span class='ocrx_word' id='word_1_595' title='bbox 1018 4412 1160 4481; x_wconf 92' lang='lat' dir='ltr'><strong>quod</strong></span> <span class='ocrx_word' id='word_1_596' title='bbox 1190 4413 1440 4467; x_wconf 90' lang='lat' dir='ltr'><strong>humanis</strong></span> <span class='ocrx_word' id='word_1_597' title='bbox 1466 4411 1578 4467; x_wconf 90' lang='lat' dir='ltr'><strong>suis</strong></span> <span class='ocrx_word' id='word_1_598' title='bbox 1599 4408 1826 4482; x_wconf 89' lang='lat' dir='ltr'><strong>pedibus</strong></span> 
     </span>
    </p>
   </div>
   <div class='ocr_carea' id='block_1_75' title="bbox 1928 3220 3522 3297">
    <p class='ocr_par' dir='ltr' id='par_1_75' title="bbox 1928 3220 3522 3297">
     <span class='ocr_line' id='line_1_75' title="bbox 1928 3220 3522 3297; baseline 0.003 -20"><span class='ocrx_word' id='word_1_599' title='bbox 1928 3233 2015 3279; x_wconf 91' lang='lat' dir='ltr'><strong>tus</strong></span> <span class='ocrx_word' id='word_1_600' title='bbox 2043 3222 2280 3278; x_wconf 79' lang='lat' dir='ltr'><strong>Hilarius</strong></span> <span class='ocrx_word' id='word_1_601' title='bbox 2307 3223 2405 3289; x_wconf 89' lang='lat' dir='ltr'><strong>ait,</strong></span> <span class='ocrx_word' id='word_1_602' title='bbox 2452 3222 2727 3278; x_wconf 85' lang='lat' dir='ltr'><strong>adoratur.</strong></span> <span class='ocrx_word' id='word_1_603' title='bbox 2779 3220 2975 3279; x_wconf 86' lang='lat' dir='ltr'><strong>Carnis</strong></span> <span class='ocrx_word' id='word_1_604' title='bbox 3012 3222 3263 3295; x_wconf 90' lang='lat' dir='ltr'><strong>equidem</strong></span> <span class='ocrx_word' id='word_1_605' title='bbox 3292 3241 3322 3280; x_wconf 73' lang='grc' dir='ltr'><strong>ιι</strong></span> <span class='ocrx_word' id='word_1_606' title='bbox 3351 3224 3522 3297; x_wconf 79' lang='lat' dir='ltr'><strong>Magis</strong></span> 
     </span>
    </p>
   </div>
   <div class='ocr_carea' id='block_1_76' title="bbox 1926 3314 3522 3389">
    <p class='ocr_par' dir='ltr' id='par_1_76' title="bbox 1926 3314 3522 3389">
     <span class='ocr_line' id='line_1_76' title="bbox 1926 3314 3522 3389; baseline 0.002 -17"><span class='ocrx_word' id='word_1_607' title='bbox 1926 3316 2203 3372; x_wconf 77' lang='lat' dir='ltr'><strong>hmni‘jtas</strong></span> <span class='ocrx_word' id='word_1_608' title='bbox 2224 3316 2447 3373; x_wconf 85' lang='lat' dir='ltr'><strong>adorata</strong></span> <span class='ocrx_word' id='word_1_609' title='bbox 2467 3325 2569 3382; x_wconf 90' lang='lat' dir='ltr'><strong>est,</strong></span> <span class='ocrx_word' id='word_1_610' title='bbox 2589 3326 2645 3371; x_wconf 90' lang='lat' dir='ltr'><strong>et</strong></span> <span class='ocrx_word' id='word_1_611' title='bbox 2666 3314 2911 3388; x_wconf 86' lang='lat' dir='ltr'><strong>mysticis</strong></span> <span class='ocrx_word' id='word_1_612' title='bbox 2928 3334 3213 3373; x_wconf 89' lang='lat' dir='ltr'><strong>munerum</strong></span> <span class='ocrx_word' id='word_1_613' title='bbox 3237 3319 3522 3389; x_wconf 76' lang='lat' dir='ltr'><strong>speciebus</strong></span> 
     </span>
    </p>
   </div>
   <div class='ocr_carea' id='block_1_77' title="bbox 1927 3406 3517 3480">
    <p class='ocr_par' dir='ltr' id='par_1_77' title="bbox 1927 3406 3517 3480">
     <span class='ocr_line' id='line_1_77' title="bbox 1927 3406 3517 3480; baseline 0.003 -18"><span class='ocrx_word' id='word_1_614' title='bbox 1927 3409 2208 3473; x_wconf 89' lang='lat' dir='ltr'><strong>honorata,</strong></span> <span class='ocrx_word' id='word_1_615' title='bbox 2238 3424 2343 3463; x_wconf 91' lang='lat' dir='ltr'><strong>non</strong></span> <span class='ocrx_word' id='word_1_616' title='bbox 2367 3406 2620 3479; x_wconf 87' lang='lat' dir='ltr'><strong>adoptata</strong></span> <span class='ocrx_word' id='word_1_617' title='bbox 2644 3425 2659 3461; x_wconf 90' lang='lat'><strong>:</strong></span> <span class='ocrx_word' id='word_1_618' title='bbox 2706 3406 2849 3477; x_wconf 87' lang='lat' dir='ltr'><strong>quod</strong></span> <span class='ocrx_word' id='word_1_619' title='bbox 2876 3409 3162 3480; x_wconf 89' lang='lat' dir='ltr'><strong>perspicue</strong></span> <span class='ocrx_word' id='word_1_620' title='bbox 3189 3424 3256 3465; x_wconf 81' lang='lat' dir='ltr'><strong>ex</strong></span> <span class='ocrx_word' id='word_1_621' title='bbox 3298 3418 3517 3468; x_wconf 87' lang='lat' dir='ltr'><strong>antece-</strong></span> 
     </span>
    </p>
   </div>
   <div class='ocr_carea' id='block_1_78' title="bbox 1927 3497 3522 3571">
    <p class='ocr_par' dir='ltr' id='par_1_78' title="bbox 1927 3497 3522 3571">
     <span class='ocr_line' id='line_1_78' title="bbox 1927 3497 3522 3571; baseline 0.001 -16"><span class='ocrx_word' id='word_1_622' title='bbox 1927 3499 2176 3555; x_wconf 88' lang='lat' dir='ltr'><strong>dentibus</strong></span> <span class='ocrx_word' id='word_1_623' title='bbox 2200 3500 2380 3555; x_wconf 90' lang='lat' dir='ltr'><strong>verbis</strong></span> <span class='ocrx_word' id='word_1_624' title='bbox 2408 3499 2651 3571; x_wconf 89' lang='lat' dir='ltr'><strong>ejusdem</strong></span> <span class='ocrx_word' id='word_1_625' title='bbox 2689 3498 2929 3555; x_wconf 87' lang='lat' dir='ltr'><strong>doctoris</strong></span> <span class='ocrx_word' id='word_1_626' title='bbox 2952 3497 3183 3571; x_wconf 82' lang='lat' dir='ltr'><strong>intelligi</strong></span> <span class='ocrx_word' id='word_1_627' title='bbox 3202 3506 3397 3570; x_wconf 86' lang='lat' dir='ltr'><strong>potest,</strong></span> <span class='ocrx_word' id='word_1_628' title='bbox 3428 3502 3522 3557; x_wconf 90' lang='lat' dir='ltr'><strong>ubi</strong></span> 
     </span>
    </p>
   </div>
   <div class='ocr_carea' id='block_1_79' title="bbox 1928 3588 3515 3663">
    <p class='ocr_par' dir='ltr' id='par_1_79' title="bbox 1928 3588 3515 3663">
     <span class='ocr_line' id='line_1_79' title="bbox 1928 3588 3515 3663; baseline 0.001 -18"><span class='ocrx_word' id='word_1_629' title='bbox 1928 3592 2023 3656; x_wconf 89' lang='lat' dir='ltr'><strong>ait,</strong></span> <span class='ocrx_word' id='word_1_630' title='bbox 2049 3590 2189 3663; x_wconf 90' lang='lat' dir='ltr'><strong>quod</strong></span> <span class='ocrx_word' id='word_1_631' title='bbox 2216 3599 2272 3648; x_wconf 89' lang='lat' dir='ltr'><strong>tu</strong></span> <span class='ocrx_word' id='word_1_632' title='bbox 2301 3592 2413 3663; x_wconf 89' lang='lat' dir='ltr'><strong>ipse</strong></span> <span class='ocrx_word' id='word_1_633' title='bbox 2445 3592 2690 3663; x_wconf 88' lang='lat' dir='ltr'><strong>posuisti,</strong></span> <span class='ocrx_word' id='word_1_634' title='bbox 2722 3593 2779 3646; x_wconf 85' lang='lat' dir='ltr'><strong>in</strong></span> <span class='ocrx_word' id='word_1_635' title='bbox 2801 3592 2991 3663; x_wconf 81' lang='lat' dir='ltr'><strong>pannis</strong></span> <span class='ocrx_word' id='word_1_636' title='bbox 3021 3590 3192 3647; x_wconf 83' lang='lat' dir='ltr'><strong>adhuc</strong></span> <span class='ocrx_word' id='word_1_637' title='bbox 3218 3588 3361 3648; x_wconf 84' lang='lat' dir='ltr'><strong>Deus</strong></span> <span class='ocrx_word' id='word_1_638' title='bbox 3382 3589 3515 3647; x_wconf 82' lang='lat' dir='ltr'><strong>ado-</strong></span> 
     </span>
    </p>
   </div>
   <div class='ocr_carea' id='block_1_80' title="bbox 1926 3679 3520 3755">
    <p class='ocr_par' dir='ltr' id='par_1_80' title="bbox 1926 3679 3520 3755">
     <span class='ocr_line' id='line_1_80' title="bbox 1926 3679 3520 3755; baseline 0.003 -20"><span class='ocrx_word' id='word_1_639' title='bbox 1926 3691 2095 3735; x_wconf 84' lang='lat' dir='ltr'><strong>ratur.</strong></span> <span class='ocrx_word' id='word_1_640' title='bbox 2124 3680 2266 3736; x_wconf 86' lang='lat' dir='ltr'><strong>Idem</strong></span> <span class='ocrx_word' id='word_1_641' title='bbox 2297 3680 2431 3751; x_wconf 89' lang='lat' dir='ltr'><strong>ipse,</strong></span> <span class='ocrx_word' id='word_1_642' title='bbox 2460 3682 2551 3751; x_wconf 91' lang='lat' dir='ltr'><strong>qui</strong></span> <span class='ocrx_word' id='word_1_643' title='bbox 2584 3682 2636 3738; x_wconf 93' lang='lat' dir='ltr'><strong>in</strong></span> <span class='ocrx_word' id='word_1_644' title='bbox 2681 3680 2961 3738; x_wconf 87' lang='lat' dir='ltr'><strong>cunabulis</strong></span> <span class='ocrx_word' id='word_1_645' title='bbox 2992 3679 3184 3751; x_wconf 78' lang='lat' dir='ltr'><strong>iacuit,</strong></span> <span class='ocrx_word' id='word_1_646' title='bbox 3215 3680 3283 3738; x_wconf 91' lang='lat' dir='ltr'><strong>ab</strong></span> <span class='ocrx_word' id='word_1_647' title='bbox 3310 3680 3520 3755; x_wconf 87' lang='lat' dir='ltr'><strong>angelis</strong></span> 
     </span>
    </p>
   </div>
   <div class='ocr_carea' id='block_1_81' title="bbox 1927 3768 3522 3845">
    <p class='ocr_par' dir='ltr' id='par_1_81' title="bbox 1927 3768 3522 3845">
     <span class='ocr_line' id='line_1_81' title="bbox 1927 3768 3522 3845; baseline 0.001 -18"><span class='ocrx_word' id='word_1_648' title='bbox 1927 3768 2174 3827; x_wconf 85' lang='lat' dir='ltr'><strong>Christus</strong></span> <span class='ocrx_word' id='word_1_649' title='bbox 2220 3770 2479 3827; x_wconf 86' lang='lat' dir='ltr'><strong>Dominus</strong></span> <span class='ocrx_word' id='word_1_650' title='bbox 2516 3772 2859 3843; x_wconf 73' lang='lat' dir='ltr'><strong>przedicatur,</strong></span> <span class='ocrx_word' id='word_1_651' title='bbox 2888 3782 2944 3827; x_wconf 91' lang='lat' dir='ltr'><strong>et</strong></span> <span class='ocrx_word' id='word_1_652' title='bbox 2965 3789 2996 3826; x_wconf 88' lang='lat' dir='ltr'><strong>a</strong></span> <span class='ocrx_word' id='word_1_653' title='bbox 3028 3770 3195 3845; x_wconf 83' lang='lat' dir='ltr'><strong>Magis</strong></span> <span class='ocrx_word' id='word_1_654' title='bbox 3220 3770 3362 3829; x_wconf 89' lang='lat' dir='ltr'><strong>Deus</strong></span> <span class='ocrx_word' id='word_1_655' title='bbox 3391 3774 3522 3829; x_wconf 89' lang='lat' dir='ltr'><strong>ado-</strong></span> 
     </span>
    </p>
   </div>
   <div class='ocr_carea' id='block_1_82' title="bbox 1928 3859 3520 3937">
    <p class='ocr_par' dir='ltr' id='par_1_82' title="bbox 1928 3859 3520 3937">
     <span class='ocr_line' id='line_1_82' title="bbox 1928 3859 3520 3937; baseline 0.003 -20"><span class='ocrx_word' id='word_1_656' title='bbox 1928 3869 2099 3927; x_wconf 89' lang='lat' dir='ltr'><strong>ratur,</strong></span> <span class='ocrx_word' id='word_1_657' title='bbox 2129 3879 2233 3918; x_wconf 93' lang='lat' dir='ltr'><strong>non</strong></span> <span class='ocrx_word' id='word_1_658' title='bbox 2269 3880 2299 3919; x_wconf 92' lang='lat' dir='ltr'><strong>a</strong></span> <span class='ocrx_word' id='word_1_659' title='bbox 2320 3862 2481 3919; x_wconf 90' lang='lat' dir='ltr'><strong>Patre</strong></span> <span class='ocrx_word' id='word_1_660' title='bbox 2519 3866 2804 3936; x_wconf 84' lang='lat' dir='ltr'><strong>adeptatur</strong></span> <span class='ocrx_word' id='word_1_661' title='bbox 2834 3864 2888 3919; x_wconf 90' lang='lat' dir='ltr'><strong>in</strong></span> <span class='ocrx_word' id='word_1_662' title='bbox 2918 3864 3134 3919; x_wconf 88' lang='lat' dir='ltr'><strong>Filium.</strong></span> <span class='ocrx_word' id='word_1_663' title='bbox 3182 3859 3240 3918; x_wconf 84' lang='lat' dir='ltr'><strong>in</strong></span> <span class='ocrx_word' id='word_1_664' title='bbox 3265 3881 3375 3937; x_wconf 91' lang='lat' dir='ltr'><strong>quo</strong></span> <span class='ocrx_word' id='word_1_665' title='bbox 3400 3865 3520 3921; x_wconf 89' lang='lat' dir='ltr'><strong>loco</strong></span> 
     </span>
    </p>
   </div>
   <div class='ocr_carea' id='block_1_83' title="bbox 1928 3954 3518 4027">
    <p class='ocr_par' dir='ltr' id='par_1_83' title="bbox 1928 3954 3518 4027">
     <span class='ocr_line' id='line_1_83' title="bbox 1928 3954 3518 4027; baseline 0.001 -18"><span class='ocrx_word' id='word_1_666' title='bbox 1928 3954 2231 4010; x_wconf 81' lang='lat' dir='ltr'><strong>certissime</strong></span> <span class='ocrx_word' id='word_1_667' title='bbox 2261 3957 2325 4011; x_wconf 90' lang='lat' dir='ltr'><strong>de</strong></span> <span class='ocrx_word' id='word_1_668' title='bbox 2356 3955 2631 4027; x_wconf 85' lang='lat' dir='ltr'><strong>Magorum</strong></span> <span class='ocrx_word' id='word_1_669' title='bbox 2671 3954 2985 4013; x_wconf 89' lang='lat' dir='ltr'><strong>adoratione</strong></span> <span class='ocrx_word' id='word_1_670' title='bbox 3031 3956 3173 4012; x_wconf 91' lang='lat' dir='ltr'><strong>idem</strong></span> <span class='ocrx_word' id='word_1_671' title='bbox 3217 3956 3379 4011; x_wconf 88' lang='lat' dir='ltr'><strong>Pater</strong></span> <span class='ocrx_word' id='word_1_672' title='bbox 3425 3954 3518 4012; x_wconf 79' lang='lat' dir='ltr'><strong>Hi-</strong></span> 
     </span>
    </p>
   </div>
   <div class='ocr_carea' id='block_1_84' title="bbox 1927 4042 3518 4118">
    <p class='ocr_par' dir='ltr' id='par_1_84' title="bbox 1927 4042 3518 4118">
     <span class='ocr_line' id='line_1_84' title="bbox 1927 4042 3518 4118; baseline 0.001 -19"><span class='ocrx_word' id='word_1_673' title='bbox 1927 4047 2093 4100; x_wconf 82' lang='lat' dir='ltr'><strong>larius</strong></span> <span class='ocrx_word' id='word_1_674' title='bbox 2121 4044 2379 4118; x_wconf 89' lang='lat' dir='ltr'><strong>disputat,</strong></span> <span class='ocrx_word' id='word_1_675' title='bbox 2408 4062 2513 4103; x_wconf 92' lang='lat' dir='ltr'><strong>non</strong></span> <span class='ocrx_word' id='word_1_676' title='bbox 2538 4046 2603 4102; x_wconf 90' lang='lat' dir='ltr'><strong>de</strong></span> <span class='ocrx_word' id='word_1_677' title='bbox 2642 4054 2868 4117; x_wconf 88' lang='lat' dir='ltr'><strong>paterna</strong></span> <span class='ocrx_word' id='word_1_678' title='bbox 2909 4042 3219 4118; x_wconf 75' lang='lat' dir='ltr'><strong>adoptione,</strong></span> <span class='ocrx_word' id='word_1_679' title='bbox 3258 4062 3421 4118; x_wconf 86' lang='lat' dir='ltr'><strong>quam</strong></span> <span class='ocrx_word' id='word_1_680' title='bbox 3461 4052 3518 4102; x_wconf 91' lang='lat' dir='ltr'><strong>tu</strong></span> 
     </span>
    </p>
   </div>
   <div class='ocr_carea' id='block_1_85' title="bbox 1925 4136 3515 4209">
    <p class='ocr_par' dir='ltr' id='par_1_85' title="bbox 1925 4136 3515 4209">
     <span class='ocr_line' id='line_1_85' title="bbox 1925 4136 3515 4209; baseline 0.001 -16"><span class='ocrx_word' id='word_1_681' title='bbox 1925 4136 2245 4209; x_wconf 87' lang='lat' dir='ltr'><strong>pravissime</strong></span> <span class='ocrx_word' id='word_1_682' title='bbox 2284 4136 2410 4195; x_wconf 91' lang='lat' dir='ltr'><strong>huic</strong></span> <span class='ocrx_word' id='word_1_683' title='bbox 2456 4139 2574 4195; x_wconf 93' lang='lat' dir='ltr'><strong>loco</strong></span> <span class='ocrx_word' id='word_1_684' title='bbox 2622 4138 2861 4196; x_wconf 89' lang='lat' dir='ltr'><strong>inserere</strong></span> <span class='ocrx_word' id='word_1_685' title='bbox 2896 4140 3130 4195; x_wconf 86' lang='lat' dir='ltr'><strong>conaris.</strong></span> <span class='ocrx_word' id='word_1_686' title='bbox 3164 4136 3272 4196; x_wconf 89' lang='lat' dir='ltr'><strong>Sed</strong></span> <span class='ocrx_word' id='word_1_687' title='bbox 3307 4151 3363 4194; x_wconf 84' lang='lat' dir='ltr'><strong>et</strong></span> <span class='ocrx_word' id='word_1_688' title='bbox 3392 4155 3515 4195; x_wconf 91' lang='lat' dir='ltr'><strong>cum</strong></span> 
     </span>
    </p>
   </div>
   <div class='ocr_carea' id='block_1_86' title="bbox 1926 4230 3513 4303">
    <p class='ocr_par' dir='ltr' id='par_1_86' title="bbox 1926 4230 3513 4303">
     <span class='ocr_line' id='line_1_86' title="bbox 1926 4230 3513 4303; baseline -0.001 -15"><span class='ocrx_word' id='word_1_689' title='bbox 1926 4231 2295 4288; x_wconf 89' lang='lat' dir='ltr'><strong>testimonium</strong></span> <span class='ocrx_word' id='word_1_690' title='bbox 2322 4233 2387 4287; x_wconf 90' lang='lat' dir='ltr'><strong>de</strong></span> <span class='ocrx_word' id='word_1_691' title='bbox 2412 4232 2773 4303; x_wconf 89' lang='lat' dir='ltr'><strong>disputatione</strong></span> <span class='ocrx_word' id='word_1_692' title='bbox 2818 4230 2961 4288; x_wconf 90' lang='lat' dir='ltr'><strong>beati</strong></span> <span class='ocrx_word' id='word_1_693' title='bbox 2987 4230 3272 4302; x_wconf 85' lang='lat' dir='ltr'><strong>Augustini</strong></span> <span class='ocrx_word' id='word_1_694' title='bbox 3300 4230 3513 4301; x_wconf 83' lang='lat' dir='ltr'><strong>posuis-</strong></span> 
     </span>
    </p>
   </div>
   <div class='ocr_carea' id='block_1_87' title="bbox 1927 4322 3513 4395">
    <p class='ocr_par' dir='ltr' id='par_1_87' title="bbox 1927 4322 3513 4395">
     <span class='ocr_line' id='line_1_87' title="bbox 1927 4322 3513 4395; baseline 0.001 -15"><span class='ocrx_word' id='word_1_695' title='bbox 1927 4340 2037 4391; x_wconf 86' lang='lat' dir='ltr'><strong>ses,</strong></span> <span class='ocrx_word' id='word_1_696' title='bbox 2066 4340 2229 4394; x_wconf 87' lang='lat' dir='ltr'><strong>quam</strong></span> <span class='ocrx_word' id='word_1_697' title='bbox 2254 4324 2441 4381; x_wconf 87' lang='lat' dir='ltr'><strong>habuit</strong></span> <span class='ocrx_word' id='word_1_698' title='bbox 2469 4340 2593 4381; x_wconf 88' lang='lat' dir='ltr'><strong>cum</strong></span> <span class='ocrx_word' id='word_1_699' title='bbox 2622 4322 2895 4381; x_wconf 83' lang='lat' dir='ltr'><strong>Feliciano</strong></span> <span class='ocrx_word' id='word_1_700' title='bbox 2919 4325 3121 4379; x_wconf 85' lang='lat' dir='ltr'><strong>Ariano</strong></span> <span class='ocrx_word' id='word_1_701' title='bbox 3164 4322 3417 4395; x_wconf 85' lang='lat' dir='ltr'><strong>episcopo</strong></span> <span class='ocrx_word' id='word_1_702' title='bbox 3460 4324 3513 4387; x_wconf 72' lang='grc' dir='ltr'><strong>ι’,</strong></span> 
     </span>
    </p>
   </div>
   <div class='ocr_carea' id='block_1_88' title="bbox 1929 4414 3519 4488">
    <p class='ocr_par' dir='ltr' id='par_1_88' title="bbox 1929 4414 3519 4488">
     <span class='ocr_line' id='line_1_88' title="bbox 1929 4414 3519 4488; baseline -0.003 -14"><span class='ocrx_word' id='word_1_703' title='bbox 1929 4414 2153 4474; x_wconf 87' lang='lat' dir='ltr'><strong>subdola</strong></span> <span class='ocrx_word' id='word_1_704' title='bbox 2194 4416 2483 4475; x_wconf 83' lang='lat' dir='ltr'><strong>calliditate</strong></span> <span class='ocrx_word' id='word_1_705' title='bbox 2530 4418 2774 4488; x_wconf 73' lang='lat' dir='ltr'><strong>quaedam</strong></span> <span class='ocrx_word' id='word_1_706' title='bbox 2808 4416 2862 4472; x_wconf 90' lang='lat' dir='ltr'><strong>in</strong></span> <span class='ocrx_word' id='word_1_707' title='bbox 2905 4416 3081 4473; x_wconf 91' lang='lat' dir='ltr'><strong>media</strong></span> <span class='ocrx_word' id='word_1_708' title='bbox 3118 4418 3387 4471; x_wconf 87' lang='lat' dir='ltr'><strong>sententia</strong></span> <span class='ocrx_word' id='word_1_709' title='bbox 3436 4420 3519 4469; x_wconf 89' lang='lat' dir='ltr'><strong>ta-</strong></span> 
     </span>
    </p>
   </div>
   <div class='ocr_carea' id='block_1_89' title="bbox 229 4500 3513 4579">
    <p class='ocr_par' dir='ltr' id='par_1_89' title="bbox 229 4500 3513 4579">
     <span class='ocr_line' id='line_1_89' title="bbox 229 4500 3513 4579; baseline 0.003 -23"><span class='ocrx_word' id='word_1_710' title='bbox 229 4500 408 4575; x_wconf 76' lang='lat' dir='ltr'><strong>[Leg,.</strong></span> <span class='ocrx_word' id='word_1_711' title='bbox 440 4500 658 4576; x_wconf 88' lang='lat' dir='ltr'><strong>spebus]</strong></span> <span class='ocrx_word' id='word_1_712' title='bbox 683 4503 1098 4575; x_wconf 81' lang='lat' dir='ltr'><strong>blandiaturzet</strong></span> <span class='ocrx_word' id='word_1_713' title='bbox 1117 4506 1259 4576; x_wconf 92' lang='lat' dir='ltr'><strong>quod</strong></span> <span class='ocrx_word' id='word_1_714' title='bbox 1284 4505 1555 4560; x_wconf 89' lang='lat' dir='ltr'><strong>hominem</strong></span> <span class='ocrx_word' id='word_1_715' title='bbox 1582 4503 1753 4577; x_wconf 84' lang='lat' dir='ltr'><strong>[Leg.,</strong></span> <span class='ocrx_word' id='word_1_716' title='bbox 1779 4505 1832 4560; x_wconf 94' lang='lat' dir='ltr'><strong>in</strong></span> <span class='ocrx_word' id='word_1_717' title='bbox 1863 4504 2119 4575; x_wconf 75' lang='lat' dir='ltr'><strong>Dcuisti,</strong></span> <span class='ocrx_word' id='word_1_718' title='bbox 2169 4524 2288 4578; x_wconf 66' lang='lat' dir='ltr'><strong>qua:</strong></span> <span class='ocrx_word' id='word_1_719' title='bbox 2336 4518 2442 4563; x_wconf 61' lang='lat' dir='ltr'><strong>tua:</strong></span> <span class='ocrx_word' id='word_1_720' title='bbox 2485 4508 2628 4579; x_wconf 84' lang='lat' dir='ltr'><strong>parti</strong></span> <span class='ocrx_word' id='word_1_721' title='bbox 2669 4507 2919 4564; x_wconf 84' lang='lat' dir='ltr'><strong>videntur</strong></span> <span class='ocrx_word' id='word_1_722' title='bbox 2970 4506 3262 4573; x_wconf 86' lang='lat' dir='ltr'><strong>contraire,</strong></span> <span class='ocrx_word' id='word_1_723' title='bbox 3299 4505 3391 4562; x_wconf 89' lang='lat' dir='ltr'><strong>ubi</strong></span> <span class='ocrx_word' id='word_1_724' title='bbox 3437 4508 3513 4565; x_wconf 67' lang='lat' dir='ltr'><strong>ait</strong></span> 
     </span>
    </p>
   </div>
   <div class='ocr_carea' id='block_1_90' title="bbox 226 4594 1826 4667">
    <p class='ocr_par' dir='ltr' id='par_1_90' title="bbox 226 4594 1826 4667">
     <span class='ocr_line' id='line_1_90' title="bbox 226 4594 1826 4667; baseline 0.001 -15"><span class='ocrx_word' id='word_1_725' title='bbox 226 4594 479 4667; x_wconf 83' lang='lat' dir='ltr'><strong>homine]</strong></span> <span class='ocrx_word' id='word_1_726' title='bbox 507 4596 649 4651; x_wconf 87' lang='lat' dir='ltr'><strong>Deus</strong></span> <span class='ocrx_word' id='word_1_727' title='bbox 676 4607 867 4667; x_wconf 91' lang='lat' dir='ltr'><strong>potens</strong></span> <span class='ocrx_word' id='word_1_728' title='bbox 908 4598 1001 4664; x_wconf 90' lang='lat' dir='ltr'><strong>sit,</strong></span> <span class='ocrx_word' id='word_1_729' title='bbox 1032 4598 1082 4653; x_wconf 89' lang='lat' dir='ltr'><strong>id</strong></span> <span class='ocrx_word' id='word_1_730' title='bbox 1120 4598 1175 4652; x_wconf 90' lang='lat' dir='ltr'><strong>in</strong></span> <span class='ocrx_word' id='word_1_731' title='bbox 1216 4596 1394 4667; x_wconf 92' lang='lat' dir='ltr'><strong>seipso</strong></span> <span class='ocrx_word' id='word_1_732' title='bbox 1424 4597 1701 4654; x_wconf 83' lang='lat' dir='ltr'><strong>eﬂiciendo</strong></span> <span class='ocrx_word' id='word_1_733' title='bbox 1745 4596 1826 4653; x_wconf 84' lang='lat' dir='ltr'><strong>in-</strong></span> 
     </span>
    </p>
   </div>
   <div class='ocr_carea' id='block_1_91' title="bbox 229 4680 1827 4756">
    <p class='ocr_par' dir='ltr' id='par_1_91' title="bbox 229 4680 1827 4756">
     <span class='ocr_line' id='line_1_91' title="bbox 229 4680 1827 4756; baseline 0.001 -15"><span class='ocrx_word' id='word_1_734' title='bbox 229 4682 432 4742; x_wconf 83' lang='lat' dir='ltr'><strong>ﬁrmus</strong></span> <span class='ocrx_word' id='word_1_735' title='bbox 459 4680 547 4742; x_wconf 90' lang='lat' dir='ltr'><strong>sit.</strong></span> <span class='ocrx_word' id='word_1_736' title='bbox 597 4687 707 4743; x_wconf 84' lang='lat' dir='ltr'><strong>Nec</strong></span> <span class='ocrx_word' id='word_1_737' title='bbox 736 4704 913 4744; x_wconf 91' lang='lat' dir='ltr'><strong>sermo</strong></span> <span class='ocrx_word' id='word_1_738' title='bbox 940 4680 1105 4756; x_wconf 86' lang='lat' dir='ltr'><strong>istud,</strong></span> <span class='ocrx_word' id='word_1_739' title='bbox 1137 4704 1235 4745; x_wconf 91' lang='lat' dir='ltr'><strong>nec</strong></span> <span class='ocrx_word' id='word_1_740' title='bbox 1262 4704 1451 4744; x_wconf 90' lang='lat' dir='ltr'><strong>sensus</strong></span> <span class='ocrx_word' id='word_1_741' title='bbox 1482 4688 1707 4743; x_wconf 90' lang='lat' dir='ltr'><strong>rationis</strong></span> <span class='ocrx_word' id='word_1_742' title='bbox 1736 4703 1827 4742; x_wconf 89' lang='lat' dir='ltr'><strong>ca-</strong></span> 
     </span>
    </p>
   </div>
   <div class='ocr_carea' id='block_1_92' title="bbox 228 4776 1826 4852">
    <p class='ocr_par' dir='ltr' id='par_1_92' title="bbox 228 4776 1826 4852">
     <span class='ocr_line' id='line_1_92' title="bbox 228 4776 1826 4852; baseline 0.003 -21"><span class='ocrx_word' id='word_1_743' title='bbox 228 4794 340 4850; x_wconf 74' lang='lat' dir='ltr'><strong>pax</strong></span> <span class='ocrx_word' id='word_1_744' title='bbox 370 4780 628 4850; x_wconf 90' lang='lat' dir='ltr'><strong>loquitur,</strong></span> <span class='ocrx_word' id='word_1_745' title='bbox 659 4790 719 4836; x_wconf 89' lang='lat' dir='ltr'><strong>ut</strong></span> <span class='ocrx_word' id='word_1_746' title='bbox 740 4782 971 4836; x_wconf 88' lang='lat' dir='ltr'><strong>naturali</strong></span> <span class='ocrx_word' id='word_1_747' title='bbox 994 4776 1225 4852; x_wconf 89' lang='lat' dir='ltr'><strong>quadam</strong></span> <span class='ocrx_word' id='word_1_748' title='bbox 1250 4782 1575 4837; x_wconf 80' lang='lat' dir='ltr'><strong>necessitate</strong></span> <span class='ocrx_word' id='word_1_749' title='bbox 1602 4780 1669 4836; x_wconf 90' lang='lat' dir='ltr'><strong>ad</strong></span> <span class='ocrx_word' id='word_1_750' title='bbox 1697 4794 1826 4835; x_wconf 92' lang='lat' dir='ltr'><strong>con-</strong></span> 
     </span>
    </p>
   </div>
   <div class='ocr_carea' id='block_1_93' title="bbox 229 4866 1825 4929">
    <p class='ocr_par' dir='ltr' id='par_1_93' title="bbox 229 4866 1825 4929">
     <span class='ocr_line' id='line_1_93' title="bbox 229 4866 1825 4929; baseline 0 -2"><span class='ocrx_word' id='word_1_751' title='bbox 229 4866 527 4927; x_wconf 77' lang='lat' dir='ltr'><strong>sulendum</strong></span> <span class='ocrx_word' id='word_1_752' title='bbox 554 4866 708 4927; x_wconf 85' lang='lat' dir='ltr'><strong>nobis</strong></span> <span class='ocrx_word' id='word_1_753' title='bbox 736 4873 1002 4929; x_wconf 74' lang='lat' dir='ltr'><strong>obnoxius</strong></span> <span class='ocrx_word' id='word_1_754' title='bbox 1030 4870 1170 4928; x_wconf 88' lang='lat' dir='ltr'><strong>Deus</strong></span> <span class='ocrx_word' id='word_1_755' title='bbox 1193 4873 1295 4929; x_wconf 89' lang='lat' dir='ltr'><strong>sibi</strong></span> <span class='ocrx_word' id='word_1_756' title='bbox 1320 4870 1451 4928; x_wconf 89' lang='lat' dir='ltr'><strong>nihil</strong></span> <span class='ocrx_word' id='word_1_757' title='bbox 1477 4871 1673 4928; x_wconf 74' lang='lat' dir='ltr'><strong>afferre</strong></span> <span class='ocrx_word' id='word_1_758' title='bbox 1698 4868 1825 4927; x_wconf 84' lang='lat' dir='ltr'><strong>bea-</strong></span> 
     </span>
    </p>
   </div>
   <div class='ocr_carea' id='block_1_94' title="bbox 229 4956 1823 5037">
    <p class='ocr_par' dir='ltr' id='par_1_94' title="bbox 229 4956 1823 5037">
     <span class='ocr_line' id='line_1_94' title="bbox 229 4956 1823 5037; baseline 0.001 -21"><span class='ocrx_word' id='word_1_759' title='bbox 229 4956 484 5017; x_wconf 85' lang='lat' dir='ltr'><strong>titudinis</strong></span> <span class='ocrx_word' id='word_1_760' title='bbox 511 4966 679 5034; x_wconf 88' lang='lat' dir='ltr'><strong>possit</strong></span> <span class='ocrx_word' id='word_1_761' title='bbox 703 4985 714 5020; x_wconf 91' lang='lat'>:</span> <span class='ocrx_word' id='word_1_762' title='bbox 746 4983 853 5022; x_wconf 92' lang='lat' dir='ltr'><strong>non</strong></span> <span class='ocrx_word' id='word_1_763' title='bbox 876 4968 1015 5035; x_wconf 89' lang='lat' dir='ltr'><strong>quod</strong></span> <span class='ocrx_word' id='word_1_764' title='bbox 1045 4958 1289 5037; x_wconf 85' lang='lat' dir='ltr'><strong>profectu</strong></span> <span class='ocrx_word' id='word_1_765' title='bbox 1314 4974 1483 5036; x_wconf 81' lang='lat' dir='ltr'><strong>egeat,</strong></span> <span class='ocrx_word' id='word_1_766' title='bbox 1510 4964 1601 5034; x_wconf 89' lang='lat' dir='ltr'><strong>qui</strong></span> <span class='ocrx_word' id='word_1_767' title='bbox 1626 4965 1823 5035; x_wconf 91' lang='lat' dir='ltr'><strong>imper-</strong></span> 
     </span>
    </p>
   </div>
   <div class='ocr_carea' id='block_1_95' title="bbox 231 5052 1823 5128">
    <p class='ocr_par' dir='ltr' id='par_1_95' title="bbox 231 5052 1823 5128">
     <span class='ocr_line' id='line_1_95' title="bbox 231 5052 1823 5128; baseline 0.001 -21"><span class='ocrx_word' id='word_1_768' title='bbox 231 5053 472 5108; x_wconf 67' lang='lat' dir='ltr'><strong>turbata:</strong></span> <span class='ocrx_word' id='word_1_769' title='bbox 498 5065 704 5110; x_wconf 65' lang='lat' dir='ltr'><strong>naturae</strong></span> <span class='ocrx_word' id='word_1_770' title='bbox 742 5057 1063 5128; x_wconf 88' lang='lat' dir='ltr'><strong>virtutisque</strong></span> <span class='ocrx_word' id='word_1_771' title='bbox 1092 5057 1176 5119; x_wconf 91' lang='lat' dir='ltr'><strong>sit,</strong></span> <span class='ocrx_word' id='word_1_772' title='bbox 1207 5054 1299 5112; x_wconf 92' lang='lat' dir='ltr'><strong>sed</strong></span> <span class='ocrx_word' id='word_1_773' title='bbox 1335 5056 1459 5126; x_wconf 87' lang='lat' dir='ltr'><strong>quia</strong></span> <span class='ocrx_word' id='word_1_774' title='bbox 1487 5071 1585 5126; x_wconf 90' lang='lat' dir='ltr'><strong>per</strong></span> <span class='ocrx_word' id='word_1_775' title='bbox 1610 5052 1823 5124; x_wconf 86' lang='lat' dir='ltr'><strong>dispen-</strong></span> 
     </span>
    </p>
   </div>
   <div class='ocr_carea' id='block_1_96' title="bbox 232 5144 1823 5219">
    <p class='ocr_par' dir='ltr' id='par_1_96' title="bbox 232 5144 1823 5219">
     <span class='ocr_line' id='line_1_96' title="bbox 232 5144 1823 5219; baseline 0.001 -19"><span class='ocrx_word' id='word_1_776' title='bbox 232 5144 507 5200; x_wconf 82' lang='lat' dir='ltr'><strong>sationem</strong></span> <span class='ocrx_word' id='word_1_777' title='bbox 534 5156 587 5200; x_wconf 90' lang='lat' dir='ltr'><strong>et</strong></span> <span class='ocrx_word' id='word_1_778' title='bbox 629 5158 1029 5203; x_wconf 85' lang='lat' dir='ltr'><strong>sacramentum</strong></span> <span class='ocrx_word' id='word_1_779' title='bbox 1056 5162 1262 5219; x_wconf 66' lang='lat' dir='ltr'><strong>magnae</strong></span> <span class='ocrx_word' id='word_1_780' title='bbox 1286 5147 1524 5218; x_wconf 88' lang='lat' dir='ltr'><strong>pietatis,</strong></span> <span class='ocrx_word' id='word_1_781' title='bbox 1555 5146 1646 5217; x_wconf 90' lang='lat' dir='ltr'><strong>qui</strong></span> <span class='ocrx_word' id='word_1_782' title='bbox 1682 5145 1823 5201; x_wconf 89' lang='lat' dir='ltr'><strong>Deus</strong></span> 
     </span>
    </p>
   </div>
   <div class='ocr_carea' id='block_1_97' title="bbox 230 5232 1823 5313">
    <p class='ocr_par' dir='ltr' id='par_1_97' title="bbox 230 5232 1823 5313">
     <span class='ocr_line' id='line_1_97' title="bbox 230 5232 1823 5313; baseline 0 -20"><span class='ocrx_word' id='word_1_783' title='bbox 230 5246 342 5302; x_wconf 85' lang='lat' dir='ltr'><strong>est,</strong></span> <span class='ocrx_word' id='word_1_784' title='bbox 375 5247 431 5293; x_wconf 90' lang='lat' dir='ltr'><strong>et</strong></span> <span class='ocrx_word' id='word_1_785' title='bbox 474 5256 700 5311; x_wconf 87' lang='lat' dir='ltr'><strong>magnus</strong></span> <span class='ocrx_word' id='word_1_786' title='bbox 741 5249 824 5296; x_wconf 87' lang='lat' dir='ltr'><strong>est</strong></span> <span class='ocrx_word' id='word_1_787' title='bbox 875 5232 1037 5313; x_wconf 74' lang='lat' dir='ltr'><strong>[Ilil.,</strong></span> <span class='ocrx_word' id='word_1_788' title='bbox 1083 5249 1139 5295; x_wconf 90' lang='lat' dir='ltr'><strong>et</strong></span> <span class='ocrx_word' id='word_1_789' title='bbox 1182 5242 1342 5295; x_wconf 87' lang='lat' dir='ltr'><strong>homo</strong></span> <span class='ocrx_word' id='word_1_790' title='bbox 1375 5238 1502 5312; x_wconf 84' lang='lat' dir='ltr'><strong>est],</strong></span> <span class='ocrx_word' id='word_1_791' title='bbox 1556 5238 1823 5311; x_wconf 83' lang='lat' dir='ltr'><strong>impotens</strong></span> 
     </span>
    </p>
   </div>
   <div class='ocr_carea' id='block_1_98' title="bbox 227 5328 1822 5405">
    <p class='ocr_par' dir='ltr' id='par_1_98' title="bbox 227 5328 1822 5405">
     <span class='ocr_line' id='line_1_98' title="bbox 227 5328 1822 5405; baseline -0.002 -19"><span class='ocrx_word' id='word_1_792' title='bbox 227 5328 341 5386; x_wconf 61' lang='lat' dir='ltr'><strong>tibi</strong></span> <span class='ocrx_word' id='word_1_793' title='bbox 369 5331 463 5397; x_wconf 88' lang='lat' dir='ltr'><strong>sit,</strong></span> <span class='ocrx_word' id='word_1_794' title='bbox 494 5331 598 5386; x_wconf 86' lang='lat' dir='ltr'><strong>hoc</strong></span> <span class='ocrx_word' id='word_1_795' title='bbox 624 5340 724 5398; x_wconf 88' lang='lat' dir='ltr'><strong>est,</strong></span> <span class='ocrx_word' id='word_1_796' title='bbox 772 5340 939 5387; x_wconf 92' lang='lat' dir='ltr'><strong>totum</strong></span> <span class='ocrx_word' id='word_1_797' title='bbox 965 5343 1221 5403; x_wconf 65' lang='lat' dir='ltr'><strong>praestare</strong></span> <span class='ocrx_word' id='word_1_798' title='bbox 1251 5328 1408 5405; x_wconf 81' lang='lat' dir='ltr'><strong>[lIil.,</strong></span> <span class='ocrx_word' id='word_1_799' title='bbox 1438 5330 1541 5386; x_wconf 87' lang='lat' dir='ltr'><strong>hoc</strong></span> <span class='ocrx_word' id='word_1_800' title='bbox 1567 5346 1624 5387; x_wconf 91' lang='lat' dir='ltr'><strong>se</strong></span> <span class='ocrx_word' id='word_1_801' title='bbox 1651 5338 1822 5385; x_wconf 91' lang='lat' dir='ltr'><strong>totum</strong></span> 
     </span>
    </p>
   </div>
   <div class='ocr_carea' id='block_1_99' title="bbox 228 5416 1827 5497">
    <p class='ocr_par' dir='ltr' id='par_1_99' title="bbox 228 5416 1827 5497">
     <span class='ocr_line' id='line_1_99' title="bbox 228 5416 1827 5497; baseline 0.002 -20"><span class='ocrx_word' id='word_1_802' title='bbox 228 5422 525 5497; x_wconf 52' lang='grc' dir='ltr'>ιιι-πωπω]</span> <span class='ocrx_word' id='word_1_803' title='bbox 555 5425 696 5495; x_wconf 88' lang='lat' dir='ltr'><strong>quod</strong></span> <span class='ocrx_word' id='word_1_804' title='bbox 746 5416 885 5482; x_wconf 83' lang='lat' dir='ltr'><strong>Deus</strong></span> <span class='ocrx_word' id='word_1_805' title='bbox 914 5436 1016 5492; x_wconf 90' lang='lat' dir='ltr'><strong>est,</strong></span> <span class='ocrx_word' id='word_1_806' title='bbox 1052 5443 1171 5481; x_wconf 85' lang='lat' dir='ltr'><strong>cum</strong></span> <span class='ocrx_word' id='word_1_807' title='bbox 1221 5428 1374 5482; x_wconf 84' lang='lat' dir='ltr'><strong>nobis</strong></span> <span class='ocrx_word' id='word_1_808' title='bbox 1424 5443 1529 5480; x_wconf 92' lang='lat' dir='ltr'><strong>non</strong></span> <span class='ocrx_word' id='word_1_809' title='bbox 1577 5425 1827 5496; x_wconf 87' lang='lat' dir='ltr'><strong>ambigue</strong></span> 
     </span>
    </p>
   </div>
   <div class='ocr_carea' id='block_1_100' title="bbox 356 5551 1826 5636">
    <p class='ocr_par' dir='ltr' id='par_1_100' title="bbox 356 5551 1826 5636">
     <span class='ocr_line' id='line_1_100' title="bbox 356 5551 1826 5636; baseline 0.004 -28"><span class='ocrx_word' id='word_1_810' title='bbox 356 5554 433 5636; x_wconf 43' lang='lat' dir='ltr'><strong>.S.</strong></span> <span class='ocrx_word' id='word_1_811' title='bbox 461 5555 694 5636; x_wconf 78' lang='lat' dir='ltr'><strong>Hilarius</strong></span> <span class='ocrx_word' id='word_1_812' title='bbox 720 5559 813 5613; x_wconf 91' lang='lat' dir='ltr'><strong>lib.</strong></span> <span class='ocrx_word' id='word_1_813' title='bbox 847 5578 882 5615; x_wconf 89' lang='grc' dir='ltr'>ιι</span> <span class='ocrx_word' id='word_1_814' title='bbox 914 5561 977 5614; x_wconf 89' lang='lat' dir='ltr'><strong>de</strong></span> <span class='ocrx_word' id='word_1_815' title='bbox 1014 5561 1301 5636; x_wconf 56' lang='grc' dir='ltr'><strong>Τιςῑιιίιιιιρἲ</strong></span> <span class='ocrx_word' id='word_1_816' title='bbox 1330 5576 1446 5636; x_wconf 77' lang='lat' dir='ltr'><strong>cap.</strong></span> <span class='ocrx_word' id='word_1_817' title='bbox 1476 5551 1672 5636; x_wconf 63' lang='lat' dir='ltr'><strong>21._De</strong></span> <span class='ocrx_word' id='word_1_818' title='bbox 1697 5572 1826 5614; x_wconf 77' lang='lat' dir='ltr'><strong>vera</strong></span> 
     </span>
    </p>
   </div>
   <div class='ocr_carea' id='block_1_101' title="bbox 232 5625 1825 5700">
    <p class='ocr_par' dir='ltr' id='par_1_101' title="bbox 232 5625 1825 5700">
     <span class='ocr_line' id='line_1_101' title="bbox 232 5625 1825 5700; baseline 0.004 -22"><span class='ocrx_word' id='word_1_819' title='bbox 232 5625 477 5700; x_wconf 50' lang='lat' dir='ltr'><strong>potione</strong></span> <span class='ocrx_word' id='word_1_820' title='bbox 514 5629 675 5698; x_wconf 68' lang='lat' dir='ltr'><strong>hujus</strong></span> <span class='ocrx_word' id='word_1_821' title='bbox 726 5640 905 5693; x_wconf 70' lang='lat' dir='ltr'><strong>textus</strong></span> <span class='ocrx_word' id='word_1_822' title='bbox 949 5633 1086 5700; x_wconf 75' lang='lat' dir='ltr'><strong>apud</strong></span> <span class='ocrx_word' id='word_1_823' title='bbox 1117 5632 1175 5697; x_wconf 75' lang='lat' dir='ltr'><strong>S.</strong></span> <span class='ocrx_word' id='word_1_824' title='bbox 1222 5625 1483 5683; x_wconf 77' lang='lat' dir='ltr'><strong>Hilarium</strong></span> <span class='ocrx_word' id='word_1_825' title='bbox 1530 5631 1825 5685; x_wconf 84' lang='lat' dir='ltr'><strong>etiamnum</strong></span> 
     </span>
    </p>
   </div>
   <div class='ocr_carea' id='block_1_102' title="bbox 234 5697 1825 5773">
    <p class='ocr_par' dir='ltr' id='par_1_102' title="bbox 234 5697 1825 5773">
     <span class='ocr_line' id='line_1_102' title="bbox 234 5697 1825 5773; baseline 0.003 -24"><span class='ocrx_word' id='word_1_826' title='bbox 234 5697 670 5773; x_wconf 42' lang='lat' dir='ltr'><strong>hmrenteruditi</strong></span> <span class='ocrx_word' id='word_1_827' title='bbox 700 5702 895 5767; x_wconf 68' lang='lat' dir='ltr'><strong>critici,</strong></span> <span class='ocrx_word' id='word_1_828' title='bbox 927 5697 1159 5773; x_wconf 77' lang='lat' dir='ltr'><strong>antiquis</strong></span> <span class='ocrx_word' id='word_1_829' title='bbox 1206 5700 1479 5756; x_wconf 86' lang='lat' dir='ltr'><strong>codicibus</strong></span> <span class='ocrx_word' id='word_1_830' title='bbox 1518 5700 1825 5773; x_wconf 76' lang='lat' dir='ltr'><strong>discrepan-</strong></span> 
     </span>
    </p>
   </div>
   <div class='ocr_carea' id='block_1_103' title="bbox 235 5766 1715 5855">
    <p class='ocr_par' dir='ltr' id='par_1_103' title="bbox 235 5766 1715 5855">
     <span class='ocr_line' id='line_1_103' title="bbox 235 5766 1715 5855; baseline 0.004 -32"><span class='ocrx_word' id='word_1_831' title='bbox 235 5766 411 5843; x_wconf 62' lang='lat' dir='ltr'><strong>tibus.</strong></span> <span class='ocrx_word' id='word_1_832' title='bbox 441 5766 516 5829; x_wconf 87' lang='lat' dir='ltr'><strong>De</strong></span> <span class='ocrx_word' id='word_1_833' title='bbox 542 5785 646 5826; x_wconf 84' lang='lat' dir='ltr'><strong>oua</strong></span> <span class='ocrx_word' id='word_1_834' title='bbox 672 5786 730 5829; x_wconf 86' lang='lat' dir='ltr'><strong>re</strong></span> <span class='ocrx_word' id='word_1_835' title='bbox 752 5774 839 5830; x_wconf 86' lang='lat' dir='ltr'><strong>hic</strong></span> <span class='ocrx_word' id='word_1_836' title='bbox 866 5766 1020 5831; x_wconf 85' lang='lat' dir='ltr'><strong>nobis</strong></span> <span class='ocrx_word' id='word_1_837' title='bbox 1042 5766 1145 5830; x_wconf 88' lang='lat' dir='ltr'><strong>tion</strong></span> <span class='ocrx_word' id='word_1_838' title='bbox 1174 5774 1299 5831; x_wconf 86' lang='lat' dir='ltr'><strong>licet</strong></span> <span class='ocrx_word' id='word_1_839' title='bbox 1321 5782 1438 5829; x_wconf 85' lang='lat' dir='ltr'><strong>esse</strong></span> <span class='ocrx_word' id='word_1_840' title='bbox 1470 5766 1715 5855; x_wconf 59' lang='lat' dir='ltr'><strong>prolixis:</strong></span> 
     </span>
    </p>
   </div>
   <div class='ocr_carea' id='block_1_104' title="bbox 1929 4596 3518 4671">
    <p class='ocr_par' dir='ltr' id='par_1_104' title="bbox 1929 4596 3518 4671">
     <span class='ocr_line' id='line_1_104' title="bbox 1929 4596 3518 4671; baseline 0.001 -17"><span class='ocrx_word' id='word_1_841' title='bbox 1929 4597 2080 4671; x_wconf 88' lang='lat' dir='ltr'><strong>(Cap.</strong></span> <span class='ocrx_word' id='word_1_842' title='bbox 2110 4596 2162 4671; x_wconf 88' lang='grc'><strong>6)</strong></span> <span class='ocrx_word' id='word_1_843' title='bbox 2190 4618 2202 4653; x_wconf 90' lang='lat'><strong>:</strong></span> <span class='ocrx_word' id='word_1_844' title='bbox 2235 4618 2253 4652; x_wconf 81' lang='grc' dir='ltr'><strong>ι</strong></span> <span class='ocrx_word' id='word_1_845' title='bbox 2288 4596 2546 4654; x_wconf 85' lang='lat' dir='ltr'><strong>Filiorum</strong></span> <span class='ocrx_word' id='word_1_846' title='bbox 2568 4614 2800 4668; x_wconf 90' lang='lat' dir='ltr'><strong>namque</strong></span> <span class='ocrx_word' id='word_1_847' title='bbox 2838 4597 3073 4667; x_wconf 88' lang='lat' dir='ltr'><strong>adoptivi</strong></span> <span class='ocrx_word' id='word_1_848' title='bbox 3103 4598 3214 4663; x_wconf 90' lang='lat' dir='ltr'><strong>alii,</strong></span> <span class='ocrx_word' id='word_1_849' title='bbox 3241 4610 3518 4657; x_wconf 58' lang='lat' dir='ltr'><strong>naturae:</strong></span> 
     </span>
    </p>
   </div>
   <div class='ocr_carea' id='block_1_105' title="bbox 1928 4686 3499 4762">
    <p class='ocr_par' dir='ltr' id='par_1_105' title="bbox 1928 4686 3499 4762">
     <span class='ocr_line' id='line_1_105' title="bbox 1928 4686 3499 4762; baseline 0.001 -17"><span class='ocrx_word' id='word_1_850' title='bbox 1928 4686 2019 4747; x_wconf 88' lang='lat' dir='ltr'><strong>alii</strong></span> <span class='ocrx_word' id='word_1_851' title='bbox 2047 4701 2169 4745; x_wconf 90' lang='lat' dir='ltr'><strong>sunt</strong></span> <span class='ocrx_word' id='word_1_852' title='bbox 2195 4707 2208 4744; x_wconf 89' lang='lat'>:</span> <span class='ocrx_word' id='word_1_853' title='bbox 2238 4687 2296 4746; x_wconf 88' lang='lat' dir='ltr'><strong>hi</strong></span> <span class='ocrx_word' id='word_1_854' title='bbox 2325 4692 2415 4761; x_wconf 91' lang='lat' dir='ltr'><strong>qui</strong></span> <span class='ocrx_word' id='word_1_855' title='bbox 2441 4690 2609 4761; x_wconf 84' lang='lat' dir='ltr'><strong>geniti</strong></span> <span class='ocrx_word' id='word_1_856' title='bbox 2636 4690 2702 4744; x_wconf 89' lang='lat' dir='ltr'><strong>ab</strong></span> <span class='ocrx_word' id='word_1_857' title='bbox 2733 4690 2887 4745; x_wconf 91' lang='lat' dir='ltr'><strong>initio</strong></span> <span class='ocrx_word' id='word_1_858' title='bbox 2915 4686 3009 4744; x_wconf 80' lang='lat' dir='ltr'><strong>filii</strong></span> <span class='ocrx_word' id='word_1_859' title='bbox 3037 4697 3162 4745; x_wconf 91' lang='lat' dir='ltr'><strong>sunt</strong></span> <span class='ocrx_word' id='word_1_860' title='bbox 3188 4706 3253 4746; x_wconf 91' lang='lat' dir='ltr'><strong>ac</strong></span> <span class='ocrx_word' id='word_1_861' title='bbox 3271 4691 3499 4762; x_wconf 81' lang='lat' dir='ltr'><strong>proprii,</strong></span> 
     </span>
    </p>
   </div>
   <div class='ocr_carea' id='block_1_106' title="bbox 1928 4776 3512 4858">
    <p class='ocr_par' dir='ltr' id='par_1_106' title="bbox 1928 4776 3512 4858">
     <span class='ocr_line' id='line_1_106' title="bbox 1928 4776 3512 4858; baseline -0.001 -21"><span class='ocrx_word' id='word_1_862' title='bbox 1928 4778 2002 4837; x_wconf 91' lang='lat' dir='ltr'><strong>illi</strong></span> <span class='ocrx_word' id='word_1_863' title='bbox 2049 4780 2225 4852; x_wconf 91' lang='lat' dir='ltr'><strong>primo</strong></span> <span class='ocrx_word' id='word_1_864' title='bbox 2264 4779 2446 4847; x_wconf 91' lang='lat' dir='ltr'><strong>alieni,</strong></span> <span class='ocrx_word' id='word_1_865' title='bbox 2484 4790 2608 4851; x_wconf 91' lang='lat' dir='ltr'><strong>post</strong></span> <span class='ocrx_word' id='word_1_866' title='bbox 2634 4778 2801 4835; x_wconf 84' lang='lat' dir='ltr'><strong>ﬁlium</strong></span> <span class='ocrx_word' id='word_1_867' title='bbox 2839 4776 2975 4853; x_wconf 83' lang='lat' dir='ltr'><strong>[Al.,</strong></span> <span class='ocrx_word' id='word_1_868' title='bbox 3002 4777 3156 4853; x_wconf 82' lang='lat' dir='ltr'><strong>ﬁlii];</strong></span> <span class='ocrx_word' id='word_1_869' title='bbox 3186 4797 3308 4837; x_wconf 91' lang='lat' dir='ltr'><strong>cum</strong></span> <span class='ocrx_word' id='word_1_870' title='bbox 3347 4780 3512 4858; x_wconf 68' lang='grc'><strong>843</strong></span> 
     </span>
    </p>
   </div>
   <div class='ocr_carea' id='block_1_107' title="bbox 1927 4878 3513 4953">
    <p class='ocr_par' dir='ltr' id='par_1_107' title="bbox 1927 4878 3513 4953">
     <span class='ocr_line' id='line_1_107' title="bbox 1927 4878 3513 4953; baseline 0.003 -17"><span class='ocrx_word' id='word_1_871' title='bbox 1927 4898 2024 4953; x_wconf 86' lang='lat' dir='ltr'><strong>per</strong></span> <span class='ocrx_word' id='word_1_872' title='bbox 2046 4881 2388 4951; x_wconf 87' lang='lat' dir='ltr'><strong>adoptionem</strong></span> <span class='ocrx_word' id='word_1_873' title='bbox 2419 4882 2471 4934; x_wconf 91' lang='lat' dir='ltr'><strong>in</strong></span> <span class='ocrx_word' id='word_1_874' title='bbox 2499 4880 2759 4936; x_wconf 83' lang='lat' dir='ltr'><strong>familiam</strong></span> <span class='ocrx_word' id='word_1_875' title='bbox 2794 4878 3044 4937; x_wconf 82' lang='lat' dir='ltr'><strong>videntur</strong></span> <span class='ocrx_word' id='word_1_876' title='bbox 3072 4882 3320 4938; x_wconf 88' lang='lat' dir='ltr'><strong>adscisci.</strong></span> <span class='ocrx_word' id='word_1_877' title='bbox 3355 4903 3374 4936; x_wconf 74' lang='grc' dir='ltr'><strong>ι</strong></span> <span class='ocrx_word' id='word_1_878' title='bbox 3406 4883 3513 4939; x_wconf 71' lang='lat' dir='ltr'><strong>Cte-</strong></span> 
     </span>
    </p>
   </div>
   <div class='ocr_carea' id='block_1_108' title="bbox 1928 4971 3517 5041">
    <p class='ocr_par' dir='ltr' id='par_1_108' title="bbox 1928 4971 3517 5041">
     <span class='ocr_line' id='line_1_108' title="bbox 1928 4971 3517 5041; baseline 0 -12"><span class='ocrx_word' id='word_1_879' title='bbox 1928 4981 2043 5029; x_wconf 88' lang='lat' dir='ltr'><strong>tera</strong></span> <span class='ocrx_word' id='word_1_880' title='bbox 2077 4988 2205 5027; x_wconf 86' lang='lat' dir='ltr'><strong>vero</strong></span> <span class='ocrx_word' id='word_1_881' title='bbox 2232 4987 2350 5041; x_wconf 75' lang='lat' dir='ltr'><strong>quae</strong></span> <span class='ocrx_word' id='word_1_882' title='bbox 2376 4973 2602 5041; x_wconf 90' lang='lat' dir='ltr'><strong>posuisti</strong></span> <span class='ocrx_word' id='word_1_883' title='bbox 2626 4972 2681 5026; x_wconf 93' lang='lat' dir='ltr'><strong>in</strong></span> <span class='ocrx_word' id='word_1_884' title='bbox 2712 4972 2901 5027; x_wconf 91' lang='lat' dir='ltr'><strong>eodem</strong></span> <span class='ocrx_word' id='word_1_885' title='bbox 2930 4971 3070 5037; x_wconf 88' lang='lat' dir='ltr'><strong>loco,</strong></span> <span class='ocrx_word' id='word_1_886' title='bbox 3110 4987 3177 5027; x_wconf 80' lang='lat' dir='ltr'><strong>ex</strong></span> <span class='ocrx_word' id='word_1_887' title='bbox 3214 4987 3376 5029; x_wconf 87' lang='lat' dir='ltr'><strong>sensu</strong></span> <span class='ocrx_word' id='word_1_888' title='bbox 3406 4972 3517 5029; x_wconf 62' lang='lat' dir='ltr'><strong>hae-</strong></span> 
     </span>
    </p>
   </div>
   <div class='ocr_carea' id='block_1_109' title="bbox 1928 5062 3514 5136">
    <p class='ocr_par' dir='ltr' id='par_1_109' title="bbox 1928 5062 3514 5136">
     <span class='ocr_line' id='line_1_109' title="bbox 1928 5062 3514 5136; baseline 0 -17"><span class='ocrx_word' id='word_1_889' title='bbox 1928 5065 2081 5119; x_wconf 86' lang='lat' dir='ltr'><strong>retici</strong></span> <span class='ocrx_word' id='word_1_890' title='bbox 2110 5064 2250 5117; x_wconf 90' lang='lat' dir='ltr'><strong>idem</strong></span> <span class='ocrx_word' id='word_1_891' title='bbox 2276 5062 2466 5118; x_wconf 82' lang='lat' dir='ltr'><strong>beatus</strong></span> <span class='ocrx_word' id='word_1_892' title='bbox 2491 5064 2823 5136; x_wconf 85' lang='lat' dir='ltr'><strong>Augustinus</strong></span> <span class='ocrx_word' id='word_1_893' title='bbox 2847 5062 3006 5131; x_wconf 85' lang='lat' dir='ltr'><strong>dixit,</strong></span> <span class='ocrx_word' id='word_1_894' title='bbox 3030 5080 3136 5120; x_wconf 92' lang='lat' dir='ltr'><strong>non</strong></span> <span class='ocrx_word' id='word_1_895' title='bbox 3159 5080 3225 5119; x_wconf 80' lang='lat' dir='ltr'><strong>ex</strong></span> <span class='ocrx_word' id='word_1_896' title='bbox 3246 5080 3366 5131; x_wconf 89' lang='lat' dir='ltr'><strong>suo,</strong></span> <span class='ocrx_word' id='word_1_897' title='bbox 3390 5080 3514 5121; x_wconf 90' lang='lat' dir='ltr'><strong>cum</strong></span> 
     </span>
    </p>
   </div>
   <div class='ocr_carea' id='block_1_110' title="bbox 1928 5154 3512 5228">
    <p class='ocr_par' dir='ltr' id='par_1_110' title="bbox 1928 5154 3512 5228">
     <span class='ocr_line' id='line_1_110' title="bbox 1928 5154 3512 5228; baseline -0.001 -18"><span class='ocrx_word' id='word_1_898' title='bbox 1928 5171 2035 5228; x_wconf 90' lang='lat' dir='ltr'><strong>quo</strong></span> <span class='ocrx_word' id='word_1_899' title='bbox 2064 5154 2481 5225; x_wconf 89' lang='lat' dir='ltr'><strong>disputationem</strong></span> <span class='ocrx_word' id='word_1_900' title='bbox 2524 5156 2592 5212; x_wconf 88' lang='lat' dir='ltr'><strong>de</strong></span> <span class='ocrx_word' id='word_1_901' title='bbox 2622 5155 2725 5211; x_wconf 84' lang='lat' dir='ltr'><strong>ﬁde</strong></span> <span class='ocrx_word' id='word_1_902' title='bbox 2762 5156 3022 5212; x_wconf 83' lang='lat' dir='ltr'><strong>catholica</strong></span> <span class='ocrx_word' id='word_1_903' title='bbox 3056 5157 3265 5223; x_wconf 82' lang='lat' dir='ltr'><strong>habuit,</strong></span> <span class='ocrx_word' id='word_1_904' title='bbox 3297 5156 3421 5211; x_wconf 88' lang='lat' dir='ltr'><strong>licet</strong></span> <span class='ocrx_word' id='word_1_905' title='bbox 3457 5164 3512 5209; x_wconf 94' lang='lat' dir='ltr'><strong>tu</strong></span> 
     </span>
    </p>
   </div>
   <div class='ocr_carea' id='block_1_111' title="bbox 1927 5242 3514 5318">
    <p class='ocr_par' dir='ltr' id='par_1_111' title="bbox 1927 5242 3514 5318">
     <span class='ocr_line' id='line_1_111' title="bbox 1927 5242 3514 5318; baseline -0.001 -17"><span class='ocrx_word' id='word_1_906' title='bbox 1927 5263 2035 5301; x_wconf 91' lang='lat' dir='ltr'><strong>non</strong></span> <span class='ocrx_word' id='word_1_907' title='bbox 2064 5242 2417 5302; x_wconf 79' lang='lat' dir='ltr'><strong>intellexisses</strong></span> <span class='ocrx_word' id='word_1_908' title='bbox 2444 5261 2513 5302; x_wconf 81' lang='lat' dir='ltr'><strong>ex</strong></span> <span class='ocrx_word' id='word_1_909' title='bbox 2540 5244 2690 5318; x_wconf 85' lang='lat' dir='ltr'><strong>cujus</strong></span> <span class='ocrx_word' id='word_1_910' title='bbox 2716 5262 2945 5317; x_wconf 88' lang='lat' dir='ltr'><strong>persona</strong></span> <span class='ocrx_word' id='word_1_911' title='bbox 2973 5246 3201 5302; x_wconf 75' lang='lat' dir='ltr'><strong>dixisset</strong></span> <span class='ocrx_word' id='word_1_912' title='bbox 3241 5246 3381 5317; x_wconf 89' lang='lat' dir='ltr'><strong>quod</strong></span> <span class='ocrx_word' id='word_1_913' title='bbox 3418 5259 3514 5316; x_wconf 92' lang='lat' dir='ltr'><strong>po-</strong></span> 
     </span>
    </p>
   </div>
   <div class='ocr_carea' id='block_1_112' title="bbox 1929 5335 3512 5410">
    <p class='ocr_par' dir='ltr' id='par_1_112' title="bbox 1929 5335 3512 5410">
     <span class='ocr_line' id='line_1_112' title="bbox 1929 5335 3512 5410; baseline -0.002 -16"><span class='ocrx_word' id='word_1_914' title='bbox 1929 5339 2036 5394; x_wconf 90' lang='lat' dir='ltr'><strong>suit</strong></span> <span class='ocrx_word' id='word_1_915' title='bbox 2061 5355 2075 5406; x_wconf 89' lang='lat'><strong>;</strong></span> <span class='ocrx_word' id='word_1_916' title='bbox 2106 5337 2185 5393; x_wconf 91' lang='lat' dir='ltr'><strong>sic</strong></span> <span class='ocrx_word' id='word_1_917' title='bbox 2204 5336 2347 5394; x_wconf 91' lang='lat' dir='ltr'><strong>enim</strong></span> <span class='ocrx_word' id='word_1_918' title='bbox 2378 5339 2452 5393; x_wconf 89' lang='lat' dir='ltr'><strong>ait</strong></span> <span class='ocrx_word' id='word_1_919' title='bbox 2480 5356 2491 5391; x_wconf 92' lang='lat'><strong>:</strong></span> <span class='ocrx_word' id='word_1_920' title='bbox 2517 5358 2534 5390; x_wconf 84' lang='grc' dir='ltr'><strong>ι</strong></span> <span class='ocrx_word' id='word_1_921' title='bbox 2570 5337 2706 5406; x_wconf 85' lang='lat' dir='ltr'><strong>Quid</strong></span> <span class='ocrx_word' id='word_1_922' title='bbox 2729 5338 2935 5410; x_wconf 85' lang='lat' dir='ltr'><strong>igitur?</strong></span> <span class='ocrx_word' id='word_1_923' title='bbox 2964 5338 3099 5396; x_wconf 92' lang='lat' dir='ltr'><strong>dicis</strong></span> <span class='ocrx_word' id='word_1_924' title='bbox 3121 5355 3183 5395; x_wconf 84' lang='lat' dir='ltr'><strong>ex</strong></span> <span class='ocrx_word' id='word_1_925' title='bbox 3212 5335 3512 5394; x_wconf 89' lang='lat' dir='ltr'><strong>substantia</strong></span> 
     </span>
    </p>
   </div>
   <div class='ocr_carea' id='block_1_113' title="bbox 1934 5422 3511 5502">
    <p class='ocr_par' dir='ltr' id='par_1_113' title="bbox 1934 5422 3511 5502">
     <span class='ocr_line' id='line_1_113' title="bbox 1934 5422 3511 5502; baseline -0.004 -17"><span class='ocrx_word' id='word_1_926' title='bbox 1934 5422 2132 5496; x_wconf 83' lang='lat' dir='ltr'><strong>Patris,</strong></span> <span class='ocrx_word' id='word_1_927' title='bbox 2164 5431 2345 5497; x_wconf 87' lang='lat' dir='ltr'><strong>credo,</strong></span> <span class='ocrx_word' id='word_1_928' title='bbox 2375 5432 2524 5486; x_wconf 89' lang='lat' dir='ltr'><strong>nasci</strong></span> <span class='ocrx_word' id='word_1_929' title='bbox 2554 5430 2744 5487; x_wconf 89' lang='lat' dir='ltr'><strong>Filium</strong></span> <span class='ocrx_word' id='word_1_930' title='bbox 2769 5432 3093 5502; x_wconf 82' lang='lat' dir='ltr'><strong>nequivisse,</strong></span> <span class='ocrx_word' id='word_1_931' title='bbox 3126 5445 3193 5483; x_wconf 90' lang='lat' dir='ltr'><strong>ne</strong></span> <span class='ocrx_word' id='word_1_932' title='bbox 3216 5427 3511 5498; x_wconf 84' lang='lat' dir='ltr'><strong>ingenitum</strong></span> 
     </span>
    </p>
   </div>
   <div class='ocr_carea' id='block_1_114' title="bbox 2003 5558 3508 5642">
    <p class='ocr_par' dir='ltr' id='par_1_114' title="bbox 2003 5558 3508 5642">
     <span class='ocr_line' id='line_1_114' title="bbox 2003 5558 3508 5642; baseline -0.001 -24"><span class='ocrx_word' id='word_1_933' title='bbox 2003 5564 2033 5605; x_wconf 72' lang='grc' dir='ltr'>ι»</span> <span class='ocrx_word' id='word_1_934' title='bbox 2056 5564 2205 5642; x_wconf 75' lang='lat' dir='ltr'><strong>lianc</strong></span> <span class='ocrx_word' id='word_1_935' title='bbox 2234 5564 2659 5642; x_wconf 63' lang='lat' dir='ltr'><strong>disputationem</strong></span> <span class='ocrx_word' id='word_1_936' title='bbox 2678 5564 2969 5642; x_wconf 60' lang='lat' dir='ltr'><strong>videinter</strong></span> <span class='ocrx_word' id='word_1_937' title='bbox 3002 5559 3339 5642; x_wconf 62' lang='lat' dir='ltr'><strong>Append._ad</strong></span> <span class='ocrx_word' id='word_1_938' title='bbox 3371 5558 3508 5642; x_wconf 80' lang='lat' dir='ltr'><strong>Opp.</strong></span> 
     </span>
    </p>
   </div>
   <div class='ocr_carea' id='block_1_115' title="bbox 1931 5632 3510 5765">
    <p class='ocr_par' dir='ltr' id='par_1_115' title="bbox 1931 5632 3510 5765">
     <span class='ocr_line' id='line_1_115' title="bbox 1931 5632 3510 5765; baseline 0 -76"><span class='ocrx_word' id='word_1_939' title='bbox 1931 5636 2075 5765; x_wconf 41' lang='lat' dir='ltr'><strong>gnati</strong></span> <span class='ocrx_word' id='word_1_940' title='bbox 2115 5632 2418 5703; x_wconf 76' lang='lat' dir='ltr'><strong>Augustini.</strong></span> <span class='ocrx_word' id='word_1_941' title='bbox 2480 5636 2753 5693; x_wconf 77' lang='lat' dir='ltr'><strong>Tribuitur</strong></span> <span class='ocrx_word' id='word_1_942' title='bbox 2804 5634 3011 5695; x_wconf 32' lang='lat' dir='ltr'><strong>ibidem.</strong></span> <span class='ocrx_word' id='word_1_943' title='bbox 3053 5636 3169 5689; x_wconf 59' lang='lat' dir='ltr'><strong>btet:</strong></span> <span class='ocrx_word' id='word_1_944' title='bbox 3215 5632 3510 5707; x_wconf 82' lang='lat' dir='ltr'><strong>disputatio</strong></span> 
     </span>
     <span class='ocr_line' id='line_1_116' title="bbox 1978 5702 2430 5765; baseline 0.002 -1"><span class='ocrx_word' id='word_1_945' title='bbox 1978 5704 2125 5765; x_wconf 71' lang='lat' dir='ltr'><strong>iailio</strong></span> <span class='ocrx_word' id='word_1_946' title='bbox 2152 5702 2430 5765; x_wconf 74' lang='lat' dir='ltr'><strong>Tausensi.</strong></span> 
     </span>
    </p>
   </div>
   <div class='ocr_carea' id='block_1_116' title="bbox 1978 5702 2430 5783">
    <p class='ocr_par' dir='ltr' id='par_1_116' title="bbox 1978 5702 2430 5783">
     <span class='ocr_line' id='line_1_117' title="bbox 1978 5702 2430 5783; baseline -0.007 -19"><span class='ocrx_word' id='word_1_947' title='bbox 1978 5704 2125 5770; x_wconf 73' lang='lat' dir='ltr'><strong>igilio</strong></span> <span class='ocrx_word' id='word_1_948' title='bbox 2152 5702 2430 5783; x_wconf 78' lang='lat' dir='ltr'><strong>Tapsensi.</strong></span> 
     </span>
    </p>
   </div>
  </div>
