4030 6358
518 322 622 378 207

1385 325 1443 379 Β.
1485 325 1546 381 F.
1586 326 1811 384 ALBINI
1851 327 1982 386 SEU
2020 323 2297 387 ALCUlNl
2334 327 2619 386 OPERUM
2657 326 2836 384 PARS
2872 325 2954 382 III.

3680 315 3782 388 203

514 440 734 498 Patrem
779 439 903 495 Filii
951 440 1301 511 generatione
1346 440 1626 496 videamur
1670 442 1944 497 dividere:
1975 462 1993 494 ι
2039 449 2095 495 et
2124 448 2169 504 Δ
2199 442 2571 511 investigatur,
2606 440 2701 494 hoc
2722 439 2852 507 ﬁdes
2882 438 3083 504 credat,
3112 437 3453 509 intelligentia
3478 457 3583 496 non
3609 446 3784 511 requi.

514 532 745 602 reliqua,
790 547 908 600 qum.
937 532 1007 585 ibi
1050 532 1225 601 posita
1264 541 1409 597 sunt,
1450 548 1570 602 qua:
1612 534 1915 589 certissime
1956 533 2099 588 illius

511 624 750 681 hmretici
796 624 971 678 sensui
1015 624 1361 689 conveniunt,
1415 640 1521 678 non
1574 626 1742 680 sancti
1794 625 2095 697 Augustini.

513 714 669 772 Sicut
709 724 763 769 et
808 714 935 769 illud
985 715 1139 768 solita
1191 716 1285 770 tibi
1335 717 1600 786 pravitate
1653 718 1970 787 immutasti,
2009 717 2101 773 ubi

510 805 651 862 libro
681 805 829 877 (Loc.
863 806 979 869 cit.,
1011 820 1128 875 cap.
1166 805 1250 876 10)
1289 825 1301 860 :
1333 806 1667 876 impassibilis
1700 810 1752 862 in
1781 826 1897 874 suo,
1928 810 2099 879 passi-

511 898 629 952 bilis
652 898 705 950 in
736 905 908 950 nostra
933 940 947 961 ,
978 905 1030 950 tu
1070 898 1223 966 ponis
1256 915 1269 951 :
1307 899 1642 968 impassibilis
1672 902 1726 953 in
1750 918 1867 965 suo,
1911 918 2096 971 passus

508 988 563 1041 in
590 986 760 1040 alieno
784 1004 803 1051 ;
848 988 1001 1056 quasi
1031 1003 1227 1056 corpus
1268 1003 1444 1053 suum,
1491 990 1633 1059 quod
1674 992 1774 1046 sibi
1815 994 2094 1061 proprium

507 1077 639 1135 fecit
659 1078 825 1133 Filius
860 1077 976 1141 Dei,
1004 1077 1234 1131 alienum
1263 1089 1405 1133 esset
1432 1096 1462 1133 a
1489 1095 1566 1134 se.
1612 1080 1762 1147 Quod
1796 1081 1976 1150 itaque
2003 1096 2098 1135 no-

507 1186 629 1225 men
657 1170 813 1223 alieni
841 1170 1059 1223 omnino
1084 1180 1270 1223 contra
1302 1172 1533 1239 teipsum
1564 1173 1720 1240 ponis
1745 1190 1759 1238 ;
1811 1181 2097 1243 utrumque

506 1262 649 1315 enim
684 1275 791 1312 non
836 1268 1012 1328 potest
1036 1276 1191 1315 esse:
1241 1276 1368 1315 caro
1403 1260 1603 1316 Christi
1646 1262 1840 1327 aliena,
1872 1271 1928 1318 et
1968 1264 2097 1319 ado-

503 1352 651 1420 ptiva
681 1350 815 1403 Filio
839 1350 931 1403 Dei
958 1368 971 1416 ;
1014 1352 1138 1420 quia
1169 1352 1291 1406 dum
1323 1354 1607 1423 adoptatur
1634 1354 1687 1408 in
1731 1354 1950 1419 Filium,
1978 1355 2097 1411 nul-

505 1441 719 1496 latenus
769 1441 976 1495 alienus
1017 1442 1122 1496 erit
1165 1443 1213 1495 ei
1257 1443 1347 1511 qui
1385 1459 1442 1498 se
1474 1445 1745 1514 adoptavit
1777 1446 1829 1499 in
1877 1445 2093 1512 Filium,

504 1534 600 1589 sed
630 1535 681 1586 in
710 1532 829 1585 Filii
854 1533 1167 1603 dignitatem
1188 1545 1496 1605 assumptus
1521 1540 1755 1594 cessabit
1785 1541 1991 1596 alienus
2013 1555 2097 1596 es-

503 1640 583 1680 se.
619 1623 819 1680 Christi
852 1640 976 1679 vero
1003 1626 1311 1680 humanitas
1336 1642 1610 1697 nunquam
1646 1628 1818 1683 aliena
1846 1629 1963 1694 fuit,
1995 1647 2096 1686 nec

503 1716 704 1782 anima,
736 1706 833 1771 nec
876 1718 1122 1785 carpere,
1158 1716 1451 1771 divmitatis
1483 1734 1609 1782 ειιιε,
1658 1721 1726 1774 ab
1762 1721 1915 1774 initio
1961 1736 2091 1775 eon-

2203 532 2332 585 rat?
2379 530 2659 600 Singulare
2702 529 2846 584 enim
2891 536 2974 583 est
3002 528 3106 584 hoc
3130 536 3187 584 et
3233 529 3350 584 sine
3382 532 3629 603 exemplo
3662 548 3783 608 my-

2199 622 2443 676 sterium.

2271 711 2378 765 Vll.
2424 710 2570 765 Dicis
2616 724 2830 780 quoque
2864 710 3253 766 humanitatem
3292 710 3414 767 Filii
3458 712 3556 768 Dei
3584 716 3789 772 extrin-

2200 817 2354 859 secus
2381 802 2576 857 factam
2596 803 2751 872 quasi
2778 804 3008 859 alienam
3035 821 3050 870 ;
3078 805 3163 860 vel
3188 807 3359 879 magis
3385 807 3559 878 ipsum
3584 809 3787 868 Filium

2199 892 2293 947 Dei
2320 893 2657 947 extrinsecus
2689 890 2912 957 factum,
2955 893 3095 948 sicut
3124 902 3175 949 te
3219 896 3489 953 scribente
3530 898 3784 970 legimus.

2205 1001 2223 1035 ι
2258 983 2351 1038 lia:
2372 991 2518 1048 sunt,
2549 984 2651 1047 ais,
2682 983 2963 1039 sententiae
2982 983 3189 1052 prrel‘ati
3213 987 3520 1056 egregiiqne
3553 988 3792 1048 doctoris

2197 1075 2499 1145 Augustini,
2553 1092 2658 1130 non
2686 1077 2751 1131 de
2798 1077 3133 1132 humanitate
3162 1076 3283 1131 Filii
3313 1078 3430 1139 Dei,
3474 1080 3526 1134 in
3562 1097 3670 1151 qua
3696 1096 3791 1137 ex-

2200 1167 2467 1221 trinsecus
2491 1166 2668 1222 factus
2694 1175 2795 1231 est,
2830 1182 2937 1222 non
2964 1168 3032 1223 de
3058 1168 3359 1224 substantia
3402 1170 3579 1228 Patris
3609 1175 3790 1229 subsi-

2198 1266 2365 1321 stens,
2394 1258 2485 1311 sed
2510 1270 2574 1310 ex
2602 1273 2765 1312 carne
2810 1259 2999 1313 matris
3023 1267 3077 1313 et
3123 1269 3281 1315 natus
3306 1268 3407 1317 est.
3442 1283 3460 1315 ι
3509 1263 3794 1330 Quomodo

2198 1350 2366 1405 Filius
2400 1351 2494 1405 Dei
2530 1359 2631 1414 est,
2664 1351 2710 1406 si
2739 1354 3076 1429 extrinsecus
3122 1353 3297 1410 factus
3337 1356 3461 1410 est?
3496 1356 3668 1412 Filius
3693 1358 3792 1413 Dei

2198 1443 2529 1499 azternaliter
2568 1452 2725 1497 natus
2753 1451 2837 1498 est
2883 1444 2950 1498 de
2986 1444 3164 1509 Patre,
3208 1460 3369 1513 quem
3408 1445 3497 1501 hic
3524 1447 3661 1501 dicis
3690 1464 3791 1503 ex-

2199 1534 2468 1588 trinsecus
2522 1533 2741 1587 factum.
2798 1531 2857 1587 Si
2896 1533 2961 1589 de
3002 1534 3338 1588 humanitate
3383 1534 3497 1602 ejus
3541 1536 3645 1591 hoc
3692 1535 3796 1593 tibi

2197 1626 2375 1696 placet
2397 1625 2645 1696 intelligi,
2678 1640 2806 1693 ergo
2832 1624 3081 1679 eumdem
3108 1624 3242 1679 dicis
3278 1625 3557 1681 nobiscum
3588 1626 3793 1681 Filium

2198 1717 2315 1780 Dei,
2350 1717 2440 1786 qui
2486 1732 2553 1770 ex
2599 1716 2819 1786 Virgine
2868 1726 3028 1771 natus
3072 1724 3173 1771 est.
3226 1717 3430 1771 Tamen
3458 1716 3515 1772 S.
3558 1716 3795 1788 Cyrillus

501 1809 765 1878 ceptionis
792 1819 845 1861 et
894 1807 1192 1861 nativitatis
1230 1807 1283 1861 in
1329 1809 1715 1877 proprietatem
1762 1810 1919 1864 unius
1965 1827 2091 1881 per-
2123 1807 2504 1879 B‘nullatenus
2531 1807 2598 1861 de
2625 1808 2845 1861 homine
2875 1806 3091 1862 Christo
3122 1807 3225 1862 hoc
3253 1808 3541 1872 consentit,
3582 1808 3797 1864 scilicet

504 1912 651 1952 sonte
679 1905 975 1965 assumpta,
1008 1905 1067 1949 ut
1097 1912 1257 1949 verus
1284 1905 1339 1950 et
1365 1899 1616 1967 proprius
1647 1898 1700 1951 in
1729 1900 1934 1955 duabus
1961 1902 2092 1955 sub-

502 1992 717 2048 stantiis
741 2000 884 2045 esset
924 1990 1017 2043 Dei
1045 1988 1233 2043 Filius.
1285 1989 1352 2043 Et
1397 2005 1565 2058 quare
1609 1992 1823 2046 tacuisti
1868 1993 2012 2062 quod
2038 1993 2093 2047 in

499 2086 690 2142 eodem
732 2083 870 2137 libro
913 2084 979 2138 de
1004 2083 1391 2137 elariticatione
1421 2084 1668 2152 corporis
1709 2082 1910 2139 Christi
1950 2086 2094 2140 etde

501 2174 709 2229 unitate
742 2172 1039 2226 divinitatis
1069 2172 1285 2242 legitur,
1331 2172 1421 2224 ubi
1454 2171 1567 2240 ipse
1606 2171 1862 2241 praefatus
1906 2173 2096 2228 doctor

498 2264 576 2318 ait
590 2263 740 2333 (an.
761 2277 884 2315 mox
900 2260 1017 2333 cit.)
1038 2276 1051 2313 :
1082 2280 1098 2311 ι
1133 2265 1313 2330 Itaque
1329 2260 1704 2337 gloriticataca
1714 2278 1771 2317 ro
1786 2263 2090 2332 majestate,

499 2353 627 2410 dum
652 2352 1137 2422 majestashumilis
1152 2351 1333 2424 [Aug.,
1354 2352 1656 2423 hunniliata]
1673 2354 1895 2407 docetur
1910 2356 1961 2408 in
1976 2371 2061 2410 ea»
2077 2385 2095 2397 —

499 2461 587 2501 ne.
612 2445 717 2500 Sed
740 2455 1026 2513 utrumque
1042 2460 1145 2498 non
1160 2445 1226 2498 de
1237 2443 1445 2498 duobus
1466 2444 1717 2509 Christis,
1732 2456 1789 2500 ut
1808 2456 1984 2517 putas,
2000 2449 2095 2504 sed

504 2535 569 2590 de
596 2551 704 2589 uno
728 2544 889 2605 atque
914 2535 1100 2589 eodem
1124 2535 1260 2602 ipso,
1286 2550 1444 2604 quem
1475 2545 1597 2605 post
1617 2546 1831 2606 partum
1862 2539 2097 2610 Virginis

502 2627 670 2683 Deum
697 2636 751 2682 et
779 2627 1050 2681 hominem
1093 2630 1361 2689 novimus,
1413 2643 1513 2682 nos
1552 2638 1759 2682 certum
1790 2638 1872 2683 est
1901 2631 2096 2699 przedi-

504 2735 650 2774 care.
686 2739 702 2770 ι
750 2718 817 2770 Ει
865 2717 1022 2787 paulo
1057 2726 1176 2786 post
1224 2717 1375 2787 (Loe.
1426 2719 1520 2773 cit.
1555 2734 1673 2787 cap.
1714 2719 1836 2789 tl):
1875 2737 1892 2769 ι
1945 2719 2094 2775 Unus

501 2820 681 2865 autem
718 2820 879 2879 atque
907 2810 1048 2863 idem
1073 2808 1319 2862 Christus
1350 2817 1452 2874 est,
1481 2810 1569 2877 qui
1599 2821 1653 2863 et
1681 2796 1905 2877 injurias
1948 2819 2091 2864 totus

501 2904 686 2976 [Αιιθ.ν
710 2901 929 2973 totiens]
952 2901 1194 2970 pertulit,
1219 2911 1272 2955 et
1295 2910 1446 2955 actus
1475 2901 1526 2955 in
1547 2902 1868 2971 profundum
1892 2902 2091 2974 μάθω,

504 2995 561 3049 in
600 2993 886 3066 profundo]
916 3010 1023 3049 non
1057 2995 1263 3049 mersit.
1293 2996 1372 3048 Ex
1403 2996 1504 3049 hoc
1533 3007 1688 3064 pacto
1713 3000 1767 3051 in
1794 2998 2094 3052 mediatore

505 3086 600 3139 Dei
626 3094 679 3138 et
705 3085 1005 3151 hominum,
1036 3084 1228 3154 injuria
1268 3088 1529 3156 assumpti
1557 3088 1799 3157 corporis
1842 3087 2092 3142 affectam

2195 1901 2337 1971 quod
2363 1900 2699 1954 extrinsecus
2722 1899 2900 1955 factus
2924 1901 2994 1953 sit
3019 1900 3174 1969 quasi
3200 1900 3424 1959 alienus.
3450 1900 3597 1955 velut
3619 1901 3793 1973 844

2195 1993 2569 2047 indumentum
2619 1992 2889 2061 quoddam
2939 1993 3283 2059 divinitatis;
3328 1994 3420 2049 sed
3465 1997 3685 2050 omnino
3738 1996 3797 2050 in

2194 2084 2403 2139 duabus
2431 2084 2638 2139 naturis
2681 2084 2956 2153 proprium
3005 2098 3124 2138 esse
3155 2096 3208 2139 et
3242 2083 3543 2153 perfectum
3590 2084 3797 2139 Filium

2195 2177 2291 2232 Dei
2317 2177 2610 2239 aiiirmans,
2643 2176 2774 2232 dicit
2805 2176 2858 2229 in
2888 2176 2979 2230 illo
3004 2175 3185 2230 libello
3212 2191 3375 2245 quem
3399 2184 3587 2230 contra
3615 2175 3798 2232 Theo-

2196 2270 2442 2325 doretum
2480 2268 2697 2338 scripsit
2729 2285 2742 2321 :
2775 2286 2792 2316 ¢
2846 2266 2960 2321 Non
2990 2268 3261 2321 hominem
3292 2274 3627 2335 assumptum
3658 2266 3801 2322 dici—

2197 2377 2317 2415 mus
2346 2376 2373 2413 a
2403 2359 2512 2413 Deo
2556 2359 2756 2423 Verbo,
2782 2365 2836 2412 et
2866 2356 3173 2427 copulatum
3201 2357 3251 2412 ei
3298 2357 3591 2411 secundum
3639 2357 3799 2411 habi-

2197 2459 2312 2505 tum
2362 2450 2698 2504 extrinsecus
2740 2448 3111 2513 adinventum,
3148 2446 3243 2502 sed
3288 2448 3467 2516 potius
3511 2446 3795 2501 hominem

2198 2559 2319 2599 eum
2363 2541 2563 2596 factum
2589 2556 2711 2597 esse
2740 2541 3101 2597 decernimus.
3131 2560 3149 2591 ι
3201 2538 3333 2593 Item
3369 2539 3610 2609 ejusdem
3646 2540 3798 2598 unde

2198 2648 2396 2702 supra:
2428 2651 2445 2682 ι
2483 2631 2586 2686 Sed
2618 2632 2765 2697 licet,
2797 2631 2988 2701 inquit,
3016 2630 3359 2685 nominemur
3385 2629 3582 2699 templa
3618 2628 3799 2685 Deum

2198 2724 2589 2779 inhabitantem
2634 2722 2888 2777 habentia
2914 2736 3012 2791 per
3039 2720 3300 2789 Spiritum
3332 2719 3567 2791 [ϐψ-ἅμ,
3592 2718 3801 2789 templa

2197 2813 2316 2878 Dei,
2366 2830 2485 2867 eum
2516 2813 2813 2868 habeamus
2858 2813 3026 2867 Deum
3069 2812 3460 2867 inhabitantem
3486 2826 3582 2881 per
3622 2810 3803 2881 Spiri-

2199 2904 2357 2976 tum],
2385 2913 2620 2959 attamen
2651 2904 2879 2958 alterum
2922 2903 3171 2959 novimus
3203 2903 3418 2957 modum
3461 2902 3801 2957 sacramenti

2200 2998 2494 3051 secundum
2521 2995 2819 3051 Christum.
2855 2994 3070 3050 Unitam
3095 2995 3237 3050 enim
3262 2994 3373 3050 Deo
3395 2993 3573 3048 Verbo
3600 3009 3805 3049 secun-

2199 3086 2325 3140 dum
2356 3087 2637 3140 veritatem
2665 3101 2883 3140 carnem
2914 3086 3208 3140 asserimus
3236 3101 3356 3141 eum
3397 3085 3573 3139 anima
3607 3086 3805 3155 utique

501 3175 738 3232 fatemur
772 3178 1049 3239 deitatem,
1094 3178 1234 3233 sicut
1284 3178 1563 3247 majestate
1608 3179 1904 3233 divinitatis
1933 3180 2094 3251 glori-
2120 3189 2171 3254 α
2202 3179 2470 3234 rationali.
2512 3199 2530 3230 ι
2582 3179 2714 3233 item
2763 3180 2819 3233 in
2865 3181 3054 3235 eodem
3102 3178 3307 3250 (Cyrill.
3351 3181 3407 3233 in
3452 3178 3683 3248 Erplan.
3718 3196 3803 3235 xu

504 3270 718 3324 lleatam
752 3271 998 3325 novimus
1021 3284 1264 3323 carnem.
1299 3289 1316 3319 ι
1349 3268 1454 3323 Sed
1482 3270 1598 3323 haec
1621 3269 1799 3323 omnia
1826 3285 1946 3339 qua:
1971 3284 2095 3339 pas-

507 3380 600 3419 sus
621 3374 702 3419 est
732 3380 830 3433 pro
866 3365 1099 3417 humana
1138 3362 1311 3417 salute
1340 3364 1522 3417 tuendi
1570 3362 1839 3428 Salvator,
1878 3379 2007 3428 non,
2038 3372 2099 3418 ut

506 3465 563 3514 tu
593 3457 690 3517 vis.
724 3456 903 3511 debita
950 3458 1295 3521 necessitate,
1344 3460 1437 3510 sed
1475 3455 1643 3511 libera
1666 3457 1942 3511 voluntate
1974 3471 2097 3525 pas-

508 3565 649 3613 sum,
685 3550 821 3603 idem
853 3549 1012 3604 Pater
1038 3550 1091 3604 in
1123 3549 1310 3603 eodem
1339 3547 1478 3603 libro
1521 3555 1767 3614 testatur,
1802 3548 1988 3604 dicens
2019 3548 2098 3601 in-

507 3652 589 3697 ter
612 3651 805 3695 caetera
836 3640 989 3711 (Cap.
1024 3639 1106 3711 M)
1134 3655 1147 3693 :
1177 3658 1194 3689 ‹
1234 3638 1416 3694 Sensit
1436 3640 1616 3709 igitur,
1640 3637 1836 3707 inquit,
1869 3645 2097 3691 mortem

504 3733 760 3788 divinitas
781 3731 978 3787 Christi
997 3732 1411 3803 participatione
1428 3730 1647 3784 humani
1670 3727 1917 3793 aﬂ‘ectus,
1935 3743 2096 3798 quem

506 3835 695 3895 sponte
719 3833 1070 3893 susceperat;
1123 3839 1226 3878 non
1260 3831 1468 3876 natura:
1506 3837 1616 3876 suae
1641 3821 1936 3890 potentiam
1967 3834 2093 3888 per-

504 3916 659 3982 didit,
706 3932 802 3986 per
847 3931 1009 3985 quam
1052 3922 1245 3969 cuncta
1298 3913 1560 3968 viviﬁcat.
1617 3912 1708 3966 Sic
1744 3912 1795 3966 in
1845 3910 2096 3980 sepulcro

504 4025 723 4066 carnem
773 4026 927 4065 suam
976 4007 1380 4065 commoriendo
1421 4022 1527 4061 non
1576 4006 1835 4068 deseruit,
1864 4005 2004 4059 sicut
2041 4004 2097 4057 in

504 4108 661 4157 utero
688 4100 921 4172 Virginis
949 4098 1325 4155 connascendo
1350 4096 1603 4151 formavit
1628 4114 1640 4149 :
1670 4104 1725 4149 et
1757 4095 1835 4150 sic
1870 4096 1923 4149 in
1949 4104 2098 4148 utro-

504 4209 609 4265 que
629 4203 684 4248 et
708 4195 855 4248 nasci
884 4202 939 4247 et
965 4192 1100 4247 mori
1132 4206 1239 4245 non
1268 4198 1487 4244 coactus
1510 4188 1577 4241 ab
1603 4186 1797 4250 altero,
1821 4186 1914 4239 sed
1939 4200 2099 4254 spon-

506 4294 560 4339 te
590 4285 778 4346 volnit,
809 4292 866 4336 ut
894 4284 997 4336 hoc
1041 4296 1165 4335 eum
1206 4288 1418 4335 constet
1452 4276 1736 4348 pertulisse
1762 4276 1904 4345 quod
1948 4274 2095 4330 fecit.

506 4375 617 4430 Nec
644 4374 762 4428 ideo
792 4387 897 4426 non
920 4371 1234 4440 patientem,
1263 4370 1390 4437 quia
1416 4369 1529 4438 ipse
1554 4366 1787 4421 faciebat
1811 4384 1825 4432 ;
1855 4381 1955 4421 nec
1978 4365 2097 4420 ideo

508 4482 617 4524 non
643 4463 951 4524 facientem,
977 4461 1101 4529 quia
1133 4475 1235 4513 non
1269 4459 1407 4512 alius
1429 4458 1711 4511 tolerabat.
1744 4477 1762 4509 ι
1799 4456 1948 4511 Hanc
1966 4471 2100 4525 quo-

2201 3271 2342 3342 cap.)
2372 3290 2383 3325 :
2413 3290 2431 3322 c
2467 3271 2569 3338 Qui
2612 3272 2776 3342 igitur
2819 3272 3064 3326 dividunt
3096 3272 3472 3328 sulsistentias
3515 3281 3637 3343 post
3678 3274 3805 3329 uni-

2201 3371 2387 3425 tatem,
2418 3371 2472 3416 et
2514 3362 2917 3431 particulariter
2962 3373 3168 3432 ponunt
3207 3372 3513 3431 utrumque,
3548 3364 3652 3418 hoc
3687 3371 3804 3428 est,

2202 3455 2474 3510 hominem
2499 3462 2555 3508 et
2580 3453 2773 3518 Deum,
2806 3454 3268 3523 subintelligentes
3309 3454 3704 3524 copulationem
3741 3456 3803 3511 in

2157 3538 2161 3541 ’
2200 3548 2279 3602 eis
2328 3563 2447 3616 qua:
2477 3545 2770 3601 secundum
2807 3547 2976 3602 solam
3020 3548 3338 3617 dignitatem
3377 3556 3482 3613 est,
3516 3547 3651 3603 duos
3680 3564 3806 3606 mo—

2202 3635 2285 3690 dis
2310 3636 2561 3690 omnihus
2597 3642 2841 3689 statuunt
2884 3634 3041 3698 ﬁlios,
3070 3651 3193 3690 cum
3230 3634 3510 3704 Scriptura
3538 3635 3807 3692 divinitus

2200 3726 2456 3793 inspirata
2492 3740 2655 3777 unum
2687 3723 2819 3778 dicit
2868 3723 3062 3778 Filium
3109 3733 3269 3793 atque
3321 3725 3627 3779 Dominum.
3656 3725 3812 3791 Quo-

2201 3818 2343 3871 circa
2368 3825 2489 3885 post
2514 3814 2837 3871 ineﬂ‘abilem
2864 3817 3128 3869 unitatem
3156 3816 3269 3870 sive
3308 3815 3476 3869 Deum
3522 3815 3803 3880 nomines,

2202 3907 2516 3962 Emmanuel
2554 3908 2892 3961 incarnatum
2924 3915 2979 3960 et
3013 3906 3181 3960 Deum
3213 3906 3414 3961 factum
3441 3906 3803 3979 intelligimus

2200 4014 2266 4053 ex
2303 3999 2411 4052 Deo
2432 3999 2592 4053 Patre
2621 3998 2897 4052 Verbum:
2943 3998 3056 4053 sive
3082 3998 3359 4052 hominem
3400 3998 3566 4060 dicas,
3601 3998 3810 4054 nihilo-

2200 4090 2381 4145 minus
2417 4088 2469 4142 in
2499 4088 2769 4142 mensuris
2801 4087 3055 4141 humanis
3095 4088 3476 4156 partieipatum
3510 4086 3805 4156 dispensa-

2202 4181 2312 4236 tive
2342 4178 2715 4249 cognoscimus
2756 4174 2991 4248 [Cyrill.,
3022 4177 3135 4230 sive
3165 4174 3590 4239 Emmanuelem,
3633 4183 3689 4230 et
3714 4175 3810 4232 in-

2202 4276 2487 4323 carnatum
2513 4276 2569 4322 et
2595 4267 3007 4320 inhumanatum
3052 4266 3222 4319 Deum
3257 4265 3520 4329 nomines,
3562 4280 3661 4320 nos
3700 4266 3809 4322 Dei

2201 4359 2381 4414 Patris
2420 4359 2654 4413 Verbum
2701 4357 3034 4425 accipimus:
3085 4357 3197 4411 sive
3248 4358 3518 4412 hominem
3571 4357 3809 4423 dixeris,

2204 4468 2302 4506 nos
2322 4466 2473 4521 mque
2501 4450 2628 4504 illud
2659 4450 2833 4518 ipsum
2866 4449 2982 4519 (Dei
3012 4448 3269 4518 Verbum)
3294 4450 3436 4518 quod
3463 4465 3561 4520 per
3582 4450 3812 4521 dispen-

510 4574 613 4628 que
645 4553 940 4609 mirabilem
970 4528 1022 4605 et
1065 4548 1387 4604 inell‘abilem
1432 4549 1486 4602 in
1522 4547 1659 4602 Filio
1706 4548 1801 4602 Dei
1838 4548 2099 4602 unitatem
2131 4528 2181 4588 υ
2205 4542 2470 4598 sationem
2514 4539 2785 4595 mensuris
2829 4539 3183 4593 humanitatis
3218 4555 3337 4595 sese
3362 4540 3598 4607 demisit,
3628 4557 3809 4613 agno—

511 4662 823 4710 naturarum
869 4649 923 4702 in
969 4661 1201 4716 persona
1252 4653 1306 4699 et
1351 4651 1620 4714 potestate
1669 4657 1823 4697 mens
1866 4642 2102 4695 humana

512 4744 721 4807 credat,
753 4756 858 4796 non
887 4738 1149 4808 requirat,
1179 4744 1240 4791 ut
1261 4737 1314 4791 in
1341 4735 1531 4791 eodem
1574 4734 1713 4787 libro
1754 4733 1966 4802 legitur.
2013 4732 2105 4786 Ait

514 4834 658 4890 enim
688 4832 829 4886 idem
854 4830 1040 4884 doctor
1066 4826 1217 4899 (Cap.
1251 4826 1303 4896 8)
1332 4840 1347 4879 :
1376 4846 1392 4876 ε
1427 4823 1581 4879 Sicut
1604 4824 1749 4877 enim
1780 4823 1895 4877 sine
1924 4838 2105 4877 exem-

514 4924 607 4995 plo
641 4931 814 4977 mater
859 4921 1043 4993 genuit
1088 4928 1365 4976 auctorem
1413 4933 1590 4980 suum,
1640 4916 1719 4971 sic
1765 4916 2106 4971 ined‘abiliter

517 5018 677 5075 Pater
704 5016 1003 5072 credendus
1033 5022 1115 5069 est
1163 5013 1414 5085 genuisse
1442 5021 1768 5067 coaeternum
1794 5028 1805 5063 :
1839 5010 1905 5063 de
1933 5017 2106 5065 matre

518 5119 677 5167 natus
710 5116 813 5171 est,
842 5107 934 5177 qui
966 5115 1147 5160 tamen
1193 5114 1318 5159 ante
1361 5102 1500 5166 fuit;
1549 5102 1616 5156 de
1663 5100 1845 5164 Patre,
1877 5101 1967 5170 qui
2003 5100 2103 5155 ali-

521 5202 735 5276 quando
766 5216 873 5257 non
921 5197 1109 5254 defuit.
1155 5196 1271 5253 Hoc
1317 5195 1451 5252 ﬁdes
1497 5196 1704 5260 credat,
1754 5194 2106 5265 intelligentia

519 5313 627 5355 non
651 5295 912 5366 requirat,
945 5308 1014 5347 ne
1043 5299 1136 5348 aut
1157 5306 1260 5345 non
1294 5290 1569 5344 inventum
1596 5296 1746 5357 putet
1770 5285 2107 5351 incredibile,

521 5398 617 5448 aut
642 5397 914 5458 repertum
939 5400 1042 5439 non
1068 5383 1254 5438 credat
1276 5380 1566 5449 singulare.
1601 5398 1618 5429 ι
1649 5377 1706 5433 Si
1735 5387 1907 5432 mater
1927 5378 2111 5448 genuit

527 5495 804 5543 auctorem
830 5496 1006 5539 suum,
1039 5488 1093 5533 et
1115 5477 1180 5531 de
1222 5483 1394 5530 matre
1437 5484 1595 5526 natus
1624 5479 1706 5525 est
1739 5471 1828 5539 qui
1861 5471 1927 5527 de
1953 5470 2111 5525 Patre

528 5576 628 5631 fuit
656 5591 669 5629 :
695 5574 961 5644 quomodo
998 5578 1055 5623 tu
1081 5584 1214 5622 ausu
1241 5563 1525 5619 temerario
1550 5562 1692 5616 soles
1717 5576 1915 5630 negare
1940 5561 2110 5615 Deum

529 5682 649 5723 esse
677 5680 866 5721 verum
892 5662 985 5732 qui
1010 5676 1077 5717 ex
1107 5657 1325 5728 Virgine
1351 5663 1512 5710 natus
1558 5662 1641 5709 est
1664 5654 1686 5707 ?
1711 5653 1816 5706 Aut
1845 5653 2111 5725 quomodo

534 5773 638 5813 non
663 5764 829 5811 terret
860 5762 912 5808 te
938 5751 1081 5822 quod
1107 5747 1372 5819 sequitur.
1402 5755 1461 5800 ut
1491 5744 1612 5814 quia
1641 5745 1744 5799 hoc
1774 5744 1980 5798 ratione
2002 5758 2107 5798 non

2209 4632 2474 4706 scimus]:
2520 4631 2721 4686 factum
2752 4645 2882 4685 vero
2908 4629 3139 4685 dicimus
3181 4631 3520 4702 palpabilem,
3553 4633 3645 4701 qui
3691 4633 3811 4689 im-

2208 4724 2493 4797 palpabilis
2540 4731 2669 4787 est;
2719 4720 3007 4785 visibilem,
3054 4723 3144 4790 qui
3192 4722 3477 4777 invisibilis
3520 4730 3640 4789 est;
3689 4738 3810 4781 non

2208 4820 2355 4875 enim
2384 4817 2483 4872 fuit
2524 4824 2840 4871 extraneum
2865 4815 2913 4869 ei
2952 4815 3158 4869 unitum
3191 4814 3364 4883 ipsum
3412 4829 3628 4886 corpus,
3655 4818 3813 4886 quod

2211 4911 2373 4965 etiam
2418 4908 2649 4963 dicimus
2688 4920 2806 4959 esse
2831 4905 3099 4974 palpabile
3127 4914 3181 4958 et
3209 4904 3438 4959 visibile.
3467 4925 3486 4957 ι
3520 4905 3650 4961 Item
3677 4917 3812 4975 post

2210 5001 2389 5071 aliqua
2416 5017 2427 5053 :
2459 5017 2477 5048 ‹
2518 4996 2635 5052 Non
2657 4997 2775 5051 sine
2798 4994 3090 5057 voluntate,
3120 4996 3213 5048 sed
3240 5002 3432 5063 sponte
3480 4993 3813 5066 Unigenitus

2211 5097 2386 5152 factus
2406 5104 2490 5150 est
2515 5096 2677 5149 homo
2705 5109 2719 5156 ;
2762 5100 2815 5145 et
2844 5104 2971 5155 non,
2998 5090 3139 5145 sicut
3163 5089 3243 5143 ais
3279 5096 3353 5148 tu,
3385 5085 3676 5155 assumpsit
3702 5085 3811 5141 ho-

2210 5188 2431 5250 minem,
2460 5200 2557 5256 per
2589 5182 2957 5238 habitudinem
2990 5181 3039 5236 ei
3064 5179 3457 5250 copulationem
3500 5178 3722 5239 donans,
3748 5184 3816 5232 et

2213 5278 2489 5334 ﬁliationis
2515 5273 2686 5346 gratia
2726 5286 3010 5335 coronans,
3038 5271 3175 5326 sicut
3205 5285 3323 5325 nos.
3354 5288 3372 5341 ξ
3409 5268 3473 5323 Et
3513 5276 3633 5337 post
3661 5281 3814 5337 pau-

2213 5387 2277 5428 ca
2304 5390 2317 5424 :
2348 5390 2365 5420 ι
2404 5370 2563 5426 υηίῑι
2592 5381 2719 5421 vero
2741 5363 2907 5421 semel
2936 5364 3175 5420 dividere
3197 5379 3303 5419 non
3333 5371 3416 5417 est
3441 5370 3680 5421 cautum.
3706 5376 3814 5417 ne-

2214 5477 2318 5532 que
2344 5462 2398 5516 in
2430 5459 2566 5514 ﬁlios
2589 5456 2780 5527 partiri
2823 5456 2977 5522 duos,
3013 5468 3181 5524 unum
3219 5451 3493 5508 Christum
3521 5458 3577 5507 et
3604 5449 3810 5508 Filium

2213 5562 2269 5609 et
2292 5554 2597 5612 Dominum.
2622 5571 2642 5603 ι

2287 5641 2414 5702 VIII.
2446 5645 2695 5716 Nunquid
2737 5651 2797 5699 tu
2841 5656 2947 5698 non
2993 5638 3168 5695 solum
3212 5644 3402 5694 contra
3437 5633 3598 5707 hujus
3624 5635 3808 5690 sancti

2214 5740 2390 5796 Patris
2436 5739 2596 5802 dicta,
2646 5750 2832 5793 verum
2891 5734 3054 5789 etiam
3098 5740 3283 5813 contra
3334 5727 3690 5786 universalem
3716 5732 3719 5733 ⁷
3743 5735 3807 5783 et
