4030 6358
929 260 1344 328 DOGMATICA.
1388 290 1454 302 ——
1484 257 1644 316 ADV.
1683 250 1982 311 FELICEM
2019 252 2198 309 LIBRI
2234 252 2343 310 γη.
2382 279 2452 292 -
2486 248 2615 306 LIB.
2659 248 2746 307 VI.

3369 240 3476 301 210

224 399 575 477 apostolicam
605 399 803 451 sanctte
835 387 932 444 Dei
975 382 1237 441 Ecclesiae
1254 369 1795 477 consuetudinem‘di-
1822 367 1869 428 Α
1895 368 2039 477 enim
2064 367 2316 477 cavepdis
2352 368 2468 463 ipsa
2491 364 2705 477 Vjeritas
2727 363 2781 418 in
2822 360 3110 434 Evangelio
3132 361 3246 477 ait:
3273 359 3332 416 Si
3353 376 3480 466 oeu-

227 464 365 552 vidis
391 478 670 548 Christum
700 486 754 540 in
781 483 914 539 duos
954 481 1101 543 deos,
1144 471 1560 543 nuncupativum
1599 464 1803 533 scilicet

228 596 279 642 et
304 597 492 639 verum
518 598 532 633 :
566 587 621 633 et
650 578 703 630 in
724 576 866 649 duos
891 570 1047 634 ﬁlios,
1087 565 1393 635 adoptivum
1422 569 1477 616 et
1504 558 1801 649 proprium,

226 670 575 731 accumulaus
624 648 786 735 super
820 668 980 732 caput
1026 668 1174 713 tuum
1208 653 1447 731 terribile
1497 648 1801 709 anathema,

229 765 370 837 quod
394 764 449 817 in
476 761 663 816 eodem
688 753 893 829 prmfati
918 750 1095 805 Patris
1115 747 1253 802 libro
1280 746 1476 837 legitur
1499 758 1566 837 εὴ(
1606 737 1662 792 Si
1687 736 1808 806 quis

230 830 514 927 praesumit
562 850 742 905 dicere
786 841 1056 899 Deiferum
1100 837 1369 892 hominem
1411 830 1708 892 Christum,
1755 832 1810 880 et

229 925 335 1005 non
382 945 565 1016 potius
609 941 779 996 Deum
826 950 946 993 esse
986 946 1135 995 vere,
1168 930 1308 983 sicut
1353 925 1519 979 ﬁlium
1550 936 1712 976 unum
1756 925 1810 973 et

228 1011 563 1099 naturalem,
592 1030 883 1088 secundum
910 1024 1053 1095 quod
1073 1022 1273 1077 factum
1295 1025 1377 1071 est
1399 1029 1525 1069 caro
1552 1011 1809 1073 Verbum,

230 1142 284 1188 et
313 1125 737 1186 communicavit
768 1119 1016 1191 proxime
1047 1113 1204 1169 nobis
1250 1108 1508 1178 sanguine
1535 1112 1589 1159 et
1628 1114 1809 1164 carne,

233 1224 524 1281 anathema
556 1219 645 1274 sit.
672 1236 691 1269 ι
722 1215 789 1269 Et
817 1214 870 1266 in
893 1206 1237 1278 sequentibus
1263 1221 1275 1255 :
1310 1219 1327 1250 ‹
1355 1199 1446 1252 Ait
1463 1196 1605 1251 enim
1628 1202 1680 1246 et
1702 1192 1815 1281 ipse

232 1279 495 1369 Christus
530 1309 594 1364 de
624 1303 825 1361 sanctis
867 1295 1161 1370 prophetis,
1202 1293 1317 1346 sive
1344 1287 1409 1342 de
1455 1284 1676 1345 sanctis,
1720 1279 1814 1349 qui

232 1405 385 1476 prius
414 1401 634 1455 fuerunt
658 1414 671 1449 :
706 1394 764 1449 Si
788 1392 905 1446 illos
931 1387 1062 1441 dixit
1090 1384 1235 1447 deos,
1262 1379 1329 1433 ad
1370 1394 1497 1476 quos
1526 1389 1694 1476 sermo
1718 1370 1817 1424 Dei

232 1469 406 1568 [actus
436 1502 510 1547 est
539 1505 556 1542 :
594 1504 745 1559 quem
787 1483 948 1537 Pater
972 1474 1313 1544 sanctiﬁcavit
1351 1481 1395 1524 et
1426 1469 1562 1523 misit
1584 1470 1637 1519 in
1655 1480 1817 1568 inun-

233 1555 382 1651 'dum,
437 1600 524 1639 vos
564 1555 736 1635 dicitis
765 1577 888 1645 quia
930 1570 1275 1633 blasphemas,
1311 1565 1433 1635 quia
1480 1560 1610 1622 dixi,
1647 1555 1819 1651 Filius

234 1678 330 1733 Dei
358 1646 478 1731 sum
520 1670 704 1743 (Joan.
734 1684 790 1732 x,
818 1666 905 1725 56,
937 1661 1048 1731 57).
1095 1660 1199 1714 Sed
1248 1672 1354 1711 non
1401 1653 1539 1708 sicut
1568 1652 1622 1743 in
1664 1646 1822 1701 nobis

1903 460 1984 515 lus
2018 470 2137 514 tuus
2180 456 2709 512 dexter‘scandaliz’at
2738 464 2805 521 te,
2844 470 2969 509 erue
3009 470 3148 521 eum,
3196 460 3245 507 et
3285 454 3481 524 projice

1902 551 1994 604 abs
2019 558 2086 613 te,
2118 548 2319 618 expedit
2366 548 2458 600 tibi
2488 556 2544 601 ut
2573 563 2735 601 unum
2778 554 2952 616 pereat
2993 544 3339 599 membrorum
3365 553 3482 597 tuo-

1904 658 2043 706 rum,
2083 657 2239 711 quam
2266 649 2431 693 totum
2451 655 2635 707 corpus
2664 648 2809 692 tuum
2836 638 3075 692 mittatur
3108 638 3164 690 in
3194 631 3481 707 gehennam

1907 730 2118 803 (Matth.
2143 746 2199 796 v,
2222 729 2336 800 29).

1906 882 1913 887 ,
1975 822 2065 877 IX.
2109 821 2242 876 Nam
2278 829 2333 875 et
2364 821 2636 875 Arnonius
2673 819 3011 892 [Arnobius],
3042 820 3128 873 vir
3161 820 3302 874 acris
3335 819 3484 889 inge-

1908 916 2006 980 nii,
2034 915 2087 970 in
2112 914 2361 970 conﬂictu
2386 929 2543 984 quem
2570 930 2692 968 cum
2717 912 3007 983 Serapione
3030 914 3216 967 habuit
3243 914 3309 967 de
3330 913 3486 967 nobi-

1910 1006 2060 1060 litate
2090 1012 2287 1060 sancta:
2311 1004 2492 1059 Mariae
2513 1004 2787 1074 genitricis
2818 1003 2944 1068 Dei,
2979 1011 3034 1056 et
3062 1005 3124 1057 de
3153 1006 3488 1073 incompara-

1911 1099 2005 1154 bili
2049 1098 2300 1153 omnibus
2340 1096 2554 1152 feminis
2596 1098 2903 1161 sanctitate,
2949 1105 3004 1149 et
3048 1097 3115 1151 de
3154 1097 3325 1165 ipsius
3365 1095 3488 1150 Filii

1913 1189 2030 1253 Dei,
2061 1190 2152 1257 qui
2181 1203 2246 1242 ex
2275 1204 2338 1243 ea
2368 1197 2527 1243 natus
2552 1197 2636 1243 est
2659 1188 2956 1252 divinitate,
2986 1184 3342 1241 consentanea
3365 1201 3491 1241 san-

1915 1282 2016 1334 ctis
2059 1278 2331 1343 Patribus,
2379 1294 2609 1347 quorum
2638 1280 2780 1333 dicta
2821 1278 3154 1333 abundanter
3194 1278 3490 1347 posuimus,

1915 1369 2119 1439 profert
2150 1370 2482 1433 testimonia,
2518 1370 2701 1424 dicens
2731 1388 2743 1421 :
2782 1387 2799 1419 ε
2835 1368 2971 1423 Dum
3002 1370 3055 1424 in
3084 1367 3375 1437 unigenito,
3407 1366 3493 1420 in-

1918 1462 2068 1529 quit,
2108 1461 2243 1515 duas
2272 1468 2490 1514 naturas
2527 1459 2843 1515 confitemur
2867 1460 3109 1530 duasque
3142 1458 3495 1523 substantias,

1920 1551 2171 1620 objicitur
2198 1551 2337 1619 quod
2365 1550 2592 1605 alterum
2620 1552 2860 1605 dicamus
2890 1550 2985 1604 Dei
3013 1551 3205 1604 Filium
3224 1591 3239 1615 ,
3267 1551 3499 1604 altemm

1925 1639 2091 1695 ﬁlium
2113 1640 2373 1694 hominis.
2400 1638 2507 1693 Nos
2546 1650 2726 1693 autem
2752 1639 3336 1709 auctoritateApostoli
3364 1639 3499 1694 dici-

234 1729 507 1822 iuilia—bitat
526 1729 710 1822 ‘Deus,
763 1729 837 1811 ita
866 1762 919 1809 et
948 1729 1015 1806 in
1042 1748 1260 1804 Christo
1285 1765 1298 1800 :
1348 1744 1489 1797 Deus
1530 1741 1673 1794 enim
1704 1743 1823 1793 erat
1854 1732 1897 1791 Β
1924 1747 2045 1786 mus
2075 1756 2088 1785 ;
2121 1731 2260 1785 Deus
2293 1741 2405 1784 erat
2437 1732 2493 1785 in
2522 1729 2727 1784 Chris'o
2754 1732 3006 1785 mundum
3038 1731 3376 1785 reconcilians
3396 1730 3502 1815 sibi

236 1856 562 1915 naturaliter
589 1863 851 1921 apparens
890 1842 1180 1900 secundum
1219 1853 1336 1899 nos,
1364 1848 1609 1901 unusque
1652 1838 1707 1884 et
1737 1843 1823 1882 so-

235 1948 320 2002 lus
347 1946 516 2009 ﬁlius,
547 1952 597 1996 et
625 1936 837 2009 quando
867 1935 1042 1989 factus
1062 1940 1145 1985 est
1174 1943 1319 1982 caro.
1370 1925 1471 1991 Qui
1500 1923 1663 1993 igitur
1688 1935 1825 1991 prte-

238 2046 459 2097 sumunt
497 2035 677 2090 dicere
721 2029 994 2085 Deiferum
1025 2024 1296 2079 hominem
1343 2035 1486 2081 eum,
1515 2025 1569 2071 et
1595 2032 1700 2069 non
1730 2029 1826 2083 po-

237 2133 347 2185 tius
397 2128 809 2182 inhumanatum
864 2106 1056 2182 Deum,
1110 2111 1416 2170 necessario
1472 2108 1826 2163 succumbunt

240 2216 697 2276 anathematismo
731 2208 1028 2282 proposito.
1063 2226 1081 2257 »
1114 2204 1246 2259 Item
1275 2203 1361 2257 ille
1388 2202 1503 2269 ipse
1530 2198 1620 2268 qui
1644 2211 1824 2266 supra,

238 2310 467 2383 epistola
492 2308 561 2362 ad
596 2303 889 2361 monachos
918 2300 1155 2354 directa:
1191 2313 1209 2344 ι
1261 2293 1393 2349 Cum
1422 2291 1586 2354 enim,
1632 2286 1824 2355 inquit,

238 2378 505 2473 probatur
533 2397 659 2467 quia
705 2396 847 2449 Deus
875 2388 1166 2445 secundum
1207 2394 1453 2440 naturam
1481 2390 1582 2443 cst,
1640 2378 1732 2448 qui
1764 2391 1829 2431 ex

240 2468 431 2548 sancta
482 2488 707 2559 Virgine
753 2492 913 2539 natus
959 2488 1087 2544 est;
1138 2476 1339 2532 nullum
1388 2490 1482 2529 eos
1532 2469 1651 2543 [F.,
1684 2468 1827 2542 reor]

240 2598 461 2654 segnem
502 2579 805 2647 intelligere
835 2591 899 2629 ac
948 2571 1118 2641 loqui,
1168 2569 1291 2638 quia
1335 2567 1430 2622 Dei
1476 2564 1721 2620 Genitrix
1762 2563 1834 2616 sit

243 2673 494 2731 dicenda.
521 2691 541 2723 ι
582 2670 649 2724 Ει
674 2669 871 2722 iterum
905 2682 919 2717 :
955 2682 973 2714 ι
1006 2664 1407 2722 Verumtamen,
1454 2656 1647 2725 inquit,
1694 2668 1834 2708 unus

244 2762 517 2818 Dominus
563 2756 719 2812 Jesus
752 2754 1023 2817 Christus,
1070 2763 1312 2818 unusque
1350 2754 1404 2800 et
1445 2758 1605 2799 verus
1644 2742 1829 2806 Filius,

244 2855 389 2909 Deus
439 2849 599 2907 simul
648 2858 702 2903 et
750 2848 947 2909 homo;
1000 2848 1055 2896 et
1103 2856 1209 2895 non
1259 2839 1419 2892 homo
1464 2834 1607 2888 Deus
1658 2832 1834 2886 factus

246 2941 484 3015 [Cyrilt.,
526 2933 836 3006 Deiﬁcatus]
878 2933 976 2987 sub
1020 2927 1325 3000 aequalitate
1372 2926 1564 2979 horum
1603 2920 1695 3015 qui
1738 2933 1836 2988 per

248 3013 507 3107 gratiam,
557 3031 653 3086 sed
700 3029 842 3082 Deus
884 3024 1063 3095 potius
1087 3036 1249 3076 verus
1298 3019 1351 3072 in
1380 3018 1614 3071 humana
1662 3013 1834 3068 l‘orma

1924 1820 2010 1892 (11
2037 1818 2159 1874 Cor.
2192 1819 2387 1890 v,,19).
2432 1820 2488 1873 Si
2528 1820 2671 1873 enim
2709 1821 2965 1873 mundum
3001 1812 3397 1885 reconciliavit,
3430 1822 3502 1874 ita

1923 1918 1983 1963 ut
2014 1908 2296 1964 credentes
2322 1909 2377 1962 in
2401 1923 2459 1962 se
2487 1908 2622 1961 ﬁlius
2660 1909 2754 1962 Dei
2784 1908 2981 1963 faceret
3011 1910 3278 1975 homines,
3318 1912 3506 1979 utique

1926 2010 2117 2057 natura
2146 2014 2352 2064 servos,
2382 2014 2486 2054 non
2512 1999 2790 2073 Deiﬁlios.
2819 2001 3129 2055 actu'etiam
3158 2012 3381 2067 reos,‘et
3409 2018 3508 2073 per

1926 2092 2421 2163 praevaricationem
2446 2091 2607 2161 primi
2634 2091 2866 2146 hominis
2900 2093 3116 2147 inimico
3151 2095 3365 2165 generis
3402 2095 3506 2149 hu-

1927 2186 2073 2239 mani
2113 2183 2374 2238 obnoxios
2406 2198 2420 2236 :
2463 2192 2642 2238 tamen
2678 2200 2775 2254 per
2810 2199 2965 2239 suam
3006 2188 3234 2253 gratiam
3271 2188 3370 2245 hos
3413 2190 3510 2247 Dei

1929 2276 2066 2330 ﬁlios
2094 2275 2238 2330 fecit.
2283 2274 2405 2346 [Qui
2436 2290 2564 2346 ergo
2594 2274 2728 2330 alios
2752 2276 2846 2331 Dei
2878 2276 3014 2332 ﬁlios
3041 2278 3212 2351 fecit,]
3241 2284 3511 2351 quanth

1930 2368 2043 2436 ipse
2072 2382 2176 2420 non
2212 2373 2295 2419 est
2333 2364 2501 2419 Filius
2542 2366 2635 2420 Dei
2675 2367 2939 2422 alunatus
2978 2384 3098 2424 cum
3143 2371 3331 2433 Verbo,
3365 2372 3509 2442 quod

1931 2472 2057 2513 caro
2092 2456 2290 2512 factum
2324 2456 2555 2526 legitur?
2585 2477 2603 2509 ›
2646 2458 2713 2512 Ει
2743 2468 2867 2530 post
2899 2476 3068 2531 pauca
3108 2482 3122 2517 :
3170 2482 3188 2514 ‹
3225 2463 3331 2520 Per
3358 2482 3511 2522 suam

1930 2566 2058 2621 ergo
2101 2551 2561 2619 omnipotentiam,
2606 2565 2729 2605 cum
2774 2552 2975 2618 voluit,
3023 2556 3164 2609 hunc
3212 2558 3505 2626 hominem,

1934 2640 2139 2713 [quem]
2167 2643 2478 2711 assumpsit,
2505 2644 2607 2697 hoc
2632 2644 2829 2708 facere,
2856 2656 3130 2716 assumpto
3158 2647 3401 2718 [Arnob.,
3426 2667 3513 2706 as-

1934 2747 2121 2788 sumen
2136 2732 2215 2801 lo]
2261 2748 2325 2786 ex
2370 2741 2631 2802 tempore,
2673 2736 2813 2803 quod
2861 2738 2974 2804 ipse
3010 2753 3223 2807 semper
3261 2741 3362 2794 fuit
3400 2742 3515 2795 sine

1934 2833 2196 2894 tempore,
2228 2832 2287 2878 ut
2312 2838 2419 2879 non
2448 2825 2655 2892 possint
2682 2825 2785 2880 dici
2813 2828 2916 2880 duo
2944 2826 3034 2880 ﬁlii
3066 2828 3189 2893 Dei,
3222 2830 3358 2884 alius
3391 2838 3518 2886 ante

1936 2924 2201 2985 tempora,
2243 2923 2296 2969 et
2339 2915 2474 2970 alius
2514 2924 2672 2970 natus
2701 2932 2767 2971 ex
2805 2919 3047 2987 tempore
3076 2938 3088 2973 :
3124 2922 3216 2974 sed
3252 2937 3390 2976 unus
3420 2922 3517 2979 Del

1936 3006 2104 3063 Filius
2129 3007 2386 3062 Dominus
2411 3005 2568 3063 Jesus
2597 3007 2861 3063 Christus.
2888 3009 3014 3065 lude
3035 3020 3118 3066 est
3144 3013 3286 3081 quod
3314 3013 3515 3069 dictum

248 3097 521 3199 apparens
547 3132 766 3195 pr0pter
796 3135 914 3174 nos.
940 3139 958 3171 ι
1008 3117 1075 3171 Ει
1102 3116 1157 3170 in
1206 3111 1552 3182 sequentibus
1598 3106 1839 3177 ejusdem
1861 3101 1910 3163 C
1941 3108 2024 3155 est
2050 3099 2118 3153 ab
2140 3097 2396 3176 Apostolo
2427 3117 2439 3151 :
2473 3097 2533 3153 Si
2556 3100 2886 3169 cognovimus
2917 3100 3197 3155 Dominum
3223 3103 3403 3157 Jesum
3434 3120 3521 3158 se-

248 3219 493 3291 epistolze
522 3234 537 3270 :
568 3235 586 3266 ‹
638 3214 769 3285 Age,
816 3226 934 3279 age,
976 3216 1341 3263 monstremus
1388 3217 1456 3256 ex
1502 3201 1630 3271 ipsis
1658 3208 1839 3254 osten-

248 3312 444 3367 dentes
474 3310 634 3364 litlem
661 3306 830 3361 sacris
856 3302 1052 3357 litteris
1074 3300 1198 3370 quia
1230 3297 1373 3352 Deus
1402 3292 1694 3349 secundum
1737 3306 1835 3345 na-

251 3413 432 3459 turam
461 3408 568 3464 est,
593 3397 693 3451 etsi
721 3396 786 3449 ad
818 3392 1077 3447 unitatem
1106 3387 1373 3458 cepulavit
1417 3384 1517 3440 sibi
1565 3381 1841 3451 propriam

250 3509 501 3557 carnem,
533 3506 639 3561 quo
662 3490 845 3543 vivere
888 3486 1113 3555 probato
1157 3479 1387 3554 [Cyrill.,
1417 3494 1521 3549 quo
1549 3473 1838 3548 patefacto]

253 3585 348 3640 Dei
381 3582 634 3639 Genitrix
662 3580 857 3633 dicitur
883 3590 913 3629 a
939 3574 1116 3636 nobis,
1158 3578 1212 3625 et
1238 3570 1369 3625 satis
1415 3567 1608 3623 merito
1656 3573 1841 3645 sancta

259 3677 440 3745 Virgo.
473 3694 491 3724 ι
545 3672 676 3726 ltem
709 3670 762 3723 in
788 3667 974 3723 eadem
1001 3685 1013 3720 :
1044 3685 1062 3717 ‹
1118 3662 1396 3729 Quomodo
1439 3675 1567 3731 ergo
1594 3659 1844 3730 pr0prius

254 3766 351 3822 Dei
379 3765 555 3820 Filius
578 3762 885 3818 nominatus
908 3767 992 3815 est
1015 3756 1279 3819 Christus,
1310 3755 1401 3823 qui
1430 3755 1592 3808 etiam
1616 3752 1845 3807 traditus

254 3869 337 3914 est
363 3876 394 3913 a
421 3857 535 3912 Deo
573 3856 753 3918 Patre,
780 3868 943 3908 causa
967 3850 1206 3906 omnium
1238 3846 1424 3902 salutis
1449 3854 1502 3899 et
1531 3844 1693 3897 vitae?
1716 3842 1847 3896 Tra-

256 3952 401 4007 ditus
424 3957 511 4004 est
540 3947 683 4001 enim
710 3954 929 4016 propter
952 3951 1172 4013 peccata
1199 3952 1403 4003 nostra,
1434 3948 1485 3993 et
1517 3938 1628 4006 ipse
1652 3936 1848 4006 iniqui-

256 4049 400 4094 tates
447 4037 741 4091 multorum
785 4034 946 4106 845
990 4032 1227 4103 portavit
1271 4031 1324 4085 in
1371 4044 1597 4099 corpore
1648 4043 1744 4082 suo
1792 4027 1846 4081 in

256 4129 429 4201 ligno,
481 4127 775 4189 secundum
825 4124 1101 4193 propheta:
1135 4134 1321 4175 vocem
1368 4118 1522 4189 (Isui.
1560 4133 1677 4181 LIII,
1716 4115 1846 4187 l2);

259 4220 441 4291 palam
469 4232 600 4288 ergo
628 4224 712 4271 est
735 4215 858 4286 quia
906 4214 1054 4267 unita
1102 4227 1191 4267 res
1233 4219 1505 4279 assumpta
1545 4209 1850 4265 necessarie

257 4310 540 4381 proprium
569 4307 762 4361 Filium
807 4304 1099 4361 declaravit
1139 4303 1257 4369 Dei,
1287 4303 1379 4372 qui
1420 4318 1487 4357 ex
1515 4311 1699 4357 sancta
1731 4302 1849 4357 Vir-

1947 3193 2173 3247 cundum
2203 3208 2431 3257 carnem,
2468 3192 2557 3246 sed
2584 3209 2720 3246 nunc
2751 3194 2866 3263 jam
2892 3209 2995 3247 non
3022 3197 3253 3250 novimus
3284 3195 3367 3267 (ΙΙ
3393 3195 3516 3252 Cor.

1939 3304 1993 3353 v,
2024 3288 2110 3357 l6)
2148 3304 2160 3340 :
2202 3288 2355 3356 quasi
2397 3286 2487 3356 qui
2531 3287 2677 3341 dicat
2720 3306 2732 3340 ;
2776 3294 2832 3342 et
2874 3287 2918 3340 si
2957 3289 3303 3358 cognovimus
3341 3289 3523 3345 lanam

1939 3378 2253 3457 priusquam
2276 3378 2595 3433 admistionc
2624 3378 2904 3449 sanguinis
2928 3379 3193 3450 conchylii
3220 3379 3372 3451 ﬁeret
3397 3366 3527 3451 pur-

1939 3486 2094 3541 pura;
2117 3471 2209 3547 sed
2224 3485 2366 3525 nunc
2378 3470 2487 3540 jam
2506 3485 2610 3525 non
2628 3471 2978 3539 cognovimus
2994 3471 3193 3537 lanam,
3215 3474 3306 3527 sed
3329 3488 3529 3543 purpu-

1944 3576 2093 3625 ram,
2132 3577 2237 3630 qua
2278 3563 2420 3617 inter
2454 3576 2643 3618 omnes
2688 3563 2932 3619 homines
2982 3564 3159 3619 nullus
3206 3566 3281 3619 uti
3319 3570 3526 3635 possit,

1943 3654 2046 3708 nisi
2084 3654 2322 3724 Augusta
2374 3653 2619 3726 [Arnob.,
2661 3655 2910 3728 Augusti]
2954 3646 3404 3729 fueritprteditus
3441 3662 3529 3717 di-

1944 3745 2168 3814 gnitate.
2214 3746 2680 3816 lmpingiturhoc
2728 3747 2889 3801 loco:
2931 3764 3059 3818 ergo
3100 3750 3220 3805 vilis
3263 3752 3385 3805 lana
3429 3752 3531 3807 fuit

1943 3836 2095 3905 prius
2134 3833 2307 3898 Jesus,
2345 3844 2399 3890 et
2440 3836 2667 3891 dealitas
2712 3835 2926 3908 [deitas]
2976 3841 3359 3907 superveniens
3400 3840 3530 3896 fecit

1947 3943 2068 3981 eum
2115 3928 2443 3996 purpuram?
2493 3927 2609 3980 Non
2656 3928 2729 3981 ita
2775 3927 3003 3984 dicimus
3044 3948 3055 3983 :
3102 3932 3193 3985 sed
3241 3942 3527 4000 antequam

1949 4020 2183 4089 Spiritus
2210 4027 2426 4075 sanctus
2447 4021 2655 4075 veniret
2684 4037 2844 4091 super
2870 4023 3118 4089 Mariam,
3147 4033 3203 4079 et
3230 4026 3399 4080 virtus
3433 4026 3528 4080 Al-

1948 4113 2139 4169 tissizni
2166 4113 2533 4176 obumbraret,
2570 4122 2622 4167 et
2652 4115 2753 4169 hoc
2778 4116 3083 4184 conciperet
3112 4120 3253 4186 quod
3284 4128 3532 4175 sanctum

1947 4214 2231 4261 vocaretur
2260 4204 2426 4260 Filius
2455 4205 2548 4259 Dei
2590 4205 2739 4275 (Luc.
2773 4223 2820 4271 ι,
2856 4207 2943 4271 35,
2972 4209 3095 4281 36);
3129 4222 3254 4266 ante
3280 4213 3401 4278 hoc,
3442 4215 3531 4269 ius

1947 4314 2135 4369 quam,
2183 4299 2295 4368 ipse
2338 4307 2522 4354 uterus
2553 4298 2753 4365 Marias,
2794 4304 3041 4371 quamvis
3070 4305 3299 4362 mundus
3326 4318 3470 4371 esset
3495 4324 3530 4375 a

261 4403 384 4472 gine
431 4408 517 4456 est
547 4396 779 4471 [Cyrill.,
841 4396 1066 4451 Planum
1110 4403 1195 4450 est
1233 4396 1374 4464 quod
1421 4395 1487 4448 ad
1532 4405 1848 4449 naturarum
1880 4455 1928 4477 ἢ
1950 4399 2173 4462 peccato
2197 4399 2253 4444 et
2285 4402 2537 4456 sanctus;
2570 4400 2749 4447 tamen
2777 4393 2982 4450 vilitate
3020 4396 3372 4464 humanitatis
3402 4398 3530 4477 [Ara

261 4494 518 4546 unionem
550 4488 843 4558 respiciens
870 4486 1293 4550 Emmanuelem,
1323 4484 1412 4554 qui
1438 4499 1506 4539 ex
1547 4500 1698 4540 sacra
1730 4484 1850 4539 Vir—
1879 4455 1929 4516 Ῑ)
1955 4482 2100 4546 nob.,
2146 4482 2485 4555 humilitatis]
2510 4492 2627 4538 erat
2651 4493 2709 4539 ut
2739 4486 2859 4541 lana
2887 4488 3088 4557 optima
3115 4500 3169 4545 et
3193 4455 3533 4561 incomparaq

262 4582 385 4654 gine
413 4590 642 4637 exortus
668 4588 775 4646 est,
813 4578 907 4635 Dei
952 4564 1147 4634 Filium
1175 4576 1437 4649 deﬁniat].
1469 4575 1678 4647 Corpus
1704 4578 1849 4632 enim

263 4683 379 4729 erat
406 4688 518 4729 non
548 4671 770 4727 alterius
797 4668 1093 4739 cuiuspiam
1134 4668 1427 4724 secundum
1470 4682 1589 4728 nos,
1621 4669 1714 4722 sed
1740 4683 1853 4722 ma-

265 4767 343 4836 gis
369 4764 657 4836 proprium
678 4779 744 4818 ex
763 4763 925 4817 Patre
948 4760 1229 4816 existentis
1253 4758 1415 4813 Verbi
1438 4767 1622 4812 natum
1644 4773 1708 4812 ex
1730 4773 1812 4812 ea.
1828 4777 1846 4810 ι

268 4855 423 4911 Unde
454 4854 577 4917 tibi,
605 4868 637 4908 ο
662 4852 812 4909 Felix
839 4854 852 4906 !
882 4859 1001 4922 post
1033 4858 1181 4904 tanta
1208 4850 1371 4905 etiam
1398 4848 1697 4904 clarissima
1730 4864 1854 4902 san-

269 4954 481 4999 ctorum
529 4942 750 4997 Patrum
809 4941 1114 4996 testimonia
1162 4949 1270 4994 tam
1326 4939 1543 4994 inimica
1587 4939 1857 5007 subrepsit

271 5035 574 5099 temeritas,
600 5041 659 5088 ut
684 5032 957 5088 Christum
995 5047 1193 5103 negare
1218 5034 1416 5087 audeas
1442 5032 1714 5101 proprium
1759 5030 1854 5086 Dei

269 5125 489 5191 Filium,
523 5124 607 5178 vel
656 5139 842 5178 verum
892 5123 1176 5176 Dominum
1222 5137 1360 5187 esse,
1398 5121 1484 5177 vel
1534 5122 1589 5176 in
1636 5121 1855 5191 proprio

270 5233 499 5289 corpore
551 5216 829 5289 passiones
881 5222 1077 5270 nostra:
1130 5215 1318 5269 salutis
1368 5229 1528 5268 causa
1581 5213 1856 5269 subiisse?

270 5307 463 5365 Nonne
489 5311 702 5365 cautius
734 5308 827 5363 tibi
852 5315 996 5363 esset
1018 5308 1157 5361 intra
1185 5323 1393 5362 murum
1426 5307 1703 5362 catholica:
1733 5306 1855 5361 ﬁdei

272 5405 507 5475 teipsum
540 5404 773 5458 retinere
799 5418 960 5473 quam
992 5417 1089 5473 per
1114 5402 1265 5456 devia
1292 5401 1621 5456 inﬁdelitatis
1645 5402 1860 5456 errare?

275 5491 415 5561 Quid
452 5494 519 5550 de
562 5495 752 5549 ovibus
788 5494 1157 5549 aestimandum
1209 5502 1310 5559 est,
1350 5494 1477 5549 dum
1519 5495 1632 5564 ipse
1680 5502 1863 5566 pastor

276 5600 467 5642 errare
494 5587 757 5657 probatur
782 5604 793 5640 :
843 5596 898 5642 et
924 5587 1014 5656 qui
1042 5587 1231 5642 ductor
1258 5586 1439 5641 debuit
1480 5602 1598 5641 esse
1629 5589 1693 5643 ad
1722 5586 1863 5641 salu-

280 5687 415 5749 tem,
445 5679 637 5739 doctor
678 5679 855 5746 factus
878 5687 961 5738 est
1002 5680 1071 5738 ad
1110 5680 1505 5751 perditionem?
1546 5680 1623 5736 De
1667 5682 1863 5743 talibus

1953 4573 2076 4628 bilis
2106 4573 2372 4630 universis
2398 4589 2516 4643 qua:
2541 4583 2698 4629 erant
2726 4578 2826 4631 sub
2853 4578 2990 4635 cazlo
3020 4579 3314 4650 virginibus
3345 4600 3357 4635 :
3389 4588 3534 4636 erat»

1954 4683 2058 4737 que
2099 4668 2222 4722 talis
2266 4676 2539 4733 actanta,
2570 4685 2690 4738 qua:
2720 4670 2977 4726 decenter
3016 4672 3069 4727 in
3121 4689 3179 4729 se
3225 4675 3533 4733 dealitatem

1956 4750 2076 4814 Filii
2105 4759 2219 4822 Dei,
2253 4759 2391 4813 sicut
2418 4758 2538 4812 lana
2567 4759 2835 4830 conchylii
2864 4763 3179 4833 sanguinem
3211 4770 3530 4838 susciperet,

1955 4861 2009 4908 et
2034 4854 2150 4923 ipsa
2175 4853 2296 4907 lana
2321 4867 2440 4907 esse
2464 4863 2723 4919 cessaret,
2750 4855 2842 4909 sed
2866 4871 2992 4910 vera
3024 4872 3256 4928 purpura
3284 4878 3379 4932 per
3403 4880 3531 4918 san-

1956 4946 2166 5018 guinem
2196 4945 2350 4999 ﬁeret
2378 4953 2754 5000 memoratum.
2787 4945 2901 5001 Non
2933 4949 3076 5003 enim
3106 4950 3224 5006 lana
3254 4954 3395 5017 vilis,
3437 4954 3534 5009 sed

1954 5037 2186 5105 pretiosa
2223 5033 2380 5103 hujus
2410 5044 2493 5089 est
2520 5037 2793 5106 sanguinis
2817 5054 3003 5108 capax.
3037 5039 3189 5107 Quod
3230 5044 3275 5097 si
3314 5043 3532 5114 sanguis

1957 5126 2044 5181 hic
2073 5126 2246 5180 lanam
2290 5135 2435 5181 tanta
2474 5126 2752 5196 majestate
2792 5130 3098 5186 sublmavit
3135 5148 3231 5202 per
3257 5151 3408 5189 suam
3438 5135 3535 5189 ad-

1958 5218 2291 5283 mistionem,
2322 5228 2380 5274 ut
2404 5220 2533 5274 nulli
2562 5222 2662 5277 hac
2684 5220 2839 5277 liceat
2863 5223 2962 5287 uti,
2989 5225 3092 5279 nisi
3120 5226 3243 5280 huic
3270 5227 3360 5295 qui
3386 5225 3533 5294 regia

1959 5310 2120 5367 fuerit
2161 5311 2416 5382 praeditus
2463 5313 2722 5383 dignitate
2770 5332 2781 5366 :
2833 5324 3034 5383 quanto
3081 5317 3267 5386 magis,
3317 5315 3535 5384 quando

1961 5404 2194 5474 Spiritus
2223 5413 2442 5459 sanctus
2465 5407 2611 5460 venit
2633 5406 2686 5458 in
2716 5403 2958 5469 Mariam,
2990 5416 3044 5459 et
3071 5406 3242 5459 virtus
3270 5403 3533 5459 Altissimi

1958 5497 2298 5551 obumbravit
2324 5511 2464 5559 eam,
2508 5497 2610 5551 hoc
2636 5497 2779 5565 quod
2817 5506 3000 5550 natum
3033 5505 3115 5550 est
3153 5511 3220 5549 ex
3262 5509 3326 5549 ea
3352 5493 3416 5547 de
3449 5509 3534 5549 sc-

1960 5590 2102 5645 mine
2128 5589 2292 5645 David
2323 5590 2612 5645 secundum
2640 5603 2856 5643 carnem
2895 5597 3137 5641 sanctum
3174 5585 3419 5658 [Arnob.,
3449 5602 3538 5641 se~

1960 5680 2128 5753 cum],
2162 5682 2288 5738 fecit
2311 5680 2503 5738 Filium
2529 5681 2656 5748 Dei,
2688 5688 2746 5736 ut
2767 5680 2844 5735 sic
2872 5686 3015 5732 esset
3039 5677 3203 5732 Maria
3234 5678 3537 5734 Christoto~
