4030 6358
475 251 577 322 lii

476 457 858 526 Christotocai.
889 460 982 518 sed
1005 475 1117 520 non
1143 459 1405 531 virgines,
1431 476 1535 516 nec
1557 459 1760 530 Spiritu
1793 468 1977 515 sancto
2002 468 2059 515 et

477 551 680 614 virtute
705 551 968 612 “tissimi
995 553 1347 610 obumbratus.
1385 552 1512 608 Hec
1537 561 1714 607 autem
1739 561 1794 608 et
1815 553 2059 609 Christo-

478 650 652 709 iocos.
695 651 752 702 et
789 643 903 703 sols
933 643 1255 708 Theotocss,
1297 654 1350 699 et
1389 643 1502 699 sola
1539 645 1714 713 virgo,
1753 651 1808 698 et
1849 642 2057 712 Spiritu

479 744 691 802 sancto,
716 746 770 792 et
791 737 988 790 virtute
1013 736 1274 792 Altissimi
1300 737 1626 806 concipiens.
1655 756 1674 790 δ
1702 749 1727 780 ι
1755 737 1891 803 Quid
1907 738 2058 795 enim

478 829 689 888 ratione
732 829 980 887 humanas
1017 828 1418 886 consuetudinis
1463 829 1890 899 investigandum
1929 837 2055 896 est,

480 921 623 989 quod
657 919 853 978 diVinai
890 921 1168 990 potestatis
1203 919 1461 974 miraculo
1487 917 1687 974 factum
1715 933 1834 973 esse
1864 921 2060 990 proba.

479 1013 601 1068 turi
625 1013 790 1083 Virgo
818 1013 1079 1082 concepit,
1111 1011 1280 1082 846
1313 1012 1466 1080 virgo
1489 1013 1716 1081 peperit,
1755 1013 1909 1082 virgo
1934 1025 2060 1082 per-

479 1107 698 1166 mansit.
733 1106 964 1164 Paterna
989 1103 1268 1172 majestate
1297 1107 1674 1170 obumbrante,
1703 1105 1909 1174 Spiritu
1936 1121 2060 1160 san-

477 1207 569 1256 cto
597 1208 813 1258 uterum
853 1199 1254 1267 impregnaute,
1301 1197 1470 1251 Deum
1495 1197 1741 1266 concepit
1769 1205 1822 1250 et
1849 1197 1943 1250 Dei
1970 1195 2060 1250 Fi-

479 1289 612 1348 lium
651 1289 878 1359 metit.
919 1288 1289 1359 Archangelus
1324 1288 1548 1342 verbum
1580 1289 1800 1342 auribus
1839 1286 2058 1353 infudit,

480 1379 624 1436 Deus
647 1394 706 1436 se
731 1379 987 1436 meunbris
1015 1377 1311 1436 immiscuit
1337 1379 1588 1433 humanis
1617 1396 1630 1431 :
1669 1378 1803 1432 ﬁdes
1853 1378 2062 1447 accepit

479 1483 639 1538 quem
663 1469 884 1528 castitas
909 1468 1112 1538 genuit,
1141 1467 1448 1524 maledictio
1472 1468 1692 1538 antiqua
1733 1483 1870 1523 nova
1897 1469 2061 1523 bene-

478 1560 715 1622 dictione
737 1561 910 1618 deleta
939 1569 1040 1617 est.
1081 1559 1214 1615 Nam
1241 1560 1367 1614 Eva:
1391 1561 1595 1615 dictum
1623 1567 1708 1614 est
1738 1577 1751 1614 :
1784 1558 1851 1613 In
1879 1557 2060 1613 dolore

475 1653 650 1722 paries
677 1660 731 1708 et
755 1652 994 1714 tristitia,
1021 1660 1071 1705 α
1108 1651 1179 1705 ad
1219 1653 1387 1704 virum
1427 1652 1524 1704 erit
1552 1652 1816 1704 conversio
1859 1659 1971 1715 tua,
2009 1656 2059 1702 et

475 1721 587 1813 ipse
611 1744 969 1801 dominabitur
1003 1743 1080 1796 ut
1105 1740 1259 1812 (Gen.
1289 1759 1376 1807 ιιι,
1407 1743 1517 1813 i6).
1564 1743 1760 1797 Tribus
1784 1743 1869 1797 bis
1903 1743 2060 1797 malis
2081 1721 2136 1784 Ι

476 1833 702 1892 ultam
711 1843 795 1892 est
805 1833 978 1903 prima
995 1841 1169 1888 mater
1187 1834 1409 1888 humani
1429 1834 1660 1902 generis,
1676 1834 1882 1898 dolore,
1896 1833 2062 1887 tristie

478 1925 575 1990 tis.
613 1926 893 1982 servitute.
940 1924 1134 1980 Tribus
1177 1941 1208 1980 e
1247 1925 1523 1980 contrario
1559 1925 1880 1979 clarissimis
1905 1925 2061 1979 bonis

480 2004 637 2076 boatu
656 2015 810 2087 virgo
831 2015 996 2071 Maria
1014 2016 1278 2071 honorata
1299 2023 1404 2082 est,
1421 2017 1475 2070 id
1493 2024 1598 2080 est,
1614 2014 1951 2070 salutationis
1972 2031 2063 2070 an-

478 2101 696 2172 uelim,
733 2105 1122 2163 benedictionis
1149 2107 1344 2162 divinae
1378 2116 1433 2160 et
1471 2105 1818 2177 plenitudinis
1850 2107 2056 2177 gratim.

481 2192 614 2254 Nam
638 2195 848 2264 primus
867 2199 1030 2254 homo
1047 2198 1118 2252 de
1139 2207 1286 2253 terra
1313 2199 1522 2269 virgine
1550 2207 1750 2254 sanctae
1783 2199 2062 2254 Trinitatis

479 2286 706 2346 consilio
731 2286 992 2347 formatus
1009 2295 1096 2344 est
1117 2289 1328 2346 dicente
1348 2287 1575 2346 Domino
1600 2308 1613 2344 :
1643 2287 1929 2344 Faciamus
1967 2291 2062 2344 ho-

481 2378 674 2438 minam
695 2379 764 2438 ad
784 2379 1064 2450 imaginem
1082 2389 1133 2435 et
1157 2381 1556 2436 similitudinem
1579 2391 1811 2436 nostram
1837 2380 1990 2451 (Gen.
2018 2397 2057 2443 ι,

483 2467 608 2541 25);
653 2472 922 2530 secundus
944 2487 1072 2529 vero
1095 2470 1289 2537 Adam,
1325 2471 1380 2529 id
1399 2482 1485 2528 est
1515 2473 1783 2540 Christus,
1819 2475 1886 2528 de
1915 2482 2062 2528 terra

479 2559 760 2628 virginalis
782 2562 922 2622 uteri
950 2564 1263 2633 operatione
1285 2563 1524 2631 ejusdem
1553 2574 1754 2620 sanctis
1783 2565 2063 2619 Trinitatis

482 2665 698 2716 creatus
721 2664 828 2722 est,
863 2670 971 2714 non
1008 2656 1180 2712 solum
1223 2656 1385 2710 homo
1420 2669 1518 2724 per
1541 2655 1723 2711 omnia
1749 2669 1934 2719 verus,
1967 2653 2064 2709 sed

477 2749 645 2810 etiam
665 2749 804 2810 Deus
822 2763 920 2818 per
937 2749 1119 2806 omnia
1137 2747 1430 2817 perlectus.
1461 2765 1480 2798 α
1505 2748 1574 2804 Et
1595 2749 1663 2802 ad
1681 2746 2062 2803 resolvendum

485 2837 810 2900 conditionis
853 2846 1052 2895 nostra!
1091 2839 1331 2894 debitum
1375 2847 1568 2896 natum
1611 2841 1934 2896 inviolabilis
1968 2856 2064 2896 na-

484 2941 626 2992 tura:
642 2937 724 2990 cst
743 2929 892 2988 unita
911 2929 1176 2998 possibili,
1199 2937 1259 2985 ut
1279 2931 1420 3001 quod
1440 2933 1641 2987 nostris
1662 2933 1914 2987 remediis
1935 2947 2064 2987 con-

480 3023 728 3094 gruebat,
751 3036 892 3078 unus
909 3028 1074 3090 atque
1097 3021 1241 3076 idem
1261 3018 1526 3076 mediator
1550 3021 1646 3077 Dei
1675 3031 1730 3078 et
1756 3022 2058 3088 hominum,

480 3111 644 3170 homo
679 3109 928 3170 Christus
964 3109 1126 3168 lctus
1160 3119 1214 3166 et
1236 3112 1374 3168 mori
1393 3113 1562 3182 possit
1584 3127 1651 3167 ex
1683 3128 1814 3178 uno,
1837 3122 1892 3168 et
1923 3114 2061 3168 mori

483 3217 589 3262 non
627 3202 798 3272 possit
830 3217 896 3262 ex
936 3202 1126 3260 altero.
1165 3203 1226 3258 in
1265 3204 1474 3274 integra
1511 3217 1640 3274 ergo
1677 3205 1792 3258 veri
1832 3204 2066 3260 hominis

481 3289 828 3367 perfectaque
869 3303 1061 3354 natura
1098 3309 1260 3351 verus
1295 3305 1458 3350 natus
1493 3306 1575 3351 est
1613 3297 1784 3363 Deus,
1826 3305 1971 3352 totus
2009 3298 2066 3351 in

365 3377 388 3398 ’
481 3384 618 3451 suis,
656 3393 802 3442 totus
843 3385 898 3445 in
939 3386 1159 3444 nostris.
1199 3385 1394 3442 Nostra
1431 3395 1612 3442 autem
1645 3385 1906 3454 dicimus,
1945 3401 2066 3457 quas

482 3474 538 3534 in
573 3476 728 3534 nobis
758 3477 828 3534 ab
865 3477 1019 3536 initio
1040 3476 1266 3534 Creator
1293 3478 1532 3534 condidit
1566 3488 1729 3548 atque
1765 3479 2066 3548 reparanda

483 3566 739 3636 suscepit.
776 3565 912 3624 Nam
939 3567 1028 3624 illa
1058 3583 1178 3636 quae
1211 3567 1465 3636 deceptor
1491 3568 1670 3622 intulit
1699 3576 1754 3624 et
1781 3569 1944 3625 homo
1973 3569 2068 3625 de-

483 3663 672 3724 ceptus
699 3657 936 3723 admisit,
959 3658 1168 3716 nullum
1190 3659 1497 3716 habuerunt
1523 3661 1578 3714 in
1600 3658 1882 3717 Saivatore
1903 3662 2070 3718 vesti-

485 3743 700 3822 gium...
731 3745 1033 3818 Assumpsit
1061 3748 1288 3807 formam
1323 3751 1463 3806 servi
1503 3751 1619 3808 sine
1651 3752 1809 3807 sorde
1837 3753 2064 3823 peccati,

487 3834 724 3896 humana
746 3852 969 3908 augens,
997 3839 1178 3898 divina
1203 3855 1310 3898 non
1338 3841 1588 3896 minuens
1609 3862 1629 3894 ι
1648 3840 1729 3915 (S.
1755 3842 1886 3908 Leo,
1903 3845 2065 3913 epist.

487 3928 580 3996 28,
612 3929 680 3986 ad
721 3928 1068 3997 Flavianum,
1116 3948 1237 4003 cap.
1276 3932 1355 4007 ὅ).
1407 3933 1555 3990 Unus
1595 3933 1845 4004 idemque
1887 3944 1971 3990 est
2009 3935 2066 3989 in

487 4025 716 4088 duarum
735 4023 1111 4094 conjunctione
1135 4035 1452 4084 naturarum
1473 4026 1568 4080 Dei
1591 4025 1778 4091 Filius,
1807 4042 1915 4080 non
1940 4027 2069 4081 ado-

483 4116 683 4196 ptionis
710 4117 903 4192 gratia,
945 4117 1042 4172 sed
1080 4117 1424 4187 proprietatis
1464 4129 1714 4184 persona.
1759 4114 1911 4169 Unus
1947 4114 2068 4168 uni-

488 4209 699 4279 genitus
723 4218 778 4268 et
806 4209 1216 4280 primogenitus,
1249 4224 1356 4264 non
1385 4207 1526 4264 alter
1547 4205 1879 4276 unigenitus,
1907 4212 1964 4260 et
1987 4204 2068 4259 al-

487 4307 571 4364 ter
599 4301 984 4376 pritnogenitus
1011 4300 1201 4371 (Ibid.,
1227 4316 1347 4368 cap.
1376 4299 1456 4372 5).
1493 4318 1512 4354 t
1547 4299 1699 4355 Unde
1732 4299 2066 4370 unigenitum

1331 255 1394 313 Ι.
1425 253 1496 312 .l'.
1534 253 1762 312 ΑιιιῑΝι
1791 251 1932 312 BE“
1959 251 2236 313 unum
2271 251 2553 312 omni!
2590 249 2770 308 PARS
2801 250 2908 308 ll..

477 383 594 436 nos.
621 368 765 430 sicut
787 367 1086 431 Tm
1111 383 1124 426 t
1151 367 1277 438 quia
1297 375 1427 426 ante
1451 366 1676 424 Mariam
1697 368 1914 423 fuerunt
1935 367 2055 423 alia
2077 368 2128 430 Α
2156 365 2328 421 stolas
2377 383 2390 418 :

2439 364 2544 430 Qui
2593 382 2649 419 se
2691 366 2867 437 jungit
2911 364 3156 430 Domino,
3205 378 3344 420 ιιι-ιε
3393 364 3608 434 ipsum
3655 375 3735 422 est

2153 457 2205 530 (ι
2235 456 2358 512 Cor.
2384 472 2461 523 vr,
2496 456 2606 529 i7).

2221 573 2292 627 Χ.
2333 573 2399 626 Et
2425 573 2716 642 quomodo,
2757 574 2973 643 quando
3010 587 3070 629 se
3103 571 3283 642 junxit
3325 573 3465 628 Deus
3503 572 3736 637 homini,

2154 681 2290 719 unus
2321 665 2461 718 Deus
2501 679 2607 718 non
2636 663 2753 718 est?
2792 664 2934 718 Dicit
2961 665 3105 718 enim
3149 673 3366 720 sanctus
3404 662 3740 732 Augustinus

2153 755 2208 808 in
2231 756 2460 825 quadam
2489 754 2707 809 bomilia
2736 755 2801 810 de
2829 755 2996 808 natali
3022 755 3231 809 Domini
3263 772 3276 807 :
3305 755 3334 793 δ
3373 773 3392 803 ι
3426 753 3596 808 Filius
3619 768 3741 807 sus-

2155 848 2297 918 cepit
2335 860 2573 913 camem,
2621 855 2676 900 ct
2703 863 2810 901 non
2843 847 3079 900 deseruit
3107 845 3320 900 Patrem
3340 887 3354 912 ,
3383 862 3485 900 nec
3513 860 3572 900 se
3601 843 3742 899 divi-

2157 939 2227 993 sit
2270 955 2299 993 a
2342 939 2521 992 Patre.
2565 937 2836 1008 Suscepit,
2879 937 3131 1007 inquam,
3175 937 3344 992 Filius
3382 951 3627 1002 carnem,
3670 951 3743 990 an

2155 1031 2539 1102 proprietatem
2581 1029 2700 1102 [F.,
2731 1031 2786 1084 in
2825 1029 3274 1101 proprietatem]?
3313 1029 3420 1085 Sed
3461 1037 3642 1084 tamen
3687 1035 3747 1084 et

2156 1121 2318 1176 Pater
2347 1129 2401 1176 et
2447 1121 2678 1190 Spiritus
2719 1131 2938 1176 sanctus
2979 1137 3085 1176 non
3128 1121 3297 1177 defuit
3341 1123 3395 1175 in
3436 1122 3744 1192 majestate,

2158 1213 2450 1276 divinitate,
2476 1213 2809 1283 mqualitate;
2835 1213 2889 1267 in
2909 1229 3070 1268 carne
3091 1215 3202 1268 sola
3220 1213 3342 1268 Filii
3364 1215 3692 1284 proprietas.
3719 1231 3740 1266 ι

2159 1303 2274 1372 Qua
2309 1305 2484 1360 fronte
2518 1306 2864 1374 adoptionem
2903 1306 2958 1358 in
2991 1321 3156 1360 carne
3181 1303 3383 1360 Christi
3409 1304 3652 1366 creditis,
3694 1305 3748 1357 in

2159 1413 2264 1468 qua
2303 1399 2467 1451 etiam
2497 1406 2680 1452 tantus
2709 1399 2894 1452 doctor
2925 1405 2980 1452 et
3011 1406 3118 1451 tam
3155 1396 3449 1468 probabilis
3478 1396 3751 1450 universis

2159 1486 2358 1556 ubique
2389 1486 2656 1550 ﬁdelibus,
2702 1485 2892 1556 procul
2918 1487 3080 1542 dubio
3103 1487 3490 1556 proprietatem
3518 1488 3616 1542 ﬁlii
3662 1501 3754 1541 as-

2160 1576 2368 1631 seruit?
2413 1575 2481 1630 Et
2521 1577 2858 1646 proprietas,
2909 1585 2965 1631 et
3004 1577 3218 1647 adoptio
3265 1591 3433 1630 unum
3477 1591 3600 1631 esse
3637 1592 3752 1631 non

2157 1667 2378 1736 poterit.
2409 1666 2750 1736 Qumcunque
2776 1681 2906 1721 vero
2939 1667 2996 1720 in
3027 1666 3263 1736 Virginis
3291 1675 3447 1736 partu
3474 1675 3527 1721 ct
3553 1667 3755 1722 nativi-

2159 1765 2272 1813 tate
2317 1757 2519 1812 Christi
2562 1767 2712 1828 gesta
2753 1773 2872 1813 esse
2911 1758 3218 1827 evangelica
3265 1767 3450 1812 narrat
3495 1757 3752 1824 historia,

2161 1851 2341 1906 omnia
2374 1851 2566 1906 divina:
2594 1852 2849 1921 potentia:
2879 1851 3157 1906 miraculis
3185 1859 3240 1905 et
3265 1851 3624 1921 investigabili
3649 1852 3754 1906 hu-

2161 1944 2336 1998 manis
2365 1942 2637 1998 mentibus
2668 1941 3068 2013 dispensatione
3097 1951 3246 2013 gesta
3286 1958 3404 1997 esse
3431 1943 3624 2014 procul
3654 1943 3754 1997 du-

2158 2032 2250 2088 bio
2296 2033 2560 2087 credenda
2607 2042 2752 2087 sunt.
2803 2031 2936 2086 Nam
2987 2033 3150 2103 Virgo
3200 2033 3398 2088 clausis
3451 2033 3754 2088 visceribus

2161 2124 2409 2194 concepit
2452 2132 2506 2179 et
2545 2125 2786 2196 peperit;
2821 2133 2875 2179 et
2907 2124 2997 2195 qui
3033 2133 3193 2180 natus
3223 2134 3304 2180 est
3332 2140 3397 2180 ex
3428 2139 3514 2190 ea,
3541 2125 3637 2180 Dei
3669 2133 3755 2180 est

2159 2213 2351 2280 Filius,
2391 2230 2552 2268 verus
2581 2224 2636 2269 et
2663 2213 2955 2284 perfectus,
2985 2231 3126 2269 unus
3159 2230 3227 2269 ex
3262 2216 3421 2270 unius
3459 2231 3656 2279 carne;
3699 2223 3755 2271 et

2159 2306 2252 2376 qui
2293 2305 2436 2360 Deus
2466 2321 2531 2360 ex
2565 2305 2696 2371 Deo,
2732 2307 2873 2360 idem
2911 2307 3074 2361 homo
3104 2321 3166 2361 ex
3205 2307 3420 2361 homine
3451 2307 3754 2376 procedens

2161 2407 2420 2468 tanquam
2445 2413 2674 2468 sponsus
2700 2399 2764 2454 de
2791 2399 3047 2464 thalamo,
3076 2402 3302 2471 gemina:
3325 2401 3475 2471 gigas
3502 2402 3755 2456 substan-

2163 2497 2275 2560 tize,
2313 2505 2457 2549 totus
2501 2495 2752 2566 proprius
2791 2494 2888 2549 Dei
2937 2494 3113 2548 Patris
3147 2495 3336 2559 Filius,
3369 2504 3424 2549 et
3453 2503 3600 2549 totus
3629 2509 3756 2565 pro-

2159 2587 2313 2656 prius
2339 2585 2563 2656 virginis
2586 2585 2776 2638 matris
2799 2585 2989 2651 Filius,
3019 2585 3392 2654 inseparabilis
3423 2586 3475 2639 in
3505 2599 3754 2654 personae

2161 2677 2392 2741 unitate,
2421 2675 2504 2730 vel
2533 2676 2626 2730 ﬁlii
2657 2677 2986 2746 proprietate
3017 2691 3175 2739 unus,
3206 2684 3261 2731 et
3280 2677 3331 2728 in
3354 2683 3620 2745 potestate
3655 2675 3754 2728 ba-

2162 2765 2297 2820 bens
2323 2765 2378 2822 in
2414 2780 2503 2831 se,
2529 2766 2674 2819 unde
2699 2765 3028 2820 arternaiitcr
3052 2765 3258 2818 viveret
3283 2771 3336 2816 ct
3373 2764 3514 2817 unde
3546 2771 3755 2832 tempo-

2164 2859 2353 2914 ralitcr
2381 2867 2686 2913 moreretur
2715 2878 2726 2912 :
2757 2858 2909 2929 cujus
2937 2857 3178 2929 potentia
3208 2857 3445 2912 condidit
3471 2871 3590 2920 nos,
3625 2857 3756 2909 dum

2164 2967 2272 3007 non
2301 2951 2532 3016 fuimus;
2565 2951 2720 3023 cujus
2743 2953 2958 3006 bonitas
2991 2951 3216 3004 redemit
3251 2966 3368 3014 nos,
3398 2949 3524 3003 dum
3550 2947 3755 3017 perditi

2165 3039 2402 3108 fuimus;
2434 3042 2588 3112 cujus
2625 3043 2742 3096 laus.
2777 3042 2920 3097 salus
2957 3051 3039 3096 est
3077 3047 3284 3104 nostra,
3311 3041 3521 3094 dicente
3544 3055 3610 3094 eo
3641 3041 3758 3108 ipso

2166 3143 2265 3204 per
2285 3127 2607 3202 Prophetam
2637 3147 2651 3186 :
2679 3131 3013 3200 Sacriﬁcium
3044 3129 3217 3184 laudis
3246 3130 3611 3198 honoriﬁcabit
3639 3143 3756 3183 me:

2165 3227 2275 3283 illic
2321 3228 2422 3281 iter
2461 3238 2555 3293 est,
2597 3244 2698 3298 quo
2739 3226 3007 3280 ostendam
3050 3224 3129 3276 illi
3167 3223 3398 3277 salutare
3440 3222 3536 3275 Dei
3579 3221 3755 3293 (Psal.

2167 3337 2315 3384 mx,
2343 3320 2456 3392 25).
2489 3319 2644 3374 l’lunc
2674 3317 2997 3372 versiculum
3029 3315 3120 3384 qui
3150 3313 3380 3368 ﬁdeliter
3408 3313 3568 3384 legat,
3602 3327 3759 3366 vera-

2167 3411 2307 3469 citer
2335 3412 2602 3482 intelligat
2624 3411 2769 3466 omni
2799 3410 3002 3465 homini
3033 3407 3226 3462 melius
3251 3422 3370 3462 esse
3401 3407 3621 3461 laudare
3657 3407 3758 3461 bo-

2167 3505 2393 3560 nitatem
2422 3502 2564 3557 illius
2590 3518 2751 3571 quam
2779 3501 3045 3555 discutere
3069 3501 3363 3568 potentiam
3388 3499 3504 3568 ejus
3535 3517 3546 3551 :
3577 3497 3759 3554 burni-

2167 3593 2294 3652 liter
2319 3595 2536 3650 obedire
2566 3593 2848 3665 pratceptis
2877 3591 3040 3657 illius,
3075 3608 3236 3662 quam
3273 3591 3435 3664 847
3465 3592 3760 3663 pertinaci-

2169 3696 2253 3744 ter
2292 3688 2522 3744 scrutari
2568 3686 2825 3758 mysteria
2868 3685 3055 3740 illius:
3093 3693 3148 3739 et
3175 3684 3479 3738 amabiliter
3506 3683 3757 3738 venerari

2169 3779 2340 3846 illum,
2387 3795 2548 3850 quam
2594 3786 3018 3848 pnnsumptuose
3069 3776 3380 3831 ratiocinari
3432 3776 3496 3830 de
3541 3775 3652 3829 illo.
3701 3775 3758 3830 In

2169 3873 2322 3943 cujus
2344 3871 2748 3941 comparatione
2781 3870 2992 3923 dicente
3021 3870 3284 3940 propheta
3317 3886 3328 3921 :
3365 3866 3556 3921 Omnes
3581 3878 3757 3936 gentes

2168 3975 2288 4018 sunt
2315 3964 2467 4034 quasi
2496 3963 2668 4016 situla:
2706 3961 2847 4015 stilla
2876 3959 3029 4034 (lsai.
3057 3978 3150 4027 XL,
3183 3960 3297 4032 15);
3322 3960 3410 4030 qui
3450 3975 3679 4030 magnus
3705 3967 3760 4012 et

2168 4056 2492 4111 metuendus
2520 4063 2602 4109 est
2625 4069 2786 4124 super
2812 4069 2998 4108 omnes
3022 4055 3110 4123 qui
3137 4055 3189 4107 in
3215 4054 3441 4108 circuitu
3465 4049 3580 4121 ejus
3607 4061 3757 4107 sunt.

2171 4147 2231 4204 Si
2261 4153 2440 4201 autem
2479 4146 2736 4217 angelicis
2762 4145 3042 4200 ordinibus
3069 4150 3123 4198 et
3169 4145 3446 4214 Spiritibus
3481 4140 3758 4210 justorum

2168 4257 2395 4314 magnus
2420 4248 2505 4296 est
2530 4249 2585 4294 et
2610 4239 2943 4303 metuendus,
2973 4239 3104 4308 quid
3131 4255 3228 4292 nos
3253 4237 3423 4290 luteas
3449 4235 3761 4289 habitantes

2171 4329 2357 4389 domos
2386 4333 2450 4386 de
2492 4330 2597 4386 ﬁde
2635 4330 2778 4384 illius
2817 4329 3187 4398 magnitudine
3219 4327 3300 4383 vel
3339 4325 3576 4396 potentia
3612 4324 3761 4393 judi-

486 4388 806 4498 ῖί¹ί¹ξ¹¹ἷ⁰θί
843 4390 1161 4498 θξυθίίὶωω
1188 4399 1244 4446 ⁸⁸
1281 4391 1548 4498 simul"?
1583 4405 1778 4498 ,θίξωθδ
1807 4392 1971 4498 etiam
2011 4393 2068 4498 i_n
2099 4430 2149 4498 υ
2172 4388 2296 4478 care
2322 4419 2403 4473 vel
2433 4419 2740 4474 discernere
2781 4388 3189 4487 praesumimus?
3234 4388 3367 4470 Dum
3413 4388 3762 4476 voluit,—ferit

488 4487 732 4568 ambulo
768 4487 1091 4552 conﬁtemur
1129 4485 1426 4546 secundum
1470 4487 1600 4542 illud
1634 4487 1876 4558 Apostoli
1919 4490 2070 4544 testi-

488 4583 731 4650 monium
759 4598 772 4644 ς
805 4579 866 4642 Si
893 4582 1031 4640 enim
1065 4580 1448 4649 cognouissent,
1491 4597 1757 4650 nunquam
1785 4581 2068 4636 Dominum

488 4673 672 4753 gloriae
695 4672 990 4746 majestatia
1015 4670 1396 4738 cruciﬁatiuent
1424 4690 1444 4728 ι
1477 4669 1530 4743 (Ι
1558 4668 1681 4726 Cur;
1721 4688 1791 4738 ll,
1821 4671 1897 4743 8).
1928 4672 2071 4742 Ergo

493 4774 550 4828 et
575 4764 831 4826 Dominus
851 4763 1034 4834 gloriae
1057 4773 1114 4824 et
1131 4763 1276 4821 Deus
1293 4763 1554 4820 virtutum
1576 4764 1765 4820 habuit
1791 4765 1845 4819 in
1868 4766 2066 4834 seipse,

491 4857 633 4922 unde
664 4855 905 4928 οι·υοίἢεὶ
943 4855 1122 4926 potuit
1157 4864 1218 4914 et
1254 4857 1412 4916 mori.
1454 4855 1574 4912 Non
1613 4857 1752 4912 alter
1777 4858 2070 4912 cruciﬁxus

491 4959 577 5020 est
601 4965 701 5020 pro
727 4951 918 5014 mundi.
941 4951 1114 5012 salute
1131 4992 1148 5017 ,
1177 4951 1317 5008 alter
1343 4952 1438 5021 qui
1464 4952 1572 5007 vita
1600 4963 1683 5007 est
1719 4953 1960 5007 omnium
1989 4953 2074 5006 vi-

490 5045 770 5110 ventium;
797 5043 893 5104 sed
933 5057 1072 5104 unus
1113 5045 1364 5114 idemque
1391 5059 1498 5100 non
1531 5044 1816 5114 adoptione
1844 5044 2070 5110 divisus,

493 5136 592 5204 κει
617 5135 948 5207 Proprietate
972 5135 1310 5205 conjtlnetus.
1351 5132 1575 5190 Verbum
1602 5149 1724 5188 caro
1755 5133 1948 5201 factum
1974 5142 2068 5198 est,

494 5236 558 5298 ut
595 5229 760 5286 homo
783 5241 912 5286 caro
952 5233 1360 5296 promoveretur
1401 5223 1457 5278 in
1485 5223 1706 5294 gloriam
1733 5223 1850 5288 Dei,
1879 5239 1984 5278 non
2013 5231 2073 5279 ut

497 5319 638 5386 Duas
663 5320 719 5380 in
757 5317 940 5384 carnis
964 5325 1268 5376 verteretur
1293 5315 1568 5385 iniuriam,
1599 5314 1740 5368 sicut
1766 5315 1895 5374 dicit
1924 5313 2069 5385 Apo-

569 5551 596 5580 ι
636 5535 777 5604 Quid
803 5536 960 5591 enim.
992 5533 1116 5588 Haec
1143 5540 1198 5586 et
1223 5527 1501 5604 sequentia
1529 5526 1769 5604 in__e(_litis
1796 5525 2070 5604 deﬁciunt.

498 5597 764 5666 Videntur
802 5621 924 5663 esse
961 5605 1183 5659 alterius
1225 5597 1521 5655 SJPatris.
1570 5598 1704 5651 Vide
1748 5611 1910 5652 serm.
1945 5597 1976 5649 7
2019 5597 2075 5651 in

498 5679 673 5742 Natali
697 5678 908 5738 Domin.
940 5674 1182 5746 Append.
1215 5673 1282 5734 ad
1306 5670 1440 5744 Opp.
1473 5669 1531 5730 8.
1557 5669 1718 5737 Aug.,
1745 5685 1799 5728 n.
1829 5667 1883 5726 2.

2170 4514 2430 4570 mundum
2464 4530 2476 4565 :
2510 4519 2564 4567 et
2611 4511 2750 4565 sicut
2779 4509 2982 4574 voluit,
3017 4509 3164 4565 venit
3209 4508 3262 4561 in
3303 4506 3580 4560 mundum.
3630 4503 3758 4572 Qui,

2171 4604 2382 4659 dicente
2412 4601 2741 4672 evangelista
2771 4619 2786 4654 :
2821 4599 2889 4654 In
2925 4599 3121 4653 mundo
3156 4607 3288 4662 erat,
3325 4607 3372 4652 et
3410 4595 3636 4650 mundus
3665 4613 3762 4665 pt‘r

2169 4695 2340 4768 ipsum
2381 4696 2551 4766 {actus
2592 4702 2685 4757 est,
2729 4701 2779 4747 et
2820 4691 3048 4745 mundus
3077 4705 3194 4743 eum
3234 4706 3336 4743 non
3373 4687 3606 4758 cognovit
3639 4699 3656 4737 :
3691 4685 3761 4740 In

2169 4788 2381 4861 propria
2419 4789 2571 4848 venit,
2614 4795 2662 4840 et
2692 4786 2775 4840 sui
2815 4801 2930 4838 eum
2965 4800 3067 4838 non
3107 4790 3404 4851 receperunt
3446 4793 3464 4830 :
3504 4787 3762 4850 quotquot

2170 4889 2344 4933 autem
2375 4884 2672 4948 receperunt
2702 4891 2842 4940 cum,
2869 4873 3011 4927 dedit
3041 4872 3114 4925 eis
3147 4877 3450 4941 potestatem
3482 4867 3620 4937 ﬁlios
3661 4865 3762 4920 Dei

2170 4967 2288 5038 ﬁeri
2318 4964 2495 5040 (Joan.
2529 4984 2569 5032 ι,
2600 4965 2685 5028 i0,
2714 4962 2821 5036 i2).
2861 4962 2962 5031 Qui
3007 4961 3128 5015 aliis
3171 4959 3391 5015 tradidit
3433 4966 3762 5028 potestatem

2172 5055 2311 5112 ﬁlios
2354 5056 2448 5110 Dei
2490 5071 2630 5120 esse,
2659 5053 2929 5123 quomodo
2966 5060 3146 5123 potest
3184 5051 3298 5104 ﬁeri
3337 5056 3394 5102 ut
3433 5057 3762 5120 potestatem

2171 5161 2279 5201 non
2307 5147 2535 5201 haberet
2571 5161 2629 5200 se
2665 5146 2840 5214 ipsum
2868 5143 3062 5198 Filium
3093 5143 3186 5196 Dei
3225 5143 3503 5214 proprium
3542 5139 3763 5196 facere?

2173 5235 2270 5294 Vel
2304 5239 2571 5305 quomodo
2596 5237 2844 5307 quamvis
2883 5238 2935 5292 in
2975 5238 3178 5292 duabus
3204 5236 3429 5298 naturis,
3460 5235 3764 5290 divinitatis

2173 5327 2381 5383 scilicet
2419 5335 2472 5384 et
2510 5327 2879 5397 humanitatis,
2924 5330 3171 5401 proprius
3213 5329 3386 5400 potuit
3423 5342 3542 5384 esse
3585 5325 3763 5384 Filius

2247 5525 2276 5566 ι)
2314 5526 2488 5580 Verba
2515 5540 2633 5596 qua:
2669 5525 2758 5580 hic
2780 5542 2844 5581 ex
2877 5525 3010 5597 Aug.
3043 5523 3208 5578 refert
3238 5523 3514 5597 Aletrinas,
3546 5535 3649 5597 nec
3677 5521 3760 5597 in-

2177 5605 2262 5651 ter
2303 5591 2581 5666 genuinos,
2629 5612 2726 5650 nec
2769 5598 2912 5650 inter
2956 5591 3163 5666 spurius
3203 5595 3441 5664 ejusdem
3480 5593 3537 5647 S.
3571 5591 3758 5647 Patris

2181 5683 2460 5727 scrinones
2488 5668 2542 5722 in
2573 5668 2744 5722 Natali
2771 5668 2982 5722 Domini
3008 5667 3349 5734 reperiuntur
3753 5687 3758 5694 -
