4030 6358
234 275 337 331 215

941 272 1356 340 DOGMATICA.
1395 303 1466 314 ——
1498 273 1660 336 ADV.
1699 272 1994 334 FEUCEM
2031 275 2212 332 LIBRI
2247 276 2356 334 VII.
2396 305 2468 318 -—
2503 276 2634 334 LIB.
2673 277 2781 336 VII.

3383 275 3488 332 2M

231 387 486 450 hominis,
520 395 577 442 et
601 401 707 442 non
745 387 919 460 potuit
942 397 1084 445 totus
1112 389 1166 442 in
1199 387 1406 444 duabus
1441 389 1648 444 naturis
1679 403 1804 458 pro-
1830 405 1884 468 Α
1908 402 2038 458 gare
2069 404 2174 442 non
2213 391 2410 459 poterit
2440 390 2704 460 quomodo
2731 388 2823 460 qui
2849 387 2976 444 fecit
2998 388 3178 443 omnia
3207 387 3380 442 factus
3411 400 3493 443 est

230 479 384 550 prius
424 491 548 533 esse
587 475 755 534 Filius
786 477 920 534 Dei?
957 477 1096 552 Ergo
1123 481 1168 535 si
1211 479 1295 533 ille
1320 479 1409 549 qui
1452 487 1609 535 natus
1635 487 1806 535 estex

233 569 456 640 Virgine
481 577 628 625 totus
653 577 736 625 est
761 572 1010 640 proprius
1034 569 1268 643 Virginis
1301 567 1457 634 ﬁlius,
1486 585 1696 641 zequum
1726 579 1810 626 est

231 670 291 716 ut
323 662 613 716 credamus
639 662 883 717 eumdem
909 677 1027 717 esse
1056 661 1149 718 Dei
1188 659 1366 717 Patris
1407 661 1682 733 proprium
1713 659 1806 716 Fi-

231 750 383 806 lium.
431 749 756 806 Naturarum
796 753 938 806 enim
974 752 1248 807 Conditori
1295 752 1439 806 nulla
1483 762 1672 807 natura
1719 769 1805 807 re-

232 843 394 906 sistit,
427 851 488 897 ut
515 855 578 898 ex
602 855 664 899 ea
691 841 870 899 facere
898 859 1002 898 non
1031 843 1199 914 pessit
1224 844 1366 915 quod
1391 845 1540 910 velit,
1570 844 1660 914 qui
1687 859 1805 899 om-

233 933 320 987 nia
363 947 432 987 ex
475 931 645 988 nihilo
673 945 857 989 creare
895 935 1069 1004 potuit
1111 935 1236 990 dum
1263 934 1448 990 voluit.
1491 935 1572 990 Ex
1617 933 1814 989 creatis

235 1022 400 1091 igitur
425 1024 595 1079 multo
634 1025 804 1095 magis
827 1025 1088 1094 perﬁcere
1127 1034 1338 1096 poterat
1377 1025 1635 1096 quidquid
1674 1023 1816 1080 illius

229 1114 639 1185 Omnipotentire
671 1113 890 1185 placuit.
923 1115 1166 1172 Humana
1196 1117 1391 1187 quippe
1427 1118 1566 1171 ratio
1594 1115 1815 1170 investi-

1915 476 2058 532 inter
2095 479 2290 533 omnia.
2333 477 2408 534 De
2434 497 2541 550 quo
2586 481 2751 535 multa
2781 479 2887 535 dici
2929 481 3174 550 possunt.
3221 479 3288 548 Et
3329 490 3412 534 est
3439 482 3494 534 in

1917 568 2098 640 aliquo
2123 567 2246 624 talis
2275 571 2530 625 sanctitas
2565 573 2709 636 vitae,
2741 580 2796 626 et
2824 572 2995 626 sancti
3033 571 3267 642 Spiritus
3297 572 3494 642 gratia,

1916 665 1977 712 ut
2013 657 2214 729 aliquid
2238 657 2306 713 de
2331 675 2395 714 co
2420 659 2577 731 digne
2605 660 2785 716 dicere
2814 661 3026 716 valeat?
3055 661 3160 719 Sed
3190 662 3277 716 hic
3310 661 3498 731 paulu—

1915 745 2029 803 lum
2055 747 2402 818 respiremus,
2438 760 2703 820 quatenus
2742 753 2846 806 tuis
2884 753 3245 818 sermonibus,
3273 767 3406 820 quos
3442 759 3497 806 tu

1915 839 2000 896 vel
2042 841 2097 895 in
2143 851 2341 896 sanctae
2386 842 2642 897 Ecclesia:
2677 845 3080 910 adversitatem,
3111 846 3196 900 vel
3235 845 3399 898 etiam
3441 843 3496 898 in

1913 932 2082 987 nostri
2129 933 2360 988 nominis
2403 933 2832 1004 suggillationem
2881 936 3240 1004 multiplicare
3280 934 3496 999 studes,

1914 1026 2154 1080 acutiore
2179 1025 2336 1096 stylo,
2365 1026 2539 1097 gratia
2579 1026 2759 1082 divina
2797 1042 2896 1082 nos
2936 1029 3242 1098 adjuvantc,
3279 1041 3500 1095 respon-

1919 1113 2046 1170 dere
2084 1111 2380 1169 valeamus.

1504 1333 1738 1396 LIBER
1783 1329 2194 1393 SEPTIMUS.

301 1556 345 1613 l.
385 1558 612 1630 Legitur
635 1557 856 1613 beatum
887 1553 1272 1629 Hieronymum
1307 1555 1660 1615 fortissimum
1691 1573 1818 1614 con-

234 1658 317 1705 tra
365 1650 656 1705 haereticus
700 1650 992 1718 pravitates
1029 1647 1283 1707 Ecclesize
1319 1649 1521 1708 Christi
1561 1651 1818 1707 athletam

1919 1549 2021 1610 sibi
2051 1553 2105 1609 in
2136 1561 2290 1610 utero
2319 1555 2566 1628 virginali
2597 1553 2826 1629 ﬁngens,
2857 1567 2976 1613 erat
3006 1574 3127 1614 cum
3155 1569 3418 1630 concepto
3448 1569 3504 1616 et

1918 1639 2156 1717 formato
2183 1663 2194 1698 :
2227 1659 2331 1714 qua
2360 1646 2534 1716 gratia
2573 1653 2628 1702 et
2657 1657 2900 1703 sanctam
2930 1649 3077 1704 illam
3107 1649 3379 1720 Virginem
3407 1647 3506 1705 Dei

237 1737 438 1793 dixisse
469 1757 482 1791 :
515 1739 662 1792 omni
687 1739 864 1793 studio
898 1753 956 1794 se
984 1741 1283 1809 intendere,
1317 1755 1376 1796 ut
1401 1743 1586 1798 hostes
1614 1743 1816 1798 Christi
1846 1765 1895 1824 Β
1922 1733 2237 1803 genitricem
2261 1733 2589 1803 appellamus
2619 1755 2630 1790 :
2661 1754 2768 1792 non
2797 1747 3049 1808 tanqmm
3073 1739 3242 1794 Deum
3265 1749 3509 1811 generet.

243 1829 380 1890 Ima
409 1837 594 1886 essent
624 1837 675 1884 et
697 1831 900 1885 hostes.
933 1829 1084 1898 Quod
1110 1833 1273 1886 etiam
1305 1847 1404 1902 pro
1433 1847 1640 1887 summa
1663 1832 1819 1888 laude

241 1939 340 1980 non
381 1922 564 1976 solum
605 1921 710 1985 ille,
752 1935 937 1976 verum
973 1923 1137 1977 etiam
1174 1937 1362 1978 omnes
1396 1923 1672 1979 catholica-2
1699 1923 1820 1980 ﬁdei

241 2011 547 2070 defensores
567 2011 674 2065 sihi
696 2026 726 2064 a
749 2009 859 2066 Deo
880 2009 1061 2065 datum
1084 2025 1277 2067 munus
1301 2011 1640 2081 reputabant.
1668 2011 1821 2068 Unde

239 2109 288 2157 et
315 2115 420 2171 ego
457 2101 700 2155 tantillus
737 2098 994 2156 Ecclesia
1029 2099 1232 2156 Christi
1263 2101 1582 2158 vernaculus
1623 2103 1822 2173 impro.

234 2193 384 2264 peria
415 2192 526 2246 mei
567 2191 802 2246 nominis
841 2193 1106 2262 patienter
1134 2190 1350 2258 suffero,
1383 2194 1508 2263 quia
1537 2209 1670 2249 mea:
1694 2205 1821 2263 par-

236 2281 423 2336 vitatis
461 2279 688 2337 modulo
720 2281 948 2336 multutn
988 2289 1070 2337 est
1106 2283 1435 2348 delectabile,
1478 2294 1532 2340 et
1567 2285 1820 2356 gaudium

235 2373 477 2443 plenum,
507 2385 824 2427 communes
850 2372 1052 2428 habere
1079 2373 1262 2430 hostes
1292 2389 1414 2429 cum
1446 2373 1672 2430 Domino
1702 2387 1821 2429 meo

236 2461 362 2516 Jesu
403 2461 646 2527 Christo,
689 2475 849 2531 quem
887 2461 1110 2534 diﬁgcre
1153 2479 1360 2518 summa
1409 2473 1491 2519 est
1534 2465 1819 2533 sapientia,

236 2561 291 2609 et
332 2553 560 2607 laudare
599 2552 842 2623 perfecta
878 2561 960 2608 est
999 2553 1304 2620 beatitudo,
1346 2570 1508 2610 nosse
1547 2569 1675 2610 vero
1713 2559 1822 2613 vita

235 2652 440 2699 :eterna
471 2661 490 2696 :
522 2645 659 2699 sicut
685 2657 718 2698 e
736 2645 1012 2700 contrario
1041 2659 1150 2700 non
1179 2659 1386 2700 amasse
1405 2645 1823 2716 profundissima

238 2741 322 2787 est
363 2733 624 2798 stultitia;
671 2731 789 2801 ejus
825 2739 1002 2788 autem
1049 2735 1234 2804 gloriae
1273 2734 1473 2804 aliquid
1511 2739 1825 2794 subtrahere

239 2824 376 2878 velle
415 2824 607 2878 ultima
648 2832 734 2879 est
771 2825 986 2880 miseria
1017 2841 1036 2879 τ
1073 2832 1127 2882 et
1163 2825 1310 2882 illum
1348 2827 1599 2898 ignorare
1636 2831 1828 2886 mortis

240 2923 323 2969 est
345 2923 624 2984 perpetu:
651 2916 972 2986 perieulum.

308 3007 372 3061 11.
415 3006 616 3074 Objicis
655 3021 784 3078 ergo
823 3021 909 3061 me
939 3007 1156 3075 dixisse,
1201 3017 1253 3064 et
1282 3025 1468 3066 verum
1499 3011 1690 3077 lateor,
1734 3015 1829 3069 ob-

1924 1825 2018 1879 sed
2047 1831 2300 1894 tanquam
2328 1827 2600 1882 hominem
2622 1830 2832 1886 unitum
2857 1831 2987 1896 Deo,
3014 1833 3104 1900 qui
3130 1833 3286 1888 ﬁnxit
3307 1849 3452 1887 eum.
3486 1852 3504 1885 ι

1921 1911 2062 1982 Quid
2089 1924 2266 1970 autem
2299 1916 2442 1971 aliud
2473 1927 2587 1984 est,
2617 1921 2760 1988 quod
2788 1929 2843 1974 et
2879 1930 2934 1974 tu
2964 1922 3118 1986 dicis,
3151 1922 3244 1977 Dei
3277 1924 3512 1978 Verbum

1921 2003 2196 2061 habitasse
2226 2007 2280 2060 in
2310 2007 2529 2062 homine
2557 2018 2856 2078 assumpto,
2883 2011 3038 2079 quasi
3069 2010 3122 2064 in
3161 2011 3358 2080 templo
3379 2025 3513 2080 quo-

1924 2097 2070 2162 dam,
2101 2113 2207 2153 non
2236 2098 2375 2153 sicut
2398 2099 2726 2171 evangelista
2752 2103 2828 2156 ait
2856 2121 2869 2156 :
2915 2099 3132 2156 Verbum
3165 2119 3286 2156 caro
3311 2101 3509 2172 factum

1923 2197 1998 2242 est
2023 2185 2202 2260 (Joan.
2235 2205 2276 2255 ι,
2308 2189 2431 2263 14)?
2461 2209 2478 2241 ι
2511 2187 2852 2258 Secundum,
2890 2191 3088 2262 inquis,
3118 2189 3333 2246 Domini
3359 2207 3513 2246 man-

1923 2277 2106 2333 datum
2137 2279 2380 2350 gestabat
2410 2281 2742 2336 divinitatem
2763 2323 2778 2348 ,
2821 2293 2876 2337 et
2903 2283 3178 2338 habitator
3203 2290 3284 2337 est
3322 2280 3511 2351 templi

1924 2370 2027 2425 sui.
2063 2390 2080 2422 I
2115 2369 2220 2425 Sed
2253 2369 2408 2442 longe
2455 2373 2599 2426 aliud
2638 2381 2720 2427 est
2768 2371 2936 2427 Deum
2969 2373 3241 2427 habitasse
3286 2371 3341 2424 in
3383 2385 3512 2424 san-

1926 2461 2031 2516 ctis
2064 2481 2075 2514 :
2112 2460 2256 2516 aliud
2279 2477 2430 2526 vero,
2461 2463 2634 2532 ipsum
2662 2461 2828 2517 Deum
2853 2461 3128 2518 hominem
3159 2460 3357 2516 factum
3377 2500 3392 2525 ,
3426 2467 3511 2513 at-

1927 2565 2034 2622 que
2056 2563 2125 2605 ex
2154 2551 2366 2607 duabus
2407 2553 2722 2607 substantiis
2745 2569 2906 2608 unam
2937 2568 3224 2624 personam
3257 2551 3426 2606 Deum
3463 2559 3518 2604 et

1928 2641 2203 2698 hominem
2241 2658 2378 2699 esse.
2414 2663 2430 2694 ε
2467 2643 2582 2698 Non
2621 2646 2796 2708 enim,
2834 2653 2893 2699 ut
2929 2646 3003 2698 ait
3040 2645 3232 2699 beatus
3259 2641 3513 2713 Cyrillus,

1931 2737 2070 2792 sicut
2095 2736 2196 2790 viri
2233 2735 2551 2791 sanctiﬁcati
2589 2746 2644 2791 et
2669 2737 2846 2792 Verbo
2874 2737 3143 2805 conjuncti
3175 2749 3515 2790 communem

1930 2841 2152 2881 carnem
2183 2827 2382 2882 Christi
2407 2825 2755 2896 percipimus,
2793 2835 2884 2881 aut
2913 2827 3052 2880 sicut
3081 2826 3316 2880 divinam
3343 2825 3518 2894 possi-

1933 2919 2107 2973 dentis
2145 2918 2562 2983 habitationem;
2607 2917 2698 2971 sed
2731 2926 2789 2971 ut
2826 2934 2952 2972 vere
3004 2915 3411 2970 viviticatricem
3463 2923 3518 2968 et

1933 3011 2104 3079 ipsius
2153 3009 2313 3063 Verbi
2361 3009 2634 3078 pr0priam
2685 3005 2880 3062 factam
2929 3009 3051 3062 vita:
3097 3007 3417 3062 naturaliter
3463 3015 3518 3062 et

235 3098 362 3168 ﬁcis
412 3101 560 3170 quod
601 3097 755 3154 Jesus
798 3099 1044 3154 Christus
1083 3115 1244 3156 verus
1286 3103 1357 3157 sit
1395 3103 1536 3158 Deus
1577 3111 1630 3158 et
1666 3117 1826 3161 verus
1855 3121 1909 3184 α
1933 3103 2084 3158 Deus
2108 3104 2321 3157 existat.
2356 3121 2373 3152 ι
2423 3099 2489 3154 Et
2517 3099 2645 3154 alibi
2673 3098 2766 3172 (S.
2799 3099 2988 3170 Cyril.,
3021 3099 3176 3170 epist.
3229 3099 3296 3153 ad
3329 3097 3518 3166 Nesto:

242 3190 338 3245 Dei
369 3191 540 3246 Filius
569 3209 582 3244 :
616 3191 741 3261 quia
769 3191 870 3254 hac
888 3189 1002 3258 jam
1031 3193 1165 3258 dixi,
1196 3202 1249 3248 et
1274 3196 1448 3250 adhuc
1475 3195 1671 3251 dicam.
1706 3194 1824 3254 Non
1927 3195 2069 3252 rium
2108 3196 2172 3248 de
2212 3191 2513 3263 Excomm.)
2542 3207 2556 3245 :
2593 3211 2611 3244 ι
2649 3191 2756 3246 Sed
2785 3207 2883 3247 nec
2917 3191 3046 3246 illud
3075 3191 3335 3258 dicimus,
3375 3192 3517 3262 quod

241 3280 418 3336 solum
453 3293 575 3350 ego,
610 3295 799 3335 verum
833 3282 1000 3336 etiam
1025 3283 1201 3338 omnis
1231 3293 1416 3339 sancta
1453 3285 1549 3342 Dei
1584 3285 1824 3345 Ecclesia
1927 3289 2024 3345 Dei
2047 3287 2287 3344 Verbum
2309 3287 2454 3340 velut
2483 3285 2537 3338 in
2561 3286 2776 3340 homine
2805 3283 3096 3350 communi,
3119 3283 3209 3353 qui
3238 3284 3302 3338 de
3330 3291 3517 3337 sancta

242 3387 369 3426 eum
413 3371 669 3441 apostolis
711 3380 768 3426 et
807 3373 1058 3428 omnibus
1097 3374 1379 3430 catholicis
1418 3375 1731 3435 doctoribus
1771 3381 1828 3436 in

244 3471 356 3518 tota
404 3463 720 3518 orthodoxa:
767 3462 896 3518 ﬁdei
939 3463 1300 3520 celebratione
1341 3467 1489 3533 dicit,
1537 3469 1730 3536 credit,
1774 3478 1832 3526 et

243 3554 507 3622 praedicat
549 3552 890 3608 ﬁducialiter.
931 3552 1044 3610 Nec
1083 3554 1178 3608 tibi
1219 3553 1414 3612 sullicit
1451 3559 1620 3614 semel
1650 3561 1830 3616 dicere

247 3641 619 3709 hujuscemodi
661 3643 825 3698 verba
861 3658 876 3698 :
918 3659 940 3694 r
981 3643 1040 3698 Si
1079 3645 1246 3712 enim,
1296 3647 1494 3716 inquis,
1540 3647 1682 3704 idem
1725 3651 1832 3705 Re-

249 3732 501 3801 demptor
537 3721 722 3788 nohtcr
748 3734 802 3788 in
834 3734 1010 3789 forma
1029 3737 1206 3800 servi,
1235 3743 1296 3790 ut
1325 3752 1422 3792 vos
1447 3738 1640 3805 vultis,
1669 3753 1834 3796 verus

245 3833 328 3880 est
349 3823 532 3878 Filius
547 3825 660 3878 Dei.
690 3844 712 3875 ι
735 3821 847 3879 Hoc
873 3825 1048 3894 ipsum
1072 3825 1202 3896 quid
1229 3827 1426 3882 iterum
1449 3837 1611 3900 atque
1636 3830 1831 3886 iterum

249 3919 492 3989 repetis?
521 3917 590 3974 lit
616 3920 900 3989 perspicue
932 3929 988 3975 te
1019 3922 1123 3976 hoc
1161 3919 1301 3976 nolle
1335 3921 1665 3993 intelligatur
1690 3925 1838 3994 quod

250 4023 349 4064 nos
377 4008 522 4062 velle
551 4009 918 4078 reprehendis.
963 4008 1020 4064 Si
1064 4023 1196 4081 ergo
1237 4009 1323 4066 ille
1351 4011 1514 4067 homo
1544 4013 1634 4082 qui
1661 4027 1727 4066 ex
1756 4015 1834 4068 di-

249 4100 374 4152 vina
421 4100 598 4154 sancti
643 4099 876 4169 Spiritus
933 4101 1248 4170 operatione
1290 4109 1342 4159 et
1391 4103 1621 4174 gloriosa
1663 4103 1836 4160 beata

255 4191 496 4262 Virginis
539 4195 794 4248 castitate
829 4204 1122 4266 conceptus
1160 4206 1243 4252 est
1286 4206 1342 4252 et
1381 4208 1559 4264 natus,
1604 4213 1710 4255 non
1754 4207 1838 4256 est

251 4295 438 4347 verus,
465 4289 532 4336 ut
569 4289 630 4337 tu
669 4285 890 4350 asset-is,
933 4285 1102 4342 Fil'nrs
1145 4283 1262 4352 Dei,
1312 4303 1414 4344 nec
1453 4305 1615 4345 verus
1659 4291 1832 4360 Deus;

253 4375 384 4444 quid
409 4374 675 4444 superest,
699 4374 802 4430 nisi
829 4383 891 4430 ut
920 4376 1006 4430 illa
1029 4375 1186 4432 beata
1214 4375 1377 4448 Virgo
1400 4393 1738 4451 nequaquam
1769 4382 1838 4436 sit

1935 3379 2152 3450 Virgine
2181 3387 2340 3432 natus
2380 3384 2486 3443 est,
2515 3375 2802 3443 habitarit;
2853 3390 2920 3430 ne
2957 3376 3127 3429 Deum
3165 3375 3324 3428 homo
3365 3373 3520 3427 Chri-

1931 3479 2047 3528 stus
2075 3472 2434 3526 habitatorem
2462 3469 2738 3538 possidere
2767 3468 3040 3524 credatur.
3087 3466 3343 3533 Quamvis
3373 3464 3515 3518 enim

1931 3557 2169 3619 Verbum
2197 3560 2468 3614 habitaret
2495 3559 2550 3613 in
2577 3559 2752 3625 nobis,
2781 3565 2835 3614 et
2861 3557 3062 3612 dictum
3089 3557 3193 3610 sit:
3218 3553 3285 3609 In
3308 3553 3514 3608 Christo

1931 3649 2168 3707 habitare
2222 3667 2424 3705 omnem
2473 3649 2848 3721 plenitudinem
2903 3649 3127 3704 Deitatis
3179 3646 3521 3718 corporaliter

1935 3739 2159 3818 (Coloss.
2191 3757 2254 3810 ιι,
2287 3741 2374 3816 9);
2416 3751 2599 3798 tamen
2641 3739 2986 3814 intelligimus
3027 3756 3174 3807 eum,
3214 3739 3356 3810 quod
3395 3753 3522 3792 caro

1933 3831 2113 3890 factus
2139 3843 2255 3902 est,
2284 3851 2388 3891 non
2419 3838 2559 3891 sicut
2583 3837 2636 3891 in
2667 3841 2870 3890 sanct's
2895 3823 3139 3890 habitare
3165 3833 3391 3896 dicitur;
3425 3846 3524 3884 uec

1936 3927 2098 3982 talem
2137 3929 2194 3982 in
2238 3927 2354 3999 ipso
2396 3927 2785 3983 habitationem
2829 3926 3031 3980 factam
3069 3924 3306 3979 difﬁnire
3353 3931 3524 3975 tenta-

1936 4035 2059 4076 mus
2098 4039 2110 4074 :
2156 4019 2254 4076 sed
2290 4021 2485 4076 unicus
2524 4021 2679 4092 juxta
2728 4031 3000 4082 naturam,
3049 4033 3152 4071 nec
3201 4017 3254 4070 in
3305 4027 3520 4089 carnem

1937 4115 2177 4166 mutatus
2203 4152 2217 4178 ,
2275 4109 2439 4165 talem
2492 4109 2592 4164 sibi
2648 4107 2776 4164 fecit
2830 4107 3216 4162 habitationem
3243 4145 3260 4170 ,
3312 4101 3522 4172 qualem

1939 4201 2119 4254 anima
2144 4201 2378 4256 hominis
2402 4201 2604 4256 habere
2629 4199 2868 4254 creditur
2895 4199 2948 4252 in
2976 4196 3194 4268 proprio
3217 4209 3460 4266 corpore.
3502 4214 3518 4246 ι

1941 4285 2148 4347 Unicus
2193 4291 2358 4364 igitur
2403 4299 2487 4347 est
2533 4289 2781 4346 Christus
2823 4287 2990 4346 Filius
3033 4283 3291 4344 Dominus
3321 4293 3525 4352 noster,

1940 4396 2049 4435 non
2077 4381 2224 4436 velut
2249 4381 2622 4451 conjunctione
2669 4381 2908 4455 qualibet
2941 4391 2995 4437 et
3020 4381 3227 4438 unitate
3254 4380 3529 4452 dignitatis

255 4479 383 4521 vera
413 4465 511 4518 Dei
541 4464 793 4535 genitrix,
830 4467 926 4521 sed
963 4469 1340 4538 nuncupativa.
1382 4467 1517 4536 Quia
1560 4472 1605 4526 si
1633 4471 1722 4525 ille
1745 4472 1837 4542 qui
1863 4472 1920 4533 D
1943 4479 1998 4526 et
2039 4473 2359 4528 auctoritate
2403 4474 2637 4530 hominis
2677 4473 2926 4530 habentis
2965 4473 3032 4528 ad
3058 4467 3248 4536 Deum,
3279 4487 3439 4542 quem
3471 4479 3528 4524 tu

253 4570 318 4610 ex
343 4570 412 4610 ea
443 4561 606 4610 natus
631 4561 715 4610 est
754 4559 1148 4626 nuncupativus
1173 4567 1254 4613 est
1283 4557 1444 4624 Deus,
1473 4562 1636 4614 etiam
1664 4570 1718 4617 et
1746 4561 1837 4617 illa

255 4661 376 4717 qum
407 4645 598 4717 genuit
633 4648 990 4716 nuncupatim
1019 4655 1122 4712 est,
1151 4663 1260 4704 non
1287 4665 1414 4706 vera
1451 4653 1544 4707 Dei
1581 4655 1836 4723 genitrix.

255 4737 322 4791 Et
349 4738 456 4791 hoc
480 4749 642 4805 quam
669 4736 892 4805 impium
917 4737 989 4791 sit
1013 4737 1214 4805 dicere,
1246 4740 1411 4794 totius
1441 4743 1625 4798 mundi
1654 4743 1838 4800 latitu-

255 4827 382 4882 dine
423 4827 478 4880 in
515 4841 626 4896 qua
649 4825 896 4883 Christus
935 4837 1123 4898 regnat
1164 4839 1219 4884 et
1261 4831 1474 4898 colitur,
1515 4833 1842 4892 manifestis-

258 4920 396 4973 sime
423 4919 832 4987 comprobatur.
861 4917 999 4972 Nam
1024 4927 1077 4974 et
1104 4919 1210 4974 hoc
1245 4920 1426 4991 ipsum
1458 4921 1618 4978 beato
1641 4921 1844 4995 Cyrillo

260 5007 632 5062 Mamurius
657 5007 912 5076 episcopo
936 5007 1004 5064 ab
1041 5009 1311 5065 haereticis
1335 5010 1706 5081 objiciebatur,
1741 5015 1848 5070 sci-

258 5099 388 5152 licet
416 5100 632 5153 beatam
657 5098 931 5168 Virginem
960 5111 1068 5153 non
1096 5115 1220 5156 esse
1245 5101 1340 5158 Dei
1370 5103 1686 5176 genitricem
1707 5149 1722 5172 ,
1755 5103 1854 5163 sed

261 5192 522 5262 appellari
551 5209 570 5245 :
600 5192 757 5246 οἰωιὶ
797 5200 852 5246 et
887 5203 988 5248 vos
1021 5194 1183 5250 modo
1223 5195 1408 5253 soletis
1437 5197 1636 5266 dicere,
1666 5198 1848 5256 Iesum

260 5279 545 5336 Christum
574 5296 682 5338 non
709 5297 829 5336 esse
854 5295 1046 5337 verum
1084 5285 1370 5341 Dominum
1409 5297 1463 5341 et
1500 5285 1694 5344 Filium
1733 5289 1852 5358 Dei,

262 5374 364 5427 sed
385 5373 668 5442 appellari,
693 5375 848 5444 quasi
876 5377 1316 5444 nuncupativum.
1345 5375 1422 5432 ita
1446 5377 1614 5452 M8
1637 5381 1853 5450 quidam

264 5462 626 5523 Nestorianus
635 5479 826 5525 contra
838 5471 1163 5528 catholicam
1177 5472 1335 5530 ﬁdem
1351 5473 1632 5546 disputans
1645 5475 1781 5532 dixit
1796 5488 1820 5517 ἰ
1839 5497 1852 5531 :

271 5573 296 5608 ι
335 5554 443 5623 Qui
489 5567 618 5614 ante
665 5562 858 5617 saecula
903 5570 1009 5631 est,
1051 5563 1196 5620 Deus
1249 5573 1333 5620 est
1379 5584 1394 5620 :
1446 5568 1542 5622 sed
1600 5569 1856 5638 templum

1947 4565 2088 4621 soles
2124 4566 2469 4638 eonjunctum
2505 4566 2640 4632 Deo,
2680 4567 2792 4623 sive
2819 4566 3132 4636 adoptatum
3158 4565 3418 4628 vocitare,
3447 4561 3528 4615 di-

1945 4661 2223 4715 Vinitatcm
2269 4676 2483 4732 quoque
2526 4669 2760 4732 gestare,
2809 4671 2894 4726 et,
2939 4661 3122 4716 nescio
3165 4674 3271 4730 quo
3318 4657 3530 4712 insolito

1945 4751 2113 4809 verbo
2153 4771 2304 4821 usus,
2345 4755 2678 4810 divinitatem
2723 4753 2912 4809 liniare
2947 4753 3101 4809 dicis.
3140 4752 3356 4806 Liniare
3387 4750 3530 4804 enim
3561 4759 3566 4764 ‘

1946 4843 2107 4917 Vulgo
2145 4845 2340 4901 dicitur
2384 4845 2451 4902 de
2494 4845 2776 4917 pingendis
2818 4845 2902 4900 vel
2941 4828 3532 4918 sculpendis-imagini-

1948 4933 2072 5002 bus,
2105 4935 2192 4991 vel
2236 4935 2495 5008 cujusque
2539 4937 2720 5008 operis
2763 4931 2951 5008 ﬁguris
2995 4937 3374 5008 exprimendis.
3425 4935 3533 4990 Sed

1951 5024 2056 5079 hoc
2098 5021 2226 5095 quid
2269 5023 2338 5079 ad
2365 5021 2484 5080 Filii
2521 5025 2618 5081 Dei
2648 5025 2981 5082 divinitatem
3020 5026 3102 5082 vel
3141 5026 3533 5082 humanitatem

1950 5115 2252 5185 pertineat,
2284 5127 2391 5170 non
2421 5113 2677 5187 intelligo.
2712 5117 2864 5185 Quod
2898 5129 3048 5183 vero,
3078 5126 3140 5173 ut
3165 5116 3530 5190 praediximus,

1953 5211 2165 5275 gestare
2208 5213 2331 5260 eum
2371 5205 2706 5263 divinitatem
2745 5205 2899 5276 dicis,
2949 5207 3072 5264 audi
3118 5209 3245 5279 quid
3289 5221 3386 5278 pro
3431 5203 3532 5260 hoc

1954 5294 2224 5350 mercedis
2257 5297 2492 5368 accipias
2534 5313 2566 5352 a
2612 5301 2814 5355 sanctis
2861 5309 2916 5355 et
2955 5297 3234 5356 catholicis
3271 5297 3402 5352 viris
3442 5295 3533 5364 qui

1953 5396 2141 5443 contra
2169 5387 2310 5444 hanc
2333 5391 2583 5446 haeresim
2615 5400 2762 5447 tuam
2789 5393 2954 5448 multa
2977 5395 3255 5462 disputare
3288 5389 3535 5444 solebant

1953 5475 2036 5552 (S.
2068 5479 2276 5553 Cyrill.,
2308 5484 2582 5539 Anathem.
2611 5485 2686 5557 v).
2721 5506 2738 5537 ι
2775 5485 2832 5541 Si
2861 5489 2998 5556 quis,
3029 5485 3298 5556 inquiunt,
3329 5496 3532 5550 praesuw

1954 5572 2053 5626 mit
2077 5571 2256 5628 dicere
2281 5572 2554 5630 DeifOrum
2583 5577 2853 5632 hominem
2883 5575 3177 5638 Christum,
3217 5579 3272 5628 et
3302 5586 3412 5627 non
3439 5586 3532 5655 po-

345 5685 372 5718 α
410 5677 589 5734 Verba
630 5687 753 5734 sunt
792 5679 1116 5739 Theodoreti
1158 5683 1212 5739 in
1251 5684 1664 5754 reprehensione
1693 5684 1850 5756 primi
1883 5683 2330 5742 Anathematismi
2360 5688 2501 5757 apud
2528 5688 2802 5760 Cyrillum.
