4030 6358
486 328 591 390 218

1337 327 1394 381 Β.
1436 324 1496 380 F.
1535 320 1760 382 ALBINI
1800 321 1934 381 SEU
1970 318 2246 380 ALCUINI
2298 316 2582 379 OPERUM
2617 318 2798 378 PARS
2833 314 2939 378 Ill.‘
3024 314 3025 317 “

3621 318 3729 379 216

485 446 593 501 tius
618 443 788 500 Deum
814 456 939 497 vere
981 456 1120 505 esse,
1165 441 1303 494 sicut
1348 438 1541 493 Filium
1582 439 1801 494 unicum
1839 446 2054 503 natura,
2082 444 2131 499 Α
2160 436 2245 492 illa
2273 452 2391 506 quae
2414 437 2722 493 novissimis
2750 432 3083 508 temporibus
3107 451 3173 493 ex
3199 437 3419 510 Virgine
3441 439 3582 495 facta
3607 454 3734 498 con-

484 533 777 590 secundnm
816 520 975 601 quod
1000 530 1197 584 factum
1242 535 1325 583 est
1351 528 1585 583 Verbum
1625 543 1774 593 caro,
1817 536 1874 582 et
1915 542 2062 582 com-

484 622 779 678 municavit
826 614 1067 691 praxime
1109 619 1261 673 nobis
1308 618 1564 689 sanguine
1610 626 1666 673 et
1704 633 1889 680 carne,
1934 632 2062 670 ana-

482 711 666 767 thema
693 697 783 765 sit.
817 731 835 762 ι
874 709 998 764 Haec
1026 710 1170 764 enim
1209 716 1292 763 est
1329 709 1419 763 hic
1467 710 1519 761 in
1563 710 1813 779 pratsenti
1854 723 2062 762 merces

485 801 686 858 laboris
714 802 808 856 tui.
842 799 1025 867 Qualis
1051 808 1229 853 autem
1274 798 1452 852 futura
1499 800 1567 853 sit
1610 799 1677 853 ab
1718 798 1904 853 eodem
1947 799 2062 867 ipso

486 908 643 962 quem
673 893 726 945 in
750 898 956 945 tantum
984 890 1269 944 humiliare
1297 889 1503 950 niteris,
1534 896 1594 942 ut
1613 902 1827 941 omnem
1850 886 1899 940 ei
1922 887 2062 940 veri-

485 990 650 1037 tatem
680 980 916 1035 ﬁlietatis
943 988 999 1033 et
1028 986 1350 1049 potestatem
1388 977 1612 1033 Deitatis
1640 978 1877 1031 adimere
1903 990 2064 1030 cone—

486 1072 589 1136 ris,
622 1078 676 1124 tu
708 1071 821 1140 ipse
848 1069 1099 1139 probabis
1128 1068 1343 1139 quando
1369 1076 1493 1121 ante
1524 1066 1756 1120 tribunal
1782 1066 1897 1135 ejus
1917 1063 2065 1132 judi-

484 1162 686 1215 candus
731 1159 952 1213 astabis.
998 1157 1337 1227 Subjungunt
1380 1171 1590 1225 quoque
1630 1154 1835 1226 prmfati
1878 1155 2064 1209 Patres

486 1251 551 1307 de
577 1251 766 1305 eadem
794 1265 853 1304 re
875 1250 1115 1304 dicentes
1142 1266 1151 1299 ε
1191 1266 1209 1298 ι
1241 1248 1357 1301 Νοη
1385 1248 1523 1302 sicut
1553 1247 1603 1300 in
1630 1247 1782 1301 nobis
1803 1246 2065 1300 inhabitat

484 1343 646 1406 Deus,
677 1341 755 1395 sie
781 1348 835 1393 et
873 1340 925 1393 in
956 1338 1189 1394 Christo.
1222 1340 1364 1394 Deus
1385 1339 1528 1394 enim
1556 1348 1683 1393 erat
1703 1340 1817 1408 ipse
1844 1347 2064 1393 natura-

480 1432 605 1487 liter
654 1446 921 1503 apparens
967 1432 1261 1486 secundum
1302 1446 1399 1486 nos
1426 1447 1667 1501 unusque
1708 1439 1763 1485 et
1803 1431 1948 1486 solus
1972 1430 2065 1484 Fi-

481 1521 605 1587 lius,
635 1530 690 1577 et
711 1522 922 1592 quando
949 1520 1120 1577 factus
1141 1531 1225 1577 est
1246 1538 1395 1578 caro.
1424 1521 1522 1589 Qui
1553 1524 1713 1594 igitur
1736 1531 2066 1593 prazsumunt

482 1612 662 1668 dicere
689 1611 963 1667 Deiforum
994 1613 1265 1667 hominem
1305 1627 1427 1667 eum
1456 1628 1598 1679 esse,
1643 1621 1700 1669 et
1742 1628 1847 1668 non
1888 1614 2065 1685 potius

480 1696 885 1758 inhumanatum
932 1702 1134 1767 Deum,
1182 1704 1490 1758 necessario
1540 1702 1896 1758 succumbunt
1936 1717 2064 1757 ana-

481 1789 725 1845 themati.
762 1809 781 1843 ι

553 1879 638 1935 IIl.
678 1880 844 1936 Miror
881 1896 1011 1936 vero
1052 1895 1220 1951 quare
1260 1880 1601 1936 introducere
1631 1896 1827 1936 novum
1856 1897 2063 1937 nuncu-

479 1972 710 2041 pationis
756 1972 812 2027 in
856 1973 1070 2029 Christo
1114 1989 1309 2028 nomen
1353 1990 1460 2029 non
1510 1974 1735 2040 timeas,
1789 1991 1912 2031 cum
1958 1976 2063 2030 hoc

480 2062 654 2132 ipsum
696 2073 1067 2121 antecessores
1111 2067 1187 2120 tui
1232 2067 1469 2121 hteretici
1499 2075 1820 2138 usurpantes
1854 2067 1922 2122 ab
1962 2068 2064 2122 Ec-

478 2153 657 2209 clesiae
685 2154 915 2211 fuissent
934 2158 1311 2212 communione
1339 2159 1514 2214 divisi.
1543 2160 1633 2213 Ait
1659 2175 1889 2229 namque
1919 2160 2063 2215 idem

479 2244 669 2298 beatus
693 2244 924 2316 Cyrillus
951 2266 962 2299 :
999 2266 1016 2297 ι
1050 2246 1347 2303 Caveamus
1370 2264 1498 2320 ergo
1521 2249 1585 2303 de
1608 2248 1824 2305 Christo
1847 2246 2059 2305 dicere:

478 2343 701 2402 pr0pter
740 2346 1107 2392 assumentem
1154 2353 1385 2395 veneror
1430 2349 1795 2409 assumptum,
1845 2349 1901 2395 et
1939 2356 2065 2410 pro-

482 2433 601 2494 pter
628 2427 953 2482 invisibilem
980 2430 1146 2485 adoro
1182 2430 1470 2485 visibilem.
1504 2451 1521 2483 ι
1567 2430 1907 2486 Horrendum
1936 2446 2064 2487 vero

481 2532 643 2587 super
670 2519 772 2573 hoc
796 2522 961 2575 etiam
1004 2521 1133 2578 illud
1161 2522 1395 2593 adjicitis
1422 2542 1434 2578 :
1469 2542 1487 2575 ι
1522 2523 1622 2591 Qui
1650 2533 1931 2596 susceptus
1956 2535 2062 2592 est,

481 2620 605 2660 cum
653 2623 719 2663 eo
760 2610 851 2678 qui
898 2613 1166 2682 suscepit,
1216 2625 1659 2686 connuncupatur
1702 2616 1864 2672 Deus.
1904 2638 1923 2671 ›
1960 2617 2063 2686 Qui

415 2744 435 2765 ,
482 2696 626 2751 enim
656 2697 770 2754 haec
799 2700 949 2766 dicit,
996 2702 1186 2757 dividit
1229 2703 1328 2777 [in]
1376 2706 1510 2761 duos
1532 2706 1778 2762 Christos
1806 2723 1930 2763 eum
1971 2708 2066 2778 qui

482 2802 619 2842 unus
642 2797 755 2854 est,
785 2791 1058 2848 hominem
1090 2810 1332 2850 seorsum
1363 2797 1415 2851 in
1446 2807 1684 2867 partem,
1711 2810 1765 2855 et
1792 2799 1962 2855 Deum
1991 2802 2066 2857 si-

384 2922 391 2929 .
480 2875 681 2932 militer
716 2879 768 2933 in
800 2890 1006 2950 partem
1041 2886 1407 2952 constituens;
1449 2888 1730 2943 evidenter
1756 2891 1900 2946 enim
1929 2892 2066 2946 divi-

481 2958 559 3021 dit
594 2971 877 3026 unitatem.
915 2973 1032 3029 Non
1067 2991 1193 3045 ergo
1224 2976 1362 3033 alter
1391 2993 1514 3033 cum
1544 2980 1716 3035 altero
1744 2982 2067 3038 coadoratur

484 3069 577 3114 aut
604 3076 1047 3135 connuncupatur
1070 3069 1241 3136 Deus;
1277 3073 1370 3127 sed
1397 3090 1536 3130 unus
1564 3075 1879 3147 intelligitur
1903 3076 2063 3132 Chri-

485 3164 601 3211 stus
629 3156 784 3214 Jesus
812 3161 982 3217 Filius
1008 3164 1103 3219 Dei
1132 3166 1459 3236 unigenitus,
1489 3186 1596 3225 una
1639 3142 1900 3227 servitute
1942 3187 2066 3227 cum
2093 3142 2140 3205 Ο

484 3252 701 3320 propria
731 3268 893 3310 carne
922 3260 1258 3315 venerandus
1290 3280 1303 3314 :
1337 3264 1427 3318 ubi
1470 3264 1611 3319 enim
1641 3274 1725 3322 est
1759 3267 1900 3321 nuda
1931 3283 2064 3321 nun-

484 3342 719 3417 cupatio,
745 3343 818 3404 ibi
846 3346 1027 3406 solidatl
1047 3349 1292 3408 veritatis
1317 3352 1599 3425 denegatio
1619 3363 1719 3410 est.
1746 3354 1852 3410 Sed
1881 3370 2067 3411 revera

488 3437 823 3493 incarnatum
861 3441 1091 3497 dicimus
1121 3445 1453 3515 unigenitum
1497 3445 1692 3500 Filium
1723 3446 1817 3501 Dei
1860 3455 2069 3502 secreto

484 3527 650 3601 849
682 3529 772 3585 illo
801 3535 1057 3604 mysterio
1081 3534 1223 3604 quod
1263 3536 1374 3610 ipse
1414 3537 1562 3591 solus
1600 3538 1769 3591 novit.
1814 3537 2066 3592 Nostrum

486 3634 718 3689 namque
741 3629 823 3676 est
864 3624 1108 3690 credere,
1151 3625 1291 3679 illius
1334 3641 1513 3681 nosse.
1559 3627 1710 3694 Quod
1749 3636 1807 3683 tu
1848 3629 2069 3684 omnino

484 3711 680 3766 oblitus
721 3714 935 3769 conaris
980 3715 1110 3771 illud
1154 3718 1364 3773 ratione
1407 3719 1731 3790 investigare
1777 3723 1921 3793 quod
1966 3721 2069 3779 fide

486 3804 730 3858 venerari
762 3804 1040 3861 debuisses
1070 3825 1081 3860 :
1117 3809 1337 3864 credere
1377 3810 1522 3864 enim
1562 3817 1715 3866 tuum
1744 3820 1891 3868 esset
1927 3813 2070 3883 quod

486 3894 624 3951 Deus
669 3895 763 3949 Dei
806 3897 1063 3963 Verbum,
1106 3908 1278 3955 totum
1317 3901 1616 3971 suscipiens
1650 3904 1792 3972 quod
1836 3905 2071 3960 hominis

484 3996 603 4055 est,
633 4005 791 4046 verus
819 3992 980 4048 homo
1020 3992 1194 4049 factus
1222 3995 1323 4060 sit,
1355 4003 1409 4051 et
1435 4004 1710 4065 assumpta
1738 3995 2065 4059 humanitas,

484 4086 655 4135 totum
683 4083 954 4154 accipiens
977 4086 1120 4156 quod
1145 4086 1242 4141 Dei
1267 4095 1380 4152 est,
1417 4085 1561 4140 aliud
1591 4102 1749 4157 quam
1777 4087 1921 4144 Deus
1948 4102 2069 4144 esse

484 4183 591 4224 non
618 4171 808 4240 possit.

555 4259 643 4315 lV.
682 4260 811 4316 Mihi
858 4277 1073 4333 quoque
1100 4264 1291 4334 objicis
1319 4280 1429 4320 non
1458 4273 1606 4321 recte
1643 4265 1972 4322 intellexisse
2002 4267 2069 4323 de

488 4362 594 4417 qua
641 4358 836 4405 natura
880 4351 1071 4408 beatus
1116 4354 1410 4425 Gregorius
1452 4357 1699 4423 dixisset,
1744 4374 1866 4414 cum
1898 4359 2065 4413 aitl:

494 4456 512 4488 ι
542 4437 699 4492 Aliud
728 4448 814 4495 est
842 4440 1089 4497 homines
1116 4452 1272 4498 natos
1302 4447 1531 4515 gratiam
1573 4449 1877 4518 adoptionis
1919 4449 2068 4504 acci-

488 4543 634 4598 pere,
668 4528 814 4585 aliud
843 4547 1011 4586 unum
1039 4533 1382 4603 singulariter
1406 4551 1504 4606 per
1548 4537 1842 4592 divinitatis
1879 4547 2070 4607 poten-

487 4621 617 4675 tiam
645 4621 815 4677 Deum
843 4638 907 4679 ex
941 4624 1057 4695 ipso
1097 4636 1357 4696 conceptu
1384 4628 1683 4697 prodiisse:
1717 4648 1734 4681 ι
1770 4629 1836 4681 Et
1865 4628 2068 4699 gratias

487 4711 603 4780 agis
630 4713 773 4782 quod
803 4721 858 4768 tu
883 4715 1131 4771 eamdem
1175 4720 1497 4772 sententiam
1540 4719 1733 4773 melius
1766 4718 2067 4773 intellexis—

488 4815 597 4869 ses,
620 4819 848 4874 eamque
871 4806 936 4861 de
956 4807 1256 4873 divinitate,
1276 4826 1385 4864 non
1412 4811 1479 4865 de
1507 4810 1843 4864 humanitate
1868 4811 2067 4864 dictam

486 4909 606 4951 esse
638 4894 893 4953 allirmas.
925 4897 1030 4954 Sed
1056 4901 1180 4970 quis
1204 4902 1277 4956 sit
1298 4902 1391 4971 qui
1425 4916 1523 4970 per
1549 4901 1846 4969 potentiam
1874 4901 2068 4955 divini-

485 4988 614 5043 tatis
633 4989 774 5045 Deus
798 5001 1087 5062 conceptus
1111 4994 1201 5059 sit,
1227 5008 1476 5064 agnosce.
1494 4992 1629 5046 Nam
1649 4993 1716 5047 de
1736 4994 1916 5049 divina
1938 4990 2061 5049 Filii

482 5074 584 5132 Dei
612 5077 890 5135 divinitate
935 5082 1040 5137 dici
1088 5082 1357 5151 quomodo
1396 5090 1593 5151 potest,
1624 5083 1766 5151 quod
1800 5091 2063 5152 conceptu

484 5168 811 5235 prodiisset?
838 5170 981 5227 Deus
1008 5174 1151 5227 enim
1176 5172 1372 5227 Filium
1413 5188 1568 5228 suum
1612 5176 1945 5242 unigenitum
1972 5191 2064 5247 ge-

484 5260 631 5325 nuit;
676 5278 781 5317 non
830 5280 895 5319 ex
953 5265 1178 5319 alterius
1224 5274 1486 5336 conceptu
1537 5268 1853 5338 cujuslibet;
1903 5275 2064 5336 atque

484 5353 733 5408 eumdem
764 5355 926 5427 Virgo
959 5371 1116 5411 sacra
1139 5357 1204 5412 de
1236 5357 1439 5428 Spiritu
1477 5370 1665 5414 sancto
1698 5361 1963 5429 concepit,
1996 5360 2063 5414 de

484 5456 589 5513 qua
617 5446 730 5515 ipse
756 5446 924 5503 Filius
954 5449 1080 5512 Dei,
1111 5451 1263 5517 quasi
1292 5466 1522 5519 sponsus
1552 5452 1617 5506 de
1649 5450 1907 5513 thalamo,
1939 5464 2067 5519 pro-

485 5534 665 5587 cessit.
694 5536 799 5589 Aut
827 5553 948 5606 quaa
991 5547 1180 5593 natura
1207 5555 1304 5609 per
1331 5541 1626 5609 potentiam
1664 5538 1758 5593 Dei
1802 5537 1944 5592 facta
1979 5546 2063 5592 est

485 5627 627 5693 quod
666 5628 783 5681 est?
812 5628 893 5682 An
934 5628 1022 5682 illa
1065 5645 1162 5699 per
1190 5646 1350 5699 quam
1375 5632 1555 5683 omnia
1597 5630 1739 5683 facta
1782 5636 1923 5691 sunt,
1971 5636 2064 5681 aut

2095 4501 2143 4559 D

2163 529 2388 599 cipitur?
2408 528 2782 597 Expositorem
2809 537 2862 583 te
2887 528 3184 584 alienorum
3208 530 3475 585 dictorum
3494 531 3735 601 jactitas,

2162 634 2283 673 cum
2322 620 2410 673 vix
2451 635 2690 689 unquam
2741 629 2831 674 tua
2875 629 3021 676 recte
3068 621 3315 691 proferre
3362 623 3622 693 potueris.
3654 622 3737 679 Me

2162 725 2373 779 quoque
2399 712 2600 780 arguis,
2631 712 2721 780 qui
2750 711 2842 766 ubi
2873 721 3023 767 recte
3051 714 3354 783 arguendus
3381 729 3523 778 sum,
3551 729 3736 769 emen-

2163 804 2281 859 dari
2323 819 2430 858 non
2479 802 2703 874 refugio,
2749 803 2842 858 sed
2888 803 3067 871 potius
3119 803 3366 858 desidero
3409 810 3467 858 et
3509 803 3738 860 multum

2162 904 2286 963 opto
2313 912 2326 947 :
2356 894 2447 948 sed
2470 903 2596 949 sunt
2622 894 2864 964 plerique
2888 894 3002 963 qui,
3030 894 3156 948 dum
3184 893 3319 949 alios
3340 894 3742 964 reprehendere

2112 1036 2115 1043 ,
2163 989 2403 1057 cupiunt,
2435 988 2654 1041 omnino
2683 985 2854 1055 magis
2883 1001 3036 1040 summ
3076 985 3400 1055 imperitiam
3424 985 3740 1051 ostendunt,

2118 1100 2123 1105 ε
2163 1093 2283 1147 qua:
2320 1076 2459 1131 forte
2488 1076 2700 1131 occulta
2730 1074 2919 1129 fuisset
2963 1075 3007 1129 si
3058 1075 3372 1138 tacuissent,
3417 1074 3559 1129 sicut
3606 1074 3744 1128 scri-

2163 1173 2312 1235 ptum
2342 1173 2463 1220 est:
2499 1164 2727 1227 Stultus,
2774 1164 2817 1216 si
2868 1165 3111 1229 tacuerit,
3160 1164 3366 1233 sapiens
3417 1163 3746 1234 reputabitur

2165 1256 2346 1328 (Prov.
2372 1272 2484 1309 xvn
2503 1296 2517 1321 ,
2544 1255 2657 1324 28).
2686 1252 2920 1308 Grandis
2948 1262 3033 1308 est
3065 1253 3209 1308 enim
3250 1252 3475 1308 stultitia
3503 1253 3645 1308 velle
3690 1260 3746 1306 te

2161 1349 2407 1418 proferre
2436 1347 2801 1403 testimonium
2829 1345 2971 1415 quod
2998 1360 3096 1415 per
3121 1345 3300 1399 omnia
3329 1353 3519 1399 contra
3546 1351 3746 1398 temet-

2165 1440 2339 1510 ipsum
2377 1452 2498 1493 esse
2533 1436 2878 1492 manifestum
2921 1444 3023 1490 est.
3053 1435 3249 1489 Tribus
3289 1449 3525 1504 namque
3565 1433 3747 1489 modis

2164 1529 2470 1585 testimonia
2500 1529 2553 1582 in
2600 1528 2706 1582 tuis
2730 1526 2945 1596 scriptis
2984 1526 3327 1591 inveniuntur
3354 1524 3582 1595 prolata,
3610 1538 3750 1594 quo-

2164 1636 2282 1675 rum
2311 1621 2553 1689 qutedam
2584 1634 2686 1673 nec
2723 1617 2817 1672 tibi
2854 1631 3066 1682 nocere,
3112 1631 3211 1671 nec
3253 1615 3437 1670 favere
3469 1615 3749 1678 videntur,

2166 1724 2266 1763 nec
2307 1709 2526 1763 omnino
2554 1704 2622 1761 ad
2668 1722 2782 1761 rem
2832 1706 3115 1776 praesentis
3158 1704 3539 1774 disputationis
3579 1705 3752 1774 perti-

2092 1790 2139 1851 B
2164 1807 2320 1864 nent;
2347 1799 2489 1867 quod
2511 1798 2830 1853 certissimae
2853 1797 3169 1866 ignorantiae
3190 1796 3449 1850 indicium
3472 1804 3574 1852 est.
3594 1795 3751 1863 Quaa-

2165 1888 2289 1944 dam
2334 1903 2464 1942 vero
2506 1888 2583 1942 sic
2625 1902 2655 1941 a
2707 1895 2759 1941 te
2807 1896 3103 1956 ponuntur,
3144 1895 3206 1941 ut
3248 1895 3427 1941 tamen
3465 1887 3753 1942 nobiscum

2163 1988 2346 2050 agant,
2372 1987 2427 2033 et
2459 1979 2556 2033 tibi
2599 1993 2900 2047 repugnare
2946 1986 3132 2048 aperta
3162 1978 3388 2033 veritate
3414 1979 3750 2048 probantur;
3784 2044 3787 2049 η

2163 2071 2323 2141 quod,
2355 2079 2414 2125 ut
2438 2070 2806 2140 prmdiximus,
2837 2070 3079 2125 stultitiae
3103 2084 3225 2141 non,
3244 2070 3483 2125 minimae
3521 2085 3610 2125 res
3639 2078 3751 2132 est.

2163 2171 2216 2215 te
2259 2177 2409 2215 arma
2454 2161 2765 2215 adversario
2793 2161 3119 2215 ministrare.
3162 2159 3416 2227 Quaedam
3463 2168 3643 2215 autem
3675 2161 3755 2215 ita

2163 2255 2457 2324 protulisti,
2481 2262 2543 2308 ut
2562 2262 2765 2319 tamen,
2787 2254 2893 2308 nisi
2917 2268 3319 2327 corrumperes,
3343 2263 3396 2309 te
3418 2254 3566 2309 nullo
3586 2255 3757 2311 modo

2165 2344 2422 2413 adjuvare
2470 2345 2812 2410 viderentur;
2844 2345 2988 2414 quod
3035 2345 3255 2400 omnino
3302 2344 3579 2400 malevola:
3619 2360 3757 2401 con-

2165 2435 2405 2488 scientia:
2433 2436 2623 2489 vitium
2651 2449 2770 2490 esse
2802 2435 3134 2504 dignoscitur
3159 2453 3172 2488 :
3206 2434 3262 2489 in
3290 2450 3517 2505 quorum
3546 2436 3752 2505 primo,

2165 2534 2224 2578 ut
2266 2525 2523 2591 diximus,
2557 2534 2606 2579 te
2645 2528 3014 2596 ignorantem,
3053 2526 3106 2579 in
3152 2526 3321 2580 altero
3365 2525 3658 2591 indoctum,
3694 2527 3754 2581 in

2167 2615 2330 2670 tertio
2376 2631 2505 2671 vero
2554 2616 2877 2670 malevolum
2923 2616 3224 2671 ostendisti.
3272 2616 3574 2672 Mirandum
3618 2633 3756 2689 ergo

2165 2715 2270 2773 est,
2295 2708 2378 2762 vel
2411 2708 2581 2777 magis
2609 2708 2919 2771 dolendum,
2951 2722 3047 2761 cur
3073 2708 3274 2762 audeas
3309 2718 3619 2775 sanctorum
3648 2706 3756 2763 Pa-

2166 2807 2310 2854 trum
2340 2799 2669 2855 lucidissima
2702 2800 3012 2854 testimonia
3038 2815 3409 2871 corrumpere,
3460 2801 3758 2864 immutare

2166 2901 2221 2947 et
2249 2893 2302 2947 in
2330 2892 2490 2946 alium
2526 2892 2820 2947 transferre
2851 2907 3068 2946 sensum
3096 2907 3258 2961 quam
3290 2892 3365 2946 illi
3398 2892 3489 2961 qui
3518 2893 3758 2962 scripse-

2167 2990 2311 3047 runt,
2357 2991 2673 3051 posuerunt,
2701 2982 2840 3036 sicut
2867 2982 3027 3052 paulo
3054 2991 3177 3037 ante
3202 2990 3254 3037 te
3284 2981 3477 3038 fecisse
3500 2984 3757 3052 probavi-

2170 3092 2310 3140 mus,
2341 3084 2395 3129 et
2429 3075 2484 3128 in
2516 3074 2699 3129 multis
2743 3082 2961 3129 tuarum
3002 3074 3304 3129 litterarum
3341 3074 3475 3129 locis
3519 3074 3763 3131 inveniri

2170 3175 2367 3238 potest.
3172 3216 3195 3242 ο

2241 3259 2304 3312 V.
2347 3257 2423 3311 De
2452 3264 2641 3313 sancto
2666 3271 2903 3325 namque
2929 3256 3227 3311 Athanasio
3256 3255 3626 3312 testimonium
3653 3271 3761 3327 po-

2169 3351 2324 3406 suisti
2372 3349 2513 3419 quod
2544 3358 2691 3403 tuam
2734 3358 2940 3404 sectam
2977 3349 3213 3405 maxime
3242 3349 3511 3404 destruit:
3539 3358 3595 3404 et
3623 3350 3759 3405 dum

2169 3443 2308 3499 forte
2348 3435 2677 3512 intelligeres
2713 3441 2957 3512 qumdam
2988 3441 3043 3496 in
3088 3439 3205 3510 ejus
3234 3440 3558 3496 testimoniis
3587 3439 3760 3495 verba

2169 3536 2277 3591 tuis
2305 3534 2551 3590 sensibus
2579 3534 2852 3589 contraria
2883 3547 3022 3597 esse,
3063 3532 3294 3586 omisisti
3339 3533 3393 3586 in
3420 3531 3601 3586 medio
3631 3545 3759 3599 qua:

2171 3627 2268 3690 ait,
2297 3641 2363 3680 ne
2393 3633 2582 3680 contra
2614 3632 2667 3678 te
2717 3625 2889 3693 ipsum
2938 3622 3121 3677 dicere
3154 3621 3436 3676 videreris.
3482 3619 3762 3675 Ponamus

2171 3720 2352 3789 itaque
2402 3717 2617 3789 plenam
2673 3716 2815 3771 illius
2875 3714 3230 3780 sententiam,
3303 3706 3763 3783 ut'agnoseatur

2170 3818 2369 3881 quanta
2400 3809 2603 3863 malitia
2652 3806 2920 3863 abstulisti
2949 3806 3093 3877 quod
3126 3805 3437 3861 firmissime
3474 3815 3663 3860 contra
3703 3812 3763 3859 te

2171 3916 2290 3955 esse
2311 3900 2545 3970 positum
2563 3897 2878 3967 intelligitur
2897 3895 2976 3967 (S.
2996 3894 3220 3961 Athan.,
3242 3897 3391 3967 epist.
3413 3894 3482 3949 ad
3504 3894 3759 3964 Epictet.,

2170 4007 2226 4044 n.
2252 3990 2329 4059 2}.
2366 4008 2383 4039 ι
2412 3987 2690 4055 Quomodo
2716 3994 2930 4050 autem,
2958 3985 3162 4055 inquit,
3210 3986 3485 4054 ambigere
3528 3984 3757 4050 audent,

2172 4082 2263 4151 qui
2301 4081 2549 4135 dicuntur
2593 4077 2918 4143 Christiani,
2960 4077 3027 4142 si,
3060 4076 3153 4146 qui
3177 4091 3245 4131 ex
3293 4076 3461 4130 Maria
3487 4077 3762 4146 processit

2170 4169 2335 4234 Deus,
2384 4168 2554 4223 Filius
2582 4168 2799 4237 quidem
2838 4175 3035 4221 natura
3076 4174 3131 4221 et
3172 4166 3474 4221 substantia
3515 4166 3610 4220 Dei
3645 4173 3757 4232 est,

2170 4260 2464 4315 secundum
2511 4273 2728 4314 carnem
2772 4267 2953 4313 autem
2981 4272 3047 4314 ex
3091 4257 3298 4313 semine
3329 4256 3496 4311 David
3524 4264 3641 4321 est,
3684 4270 3758 4311 ex

2170 4366 2333 4405 carne
2363 4359 2542 4404 autem
2588 4357 2786 4403 sanctae
2822 4348 3035 4403 Mariae?
3066 4368 3084 4401 ι
3115 4348 3230 4403 Hoc
3256 4356 3435 4405 autem
3474 4347 3617 4416 quod
3660 4361 3760 4403 se-

2172 4441 2355 4511 quitur
2404 4439 2658 4508 tacuisti,
2710 4440 2852 4507 quod
2912 4448 3017 4493 tuae
3073 4438 3381 4493 firmissime
3428 4436 3763 4492 contradicit

2170 4542 2348 4587 sectae.
2385 4550 2402 4581 ι
2432 4530 2571 4597 Quid
2597 4539 2775 4586 autem
2806 4540 2986 4601 putas,
3008 4530 3111 4594 ais,
3144 4530 3417 4585 temerarii
3448 4526 3578 4584 facti
3602 4538 3759 4594 sunt,

2166 4630 2225 4675 ut
2250 4622 2493 4677 dicerent
2526 4620 2818 4686 Christum,
2850 4621 2941 4691 qui
2969 4634 3131 4675 carne
3157 4633 3350 4689 passus
3378 4627 3463 4674 est
3484 4628 3541 4674 et
3567 4619 3758 4674 cruci-

2166 4714 2326 4779 ﬁxus,
2355 4728 2461 4767 non
2489 4727 2608 4767 esse
2635 4713 2923 4766 Dominum
2944 4710 3279 4766 Salvatorem
3307 4718 3361 4765 et
3382 4709 3551 4764 Deum
3579 4718 3636 4763 et
3664 4708 3763 4763 Fi-

2164 4805 2294 4860 lium
2316 4805 2526 4860 Patris?
2550 4804 2651 4858 Aut
2670 4802 2938 4874 quomodo
2953 4801 3229 4857 Christum
3247 4800 3435 4855 volunt
3455 4800 3756 4865 nominari,

2166 4898 2258 4967 qui
2298 4898 2483 4952 dicunt
2508 4896 2561 4950 in
2590 4895 2863 4950 hominem
2895 4893 3199 4965 [sanctum,
3231 4892 3455 4964 perinde
3490 4901 3653 4962 atque
3692 4891 3757 4947 in

2167 5004 2333 5043 unum
2362 4988 2745 5057 pr0phetarum
2783 4985 2995 5039 venisse
3035 4984 3289 5049 Verbum,
3322 4999 3423 5039 nec
3447 4984 3622 5054 ipsum
3651 4982 3758 5039 ho-

2169 5078 2391 5150 minem]
2424 5079 2645 5143 factum,
2679 5086 2981 5132 sumentcm
3011 5092 3077 5130 ex
3107 5076 3272 5131 Maria
3300 5092 3525 5147 corpus;
3559 5076 3652 5131 sed
3674 5074 3759 5130 al-

2169 5179 2343 5224 terum
2371 5184 2491 5224 esse
2518 5168 2813 5231 Christum,
2836 5175 2892 5223 et
2923 5169 3153 5223 alterum
3196 5169 3292 5224 Dei
3322 5169 3580 5231 Verbum,
3607 5168 3757 5237 quod

2170 5269 2295 5315 ante
2325 5259 2569 5324 Mariam,
2597 5268 2654 5314 et
2672 5268 2796 5313 ante
2825 5260 3020 5315 smcula
3047 5259 3214 5314 Filius
3241 5260 3509 5315 existebat
3538 5258 3758 5313 Patris?

2169 5353 2275 5406 Aut
2317 5353 2585 5422 quomodo
2630 5367 2749 5407 esse
2788 5352 3079 5408 Christiani
3126 5363 3383 5423 possunt,
3428 5354 3521 5424 qui
3564 5354 3759 5411 dicunt

2169 5445 2329 5500 alium
2356 5461 2475 5501 esse
2504 5445 2717 5510 Filium,
2745 5446 2906 5500 alium
2950 5447 3041 5501 Dei
3084 5445 3249 5517 850
3273 5446 3546 5501 Verbum?
3571 5466 3588 5498 ι
3624 5443 3757 5502 Hac

2168 5538 2404 5603 tacuisti,
2442 5546 2499 5592 et
2525 5539 2804 5609 sequentia
2833 5539 3068 5609 ejusdem
3100 5540 3381 5593 sententiae
3410 5539 3761 5609 assumpsisti

2166 5628 2260 5682 tibi
2291 5632 2340 5681 in
2376 5629 2655 5695 auxilium,
2684 5645 2803 5699 qua:
2827 5639 2880 5684 et
2907 5631 3021 5700 ipsa
3051 5628 3237 5683 valide.
3254 5630 3349 5686 tibi
3381 5645 3501 5685 esse
3533 5639 3752 5699 contra-

559 5756 585 5785 ι
618 5742 676 5799 S.
704 5744 866 5813 Greg.
888 5745 979 5803 lib.
997 5762 1130 5801 xvnt
1154 5745 1362 5811 ωσι-³1η
1386 5760 1503 5815 cap.
1528 5743 1618 5809 52,
1645 5743 1866 5799 citatum
1888 5744 1955 5798 ab
1976 5741 2202 5797 Alcuino
2227 5742 2281 5797 in
2306 5744 2463 5812 epist.
2492 5743 2558 5823 ad
2584 5741 2839 5809 Felicem,
2866 5758 2919 5795 n.
2948 5742 3029 5807 10,
3060 5757 3221 5812 supra
3246 5741 3350 5798 col.
3377 5741 3498 5797 124.
