4030 6358
233 302 350 370 217

951 306 1361 365 DOGMATICA.
1403 336 1471 348 -
1507 305 1666 364 ADV.
1705 303 2002 361 FELICEM
2040 302 2219 360 LIBRI
2258 305 2367 362 VII.
2406 336 2476 347 —-
2512 305 2641 362 LIB.
2687 306 2801 364 VII.

3394 314 3500 373 218

234 425 328 483 ria
373 421 762 493 intelliguntur.
820 420 979 476 Ponis
1026 423 1265 492 ejusdem
1318 422 1493 478 Patris
1539 421 1820 477 Athanasii
1849 423 1897 482 Α
1924 419 1977 473 in
2025 418 2312 490 Evangelio
2339 421 2541 476 dictum
2581 431 2695 488 est,
2736 438 2842 492 quo
2868 430 2925 478 ιιι
2955 425 3261 483 testimonio
3305 429 3502 501 saepius

240 519 411 576 verba
455 516 683 571 dicentis
731 513 922 585 (Ibid.)
955 534 966 568 :
1002 534 1020 565 ι
1050 514 1164 571 Non
1192 531 1290 586 per
1334 517 1674 585 adoptionem
1711 515 1827 569 htec

240 608 389 664 facta
422 614 569 670 sunt,
598 604 772 669 absit;
802 604 944 660 sicut
970 606 1185 675 quidam
1218 607 1687 666 existimaverunt;
1732 604 1827 659 sed

242 702 389 757 sicut
413 708 497 755 est
533 699 752 763 veritas,
785 699 1004 754 homine
1032 698 1173 755 facto
1205 698 1505 766 Salvatore,
1542 700 1706 753 totius
1735 698 1828 751 hu-

242 793 392 849 mani
423 792 639 862 generis
666 791 812 846 salus
842 790 981 846 facta
1007 803 1107 847 est.
1142 791 1199 846 Si
1229 794 1373 848 enim
1401 793 1685 863 adoptione
1710 797 1829 845 erat

243 884 301 936 in
352 896 581 952 corpore
633 882 868 935 Verbum
920 882 1214 937 secundum
1263 882 1408 946 illos,
1460 881 1601 951 quod
1647 888 1829 934 autem

244 974 542 1043 adoptione
568 974 786 1038 dicitur,
814 974 1100 1041 phantasia
1130 983 1245 1037 est,
1291 973 1558 1043 reperitur
1586 980 1640 1025 et
1666 979 1826 1040 puta-

243 1066 356 1120 tive
378 1065 544 1121 salus.
569 1085 587 1117 ι
616 1065 847 1120 Videsne
872 1080 1032 1134 quam
1062 1064 1357 1120 fortissimo
1380 1066 1547 1118 ariete
1579 1062 1829 1117 falsitatis

245 1168 354 1213 tua!
382 1174 600 1212 murum
633 1158 733 1211 iste
764 1158 1179 1226 probatissimus
1207 1157 1482 1211 catholicae
1523 1155 1643 1209 ﬁ'lei
1676 1154 1829 1210 miles

245 1250 516 1305 destruit?
536 1249 626 1303 Ait
649 1250 828 1318 itaque
851 1264 866 1303 :
899 1268 917 1299 ι
948 1249 1085 1315 Quid
1115 1257 1315 1313 autem,
1342 1249 1534 1319 putas?
1556 1247 1829 1303 temerarii

246 1338 379 1395 facti
431 1348 587 1405 sunt,
620 1349 680 1394 ut
716 1341 958 1394 dicerent
983 1338 1281 1405 Christum,
1310 1341 1399 1410 qui
1449 1332 1612 1395 carne
1640 1354 1830 1408 passus

245 1438 334 1485 est
358 1439 416 1485 et
443 1431 752 1496 cruciﬁxus,
786 1445 890 1485 non
920 1445 1042 1486 esse
1089 1431 1373 1485 Dominum
1416 1430 1750 1485 Salvatarem
1778 1436 1833 1484 et

244 1520 418 1577 Deum
449 1530 504 1576 et
526 1521 725 1578 Filium
754 1522 947 1579 Patris.
974 1544 991 1576 ι
1025 1522 1163 1580 Ecce
1208 1528 1489 1594 perspicue
1516 1523 1832 1577 temerarios

242 1624 339 1667 eos
360 1628 487 1668 esse
513 1620 725 1685 reputat
746 1613 837 1683 qui
864 1623 1063 1684 negant
1089 1614 1372 1669 Dominum
1396 1622 1451 1668 et
1472 1612 1830 1678 Salvatorem,

244 1706 298 1755 et
329 1701 524 1768 Deum,
552 1711 605 1758 et
632 1702 827 1758 Filium
854 1702 1033 1760 Patris
1059 1719 1177 1760 esse
1222 1704 1368 1758 illum
1408 1704 1498 1773 qui
1542 1702 1833 1758 cruciﬁxus

1928 514 2096 568 uteris
2121 531 2132 566 :
2160 510 2228 565 Et
2272 514 2493 569 vidimus
2522 516 2743 587 gloriam
2771 517 2902 587 ejus,
2933 517 3154 589 gloriam
3194 523 3345 593 quasi
3369 520 3502 579 Uni-

1929 606 2084 671 geniti
2111 621 2141 657 a
2177 603 2358 669 Patre,
2391 605 2598 675 plenum
2644 610 2827 676 gratim
2865 619 2912 663 et
2964 612 3191 665 veritatis
3239 613 3421 683 (Joan.
3448 629 3503 683 ι,

1931 695 2018 764 li)
2044 712 2057 748 :
2083 703 2137 749 et
2163 694 2319 761 dicis,
2362 715 2379 747 ι
2408 698 2634 766 gratiam
2669 700 2735 752 ad
2781 699 3168 756 humanitatem
3209 704 3500 773 pertinere,

1930 786 2210 839 veritatem
2254 800 2383 840 vero
2407 785 2475 839 ad
2505 786 2859 841 divinitatem.
2884 808 2901 840 ι
2947 788 3146 845 Tamen
3177 791 3317 845 idem
3343 807 3505 846 evan-

1928 878 2116 948 gelista
2139 894 2325 943 unum,
2351 879 2682 950 unigenitum
2711 894 2834 934 eum
2860 883 3175 948 nominavit,
3205 884 3260 937 in
3290 899 3396 953 quo
3423 890 3507 939 est

1930 968 2224 1027 secundum
2265 968 2666 1039 intelligentiam
2716 979 2861 1024 tuam
2904 973 3077 1041 gratia
3116 984 3170 1028 et
3196 976 3415 1037 veritas,
3448 973 3503 1030 id

1930 1072 2032 1126 est,
2065 1063 2291 1116 duarqu
2320 1069 2656 1124 naturarum,
2681 1068 2741 1114 ut
2766 1076 2863 1115 nos
2904 1062 3223 1117 conﬁtemur
3246 1072 3298 1117 et
3336 1061 3509 1119 credi-

1931 1170 2074 1216 mus,
2122 1151 2382 1207 mirabilis
2426 1152 2681 1206 adunatio
2723 1153 2778 1206 in
2813 1168 2975 1207 unam
3016 1168 3301 1222 personam
3358 1163 3413 1209 et
3451 1153 3509 1210 in

1931 1265 2091 1303 unam
2118 1248 2240 1302 Filii
2270 1248 2364 1301 Dei
2393 1246 2753 1302 dilectionem.

2002 1338 2111 1394 VII.
2143 1337 2381 1391 Alteram
2414 1351 2629 1407 quoque
2669 1336 3030 1408 evangelicam
3061 1338 3381 1392 sententiam
3415 1351 3513 1408 po-

1933 1430 2085 1485 suisti
2113 1445 2234 1484 cum
2256 1429 2591 1499 expositione
2614 1429 2754 1483 beati
2781 1428 3067 1498 Augustini
3097 1429 3279 1483 dicens
3307 1428 3507 1497 (Tract.

1932 1538 1998 1577 cx
2024 1523 2075 1575 in
2109 1519 2297 1585 Joan.,
2324 1537 2378 1574 n.
2405 1520 2460 1592 5)
2488 1539 2501 1573 :
2537 1539 2553 1570 ι
2582 1520 2648 1573 Et
2677 1520 2925 1583 dilexisti.
2956 1522 3146 1591 inquit,
3172 1539 3277 1587 eos,
3302 1523 3437 1576 sicut
3464 1532 3512 1577 et

1933 1628 2014 1665 me
2042 1610 2288 1665 dilexisti.
2320 1611 2378 1665 In
2407 1611 2541 1665 Filio
2584 1612 2780 1682 quippe
2824 1627 2923 1666 nos
2967 1612 3128 1667 Pater
3154 1612 3358 1682 diligit,
3390 1613 3516 1682 quia

1938 1702 1991 1756 in
2036 1703 2150 1771 ipso
2185 1717 2283 1757 nos
2327 1702 2487 1771 elegit
2528 1712 2652 1757 ante
2700 1704 3135 1759 constitutionem
3182 1706 3386 1759 mundi.
3412 1703 3515 1772 Qui

241 1801 358 1856 est;
391 1808 496 1849 nec
523 1794 642 1849 illos
663 1794 997 1851 Christianos
1018 1797 1254 1851 aestimat
1273 1796 1364 1865 qui
1394 1796 1519 1851 huic
1550 1796 1671 1850 ﬁdei
1702 1810 1834 1849 con-
1865 1781 1907 1838 Β
1936 1794 2079 1846 enim
2107 1793 2278 1862 diligit
2317 1791 2684 1862 Unigenitum,
2722 1793 2964 1863 profecto
2992 1795 3163 1865 diligit
3190 1805 3244 1850 et
3271 1798 3517 1853 membra

242 1884 552 1939 tradicunt:
577 1893 630 1938 et
650 1885 933 1940 verissime
952 1884 1182 1941 affirmat
1203 1888 1381 1943 omnia
1404 1902 1522 1956 quae
1543 1887 1597 1940 in
1621 1885 1836 1941 Christo

244 1984 395 2045 gesta
426 1983 583 2040 sunt,
615 1977 733 2031 sine
768 1976 1055 2046 adoptione
1100 1978 1241 2034 facta
1284 1994 1423 2043 esse,
1455 1980 1547 2048 qui
1590 1980 1835 2048 adoptio-

242 2079 368 2119 nem
405 2065 540 2120 dicit
567 2067 908 2137 phantasiam
947 2083 1067 2123 esse
1105 2077 1159 2123 et
1192 2085 1299 2123 non
1330 2070 1637 2123 veritatem.
1664 2068 1837 2136 Quam

244 2171 379 2212 vero
416 2157 642 2227 impium
693 2165 777 2212 est
823 2158 981 2213 alicui
1034 2159 1125 2229 qui
1160 2174 1217 2213 se
1247 2158 1610 2214 Christianum
1658 2159 1836 2213 nomi-

242 2254 363 2312 nat,
394 2247 619 2301 credere
658 2262 756 2316 per
796 2248 1135 2318 phantasiam
1167 2248 1441 2304 Christum
1485 2266 1603 2305 esse
1641 2249 1837 2304 Filium

244 2337 382 2393 Dei?
422 2339 480 2393 In
502 2339 708 2395 Christi
741 2341 924 2411 itaque
952 2343 1288 2399 humanitate
1330 2345 1432 2400 iste.
1458 2346 1839 2400 veracissimns

246 2428 445 2485 doctor
472 2429 596 2485 ﬁdei
624 2431 906 2487 catholica:
936 2435 1052 2488 haec
1077 2434 1217 2490 facta
1245 2450 1364 2492 esse
1410 2437 1567 2502 dixit,
1600 2438 1724 2506 quia
1757 2437 1840 2491 ni-

245 2521 327 2576 hil
355 2523 410 2576 in
441 2532 643 2577 aeterna
674 2526 1018 2595 generatione
1056 2527 1217 2583 Verbi
1248 2529 1342 2584 Dei
1373 2529 1572 2584 factum
1604 2546 1722 2585 esse
1759 2529 1839 2585 fas

246 2620 336 2668 est
382 2614 562 2669 dicere
589 2615 675 2670 vel
723 2618 963 2683 credere,
993 2618 1085 2688 qui
1130 2621 1349 2674 omnino
1391 2620 1719 2675 :eternaliter
1749 2636 1838 2691 ge-

247 2704 401 2759 nitus
439 2714 523 2761 est
566 2721 631 2761 ex
660 2706 841 2771 Patre,
884 2724 989 2763 non
1033 2712 1402 2781 temporaliter
1432 2711 1625 2767 factus.
1672 2712 1840 2779 Quale

248 2808 426 2865 usque
468 2797 834 2853 testimonium
874 2808 1061 2855 contra
1092 2810 1142 2855 te
1174 2802 1346 2871 ipsum
1372 2804 1622 2857 veracius
1652 2810 1703 2858 et
1734 2801 1840 2858 for-

248 2887 364 2942 tius
392 2887 635 2943 invenire
665 2891 910 2960 potuisti,
938 2907 1099 2961 quam
1132 2894 1274 2962 quod
1322 2893 1424 2949 iste
1464 2895 1840 2951 sanctissimus

246 2987 307 3035 et
328 2980 713 3036 veracissimus
735 2982 1112 3039 ecclesiastica:
1137 2983 1258 3039 ﬁdei
1288 2986 1477 3041 doctor
1506 2988 1723 3051 astruit,
1749 2988 1839 3056 qui

1935 1886 2073 1954 ejus,
2100 1900 2220 1952 quae
2242 1885 2518 1952 adoptavit
2542 1885 2596 1938 in
2621 1900 2742 1938 eum
2783 1896 2837 1939 et
2865 1902 2963 1956 per
2986 1902 3129 1940 eum.
3154 1907 3171 1939 ι
3207 1888 3273 1942 Ει
3302 1887 3517 1945 tacuisti

1937 1977 2213 2045 sequentia
2238 1974 2477 2043 ejusdem
2506 1977 2876 2045 expositionis,
2903 1978 2994 2031 ubi
3024 1979 3099 2032 ait
3124 1979 3264 2033 idem
3294 1979 3514 2036 doctor:

1944 2084 1962 2116 ι
1990 2065 2101 2120 Νεο
2144 2066 2262 2119 ideo
2294 2080 2451 2133 pares
2489 2082 2674 2120 sumus
2715 2067 2993 2136 unigenito
3022 2066 3178 2133 Filio,
3220 2083 3317 2138 per
3356 2083 3517 2139 quem

1938 2156 2107 2211 creati
2134 2164 2187 2210 et
2231 2156 2462 2209 recreati
2494 2172 2710 2220 sumus,
2756 2157 2880 2226 quia
2912 2150 3112 2211 dictum
3139 2166 3249 2223 est,
3290 2158 3520 2213 dilexisti

1938 2262 2047 2309 eos,
2073 2246 2205 2299 sicut
2233 2255 2279 2298 et
2310 2262 2390 2298 me
2421 2245 2688 2300 dilexisti»
2723 2246 2905 2318 (Joan.
2934 2262 3069 2312 xvu,
3099 2247 3212 2319 25).
3244 2248 3521 2319 (Unigeni-

1939 2347 2052 2393 tum
2080 2338 2232 2401 dicit,
2266 2352 2362 2406 per
2384 2352 2544 2407 quem
2572 2337 2734 2407 851
2762 2334 2927 2392 creati
2957 2354 3142 2393 sumus
3166 2346 3221 2392 et
3247 2340 3475 2394 recreati
3502 2356 3518 2394 :

1939 2444 2104 2485 unum
2150 2416 2513 2498 unigenitum,
2550 2445 2653 2481 non
2691 2428 2825 2483 duos
2875 2430 3177 2500 nnigenitos
3221 2440 3522 2485 creatorem

1940 2528 1994 2573 et
2039 2529 2421 2575 recreatorem.
2453 2519 2509 2573 Si
2548 2528 2630 2574 est
2674 2520 3000 2591 unigenitus,
3044 2537 3150 2576 non
3186 2532 3361 2591 potest
3403 2536 3523 2578 esse

1941 2611 2265 2680 adoptivus),
2303 2629 2320 2660 ι
2352 2611 2493 2679 quod
2530 2610 2663 2664 nihil
2690 2610 2834 2664 aliud
2870 2619 2952 2665 est
2980 2613 3180 2677 dicere,
3223 2628 3388 2683 quam
3432 2612 3521 2667 di-

1941 2702 2112 2757 lexisti
2140 2718 2244 2765 eos,
2272 2704 2519 2772 quoniam
2546 2713 2591 2755 et
2624 2719 2705 2755 me
2743 2702 2995 2767 dilexisti,
3034 2720 3141 2759 non
3170 2705 3316 2758 enim
3345 2719 3518 2759 mem-

1941 2795 2038 2848 bra
2072 2808 2179 2847 non
2215 2792 2463 2861 diligeret
2501 2792 2590 2860 qui
2641 2792 2815 2861 diligit
2845 2792 3057 2846 Filium.
3083 2795 3190 2848 Aut
3227 2794 3330 2850 alia
3359 2810 3521 2851 causa

1942 2891 2053 2946 est,
2084 2881 2336 2952 diligendi
2381 2882 2621 2935 membra
2670 2880 2811 2954 ejus,
2844 2882 2947 2937 nisi
2989 2884 3115 2953 quia
3147 2884 3321 2954 diligit
3363 2887 3525 2942 eum?

1946 2970 2053 3025 Sed
2086 2970 2255 3039 diligit
2285 2969 2479 3023 Filium
2510 2953 2815 3024 secundum.
2834 2971 3191 3037 divinitatem,
3219 2953 3343 3041 quia
3374 2972 3521 3029 illum

244 3073 436 3129 omnia
477 3089 596 3143 qua;
639 3078 694 3129 in
728 3073 929 3131 Christi
977 3078 1350 3147 conceptione,
1383 3079 1685 3142 namque,
1716 3095 1839 3149 pas.
1865 3124 1911 3149 η
1944 3062 2206 3132 aequalem
2237 3062 2336 3114 si‘i
2369 3061 2581 3129 genuit;
2614 3062 2933 3131 diligiteum
2956 3063 3121 3117 etiam
3150 3066 3442 3119 secundum
3470 3065 3525 3119 id

253 3124 436 3129 --η---
483 3124 594 3143 Ὶη
737 3124 929 3131 _----__-
980 3124 1350 3147 ------,-.--.-,
1384 3124 1685 3142 ..πω-η,
1716 3124 1813 3149 ν..-

243 3164 409 3221 sione
453 3173 508 3219 et
534 3167 929 3221 resurrectione
970 3183 1069 3238 per
1111 3169 1392 3223 veritatem
1424 3169 1753 3234 firmissime,
1783 3178 1838 3225 et

1946 3124 2084 3223 quod
2111 3154 2273 3207 homo
2293 3161 2395 3217 est,
2425 3153 2551 3221 quia
2578 3153 2748 3220 ipsum
2776 3154 3110 3223 unigenitum
3138 3155 3371 3210 Verbum
3398 3170 3527 3211 caro

241 3268 362 3308 non
408 3268 510 3323 per
535 3254 906 3323 adoptionem,
940 3257 1068 3326 quia
1117 3258 1458 3327 adoptionem
1497 3257 1840 3327 phantasiam

248 3345 411 3407 dicit,
442 3344 580 3400 facta
607 3345 869 3402 aﬁirmet?

322 3437 417 3490 VI.
459 3436 620 3493 Ponis
660 3454 875 3511 quoque
904 3440 1066 3496 verba
1107 3442 1278 3496 sancti
1325 3441 1612 3512 Augustini
1651 3443 1717 3496 de
1745 3441 1843 3499 ho—

247 3526 403 3582 miIia
447 3528 501 3581 in
540 3525 833 3595 Joannem,
863 3530 955 3584 ubi
1001 3530 1076 3584 ait
1122 3530 1323 3601 (Tract.
1358 3547 1447 3586 xtv
1474 3532 1527 3585 in
1567 3532 1750 3595 Joan.,
1784 3548 1839 3586 n.

250 3618 346 3687 ii)
374 3634 387 3669 :
424 3636 443 3667 ι
472 3616 838 3693 Ρειετᾼᾱίιίεἰι
868 3620 1083 3686 Filium,
1112 3620 1250 3693 [sed]
1275 3624 1545 3691 quomodo
1568 3622 1728 3676 Pater
1756 3621 1845 3676 Fi-

250 3704 410 3769 lium,
437 3721 543 3759 non
580 3684 851 3776 qﬂmodo
877 3710 1125 3765 dominus
1150 3727 1398 3777 servum;
1429 3713 1697 3780 quomodo
1725 3712 1845 3766 uni—

249 3809 406 3860 cum,
426 3811 532 3849 non
550 3799 818 3866 quomodo
833 3800 1139 3869 adoptivum
1164 3800 1248 3872 [8.
1267 3800 1402 3871 Aug.
1415 3842 1429 3865 ,
1448 3800 1803 3874 adoptatum].
1819 3821 1837 3853 ι

250 3885 367 3942 Sed
396 3888 482 3941 his
508 3890 689 3943 verbis
717 3892 889 3944 sancti
920 3891 1202 3962 Augustini
1240 3893 1318 3945 tui
1347 3908 1539 3947 sensus
1562 3894 1720 3947 verba
1753 3892 1846 3946 ad-

250 3978 441 4033 didisti
468 3978 692 4033 dicens:
728 3998 747 4029 ‹
774 3980 841 4033 Ει
882 3981 999 4045 hoc,
1032 3983 1075 4035 si
1106 3984 1170 4037 de
1196 3991 1425 4052 utraque
1470 3992 1661 4037 natura
1692 3983 1843 4038 simi-

248 4066 385 4123 liter
410 4068 614 4123 dictum
643 4069 808 4126 fuisse
837 4081 1006 4141 putet,
1032 4074 1223 4128 doceat
1250 4075 1419 4145 prius,
1446 4075 1489 4129 si
1517 4075 1681 4138 valet,
1714 4090 1847 4144 quo-

248 4159 419 4215 modo
441 4158 607 4215 Filius
629 4161 721 4215 Dei
752 4161 803 4215 in
828 4160 999 4218 forma
1026 4165 1167 4218 servi
1194 4180 1383 4219 servus
1404 4163 1581 4219 Patris
1603 4181 1709 4221 non
1736 4166 1805 4220 sit
1829 4182 1841 4218 :

249 4251 401 4305 sicut
449 4250 503 4303 in
555 4250 832 4307 divinitate
879 4268 985 4308 non
1034 4268 1244 4320 servus,
1292 4255 1387 4309 sed
1432 4254 1622 4318 Filius,
1671 4269 1846 4325 neque

251 4341 546 4411 adoptivus
590 4339 751 4406 ﬁlius,
781 4344 875 4397 sed
919 4345 1168 4415 proprius
1208 4345 1479 4399 veraciter
1514 4346 1755 4399 creditur
1792 4352 1849 4398 et

253 4431 639 4500 praedicatur.»
670 4432 777 4487 Nos
804 4443 1005 4499 autem,
1032 4435 1124 4489 Dei
1155 4436 1330 4491 Patris
1352 4437 1692 4492 sanctissima
1717 4450 1849 4492 voce

256 4522 465 4585 edocti,
491 4522 717 4579 dicimus
746 4525 800 4578 in
825 4534 1053 4595 utraque
1083 4538 1275 4583 natura
1306 4544 1433 4585 vere
1456 4546 1620 4584 unum
1654 4529 1849 4583 Filium

262 4614 361 4669 Dei
391 4627 513 4667 esse
540 4612 721 4669 Jesum
751 4615 1045 4683 Christum,
1075 4620 1430 4691 eumdemque
1459 4619 1569 4674 Deo
1599 4619 1745 4674 Patri
1772 4629 1852 4675 to-

256 4708 382 4754 tum
411 4701 697 4769 dilectum,
726 4721 852 4771 non,
884 4714 943 4759 ut
972 4716 1028 4761 tu
1075 4710 1234 4773 reris,
1263 4722 1327 4764 ex
1357 4719 1510 4779 parte
1546 4717 1603 4763 ut
1634 4709 1848 4775 Filium,

254 4807 327 4845 ex
362 4802 519 4861 parte
544 4808 673 4849 vero
715 4804 775 4849 ut
802 4812 1038 4863 servum,
1075 4798 1216 4868 quod
1246 4800 1467 4853 omnino
1502 4798 1850 4853 ridiculosum

254 4888 351 4934 est
382 4880 525 4935 dici:
553 4883 646 4937 sed
677 4890 846 4938 totum
888 4885 1114 4941 dicimus
1144 4887 1296 4957 quasi
1332 4887 1609 4956 proprium
1649 4896 1704 4941 et
1735 4887 1853 4941 uni-

255 4983 394 5023 cum
426 4970 573 5043 diligi
606 4987 637 5026 a
663 4972 823 5028 Patre
852 4972 1067 5029 Filium.
1103 4974 1277 5046 Super
1315 4992 1507 5047 quem,
1556 4992 1705 5049 rogo,
1751 4991 1853 5031 vox

256 5058 411 5113 facta
439 5070 522 5115 est
548 5063 602 5115 in
646 5064 913 5133 baptismo
941 5065 1023 5119 vel
1068 5065 1122 5119 in
1152 5075 1337 5121 monte
1381 5075 1569 5122 sancto
1600 5084 1612 5120 :
1644 5065 1747 5120 Hic
1777 5076 1852 5120 est

258 5141 313 5194 Γ
318 5143 442 5197 ilius
488 5161 631 5199 meus
681 5147 899 5201 dilectus
931 5146 1143 5218 (Matth.
1172 5167 1260 5213 ιιι,
1292 5152 1386 5216 17ς
1416 5161 1464 5205 et
1493 5167 1634 5215 xvu,
1668 5150 1759 5220 5)?
1784 5167 1852 5205 an

256 5248 433 5304 super
469 5234 805 5292 divinitatem
848 5245 1079 5304 tantum,
1108 5249 1163 5295 et
1191 5257 1296 5294 non
1344 5256 1505 5311 super
1550 5241 1854 5295 humanita-

254 5326 417 5382 tem?
439 5328 585 5398 quod
625 5329 847 5399 impium
883 5341 967 5386 est
996 5333 1248 5397 credere;
1280 5342 1334 5387 et
1370 5342 1852 5402 praesumptuosum

254 5428 351 5476 est
382 5419 584 5487 dicere,
617 5421 833 5478 Patrem
864 5439 969 5479 non
1019 5424 1242 5496 diligere
1283 5424 1476 5479 Filium
1523 5427 1573 5479 iu
1606 5435 1853 5496 suscepta

257 5514 624 5571 humanitatis
649 5525 859 5579 natura,
888 5520 980 5589 qui
1025 5519 1103 5574 sic
1150 5519 1333 5572 unitus
1376 5535 1495 5573 esse
1531 5529 1744 5573 constat
1786 5536 1852 5574 ex

256 5602 483 5661 duabus
519 5607 855 5670 substantiis,
887 5617 945 5663 ut
972 5609 1042 5663 sit
1088 5626 1226 5664 unus
1254 5609 1580 5678 unigenitus,
1612 5626 1715 5662 non
1749 5608 1853 5663 duo

258 5692 400 5760 ﬁlii,
442 5712 582 5773 unus
621 5699 927 5769 unigenitus
968 5708 1023 5755 et
1052 5701 1188 5756 alter
1224 5701 1522 5771 adoptivus.
1556 5700 1680 5755 Ideo
1709 5701 1853 5756 enim

1943 3240 2142 3296 factum
2183 3251 2293 3304 est,
2335 3250 2389 3296 et
2434 3250 2655 3311 pr0pter
2699 3243 2934 3298 Verbum
2976 3253 3059 3300 est
3086 3246 3135 3299 ei
3171 3246 3334 3300 chara
3366 3247 3526 3302 Verbi

1944 3346 2089 3386 caro.
2111 3330 2219 3387 Nos
2241 3342 2419 3386 autem
2442 3331 2615 3402 diligit
2635 3334 2887 3401 quoniam
2911 3350 3097 3392 sumus
3117 3338 3232 3407 ejus
3255 3339 3524 3393 membra:

1943 3424 2276 3493 propterhoc
2297 3439 2395 3478 nos
2413 3425 2599 3480 dilexit
2614 3435 2903 3495 antequam
2919 3442 3177 3483 essemus.
3194 3428 3532 3499 Quapropter

1945 3516 2502 3586 incomprehensibilis
2543 3525 2628 3571 est
2654 3517 2870 3572 dilectio
2898 3533 3000 3587 qua
3030 3519 3199 3589 diligit
3245 3519 3407 3584 Deus,
3435 3533 3530 3575 ne-

1948 3622 2053 3675 que
2082 3608 2376 3661 mutabilis.
2401 3628 2417 3658 ι
2464 3607 2680 3676 Aliquid
2707 3623 2834 3662 vero
2862 3609 3186 3679 singularius
3228 3609 3533 3681 intelliget].

1947 3697 2075 3751 dum
2103 3707 2186 3752 est
2226 3699 2279 3751 in
2310 3698 2596 3753 dilectione
2626 3697 2745 3752 Filii
2774 3701 2881 3765 sui,
2921 3716 3082 3769 quam
3128 3701 3299 3755 nostri
3340 3715 3535 3759 sensus

1947 3795 2241 3856 paupertas
2274 3787 2569 3856 intelligere
2611 3790 2798 3855 possit.
2845 3788 2996 3843 Unde
3023 3799 3077 3842 et
3107 3790 3248 3843 idem
3275 3791 3533 3860 przefatus

1950 3877 2141 3931 doctor
2189 3878 2242 3930 in
2273 3876 2377 3931 alio
2407 3877 2523 3932 loco
2562 3878 2802 3943 ejusdem
2831 3878 3029 3947 operis,
3070 3880 3358 3949 quamdam
3402 3896 3533 3949 pro-

1949 3967 2234 4037 prietatem
2265 3966 2566 4021 dilectionis
2607 3967 2661 4020 in
2690 3966 2885 4021 Filium
2916 3967 3043 4034 Dei,
3070 3970 3364 4024 secundum
3391 3971 3533 4039 quod

1952 4060 2113 4114 homo
2159 4059 2333 4114 factus
2376 4068 2487 4125 est,
2520 4074 2637 4116 esse
2678 4061 2998 4130 designavit.
3028 4061 3119 4115 Ait
3162 4062 3342 4132 itaque
3392 4062 3531 4117 idem

1952 4148 2132 4221 (Aug.,
2161 4149 2335 4204 Tract.
2363 4166 2467 4203 xxv
2489 4152 2543 4205 in
2563 4151 2750 4217 Joan.,
2774 4168 2826 4205 n.
2853 4151 2941 4221 11)
2968 4170 2980 4205 :
3012 4171 3031 4203 ι
3061 4151 3215 4206 Hunc
3241 4154 3376 4207 enim
3394 4153 3533 4208 Deus

1958 4240 2119 4295 Pater
2147 4244 2367 4312 signavit
2398 4242 2578 4313 (Jaan.
2602 4260 2653 4297 Vl
2673 4283 2687 4307 ,
2720 4243 2833 4314 27).
2862 4242 3086 4314 Signare
3114 4245 3243 4315 quid
3289 4252 3401 4311 est,
3430 4247 3533 4301 nisi

1950 4332 2228 4401 proprium
2256 4331 2456 4402 aliquid
2483 4334 2720 4403 ponere?
2750 4335 2853 4389 hoc
2882 4341 2965 4388 est
2990 4334 3134 4389 enim
3170 4334 3405 4406 signare,
3434 4334 3534 4389 im-

1952 4435 2154 4489 ponere
2188 4420 2410 4491 aliquid,
2442 4437 2547 4491 quo
2590 4438 2695 4477 non
2727 4422 3088 4479 confundatur
3131 4440 3253 4479 cum
3298 4426 3530 4482 caeteris.

1959 4511 2186 4582 Signare
2212 4523 2313 4575 est,
2344 4516 2555 4585 signum
2581 4516 2631 4570 ei
2660 4513 2775 4587 [F.,
2804 4516 3012 4587 signum
3040 4516 3141 4591 rei]
3165 4533 3385 4588 ponere.
3412 4518 3538 4574 Cui.

1957 4618 2169 4673 cunque
2199 4604 2278 4659 rei
2309 4606 2462 4674 ponis
2490 4606 2718 4675 signum,
2749 4605 2868 4661 ideo
2903 4607 3056 4677 ponis
3079 4608 3287 4677 signum
3318 4626 3386 4664 ne
3408 4625 3539 4666 con-

1955 4694 2076 4751 fusa
2120 4712 2243 4752 cum
2284 4697 2404 4753 aliis
2444 4714 2473 4752 a
2505 4707 2555 4753 te
2585 4714 2690 4754 non
2721 4701 2891 4769 possit
2929 4703 3164 4772 agnosci.
3204 4701 3367 4757 Pater
3408 4718 3539 4775 ergo

1958 4795 2188 4865 signavit
2213 4810 2355 4858 eum,
2386 4796 2665 4865 proprium
2687 4796 2763 4851 illi
2787 4796 3039 4866 quiddam
3062 4797 3225 4863 dedit,
3240 4814 3305 4853 ne
3328 4799 3541 4858 ueteris

1958 4895 2301 4954 comparetur
2333 4885 2661 4941 hominibus.
2707 4886 2831 4942 Ideo
2875 4902 3002 4957 ergo
3048 4888 3119 4942 illi
3167 4889 3367 4944 dictum
3413 4899 3534 4946 est:

1961 4970 2120 5027 Unxit
2150 4983 2198 5027 te
2226 4973 2389 5037 Deus,
2420 4972 2560 5027 Deus
2590 4983 2710 5028 tuus
2742 4976 2852 5029 oleo
2883 4975 3247 5033 exsultationis
3280 4995 3389 5049 pra:
3415 4996 3538 5050 par-

1955 5064 2196 5134 ticipibus
2225 5064 2328 5117 tuis
2373 5062 2544 5133 (Psal.
2572 5080 2714 5129 xuv,
2739 5065 2815 5133 8).
2846 5064 2989 5136 Ergo
3030 5067 3244 5138 signare
3272 5067 3415 5138 quid,
3455 5076 3539 5122 est

1958 5161 2241 5222 exceptum
2280 5154 2507 5217 habere,
2544 5154 2645 5209 hoc
2690 5164 2808 5219 est,
2853 5170 2964 5224 pra:
3006 5157 3358 5229 participibus
3408 5157 3533 5211 tuis.

1958 5245 2143 5315 Itaque
2174 5245 2359 5311 nolite,
2393 5247 2589 5315 inquit,
2619 5262 2705 5301 me
2740 5257 3103 5314 contemnere,
3130 5252 3251 5319 quia
3278 5249 3416 5303 ﬁlius
3440 5248 3539 5304 ho-

1960 5336 2122 5389 minis
2149 5350 2286 5398 sutn,
2332 5344 2386 5389 et
2424 5337 2646 5404 quaerite
2688 5352 2718 5391 a
2761 5353 2848 5392 me
2882 5338 3082 5403 cibum,
3110 5354 3216 5393 non
3245 5338 3334 5408 qui
3371 5336 3535 5406 perit,

1959 5427 2052 5479 sed
2079 5427 2169 5496 qui
2200 5437 2479 5494 permanet
2512 5427 2563 5481 in
2590 5430 2754 5484 vitam
2782 5438 3058 5484 mternam.
3083 5450 3101 5483 ι
3136 5430 3298 5485 Ponis
3325 5443 3541 5500 quoque

1957 5517 2275 5571 sententi-au
2317 5518 2383 5573 dc
2428 5518 2579 5574 libris
2620 5520 2763 5574 beati
2806 5520 3098 5584 Ambrosii,
3136 5534 3272 5589 quos
3312 5519 3378 5574 de
3405 5518 3541 5578 Fide

1957 5606 2263 5663 Christiana
2291 5610 2592 5680 composuit
2620 5608 2850 5682 (Ambr.,
2883 5610 2947 5663 de
2971 5608 3185 5663 Incarn.
3208 5607 3383 5675 Dom.,
3412 5623 3537 5682 cap.

1957 5698 2009 5767 6,
2035 5719 2089 5757 ιι.
2116 5699 2227 5773 49).
2261 5721 2282 5753 ι
2308 5700 2625 5773 Emergunt,
2670 5701 2865 5772 inquit,
2894 5699 3011 5771 alii,
3048 5700 3140 5772 qui
3165 5713 3385 5759 carnem
3423 5699 3545 5784 00-,
