4030 6358
453 269 560 327 219

1312 268 1372 322 Β.
1410 267 1472 322 F.
1513 264 1738 322 ALBINI
1776 262 1908 319 SEU
1946 260 2222 319 ALCUINI
2260 259 2545 318 OPERUM
2580 258 2759 316 PARS
2796 258 2883 315 ῐΠ.

3610 257 3718 314 930

448 384 582 441 nini
604 383 805 449 dicant,
828 391 882 439 et
907 381 1239 439 divinitatem
1256 381 1415 437 unius
1433 388 1657 435 natum.
1676 380 1804 446 Quae
1823 385 2025 431 tantum
2052 381 2102 439 Δ
2128 376 2213 431 vel
2254 390 2319 429 ex
2347 376 2610 431 catholica
2649 381 2957 428 sanctorum
3002 370 3223 425 Patrum
3272 370 3721 442 interpretatione

448 473 793 544 sacrilegium
824 471 1033 529 inferna
1058 471 1414 527 vomuerunt?
1441 490 1460 522 ι
1491 469 1603 523 Hoc
1632 469 1835 530 nescio,
1866 480 2032 535 quare
2126 469 2449 536 composuit,
2474 475 2533 519 ut
2561 466 2813 530 diximus,
2845 464 3149 519 nullatenus
3171 463 3273 517 iste
3296 478 3486 518 sensus
3510 462 3720 519 inveni-

453 563 657 621 dixisti.
700 561 832 629 Quis
864 561 1160 619 catholicus
1186 575 1348 615 unam
1376 567 1625 614 naturam
1656 557 1952 611 divinitatis
1979 563 2034 609 et

453 654 636 710 carnis
658 666 780 709 esse
808 652 1017 709 credit?
1042 650 1152 709 Sed
1174 666 1346 720 Quare
1384 648 1601 705 tacuisti
1642 647 1880 717 ejusdem
1910 661 2033 699 sen-

454 745 637 801 tentia:
684 744 927 809 initium,
974 744 1065 800 ubi
1108 743 1250 799 idem
1288 743 1476 796 doctor
1505 740 1582 794 ait
1623 737 1787 808 (Idem
1834 734 2029 819 ibid):

430 851 480 907 ,ι
509 833 586 889 De
631 831 776 889 nullo
820 833 1202 902 prophetarum
1242 830 1447 886 dictum
1492 837 1605 894 est,
1646 829 1768 897 quia
1800 826 2034 880 Verbum

430 928 581 982 'caro
610 923 807 979 factum
841 932 960 979 est:
989 923 1167 979 nullus
1210 923 1596 992 prophetarum
1638 918 1863 972 abstulit
1909 930 2034 986 pec-

431 1023 577 1073 ‘cata
604 1016 807 1071 mundi.
836 1016 911 1071 De
938 1015 1085 1070 nullo
1111 1014 1216 1069 alio
1245 1014 1447 1068 dictum
1475 1020 1559 1069 est
1582 1030 1595 1065 :
1628 1008 1730 1063 Hic
1756 1018 1831 1062 est
1864 1007 2035 1060 Filius

453 1124 600 1163 meus
628 1107 866 1171 dilectus,
903 1108 961 1159 in
996 1124 1099 1177 quo
1127 1107 1256 1160 mihi
1305 1106 1429 1160 bene
1476 1103 1765 1175 complacui
1817 1098 2032 1173 (Matth.

454 1220 540 1270 ιιι,
570 1203 681 1275 17).
712 1204 789 1259 De
818 1202 963 1258 nullo
990 1203 1374 1271 prophetarum
1402 1201 1630 1271 tegimus
1667 1199 1807 1268 quod
1836 1198 1905 1250 sit
1935 1198 2039 1249 Do-

456 1294 637 1348 minus
680 1292 998 1362 majestatis,
1030 1292 1172 1361 quod
1216 1294 1281 1347 de
1308 1291 1526 1347 Christo
1556 1289 1843 1361 Apostolus
1872 1288 2035 1351 dixit,

457 1400 619 1456 quem
642 1385 812 1441 Judaei
838 1384 1242 1441 crucifixerunt.
1267 1402 1288 1436 ι
1321 1384 1472 1440 Unde
1500 1392 1555 1439 et
1584 1385 1726 1437 idem
1766 1382 1956 1437 doctor
1986 1381 2038 1433 in

457 1475 646 1530 eodem
688 1490 849 1545 opere
888 1476 956 1531 de
986 1476 1248 1531 divisione
1288 1473 1405 1546 [F.,
1430 1473 1660 1545 visione]
1704 1474 1846 1527 inter
1880 1470 2039 1525 Chri-

461 1572 627 1632 stum,
655 1564 910 1636 Moysem,
932 1574 990 1621 et
1014 1566 1208 1631 Etiam,
1234 1566 1326 1635 qui
1354 1565 1407 1619 in
1434 1573 1617 1619 monte
1640 1578 1763 1619 cum
1792 1576 1858 1617 eo
1885 1576 2043 1631 appa-

460 1664 705 1723 ruerunt,
733 1656 898 1713 verba
920 1670 1129 1726 potiens
1159 1658 1233 1711 ita
1261 1657 1337 1711 ait
1364 1656 1595 1726 (Ambr.,
1633 1654 1728 1709 lib.
1754 1671 1773 1708 ι
1799 1655 1862 1707 de
1884 1652 2039 1718 Fide,

2132 565 2238 611 tur.
2263 558 2405 612 Dicis
2424 558 2641 626 utique:
2673 575 2689 606 ι
2712 570 2774 611 ex
2802 554 3206 625 trangressione
3231 554 3295 609 de
3322 568 3484 607 carne
3510 550 3725 625 peccati

2130 647 2425 712 sordidum,
2455 662 2612 717 quam
2661 646 2883 700 induere
2929 644 3179 715 dignatus
3226 653 3325 699 est.
3353 664 3370 695 ι
3406 642 3564 698 Jcsus
3591 658 3724 699 vero

2132 747 2367 793 aeternus
2406 738 2655 795 sacerdos
2702 739 2997 793 secundum
3041 738 3285 793 ordinem
3330 736 3724 793 Melchisedech

2132 846 2239 885 non
2284 833 2472 887 habuit
2507 846 2724 886 carnem
2764 830 3144 899 peccatricem,
3177 830 3305 899 quia
3352 828 3496 883 nulla
3546 839 3728 887 trans-

2135 923 2339 991 gressio
2388 924 2440 976 in
2483 937 2646 976 carne
2697 922 2837 975 illius
2887 920 3017 987 fuit,
3065 919 3157 975 sed
3204 920 3499 975 similitudo
3541 921 3731 977 carnis

2135 1014 2379 1082 peccati:
2411 1026 2509 1067 nec
2550 1012 2658 1066 ulla
2686 1013 2942 1066 adustura
2990 1012 3196 1083 peccati
3229 1012 3281 1065 in
3312 1028 3538 1081 corpore
3580 1013 3731 1068 illius

2137 1105 2413 1173 apparuit,
2446 1104 2538 1158 sed
2568 1112 2627 1157 ut
2664 1103 2786 1156 lana
2832 1104 2954 1168 illa,
3002 1111 3055 1157 et
3086 1105 3283 1158 munda
3329 1104 3531 1175 absque
3578 1105 3727 1158 omni

2136 1182 2373 1249 tinctura
2420 1195 2657 1265 peccati,
2700 1201 2753 1249 et
2799 1211 3011 1267 gemma
3059 1195 3423 1261 lucidissima,
3470 1196 3729 1265 omnique

2139 1285 2338 1340 mundo
2368 1287 2655 1355 pretiosior
2691 1287 3093 1341 sanctissimum
3138 1303 3333 1357 corpus
3359 1284 3561 1342 Christi
3606 1288 3734 1342 abs-

2141 1392 2245 1448 que
2287 1377 2434 1432 omni
2464 1379 2621 1432 sorde
2652 1378 3068 1448 trangressionis
3097 1378 3429 1449 perlucidum
3476 1376 3727 1434 fulserat.

2141 1467 2310 1537 Hujus
2337 1484 2465 1524 vero
2493 1469 2715 1523 visionis
2741 1469 3147 1540 intelligentiam
3178 1470 3229 1524 in
3258 1478 3490 1524 tractatu
3515 1468 3735 1541 ι)ιωίδή

2143 1560 2319 1629 operis
2347 1560 2488 1614 idem
2516 1560 2703 1614 doctor
2725 1561 2952 1614 eximius
2994 1558 3277 1630 dupliciter
3310 1560 3616 1631 explanavit
3644 1561 3729 1635 (S.

2146 1653 2365 1708 Hieron.
2396 1655 2449 1707 in
2479 1670 2593 1723 cap.
2624 1669 2685 1707 ιιι
2731 1646 2938 1725 lac/1.).
2970 1650 3130 1707 Juxta
3176 1651 3494 1709 Hebraicam
3524 1655 3736 1723 opinio-

461 1762 581 1817 cap.
608 1748 696 1813 15,
720 1764 774 1802 ιι.
800 1747 889 1818 81)
916 1766 928 1801 :
965 1768 983 1798 ι
1012 1749 1205 1804 Petrus
1232 1749 1285 1801 in
1316 1755 1499 1801 monte
1526 1745 1761 1815 Moysem
1789 1752 1843 1798 et
1868 1744 2039 1797 Eliam
2074 1735 2118 1795 Β
2145 1760 2270 1799 nem
2297 1747 2362 1799 de
2385 1744 2510 1799 Jesu
2540 1744 2652 1799 tilio
2680 1743 2941 1800 Josedech
2991 1745 3270 1801 sacerdote
3315 1762 3509 1817 magno
3536 1748 3611 1802 ita
3651 1748 3745 1802 inv

458 1838 593 1892 vidit
628 1854 751 1894 cum
778 1838 913 1894 Filio
940 1839 1075 1893 Dei:
1106 1854 1207 1892 nec
1233 1838 1438 1893 erravit
1471 1837 1528 1889 in
1570 1843 1781 1899 natura,
1812 1850 1914 1889 nec
1952 1848 2041 1888 er-

458 1928 604 1983 ravit
648 1928 702 1982 in
748 1929 937 1999 gloria.
984 1928 1227 1997 Denique
1270 1928 1399 1996 quid
1428 1925 1614 1981 facere
1659 1926 1901 1991 deberet,
1933 1938 2040 1980 non

458 2016 601 2083 illos,
632 2018 728 2073 sed
750 2017 1023 2073 Christum
1051 2017 1428 2087 interrogavit.
1460 2016 1596 2071 Nam
1619 2017 1720 2071 etsi
1751 2017 1924 2070 tribus
1950 2030 2045 2085 pa-

457 2109 616 2163 rabat
657 2108 1004 2180 obsequium,
1049 2108 1210 2164 unius
1252 2117 1437 2163 tamen
1474 2107 1823 2177 exspectabat
1871 2108 2031 2175 impe-

461 2200 599 2255 rium
625 2215 640 2254 :
664 2200 758 2255 sed
786 2201 1039 2270 quoniam
1064 2201 1149 2256 vel
1175 2200 1645 2256 tabernaculorum
1672 2215 1899 2253 numero
1926 2198 2046 2270 [nu-

461 2289 694 2361 merum]
743 2290 1094 2346 deferendum
1139 2292 1314 2345 tribus
1357 2290 1677 2361 simpliciter
1722 2290 2042 2354 azstimavit,

463 2382 779 2435 emendatur
820 2380 918 2435 Dei
965 2380 1142 2437 Patris
1171 2382 1496 2437 auctoritate
1523 2382 1793 2436 dicentis:
1826 2380 1927 2435 Hic
1971 2389 2047 2435 est

462 2468 639 2526 Filius
670 2489 815 2526 meus
853 2471 1094 2538 dilectus,
1134 2474 1306 2541 ipsum
1336 2473 1516 2527 audite
1542 2472 1759 2544 (Matth.
1784 2489 1927 2538 xvii,
1957 2474 2042 2543 5);

463 2561 518 2616 id
546 2570 628 2616 est
653 2576 669 2615 :
694 2562 823 2632 quid
852 2577 1143 2618 conservos
1172 2571 1294 2618 tuos
1317 2579 1442 2617 cum
1467 2563 1695 2619 Domino
1718 2572 1811 2619 tuo
1840 2566 2049 2619 socias?

465 2650 570 2704 Hic
594 2661 667 2705 est
718 2650 894 2705 Filius
924 2668 1109 2707 meus:
1144 2668 1250 2708 non
1290 2652 1501 2723 Moyses
1536 2652 1697 2717 ﬁlius,
1728 2654 1820 2709 sed
1864 2654 1954 2709 hic
1986 2654 2050 2706 ﬁ-

464 2742 605 2798 lius:
640 2744 812 2799 sensit
836 2744 1264 2799 emendationem
1292 2745 1605 2814 apostolus:
1632 2746 1866 2814 procidit
1888 2745 1941 2798 in
1974 2744 2049 2799 fa-

463 2835 625 2900 ciem,
670 2843 1051 2891 consternatus
1080 2835 1275 2904 ;Patris
1315 2851 1448 2891 voce
1490 2845 1545 2892 et
1589 2837 1711 2891 Filii
1759 2838 2044 2892 claritate:

466 2925 562 2980 sed
590 2925 831 2981 elevatus
853 2942 881 2979 a
913 2926 1070 2991 Filio,
1112 2928 1204 2995 qui
1240 2928 1481 2996 iacentes
1507 2929 1717 2998 erigere
1747 2930 2045 2995 consuevit,

464 3032 633 3071 unum
651 3018 804 3083 vidit,
827 3018 998 3072 solum
1021 3019 1155 3073 vidit
1174 3019 1270 3073 Dei
1292 3019 1505 3073 Filium.
1526 3020 1886 3075 Recesserunt
1902 3022 2046 3076 enim

2144 1837 2310 1907 telligi
2335 1835 2532 1890 debere
2556 1837 2804 1899 asseruit,
2836 1843 2895 1890 ut
2924 1838 3142 1892 sordida
3166 1838 3487 1893 vestimenta
3515 1840 3739 1895 habuis-

2144 1938 2225 1981 set
2269 1928 2410 1981 idem
2448 1927 2699 1981 sacerdos
2750 1926 2843 1981 Dei
2890 1935 3112 1997 propter
3152 1927 3536 1999 alienigenam,
3572 1943 3737 1999 quam

2144 2016 2295 2070 duxit
2340 2002 2705 2081 uxorem,'vel
2753 2025 2976 2087 propter
3027 2028 3247 2088 peccata
3294 2019 3507 2089 populi,
3537 2019 3621 2073 vel
3669 2017 3739 2075 ob

2146 2107 2453 2176 squalorem
2480 2108 2832 2178 captivitatis,
2862 2109 3003 2164 unde
3035 2126 3204 2178 nuper
3233 2118 3421 2165 erutus
3448 2118 3551 2173 est,
3579 2108 3740 2179 quasi

2148 2197 2308 2251 torris
2357 2198 2757 2252 semiustulatus
2797 2207 2999 2269 :atque
3040 2199 3160 2255 ideo
3204 2199 3461 2255 Satanam
3511 2209 3661 2257 stare
3706 2216 3742 2258 a

2146 2288 2353 2343 dextris
2376 2288 2511 2357 ejus,
2541 2292 2666 2359 quia
2694 2307 2877 2346 veram
2908 2293 3305 2348 accusationem
3330 2294 3522 2349 habuit
3544 2304 3739 2350 contra

2147 2394 2291 2434 eum.
2325 2379 2457 2434 Nam
2490 2380 2734 2437 diabolus
2778 2399 3051 2453 nunquam
3085 2400 3114 2437 a
3150 2385 3354 2439 dextris
3389 2386 3563 2440 nostri
3609 2386 3741 2441 Iesu

2148 2471 2331 2524 stetit:
2365 2470 2487 2539 quia
2536 2487 2810 2541 nunquam
2858 2488 3040 2527 veram
3087 2476 3489 2530 accusationem
3531 2478 3744 2532 invenit

2151 2561 2204 2615 in
2238 2561 2363 2615 illo:
2397 2562 2490 2615 sed
2520 2562 2572 2615 in
2602 2564 2749 2616 omni
2795 2565 3092 2619 tentatione
3138 2565 3337 2631 victus,
3365 2568 3521 2637 quasi
3570 2568 3739 2639 fugax

2150 2651 2309 2715 latro,
2332 2661 2385 2706 et
2412 2651 2631 2707 timidus
2652 2652 2881 2708 bellator
2904 2655 3127 2709 recessit
3150 2656 3216 2709 ab
3238 2672 3323 2711 eo.
3350 2658 3448 2711 Vel
3472 2660 3744 2735 quomodo

2150 2744 2397 2797 convenit
2424 2744 2490 2797 de
2522 2745 2630 2798 Deo
2655 2741 2800 2810 Jesu,
2828 2752 2885 2799 ut
2915 2745 3057 2799 dicat
3082 2747 3128 2799 ei
3162 2747 3382 2815 angelus
3410 2765 3425 2800 :
3455 2746 3593 2801 Ecce
3623 2748 3743 2803 aba~

2150 2833 2245 2886 tuli
2275 2851 2304 2886 a
2331 2842 2378 2887 te
2405 2834 2731 2904 iniquitatem
2762 2845 2927 2901 tuam,
2958 2836 3049 2904 qui
3079 2835 3281 2889 nullam
3311 2836 3501 2891 habuit
3543 2838 3749 2909 iniqui-

2150 2928 2352 2980 tatem?
2380 2926 2489 2980 Nec
2520 2926 2658 2981 ullus
2706 2926 2926 2997 angelus
2975 2926 3167 2981 fortior
3207 2928 3296 2982 illo
3338 2928 3472 2994 fuit,
3516 2938 3577 2984 ut
3618 2945 3751 2986 eum

2153 3019 2410 3071 mundare
2457 3033 2487 3071 a
2535 3029 2757 3088 peccato
2805 3021 3123 3074 debuisset:
3172 3021 3298 3076 dum
3350 3019 3507 3077 Jesus
3556 3032 3750 3079 noster

468 3107 685 3170 servuli,
711 3116 771 3162 ut
795 3109 939 3163 solus
966 3110 1244 3178 Dominus,
1267 3109 1360 3180 qui
1386 3111 1533 3165 solus
1559 3110 1940 3180 designabatur
1967 3111 2051 3165 Fi-
2078 3101 2125 3165 C
2155 3110 2333 3179 magni
2364 3110 2574 3164 consilii
2604 3111 2825 3181 angelus
2864 3112 3061 3166 missus
3093 3113 3162 3166 sit
3190 3128 3219 3166 a
3250 3122 3473 3183 paterna
3502 3114 3629 3170 sede
3659 3125 3749 3169 to-

464 3198 592 3267 lius,
621 3201 914 3256 videretur.
937 3222 956 3256 ι

536 3292 670 3348 Vill.
700 3292 866 3363 igitur
890 3294 1017 3349 dum
1043 3293 1275 3362 plurima
1306 3303 1617 3349 sanctorum
1644 3293 1867 3349 Patrum
1894 3296 2049 3351 testi-

466 3383 649 3438 monia
676 3386 1061 3453 percurrendo,
1100 3385 1353 3454 producis
1380 3386 1436 3440 in
1481 3387 1737 3453 medium,
1770 3387 1825 3441 in
1855 3388 2049 3457 quibus

467 3476 601 3530 nihil
639 3479 746 3533 tuis
787 3479 1031 3548 partibus
1074 3476 1257 3533 favere
1297 3480 1567 3533 veraciter
1609 3480 1908 3543 invenitur,
1957 3482 2052 3537 sed

468 3566 725 3621 nonnulla
768 3570 936 3624 etiam
966 3569 1144 3639 palam
1175 3569 1271 3623 tibi
1300 3571 1572 3625 contraria
1597 3586 1737 3637 esse,
1767 3581 1825 3626 ut
1857 3574 2051 3641 proba-

468 3654 646 3709 vimus
688 3658 1146 3723 manifestissime,
1172 3674 1293 3728 quat
1320 3661 1621 3716 certissime
1649 3662 1931 3718 veritatem
1959 3678 2053 3719 ca-

471 3747 682 3802 tholica:
721 3748 845 3805 fidei
872 3750 1140 3806 allirmare
1180 3748 1564 3823 intelliguntur,
1612 3764 1831 3824 repente
1858 3770 2050 3827 perve-

468 3835 597 3890 nisti
622 3837 688 3892 ad
713 3837 1028 3894 Zachariam
1054 3842 1396 3910 prophetam,
1424 3844 1508 3897 cui
1535 3842 1692 3898 Iesus
1718 3846 1971 3901 sacerdos
2000 3849 2051 3901 in

467 3928 702 3984 sordidis
741 3932 1074 3988 vestimentis
1112 3943 1361 3991 ostensus
1401 3946 1485 3991 est
1526 3937 1593 3991 ab
1627 3940 1817 4009 angelo
1866 3938 2049 4011 (Zach.

469 4020 574 4089 ιιι).
617 4021 787 4088 Quam
827 4024 1089 4080 visionem
1113 4027 1198 4082 vel
1242 4029 1582 4098 prophetiam
1610 4032 1824 4085 beatum
1858 4032 2052 4087 Hiero-

469 4126 687 4182 nymum
714 4114 872 4171 aliter
889 4130 1163 4185 exponere
1184 4120 1405 4183 asseris,
1431 4120 1589 4173 aliter
1610 4136 1708 4176 nos
1734 4122 1787 4175 in
1820 4132 2053 4178 tractatu

469 4201 585 4271 ejus
609 4204 663 4259 in
690 4206 941 4262 eumdem
982 4209 1301 4279 prophetam
1342 4210 1603 4280 scriptum
1635 4211 1878 4283 legimus.
1912 4214 2055 4269 Dicis

470 4293 614 4347 enim
644 4296 892 4351 eumdem
918 4312 1089 4351 sacra:
1114 4298 1356 4355 historia:
1384 4301 1734 4371 interpretem
1760 4302 1873 4357 hmo
1900 4316 2056 4371 repo-

471 4398 601 4439 nere
627 4385 826 4439 verba:
856 4385 927 4439 Et
950 4386 1109 4441 lenis
1130 4397 1245 4441 erat
1282 4390 1496 4445 indum:
1537 4392 1853 4446 uestimentis
1884 4394 2056 4447 sordi-

2148 3201 2256 3255 tius
2284 3203 2468 3257 mundi
2499 3218 2732 3273 purgare
2757 3213 3000 3272 peccata.
3029 3202 3185 3259 Ponit
3215 3222 3449 3275 quoque,
3476 3222 3585 3262 non
3615 3223 3752 3263 con-

2150 3291 2434 3358 ﬁrmando,
2467 3295 2560 3349 sed
2586 3294 2916 3351 ostendendo
2945 3297 3085 3350 idem
3116 3295 3371 3366 praefatus
3399 3298 3587 3352 doctor
3615 3314 3751 3368 quo-

2152 3383 2396 3438 rumdam
2428 3385 2728 3453 opiniones,
2755 3386 3023 3454 quomodo
3053 3387 3167 3441 haec
3189 3387 3252 3442 de
3278 3387 3496 3442 Christo
3520 3387 3750 3459 intelligi

2149 3472 2315 3526 velint
2341 3490 2353 3527 :
2382 3481 2435 3526 et
2461 3474 2528 3528 de
2571 3481 2717 3529 torre
2745 3485 2901 3529 eruto
2938 3477 3084 3539 dicit,
3119 3479 3259 3545 quod
3288 3476 3445 3532 Jesus
3474 3479 3526 3532 in
3566 3478 3750 3549 Baby-

2150 3561 2294 3616 lonia
2336 3563 2457 3633 igne
2501 3576 2876 3635 consumptum
2926 3564 3034 3636 [Eas
3069 3584 3221 3621 sensu
3271 3567 3331 3622 S.
3366 3566 3609 3634 llieroa.,
3635 3585 3749 3624 non

2152 3651 2444 3723 Babylonio
2470 3654 2591 3725 igne
2617 3655 3048 3728 consumptum],
3078 3657 3132 3711 id
3160 3665 3259 3722 est,
3287 3668 3633 3726 pematorum
3662 3661 3751 3714 ni-

2152 3746 2372 3816 gredine
2402 3760 2506 3799 non
2536 3745 2829 3800 ustnlatum
2850 3789 2862 3812 ,
2890 3762 2988 3802 nec
3019 3746 3235 3803 ﬂamma
3268 3748 3425 3818 hujus
3452 3752 3629 3806 szeculi
3665 3762 3755 3805 at-

2154 3845 2377 3899 tactum,
2409 3838 2460 3892 id
2486 3848 2585 3903 est,
2620 3840 2761 3894 nulla
2795 3840 3005 3895 ﬂamina
3038 3843 3293 3899 vitiorum
3323 3846 3407 3900 vel
3448 3846 3638 3901 saltem
3665 3857 3754 3901 at—

2155 3936 2374 3993 tactum,
2413 3931 2507 3985 sed
2553 3932 2620 3985 ab
2652 3933 2799 3986 omni
2848 3943 3195 4003 peccatorum
3227 3938 3385 3991 sorde
3429 3938 3749 4009 immunem,

2156 4019 2294 4073 sicut
2318 4034 2509 4074 aurum
2534 4023 2654 4091 igne
2682 4025 2971 4091 probatum
2999 4026 3393 4095 splendescere.
3421 4028 3528 4084 Sed
3552 4032 3757 4087 melius

2156 4110 2315 4177 hujus
2344 4113 2640 4181 prophetia:
2668 4117 2935 4169 sententia
2974 4118 3039 4171 de
3071 4117 3287 4174 Christo
3328 4120 3478 4174 aiunt
3520 4122 3757 4193 intelligi

2154 4215 2332 4270 posse,
2372 4201 2462 4255 ubi
2505 4203 2708 4258 dictum
2740 4212 2824 4259 est
2866 4224 2878 4258 :
2913 4207 3053 4260 Audi
3090 4204 3220 4261 Iesu
3265 4211 3510 4265 sacerdos
3540 4229 3755 4281 magae,

2157 4303 2213 4348 tu
2242 4306 2287 4347 et
2317 4296 2471 4347 amici
2505 4298 2615 4363 tui,
2650 4298 2743 4368 qui
2770 4300 3007 4355 habitant
3036 4320 3213 4356 coram
3242 4313 3313 4369 te,
3342 4307 3467 4376 quia
3498 4307 3595 4360 uiri
3619 4324 3754 4376 por-

2157 4387 2420 4441 tendentes
2448 4400 2603 4444 sum:
2630 4388 2765 4446 Ecce
2784 4395 2922 4447 enim
2942 4412 3033 4465 ego
3059 4396 3320 4451 adducam
3344 4416 3548 4453 servum
3574 4417 3755 4455 meum

471 4473 578 4539 dis,
618 4475 806 4543 utique
839 4490 909 4531 ex
942 4480 1375 4547 transgressione
1398 4481 1465 4535 de
1493 4494 1657 4537 carne
1695 4486 1902 4554 peccati
1941 4503 2056 4541 sor-
2084 4462 2139 4524 Ῐ)
2162 4477 2452 4545 Orientem,
2481 4482 2605 4550 quia
2633 4500 2746 4537 ecce
2795 4483 2947 4556 lapis,
2972 4462 3143 4557 vquem
3192 4489 3313 4542 dedi
3362 4507 3539 4544 coram
3583 4489 3755 4555 Iesu,

476 4564 655 4629 didus,
699 4580 864 4633 quam
904 4566 1128 4621 induere
1155 4568 1406 4637 (ﬁgimus
1433 4578 1553 4626 est:
1585 4572 1725 4628 unde
1765 4583 1819 4629 et
1863 4577 2055 4645 pannis

474 4655 745 4711 involutus
768 4664 824 4710 et
849 4663 1115 4713 scissuras
1138 4658 1303 4730 852
1339 4661 1559 4715 humani
1585 4664 1818 4732 generis,
1849 4665 1975 4719 dum
2002 4666 2056 4719 in

474 4761 533 4802 se
558 4746 647 4802 illa
677 4749 934 4817 suscepit,
963 4749 1282 4819 inspicitur:
1308 4752 1479 4807 donec
1502 4753 1653 4808 radio
1678 4754 1874 4819 crucis,
1903 4754 2057 4810 inno-

473 4838 667 4891 centiae
690 4839 871 4895 tunica
901 4848 1195 4899 teneretur.
1226 4841 1437 4908 Non“,
1454 4844 1663 4913 inquit,
1686 4845 1776 4899 hic
1802 4845 1922 4900 titio
1965 4862 2057 4902 ex-

474 4938 681 4985 tractus
711 4932 782 4988 ab
825 4933 951 5003 igne
974 4934 1093 4989 est?
1132 4935 1277 4990 Titio
1306 4942 1585 4990 extractus
1620 4935 1689 4989 ab
1731 4935 1856 5007 igne
1896 4938 2056 4992 semi-

474 5021 766 5087 ustulatus,
787 5038 895 5079 non
912 5012 1327 5093 pel-combustus
1349 5038 1474 5082 esse
1501 5027 1823 5083 ostenditur.
1849 5026 2057 5101 Corpus

474 5113 619 5168 enim
649 5114 780 5170 illud
806 5116 1026 5171 hum
1066 5118 1297 5188 generis,
1323 5117 1467 5187 quod
1510 5132 1575 5172 ex
1603 5118 2057 5190 protoplastormn

475 5206 907 5276 transgressione
931 5213 989 5262 et
1019 5208 1307 5262 criminum
1331 5206 1546 5262 ﬂamma
1572 5208 1751 5264 fuerat
1784 5211 2056 5277 adustum,

476 5296 583 5352 hoc
604 5298 779 5353 bidui!
804 5299 1080 5365 Dominus,
1104 5309 1159 5355 et
1178 5300 1335 5371 quasi
1363 5300 1605 5355 titionem
1628 5303 2057 5358 semiustulatum

479 5406 511 5445 a
536 5395 795 5463 gelantur:
818 5396 1069 5451 incendio
1096 5394 1364 5449 liberavit.
1394 5394 1454 5449 In
1483 5410 1590 5464 quo
1634 5410 1762 5450 vero
1794 5392 1946 5461 libro,
1977 5397 2061 5453 vel

478 5481 534 5536 in
561 5500 671 5553 quo
705 5499 871 5556 Opere
896 5487 1010 5541 lucc
1045 5486 1271 5541 inbuet
1317 5486 1507 5540 beatus
1557 5485 1935 5557 Hieronymus,
1965 5505 2063 5545 nos

478 5588 588 5628 non
617 5576 938 5633 invenimus.
960 5579 1127 5649 igitur
1151 5578 1205 5630 in
1236 5584 1471 5631 tractatu
1501 5575 1740 5645 ejusdem
1768 5580 2061 5648 prophetae,

481 5681 645 5741 quem
674 5671 761 5727 ille
785 5674 973 5730 doctor
994 5674 1246 5746 egregius
1286 5673 1371 5729 vel
1402 5688 1469 5730 ex
1506 5672 1773 5732 Hebraiea
1815 5678 2063 5746 veritate,

2161 4579 2351 4641 septem
2385 4571 2523 4624 oculi
2552 4582 2671 4627 sunt
2703 4573 2888 4645 (Zach.
2919 4593 3000 4643 ιιι,
3032 4579 3109 4648 8).
3141 4578 3267 4634 Jesu
3308 4589 3364 4635 et
3393 4582 3583 4637 amicis
3608 4581 3761 4651 ejus,

2161 4660 2252 4730 qui
2280 4672 2403 4717 sunt
2433 4664 2533 4717 viri
2561 4667 2959 4734 portendentes,
2990 4670 3041 4723 id
3070 4679 3171 4736 est,
3197 4675 3476 4744 prophetis
3494 4685 3551 4729 et
3570 4689 3763 4730 sacer-

2161 4755 2307 4809 dotio
2336 4754 2644 4814 Iudaeorum
2673 4762 2977 4829 promissus
3004 4772 3087 4818 est
3116 4765 3227 4831 ille,
3256 4767 3324 4821 de
3354 4782 3463 4837 quo
3489 4769 3761 4839 scriptum

2161 4856 2282 4903 est:
2313 4846 2448 4903 Ecce
2478 4851 2556 4906 vir
2584 4853 2754 4907 oriens
2786 4871 2971 4910 nomen
2999 4857 3116 4927 ejus
3165 4857 3351 4930 (Zach.
3379 4876 3430 4925 v,
3459 4861 3567 4932 12).
3598 4862 3665 4916 Et
3693 4863 3761 4916 in

2163 4943 2450 5015 Evangelia
2474 4963 2487 4999 :
2518 4944 2584 4999 In
2610 4946 2795 5018 quibus
2818 4949 3038 5003 uisitauit
3064 4968 3162 5006 nos
3183 4953 3357 5007 oriens
3378 4968 3445 5008 ex
3464 4953 3573 5007 at»
3592 4952 3756 5024 (Luc.

2163 5048 2204 5099 ι,
2228 5030 2349 5106 Ἶ8);
2375 5043 2428 5090 et
2453 5035 2590 5106 lapis
2617 5037 2912 5107 angularis,
2939 5040 3032 5109 qui
3061 5040 3179 5095 sine
3206 5042 3455 5096 manibus
3479 5042 3545 5096 de
3568 5050 3763 5096 mute

2163 5124 2417 5192 praecisus
2444 5125 2698 5180 contrivit
2725 5128 2975 5183 universa
3004 5131 3190 5186 mundi
3216 5148 3383 5203 regna
3405 5132 3760 5204 (Mantuan,
3792 5141 3817 5153 ‘

2152 5216 2276 5287 44).
2309 5218 2482 5287 Super
2519 5234 2677 5287 quem
2709 5219 2961 5289 lapidem,
2991 5231 3184 5292 septem
3213 5223 3353 5278 acati
3379 5233 3521 5289 sunt,
3557 5225 3611 5279 id
3647 5231 3760 5290 est,

2166 5320 2371 5382 septem
2402 5313 2539 5366 dona
2581 5314 2757 5368 sancti
2787 5314 3044 5385 Spiritus,
3086 5333 3206 5386 quae
3236 5318 3291 5372 in
3320 5317 3458 5373 Isaia
3502 5317 3761 5389 legantur

2165 5401 2297 5475 (15a.
2338 5419 2389 5457 χι
2409 5445 2422 5469 ,
2454 5404 2529 5475 1),
2556 5420 2716 5475 super
2746 5406 2931 5463 ﬂorem
2983 5411 3351 5478 requiescere,
3376 5413 3467 5481 qui
3508 5412 3574 5467 de
3600 5410 3765 5481 virga

2166 5495 2360 5550 radicis
2388 5494 2538 5551 Jesse
2568 5498 2907 5568 germinavit.
2940 5500 3017 5553 Ex
3054 5500 3207 5569 cujus
3240 5517 3473 5572 persona
3512 5504 3569 5557 in
3611 5502 3749 5558 Can-

2166 5589 2273 5645 tico
2307 5592 2638 5645 canticorum
2670 5592 2870 5647 dictum
2908 5592 3142 5664 legitur:
3179 5593 3291 5665 Ego
3333 5596 3431 5665 ﬂos
3471 5596 3665 5665 campi,
3704 5605 3761 5647 et

2166 5680 2336 5736 lilium
2368 5683 2681 5737 convallium
2710 5682 2888 5756 (Cant.
2913 5701 2972 5751 ιι,
3006 5686 3080 5755 1).
3114 5686 3191 5741 De
3232 5700 3343 5757 quo
3379 5687 3550 5759 etpr
3576 5684 3758 5755 lapide
