4030 6358
248 296 366 355 ﬂii
462 290 467 291 ί

988 288 1404 349 DOGIIATICA.
1445 319 1516 335 --
1552 289 1713 347 ADV.
1760 287 1839 348 ΕΞ

1939 288 2058 352 ῈΜ
2098 289 2278 347 LIBRI
2317 291 2428 353 VII.
2466 322 2538 335 ——
2566 293 2694 353 LIB.
2735 295 2844 351 VII.

3386 172 3421 197 Ι

3420 294 3531 364 ΞΒ

260 424 392 465 mox
426 408 813 479 subiungitur:
844 404 1052 463 thabo
1077 408 1396 479 sculpturam
1426 410 1559 479 ejus,
1586 409 1712 463 dicit
1748 407 1850 463 De.
1868 410 1929 472 Α
1954 404 2116 459 rites?
2138 405 2290 471 Quod
2317 415 2499 464 autem
2525 410 2743 465 omnino
2766 412 3062 487 secundum
3087 414 3301 484 regulas
3322 413 3529 475 Latina:

258 501 439 554 minus
464 503 813 563 exercituum,
836 506 884 553 et
913 499 1151 568 auferam
1175 501 1501 570 iniquitatem
1528 510 1678 557 teme
1702 499 1845 555 illius

254 594 321 648 in
347 593 432 647 die
462 609 570 647 una
600 590 785 662 (Zach.
816 606 901 657 ut,
927 590 1002 664 9).
1037 611 1057 647 ι
1083 593 1249 649 Istum
1280 608 1406 649 vero
1436 593 1662 663 lapidem
1694 591 1845 662 (Hie-

255 699 405 750 ron.,
435 684 540 741 loc.
565 683 706 758 cit.),
731 685 824 757 qui
849 684 1027 741 dictus
1048 693 1130 741 est
1156 700 1338 742 coram
1365 685 1510 751 Jesu,
1537 685 1704 741 clavis
1722 700 1847 741 cru-

249 774 365 841 cis,
402 782 459 832 et
502 775 696 831 lancea
737 775 926 831 militis
969 774 1163 833 faciam
1195 778 1486 842 vulnerari,
1519 784 1573 833 et
1616 777 1669 833 in
1705 776 1846 831 illius

252 867 514 937 passione
534 867 775 922 auferam
802 868 1145 939 iniquitatem
1175 878 1331 925 terra:
1359 870 1499 926 illius
1524 870 1577 923 in
1603 870 1688 924 die
1716 883 1847 945 una,“

256 959 329 1013 de
357 973 462 1027 qua
500 958 760 1027 scriptum
791 966 909 1014 est:
939 958 1070 1014 Ηιεσ
1105 968 1179 1014 est
1209 960 1341 1025 dies,
1383 975 1540 1029 quam
1569 958 1689 1027 fecit
1734 954 1843 1013 Do-J

252 1051 455 1116 minus,
475 1048 795 1105 euultemus
816 1059 863 1104 et
891 1049 1130 1105 lu'temur
1146 1052 1201 1104 in
1223 1068 1285 1105 ea
1306 1070 1324 1103 ο
1344 1050 1513 1121 (Paul.
1534 1065 1703 1115 cxvu,
1727 1050 1839 1122 24).

250 1138 467 1196 Idcirco
489 1140 705 1209 plenius
731 1139 889 1211 hujus
911 1142 1208 1211 prophetia:
1232 1156 1449 1197 sensum
1473 1141 1839 1210 exposuimus.

254 1236 318 1284 ut
345 1228 678 1300 intelligatur
702 1245 865 1299 quam
895 1230 1053 1300 longe
1081 1230 1239 1287 aliter
1265 1230 1457 1287 beatus
1484 1231 1841 1301 Hieronymus

248 1320 312 1375 in
357 1330 593 1378 tractatu
623 1320 783 1391 hujus
825 1322 1149 1392 prophetiae,
1184 1321 1344 1390 hujus
1371 1321 1593 1378 visionis
1623 1336 1841 1377 sensum

248 1412 340 1468 vel
366 1413 780 1485 intelligentiam
806 1414 1168 1483 exposuisset.

320 1503 415 1558 IX.
453 1504 613 1564 Ponis
644 1520 857 1577 quoque
903 1521 1181 1563 sermones
1213 1507 1356 1563 beati
1398 1506 1702 1571 Ambrosii,
1746 1506 1842 1561 sed

243 1596 579 1667 perturbans
594 1597 765 1671 unius
780 1599 1113 1668 pronominis
1133 1596 1433 1667 adiectione
1454 1613 1673 1654 sensum
1695 1597 1840 1653 illius

246 1688 556 1744 scutentiae.
583 1687 674 1742 Ait
699 1690 843 1744 enim
886 1690 1076 1747 doctor
1102 1691 1192 1747 ille
1237 1691 1484 1760 egregius
1531 1688 1668 1760 (Lib.
1695 1706 1745 1751 v,
1775 1689 1839 1743 de

1949 496 2269 564 eloquentia:
2298 507 2444 556 stare
2471 516 2579 556 non
2606 511 2821 571 potest:
2852 505 2899 559 si
2941 505 3009 560 ad
3038 520 3219 561 mares
3258 511 3530 576 pertinere

1947 587 2195 652 voluisti,
2223 590 2456 645 muribus
2483 593 2761 650 debuisses
2806 597 3007 663 dicere,
3047 613 3155 652 non
3194 600 3397 666 maris;
3434 603 3530 657 sed

1947 677 2237 746 singularis
2280 686 2385 735 tuae
2431 681 2638 749 peritiae
2678 684 2986 754 eloquentia
3030 688 3232 744 talibus
3270 689 3404 745 solet
3448 692 3530 747 uti

1945 768 2145 833 verbis,
2173 784 2293 838 qua:
2335 784 2437 825 nec
2485 772 2685 841 regulis
2728 782 2875 831 recte
2910 776 3163 845 loquendi
3208 776 3315 831 ullo
3363 778 3524 835 modo

1945 861 2291 926 conveniunt,
2336 876 2437 917 nec
2482 877 2643 917 sensu
2672 865 2948 921 catholicae
2994 868 3116 922 ﬁdei
3149 869 3525 939 astipulantur.

1946 949 2195 1005 Timuisti
2228 949 2365 1005 forte
2392 952 2591 1017 dicere,
2618 953 2811 1022 absque
2834 954 2957 1010 ullis
2983 958 3391 1024 prwcedentibus
3420 976 3529 1015 me-

1944 1038 2097 1093 ritis:
2123 1040 2251 1110 quia
2283 1056 2407 1095 mox
2434 1044 2488 1099 in
2519 1045 2869 1112 sequentibus
2907 1047 3225 1103 eruditionis
3266 1058 3373 1104 tua:
3402 1064 3527 1105 sen-

1944 1131 2093 1187 sibus
2136 1132 2426 1198 invenitur,
2458 1145 2509 1191 te
2557 1136 2758 1192 dixisse
2790 1154 2803 1191 :
2842 1155 2861 1189 ‹
2887 1136 3017 1203 Quae
3064 1139 3174 1205 ille,
3230 1142 3428 1210 inquis,
3462 1143 3529 1203 de

1942 1223 2281 1279 humanitate
2318 1225 2439 1280 Filii
2480 1227 2596 1290 Dei,
2624 1229 2679 1282 in
2720 1243 2827 1297 qua
2857 1237 3016 1284 natus
3059 1230 3239 1295 homo,
3274 1246 3371 1300 per
3400 1235 3528 1287 ado-

1941 1316 2141 1386 ptionis
2182 1318 2410 1387 gratiam
2458 1320 2655 1374 meruit
2694 1334 2814 1374 esse
2851 1321 2997 1389 quod
3036 1328 3146 1385 est,
3182 1328 3236 1375 et
3280 1325 3525 1393 accipere

1943 1411 2088 1479 quod
2116 1411 2278 1465 habet
2303 1431 2313 1463 :
2346 1431 2365 1464 i
2401 1419 2458 1465 tu
2486 1412 2623 1467 dicis
2662 1428 2784 1468 cum
2818 1415 3257 1469 antecessoribus
3284 1416 3392 1469 tuis
3417 1416 3523 1471 Pe-

1941 1500 2083 1570 lagio
2109 1508 2165 1554 et
2205 1500 2457 1557 Nestorio
2484 1502 2758 1561 Christum
2804 1506 3089 1570 meruisse,
3118 1514 3179 1560 ut
3213 1515 3358 1561 esset
3384 1507 3529 1576 quod

1943 1599 2057 1655 est;
2087 1606 2209 1645 cum
2239 1600 2459 1647 sanctus
2487 1593 2820 1664 Augustinus
2845 1605 2900 1652 et
2927 1612 3119 1654 omnes
3146 1597 3404 1652 catholici
3433 1599 3530 1652 do-

1941 1691 2119 1740 ctores
2145 1685 2307 1741 nullis
2346 1689 2774 1757 praecedentibus
2818 1692 3027 1746 meritis
3054 1694 3109 1747 in
3138 1693 3255 1763 ipso
3282 1695 3529 1750 humani-

248 1773 410 1840 Fide,
429 1776 625 1849 n.107)
645 1797 657 1832 :
680 1797 699 1830 ‹
721 1778 916 1836 Contra
935 1790 1114 1837 autem
1134 1789 1318 1837 sancto
1333 1780 1655 1849 patriarcha:
1671 1778 1837 1834 David
1867 1770 1915 1831 Β
1943 1775 2071 1829 tatis
2097 1774 2301 1831 Christi
2330 1777 2551 1832 exordio
2581 1780 2829 1835 eumdem
2855 1780 3026 1835 Deum
3052 1798 3173 1837 esse
3204 1792 3525 1854 conceptum

248 1869 552 1925 secundum
599 1869 825 1941 gloriam
870 1886 1023 1927 suam
1075 1872 1335 1927 Dominus
1376 1879 1494 1935 est;
1542 1870 1838 1927 secundum

244 1956 417 2028 853
446 1960 745 2029 corporalis
775 1962 1133 2017 successionis
1156 1958 1369 2017 seriem
1394 1960 1563 2016 Filius
1600 1969 1706 2026 est,
1730 1975 1838 2017 non

249 2046 513 2103 deﬁciens
536 2064 566 2101 a
607 2064 685 2114 se,
713 2051 808 2107 sed
853 2059 1053 2107 nostra:
1081 2052 1172 2121 jus
1196 2052 1300 2107 sibi
1328 2051 1630 2121 adoptionis
1656 2054 1839 2122 acqui-

250 2151 434 2190 rens.»
463 2138 543 2193 Tu
565 2154 693 2195 vero
721 2140 1015 2195 immutasti
1043 2156 1341 2206 sermones,
1368 2141 1462 2197 ubi
1490 2143 1580 2197 ille
1601 2142 1695 2206 ait,
1720 2158 1841 2196 suc-

247 2226 525 2291 cessionis,
554 2237 607 2282 tu
638 2230 884 2299 posuisti,
910 2231 1281 2300 susceptionis;
1306 2240 1362 2287 et
1387 2233 1479 2287 ubi
1506 2233 1617 2287 ait:
1648 2242 1837 2288 nostra:

242 2318 338 2387 ius
364 2319 466 2373 sibi
489 2320 782 2393 adaptionis
806 2323 1111 2391 nequirem;
1139 2322 1281 2392 quod
1306 2324 1454 2378 omni
1481 2339 1641 2380 sensu
1666 2332 1835 2388 caret,

246 2408 396 2464 hanc
428 2410 671 2467 eamdem
702 2412 1025 2467 sententiam
1056 2412 1138 2467 bis
1169 2412 1397 2481 posuisti
1426 2414 1479 2467 in
1506 2412 1686 2468 libello
1712 2421 1832 2477 tuo;

244 2499 511 2569 gaudens,
544 2508 603 2554 ut
645 2516 788 2566 reor,
818 2502 873 2555 in
916 2502 1217 2571 adoptionis
1249 2503 1465 2558 nomine
1494 2521 1506 2556 :
1541 2503 1685 2572 quod
1722 2518 1837 2557 om-

245 2593 381 2648 nino
418 2593 485 2648 de
512 2595 668 2650 nobis
696 2596 749 2649 in
780 2596 883 2649 hoc
906 2594 1025 2649 loco
1051 2596 1286 2665 positum
1316 2603 1416 2659 est,
1448 2608 1554 2651 non
1585 2595 1650 2649 de
1677 2593 1836 2647 Chri-

245 2691 361 2747 sto,
385 2685 477 2752 qui
504 2694 702 2740 nostrae
728 2685 1031 2755 adoptionis
1053 2685 1163 2753 jus,
1192 2688 1244 2742 id
1271 2695 1373 2752 est,
1405 2694 1727 2756 potestatem
1747 2701 1837 2740 ac-

242 2775 468 2848 quirere
509 2777 725 2831 dicitur.
772 2777 840 2831 Et
883 2778 1065 2831 nescio
1115 2785 1297 2832 utrum
1339 2779 1483 2833 mala
1531 2779 1832 2842 voluntate,

242 2877 403 2917 more
459 2864 554 2918 tibi
596 2874 875 2931 consueto,
922 2867 1219 2921 immutasti
1252 2882 1530 2923 sermones
1558 2868 1719 2931 illius,
1750 2869 1837 2924 vel

242 2956 417 3012 etiam
460 2956 747 3026 imperitia.
782 2957 840 3012 Si
870 2958 1014 3011 mala
1055 2958 1333 3013 voluntate
1373 2968 1683 3015 sanctorum
1726 2958 1834 3015 Pa-

243 3054 395 3099 trum
436 3048 755 3116 purissimos
794 3063 985 3105 sensus
1030 3049 1317 3103 immutare
1361 3057 1556 3113 tentas,
1601 3066 1699 3105 cur
1724 3066 1833 3106 non

1938 1874 1992 1919 et
2034 1875 2220 1920 natum
2253 1876 2543 1924 testantur.
2577 1870 2644 1923 Et
2671 1872 2941 1938 quomodo
2982 1881 3045 1927 tu
3096 1875 3341 1930 diversos
3385 1876 3527 1933 ﬁlios

1937 1970 2057 2013 esse
2097 1957 2153 2011 in
2200 1957 2417 2014 Christo
2444 1966 2664 2028 propter
2692 1960 2828 2017 duas
2866 1969 3087 2035 naturas
3128 1966 3356 2030 asseris,
3396 1967 3524 2022 dum

1937 2048 2040 2103 iste
2087 2049 2460 2104 sanctissimus
2499 2049 2689 2105 doctor
2731 2051 2786 2106 in
2836 2051 2940 2108 hoe
2984 2055 3318 2120 testimonio,
3360 2071 3524 2124 quem

1938 2138 2126 2210 [quod]
2164 2148 2219 2193 tu
2264 2141 2378 2210 ipse
2422 2142 2672 2210 posuisti,
2698 2144 2947 2199 eumdem
2987 2145 3119 2199 dicit
3158 2159 3278 2201 esse
3304 2147 3400 2200 Dei
3428 2147 3521 2201 Fi-

1935 2230 2087 2295 ium,
2111 2246 2272 2299 quem
2297 2232 2465 2287 ﬁlium
2501 2234 2767 2298 hominis;
2801 2241 2858 2288 et
2883 2235 3052 2289 tilium
3080 2238 3335 2303 hominis,
3361 2246 3522 2306 quem

1935 2320 2130 2377 Filium
2161 2323 2290 2377 Dei?
2331 2322 2388 2378 Si
2430 2324 2573 2380 idem
2614 2331 2698 2380 est
2743 2325 2886 2380 ﬁlius
2932 2327 3181 2391 hominis,
3217 2330 3307 2398 qui
3354 2329 3524 2385 Filius

1936 2414 2051 2479 Dei,
2080 2431 2185 2469 una
2208 2423 2287 2471 est
2318 2430 2540 2485 prorsus
2563 2417 2788 2482 veritas,
2812 2426 2868 2472 et
2896 2434 3062 2472 unum
3088 2433 3285 2474 nomen
3314 2420 3437 2475 Filii
3464 2422 3519 2476 in

1936 2502 2152 2561 Christo
2181 2522 2195 2560 :
2229 2506 2355 2573 quia
2382 2507 2563 2561 unitas
2604 2522 2850 2576 persona:
2889 2508 3204 2565 dualitatem
3248 2510 3522 2568 tlliationis

1934 2597 2141 2665 respuit
2183 2598 2239 2651 in
2267 2597 2505 2663 Christo,
2532 2613 2635 2653 nec
2675 2600 2892 2668 adoptio
2936 2600 3113 2655 locum
3154 2602 3390 2668 invenit,
3428 2603 3521 2658 ubi

1935 2686 2235 2752 proprietas
2273 2687 2580 2754 praecessit;
2616 2702 2717 2742 nec
2743 2687 2998 2742 divinitas
3026 2689 3278 2745 humanis
3305 2698 3523 2746 tenetur

1935 2772 2279 2843 pta-judiciis,
2304 2790 2427 2829 cum
2467 2776 2649 2830 omnia
2691 2777 2983 2831 secundum
3013 2779 3291 2845 propriam
3331 2779 3521 2834 volun-

1938 2862 2063 2917 tatis
2083 2863 2375 2931 potentiam
2395 2872 2671 2932 operatur,
2689 2879 2810 2932 qua:
2828 2865 2941 2919 vult
2963 2865 3020 2918 in
3041 2866 3180 2920 οωΙο
3197 2875 3253 2920 et
3272 2867 3324 2920 in
3350 2876 3516 2934 terra,

1938 2952 2029 3020 qui
2056 2953 2129 3005 ait
2152 2966 2166 3005 :
2195 2952 2357 3006 Pater
2378 2969 2524 3007 meus
2552 2970 2714 3023 usque
2736 2954 2892 3009 modo
2920 2964 3186 3024 operatur,
3210 2965 3260 3009 et
3282 2972 3375 3026 ego
3405 2973 3522 3027 ope-

1939 3059 2028 3096 ror
2060 3042 2243 3113 (Joan.
2272 3060 2325 3109 v,
2353 3043 2428 3116 I).

242 3135 410 3189 times
435 3109 768 3204 Scripturam
790 3137 1094 3193 dicentem:
1121 3137 1192 3192 Os
1216 3139 1354 3209 quod
1376 3142 1621 3194 mentitur
1644 3143 1833 3195 occidit

2008 3109 2075 3187 X.
2130 3134 2268 3200 Quid
2291 3109 2421 3188 vero
2472 3135 2879 3204 praesumptiosa
2922 3146 3103 3192 mente
3146 3146 3200 3193 et
3248 3140 3412 3195 stulta
3439 3149 3523 3197 te-

243 3224 485 3277 animam
529 3224 684 3296 (Sap.
716 3243 750 3288 ι,
785 3226 907 3296 ll)?
940 3226 999 3282 Si
1040 3243 1168 3283 vero
1204 3229 1491 3296 imperitia,
1534 3230 1705 3285 miror
1738 3247 1838 3287 cur

243 3328 359 3367 non
396 3314 685 3370 erubescas
711 3316 1074 3386 insipientiam
1104 3326 1279 3383 tuam;
1313 3319 1438 3387 quia
1468 3320 1596 3374 dum
1624 3322 1838 3388 sapiens

244 3407 331 3463 vis
361 3407 566 3473 videri,
610 3410 805 3465 stultus
835 3425 1093 3481 appares;
1126 3426 1250 3465 nam
1288 3411 1444 3480 juxta
1491 3411 1835 3469 Salomonem

243 3501 469 3570 sapiens
490 3504 757 3572 potuisses
784 3504 987 3571 putari,
1018 3504 1063 3557 si
1095 3504 1374 3559 tacuisses.
1401 3502 1647 3561 Assumis
1671 3505 1839 3561 etiam

244 3601 303 3646 et
328 3592 627 3648 beatissimi
657 3594 854 3650 Leonis
882 3611 1032 3665 papae
1065 3596 1433 3651 testimonium
1459 3605 1563 3653 tuae
1591 3606 1750 3653 secta:
1780 3598 1837 3653 in

247 3684 601 3754 adjutorium,
633 3688 776 3756 quod
807 3689 1086 3757 perspicue
1115 3690 1223 3744 tuis
1249 3689 1494 3745 sensibus
1520 3691 1676 3746 valde
1704 3705 1836 3746 oon-

249 3778 477 3833 trarium
503 3792 623 3833 esse
651 3778 1005 3849 dignoscitur,
1034 3780 1123 3835 ubi
1164 3782 1240 3835 ait
1266 3799 1280 3834 :
1314 3800 1333 3831 ¢
1363 3781 1464 3847 Qui
1492 3783 1638 3837 cnim
1678 3797 1839 3837 verus

245 3877 336 3922 est
362 3866 527 3931 Deus,
553 3884 714 3924 verus
749 3878 833 3925 est
864 3872 1041 3936 homo,
1065 3879 1120 3925 et
1144 3872 1348 3926 nullum
1376 3884 1459 3927 est
1498 3874 1551 3927 in
1580 3873 1682 3929 hac
1717 3874 1839 3929 uni-

245 3968 368 4013 tate
398 3960 756 4025 mendacium,
788 3962 915 4016 dum
943 3963 996 4016 in
1027 3963 1255 4018 invicem
1296 3974 1441 4029 sunt,
1476 3973 1531 4020 et
1561 3966 1839 4020 humilitas

246 4052 509 4116 hominis,
535 4059 593 4108 et
630 4053 859 4111 altitudo
885 4055 1129 4111 Deitatis.
1154 4076 1173 4108 ι
1206 4057 1286 4112 Tu
1327 4058 1510 4126 itaque
1538 4059 1678 4112 hanc
1712 4060 1836 4114 uni-

246 4150 423 4197 tatem
452 4144 648 4200 dividis
669 4146 727 4201 in
757 4146 895 4201 duos
922 4145 1077 4211 filios,
1105 4162 1271 4203 unum
1298 4150 1592 4217 proprium,
1621 4159 1678 4204 et
1705 4150 1838 4205 alte-

246 4249 376 4288 rum
404 4234 733 4303 adoptivum.
773 4235 907 4292 Nam
936 4237 1160 4294 altitudo
1189 4239 1484 4294 divinitatis
1519 4241 1586 4295 ad
1623 4239 1843 4296 humilid

249 4334 423 4380 tatem
453 4326 733 4382 descendit
769 4329 1141 4394 humanitatis,
1178 4336 1235 4385 et
1270 4330 1545 4386 humilitas
1588 4331 1837 4389 humani-

272 4416 385 4473 atis
422 4416 491 4471 ad
524 4416 862 4474 altitudinem
894 4421 1133 4475 ascendit
1170 4420 1489 4486 divinitatis,
1530 4436 1638 4477 non
1664 4422 1835 4477 versi-
1859 4459 1913 4520 Β

248 4510 468 4565 nilitate
496 4519 723 4575 natum,
755 4512 850 4567 sed
890 4511 1198 4582 dignatione
1236 4514 1478 4569 honoris.
1507 4514 1639 4569 Item
1678 4517 1836 4585 ponis

248 4601 626 4659 testiinonium
654 4602 720 4657 de
749 4602 887 4659 libro
913 4603 1056 4659 beati
1097 4603 1404 4673 Augustini,
1446 4620 1606 4675 quem
1634 4606 1836 4661 Enchi-

248 4695 435 4750 ἠῶθι»
478 4694 592 4764 ipse
618 4695 951 4752 nominavit:
983 4697 1048 4751 de
1090 4712 1199 4767 quo
1237 4698 1402 4753 etiam
1445 4698 1584 4754 libro
1609 4699 1737 4754 olim
1780 4700 1836 4755 in

251 4789 491 4857 quadam
541 4789 768 4857 epistola
820 4798 914 4845 tua
963 4790 1190 4846 multum
1248 4806 1503 4860 perverse
1552 4792 1836 4848 maculasti

250 4876 499 4946 ejusdem
520 4880 693 4935 sancti
724 4879 900 4936 Patris
922 4882 1107 4944 verba,
1134 4882 1427 4940 immittens
1452 4898 1517 4939 ea
1538 4900 1660 4954 quae
1696 4901 1836 4941 nun-

253 4982 425 5036 quam
448 4969 538 5025 ille
577 4969 733 5026 dixit.
769 4970 861 5027 Sic
885 4978 940 5027 et
974 4972 1025 5028 in
1065 4972 1167 5049 isto
1198 4972 1507 5029 testimonio
1533 4974 1689 5041 dicis,
1716 4990 1838 5045 quae

254 5057 352 5112 ille
375 5059 679 5116 nullatenus
717 5061 873 5127 dixit,
904 5076 1005 5121 nec
1030 5062 1209 5131 aliquo
1248 5064 1494 5120 rationali
1521 5082 1681 5122 sensu
1710 5083 1838 5124 con-

256 5148 503 5204 veniant.
534 5149 636 5205 Ubi
671 5152 815 5206 enim
858 5151 949 5207 ille
993 5152 1069 5207 ait
1113 5152 1263 5224 (Cap.
1288 5154 1377 5225 40)
1406 5197 1417 5208 .
1451 5174 1471 5209 ι
1499 5155 1632 5222 Quia
1675 5159 1836 5214 homo

254 5236 350 5292 ille
380 5239 541 5297 nullis
566 5242 989 5311 praecedentibus
1021 5246 1227 5300 meritis
1259 5246 1313 5300 in
1340 5246 1458 5315 ipso
1480 5249 1702 5304 exordio
1741 5266 1838 5305 na-

216 5392 225 5399 ,
254 5337 397 5383 tura:
429 5346 558 5397 suae,
582 5348 690 5402 quo
715 5348 834 5388 esse
860 5335 1040 5404 erepit,
1067 5336 1176 5389 Deo
1204 5336 1380 5391 Verbo
1406 5339 1747 5407 copularetur
1782 5342 1836 5397 in

258 5428 472 5477 lautam
494 5436 735 5493 personae
758 5424 1041 5490 unitatem,
1065 5432 1127 5478 ut
1153 5424 1295 5479 idem
1322 5426 1433 5495 ipse
1453 5436 1600 5483 esset
1628 5428 1720 5483 Dei
1751 5428 1837 5483 Fi-

258 5510 393 5577 lius,
419 5513 511 5584 qui
543 5513 684 5571 ﬁlius
716 5516 967 5583 hominis,
994 5526 1050 5572 et
1076 5516 1218 5572 illius
1259 5517 1510 5581 hominis,
1541 5521 1631 5589 qui
1670 5520 1839 5578 Filius

263 5601 428 5673 Dei.»
481 5604 559 5659 Tu
604 5608 775 5663 dicis:
811 5606 949 5676 Quia
991 5607 1150 5663 nullis
1196 5609 1602 5677 praecedentibus
1650 5615 1835 5668 maris.

269 5686 415 5761 Quid
444 5703 619 5773 autpm
638 5697 721 5753 vis
744 5697 1049 5771 signiﬁcare
1070 5712 1168 5768 per
1194 5712 1395 5765 mares,
1425 5699 1529 5754 nisi
1556 5700 1695 5757 forte
1724 5720 1837 5759 ma-

1937 3227 2186 3280 meritate
2217 3226 2407 3281 altiora
2434 3234 2484 3281 te
2512 3227 2697 3282 rimari
2721 3239 2829 3283 non
2859 3228 3101 3294 metuis,‘
3128 3238 3183 3284 et
3208 3220 3256 3283 te
3284 3232 3523 3288 medium

1938 3318 2080 3373 inter
2102 3319 2439 3373 divinitatem
2488 3327 2544 3373 et
2598 3318 2990 3375 humanitatem
3021 3320 3118 3375 Dei
3162 3320 3282 3376 Filii
3318 3323 3524 3378 immit-

1939 3417 2052 3463 tere
2079 3417 2273 3474 tentas,
2305 3409 2646 3479 humanaque
2689 3410 3101 3477 ratiocinatione
3144 3411 3340 3469 divinae
3374 3414 3527 3469 bonis

1939 3500 2063 3555 tatis
2106 3498 2375 3555 ineliabile
2406 3508 2806 3556 sacramentum
2851 3502 3084 3557 scrutari
3126 3503 3351 3558 niteris?
3411 3505 3522 3560 Nec

1938 3597 2043 3647 tuae
2083 3592 2363 3648 sententia:
2399 3593 2619 3648 modum
2663 3594 2941 3662 imponere
2984 3596 3168 3661 nosti,
3205 3598 3298 3667 qui
3344 3611 3445 3653 nec
3470 3606 3525 3653 te

1937 3684 2115 3754 ipsum
2157 3684 2466 3743 discernere
2512 3689 2718 3757 poteris
2741 3729 2758 3755 ,
2806 3691 2892 3745 vel
2918 3695 3185 3761 quomodo
3224 3695 3401 3750 anima
3429 3705 3524 3750 tua

1936 3776 2246 3833 tenerrimis
2292 3778 2350 3831 in
2389 3785 2636 3834 materno
2664 3787 2820 3836 utero
2848 3792 2953 3836 tua
2984 3784 3371 3853 coagulationis
3411 3786 3523 3854 pri-

1937 3865 2161 3921 mordiis
2202 3866 2602 3934 immitteretur,
2643 3872 2949 3940 exprimere
2999 3874 3219 3929 suﬁicis.
3289 3874 3418 3930 Sine
3463 3884 3521 3933 te

1936 3959 2083 4015 enim
2112 3959 2205 4015 Dei
2227 3959 2399 4015 Filius
2436 3959 2604 4026 fecit,
2649 3964 2791 4032 quod
2818 3965 3024 4019 voluit:
3062 3966 3267 4021 sciebat
3290 3981 3527 4037 namque

1938 4054 2035 4109 Dei
2068 4053 2329 4121 sapientia
2359 4054 2475 4108 sine
2505 4055 2587 4109 sui
2621 4056 2993 4111 imminutione
3036 4057 3202 4130 854
3244 4074 3302 4114 se
3339 4059 3521 4115 infun-

1938 4144 2063 4199 dere
2112 4144 2360 4198 humante
2403 4154 2649 4211 naturte,
2687 4154 2743 4199 et
2781 4146 3035 4201 iueﬂ‘abili
3069 4149 3273 4204 unitate
3300 4149 3418 4205 ﬁeri
3453 4164 3522 4206 ex

1935 4243 2179 4305 tempore
2220 4236 2361 4291 [ilius
2387 4236 2651 4302 hominis,
2693 4238 2785 4307 qui
2817 4253 3031 4309 semper
3054 4239 3154 4294 fuit
3181 4249 3307 4296 ante
3339 4241 3521 4297 omnia

1936 4336 2177 4396 tempora
2223 4328 2390 4383 Filius
2418 4327 2513 4383 Dei
2537 4369 2553 4394 ,
2597 4344 2695 4398 per
2738 4346 2900 4399 quem
2939 4331 3078 4387 facta
3112 4342 3232 4388 sunt
3254 4342 3517 4405 tempora.

1938 4418 2044 4474 Sed
2080 4429 2136 4475 tu
2161 4420 2365 4475 carnali
2393 4421 2716 4490 cogitatione
2736 4422 2929 4491 plenus
2955 4425 3245 4493 potentiam
3277 4425 3371 4480 Dei
3392 4440 3518 4496 pro-

1936 4510 2114 4580 prium
2143 4526 2303 4579 posse
2342 4511 2545 4567 habere
2580 4511 2777 4568 Filium
2808 4529 2913 4568 non
2936 4523 3116 4583 putas,
3162 4518 3267 4571 nisi
3291 4517 3397 4573 tale
3422 4514 3521 4571 ali-

1939 4600 2067 4669 quid
2122 4601 2390 4670 patiatur,
2460 4602 2638 4670 qualia
2701 4604 3005 4659 substantia
3057 4608 3263 4676 patitur
3311 4609 3515 4678 carnis,

1939 4693 2155 4763 quando
2201 4693 2372 4762 gignit
2413 4708 2650 4749 carnem.
2710 4694 2823 4750 Hoc
2849 4695 2994 4750 enim
3030 4697 3350 4768 insipientia:
3386 4714 3522 4770 quo-

1937 4784 2186 4838 rumdam
2216 4784 2531 4840 incredibile
2570 4784 2803 4850 videtur,
2849 4786 2978 4840 dum
3018 4789 3202 4847 omnia
3243 4800 3391 4847 recte
3432 4806 3522 4850 sa-

1937 4876 2211 4945 pientibus
2232 4875 2630 4945 Deopossibilia
2652 4890 2774 4931 esse
2791 4877 3103 4942 creduntur,
3132 4880 3244 4947 ipsa
3276 4881 3520 4941 Veritate

1942 4966 2179 5031 dicente;
2228 4967 2332 5020 hoc
2353 4972 2533 5020 autem
2576 4966 2717 5035 apud
2760 4967 3004 5022 homines
3044 4970 3376 5039 impossibile
3411 4982 3511 5038 est,

1941 5058 2083 5127 apud
2131 5057 2300 5111 Deum
2338 5065 2519 5111 autem
2560 5058 2741 5113 omnia
2787 5058 3060 5128 possibilia
3121 5069 3247 5114 sunt
3296 5062 3511 5135 (Matth.

1940 5163 2057 5211 xix,
2084 5146 2194 5217 26).
2226 5146 2291 5199 Et
2319 5147 2424 5203 hoc
2446 5162 2576 5215 ergo
2600 5148 2857 5215 possibile
2881 5149 2991 5203 Deo
3017 5163 3139 5205 esse
3159 5151 3510 5222 dignoscitur,

1939 5245 2001 5294 ut
2021 5238 2297 5307 proprium
2317 5253 2383 5293 ex
2408 5238 2626 5308 Virgine
2645 5239 2839 5295 Filium
2877 5242 3076 5298 habere
3110 5245 3388 5312 potuisset.
3412 5243 3516 5298 Fe-

1942 5335 2016 5390 cit
2034 5333 2176 5388 enim
2205 5333 2347 5388 idem
2389 5333 2557 5387 Filius
2595 5334 2689 5388 Dei
2722 5335 2822 5390 sibi
2860 5344 3087 5407 tempus,
3133 5338 3187 5391 in
3224 5353 3333 5407 quo
3360 5337 3515 5392 ﬁeret

1942 5426 2134 5490 homo;
2165 5424 2454 5494 ammpsit
2480 5425 2546 5478 de
2568 5433 2762 5490 matre,
2785 5428 2927 5482 unde
2947 5428 3085 5481 mori
3107 5428 3387 5497 potuisset,
3418 5427 3512 5497 qui

1942 5520 2265 5575 immortalis
2308 5521 2506 5575 mansit
2550 5522 2602 5575 in
2642 5531 2903 5577 aeternum
2928 5541 2941 5577 :
2970 5538 3109 5577 unus
3140 5531 3317 5578 tamen
3350 5531 3512 5595 atque

1942 5612 2084 5670 idem
2126 5612 2312 5685 [Forte
2329 5615 2469 5668 deest
2497 5632 2515 5668 :
2541 5617 2783 5671 mortalis
2827 5616 2904 5688 et]
2933 5614 3283 5675 immortalis.
3314 5618 3511 5689 impas-

1941 5704 2110 5760 sibilis
2132 5714 2188 5759 et
2214 5706 2500 5775 passibilis,
2529 5722 2638 5765 non
2658 5707 2798 5765 alter
2814 5716 2873 5765 et
2894 5706 3030 5765 alter
3053 5726 3068 5764 :
3097 5716 3154 5766 et
3171 5710 3265 5783 qui
3287 5721 3371 5769 est
3395 5713 3506 5772 vita
