4030 6358
1366 338 1424 394 Β.
1463 337 1524 392 F.
1565 332 1790 393 ALBINI
1831 334 1962 393 SEU
1999 328 2275 392 Λιιαυίκί
2311 334 2595 394 OPERUM
2631 334 2811 394 PARS
2848 336 2932 395 Ill.

3667 347 3774 404 22L

522 451 837 516 viviﬁcans,
885 460 1176 520 spontanea
1213 452 1500 516 voluntate,
1551 452 1675 508 dum
1699 453 1890 518 voluit,
1930 451 2168 510 mori-'A
2197 450 2362 505 Deum
2401 467 2584 507 verum
2632 462 2687 509 et
2730 454 3003 510 hominem
3042 457 3483 527 comprohamus,
3530 465 3773 533 quicum

523 549 648 597 tur:
701 542 842 595 sicut
882 541 1117 599 innlibro
1148 542 1314 596 Exodi
1356 543 1611 598 Dominus
1652 543 1860 599 locutus
1896 554 1978 599 est
2007 558 2102 613 per

522 632 741 704 Moysen
769 651 781 686 :
813 632 880 687 Et
905 634 1136 687 videbitis
1164 636 1320 689 vitam
1360 646 1579 690 vestram
1621 637 1925 706 pendentem
1954 639 2009 691 in
2037 636 2102 690 li-

520 744 643 798 gno,
684 736 731 781 et
776 743 878 780 non
917 727 1135 780 credetis
1182 728 1299 781 vita:
1321 738 1503 782 vestrm
1548 729 1725 791 (Deut.
1756 745 1955 790 xxvnt,
1986 728 2095 800 66).

522 819 692 874 Deum
726 827 906 873 autem
948 817 1219 873 Christum
1258 834 1377 874 esse
1399 819 1563 873 vitam
1595 820 1762 888 ipsius
1794 821 2100 875 testimonio

506 909 578 964 .in
601 910 889 979 Evangelio
918 910 1167 973 dicentis,
1213 910 1393 965 disce:
1425 910 1536 980 Ego
1570 927 1684 963 sum
1708 911 1806 973 via,
1838 911 2026 964 veritas
2051 920 2099 964 et

498 1004 625 1057 vita
656 1002 833 1074 (Ioan.
865 1019 974 1068 XIV,
1006 1003 1083 1073 6).
1128 1003 1279 1061 Unde
1300 1012 1354 1058 et
1384 1004 1435 1057 in
1464 1003 1687 1056 Actibus
1722 1003 2099 1072 Apostolorum

520 1093 709 1147 beatus
732 1092 922 1147 Petrus
971 1092 1165 1163 populo
1209 1094 1510 1163 praedicans
1538 1094 1613 1147 ait
1648 1112 1659 1146 :
1702 1092 1805 1147 Vos
1827 1105 1997 1149 autem
2026 1095 2102 1149 vi-

522 1190 657 1235 rum”
680 1183 995 1236 homicidam
1040 1184 1236 1253 petistis
1280 1184 1469 1236 dimitti
1494 1185 1630 1236 vobis
1651 1224 1665 1243 ,
1694 1194 1955 1237 auctorem
1983 1199 2099 1236 vero

521 1274 639 1326 vitae
658 1273 947 1341 peremistis
987 1273 1124 1343 (Act.
1150 1290 1229 1336 ιιι,
1268 1274 1375 1342 15).
1434 1274 1508 1327 De
1544 1289 1650 1343 quo
1688 1282 1742 1328 et
1782 1275 1971 1328 beatus
1999 1273 2100 1343 Cy-

455 1383 459 1386 ~
519 1362 740 1429 prianus
766 1362 841 1415 ait
864 1380 891 1421 ε,
913 1381 931 1413 ‹
955 1360 1233 1417 Iudicatur
1255 1362 1597 1431 iudicaturus
1620 1374 1674 1418 et
1706 1364 1796 1417 Dei
1818 1374 2009 1419 'sermo
2032 1366 2099 1419 ad

508 1454 793 1509 victimam
844 1462 1029 1509 tacens
1082 1457 1312 1510 ducitur.
1346 1477 1364 1507 ι
1409 1457 1700 1524 Gregorius
1739 1472 1951 1526 quoque
1998 1456 2101 1511 Na-

521 1545 847 1602 zianzenus:
884 1567 901 1596 ι
932 1547 1281 1616 lndiguimus,
1329 1549 1434 1612 ait,
1482 1544 1649 1603 Deum
1678 1551 2016 1604 inearnatum
2045 1559 2101 1605 et

521 1638 927 1705 mortiﬁcatum,
975 1650 1034 1695 ut
1060 1657 1159 1696 nos
1183 1643 1459 1707 vivamus;
1493 1659 1579 1697 res
1605 1643 1746 1696 enim
1778 1651 1932 1697 vetus
1960 1652 2095 1707 erat,

520 1734 580 1779 ut
604 1727 766 1783 homo
793 1741 1094 1785 moreretur
1123 1750 1135 1784 :
1168 1733 1308 1800 quod
1337 1747 1403 1786 ne
1426 1748 1637 1802 semper
1670 1732 1892 1787 auderet
1918 1734 1968 1787 in
1995 1734 2097 1788 ho-

2200 543 2459 611 :equalem
2504 542 2991 615 impassibilitatem
3046 555 3101 603 et
3148 548 3608 609 immortalitatem
3653 572 3774 614 cum

2200 632 2361 688 Patre
2413 636 2721 704 possideat,
2768 647 2989 708 propter
3031 649 3269 695 nostram
3320 649 3500 699 tamen
3546 646 3776 705 salutem

2198 725 2507 793 passibilem
2553 728 2787 797 suscepit
2826 729 3057 786 hominis
3103 741 3384 800 naturam,
3434 735 3779 807 impassibilis

2184 816 2495 872 divinitatis
2516 818 2851 885 majestatem
2883 820 2988 876 ndn
3017 823 3271 880 amittens
3304 845 3316 879 :
3351 842 3451 882 nec
3477 837 3536 883 ut
3562 845 3779 899 permu.

2198 914 2406 961 taretur
2454 908 2505 962 in
2554 910 2940 966 humanitatem
2969 914 3219 969 divinitas
3239 957 3253 981 ,
3297 918 3392 973 sed
3422 927 3481 972 ut
3509 920 3779 977 divinitati

2200 1007 2507 1052 servaretur
2550 1000 2878 1055 humanitas.
2940 1002 3244 1060 Secundum
3290 1007 3454 1076 igitur
3497 1009 3659 1079 hujus
3683 1013 3780 1067 ho-

2199 1088 2358 1142 minis
2374 1088 2654 1143 veritatem
2684 1090 2776 1144 Dei
2808 1089 2977 1147 Filius
3003 1094 3068 1147 ad
3090 1094 3507 1164 redemptionem
3535 1108 3780 1155 nostram

2198 1185 2357 1231 natus
2380 1194 2443 1232 ex
2468 1180 2688 1249 Virgine
2726 1188 2809 1235 est
2836 1189 2889 1235 et
2930 1180 3132 1252 Spiritu
3170 1196 3359 1241 sancto
3389 1206 3401 1240 :
3435 1189 3513 1242 sic
3536 1190 3679 1243 enim
3712 1190 3781 1245 ad

2200 1266 2423 1321 Mariam
2455 1269 2506 1321 in
2538 1269 2827 1336 Evangelio
2854 1260 3074 1341 angelus
3101 1273 3339 1342 loquitur
3366 1294 3377 1328 :
3407 1275 3637 1347 Spiritus
3656 1294 3781 1333 san-

2198 1366 2311 1411 ctus
2336 1359 2652 1426 superveniet
2694 1361 2750 1413 in
2791 1370 2871 1425 te,
2913 1372 2959 1414 et
2987 1364 3146 1417 tvirrus
3174 1364 3426 1419 Altissimi
3455 1368 3783 1424 obumbrabit

2199 1448 2291 1502 tibi
2314 1466 2331 1502 :
2355 1460 2401 1502 et
2422 1461 2689 1520 prapterea
2709 1455 2846 1523 quod
2877 1454 3039 1525 855
3074 1468 3317 1511 nascetur
3340 1476 3404 1513 ea:
3434 1468 3481 1514 te
3518 1475 3779 1529 sanctum,

2198 1540 2467 1595 vocabitur
2496 1541 2669 1596 Filius
2698 1543 2797 1596 Dei
2826 1543 2974 1614 (Luc.
3009 1560 3048 1610 ι,
3074 1546 3186 1617 55).
3236 1546 3292 1602 Si
3321 1549 3441 1618 quis
3471 1564 3601 1603 vero
3638 1551 3783 1606 hanc

2199 1649 2342 1688 vera:
2375 1633 2495 1689 ﬁdei
2544 1634 2931 1704 professionem
2960 1648 3310 1705 contemnat,
3358 1641 3443 1695 vel
3489 1643 3668 1697 minus
3692 1657 3784 1698 ca-

2200 1721 2454 1776 tholicam
2487 1733 2714 1792 reputet,
2747 1726 2890 1796 legat
2914 1730 3087 1782 sancti
3115 1731 3396 1801 Augustini
3426 1733 3589 1787 verba
3612 1774 3628 1797 ,
3660 1748 3784 1803 qua

518 1817 663 1873 mine
687 1859 701 1883 ,
748 1834 835 1875 res
869 1837 1006 1875 nova
1051 1821 1193 1877 facta
1237 1830 1348 1886 est,
1393 1832 1450 1876 ut
1487 1800 1625 1877 Deus
1648 1831 1970 1889 moreretur,
2002 1824 2097 1879 sed
2130 1800 2175 1860 Β
2201 1813 2268 1867 de
2305 1815 2681 1883 explanatione
2727 1817 2978 1873 ωῑιιοιίεὶ
3021 1818 3259 1891 Symboli
3304 1823 3605 1891 composuit
3630 1800 3695 1887 ﬂ,
3729 1830 3785 1878 et

517 1909 644 1976 quia
672 1925 833 1965 carne
862 1920 1107 1966 mortuus
1134 1920 1238 1976 est,
1279 1928 1382 1966 non
1417 1912 1713 1966 divinitate.
1745 1932 1762 1963 ι

588 1999 679 2058 XI.
718 2000 826 2056 Nec
870 2017 999 2057 vero
1036 2003 1301 2058 ullatenus
1348 2004 1724 2061 contundimus
1774 2013 1994 2060 naturas
2039 2006 2094 2061 in

515 2087 754 2154 Christo,
778 2092 917 2146 sicut
942 2101 999 2146 tu
1029 2094 1227 2149 asseris
1270 2110 1367 2149 nos
1406 2094 1596 2149 fecisse
1621 2114 1631 2148 :
1664 2095 1756 2150 sed
1785 2096 1932 2151 salva
1959 2086 2095 2151 ιιιτίιὲ

516 2192 683 2248 usque
716 2191 924 2237 naturae
949 2185 1279 2253 proprietate
1306 2226 1320 2250 ,
1358 2186 1551 2240 divina:
1580 2186 1783 2241 scilicet
1827 2195 1880 2240 et
1909 2188 2099 2241 huma-

515 2285 618 2336 nm,
647 2287 809 2327 unum
836 2276 1153 2329 conﬁtemur
1179 2276 1346 2331 Deum
1380 2276 1476 2330 Dei
1505 2275 1696 2330 Filium
1728 2275 1911 2331 Iesum
1940 2277 2096 2332 Chri-

516 2370 656 2416 stum
679 2363 963 2419 Dominum
986 2376 1226 2421 nostrum
1252 2368 1305 2421 in
1333 2368 1539 2423 duabus
1569 2369 1795 2432 naturis,
1831 2385 1937 2423 una
1966 2385 2096 2426 vero

514 2467 743 2522 persona
792 2462 844 2507 et
892 2472 998 2510 una
1042 2456 1163 2510 Filii
1214 2456 1492 2527 dignitate.
1554 2458 1704 2512 Sicut
1738 2460 1880 2513 enim
1918 2460 2095 2514 anima

514 2545 844 2613 compatitur
893 2547 1136 2615 corporis
1168 2546 1472 2612 doloribus,
1516 2548 1764 2617 quamvis
1785 2550 1963 2603 anima
1992 2550 2094 2603 im-

517 2634 762 2689 mortalis
793 2646 1127 2704 permaneat,
1169 2647 1345 2693 tamen
1369 2654 1565 2709 corpus
1593 2640 1710 2695 sine
1737 2641 1928 2695 anima:
1952 2655 2097 2695 com-

514 2728 764 2794 passione
808 2743 917 2781 non
973 2729 1213 2797 patitur:
1261 2730 1385 2799 quia
1427 2730 1605 2784 anima
1646 2739 1700 2784 et
1734 2747 1930 2800 corpus
1958 2747 2095 2787 unus

512 2824 594 2871 est
625 2818 784 2872 homo
805 2858 819 2883 ,
865 2827 919 2874 et
948 2835 1263 2875 communes
1291 2827 1416 2874 sunt
1439 2820 1630 2874 anima:
1659 2828 1713 2874 et
1746 2814 1989 2890 corpOris
2012 2821 2095 2875 vel

514 2906 742 2963 dolentis
784 2909 866 2963 vel
904 2910 1137 2965 laetantis
1163 2911 1416 2973 atfectus;
1463 2910 1589 2979 quia
1634 2925 1776 2964 unus
1803 2912 1965 2964 homo
1987 2919 2091 2972 est.

512 3001 604 3067 qui
651 3001 809 3055 simul
858 3002 1003 3056 dolet
1042 3002 1126 3056 vel
1151 3003 1382 3072 gaudet:
1416 3001 1490 3055 ita
1523 3002 1614 3056 Dei
1654 3001 1820 3056 Filius
1850 3018 1942 3056 sua
1968 3017 2094 3071 pro-

514 3091 633 3161 pria
659 3106 821 3146 carne
847 3107 1040 3161 passus
1067 3103 1177 3158 est,
1225 3109 1330 3147 non
1367 3094 1503 3147 alter
1528 3094 1581 3147 in
1608 3109 1831 3164 corpore
1859 3096 2089 3163 passibi-

510 3180 598 3245 lis,
644 3190 698 3235 et
739 3182 875 3237 alter
920 3183 972 3236 in
1005 3183 1287 3238 divinitate
1318 3180 1664 3253 impassibilis
1685 3225 1698 3247 ,
1742 3185 1835 3239 sed
1866 3200 2005 3239 unus
2035 3185 2089 3239 in

513 3281 765 3342 utroque.
837 3272 946 3328 Nec
991 3274 1186 3327 iterum
1228 3273 1502 3328 Christum
1541 3273 1826 3329 dividimus
1874 3275 1926 3328 in
1960 3276 2093 3330 duos

512 3363 669 3426 ﬁlios,
702 3363 784 3416 vel
815 3363 947 3418 duos
982 3363 1143 3429 deos,
1181 3364 1267 3418 vel
1294 3365 1429 3419 duas
1464 3379 1585 3419 cum
1616 3364 1864 3419 Nestorio
1909 3382 2094 3436 perso-

511 3468 631 3507 nas.
692 3452 792 3519 Qui
837 3453 961 3509 licet
998 3454 1135 3509 duas
1179 3454 1356 3524 palam
1400 3469 1505 3508 non
1556 3456 1779 3511 dixisset
1809 3471 2089 3525 personas,

510 3550 691 3597 tamen
708 3544 890 3597 omnia
913 3561 1031 3615 qua:
1053 3545 1262 3600 duabus
1292 3545 1467 3600 inesse
1483 3559 1701 3601 necesse
1723 3556 1803 3600 est
1824 3549 2088 3617 personis,

509 3631 564 3685 in
593 3647 691 3686 sua
728 3632 1060 3701 professione
1102 3633 1319 3690 fatetur.
1380 3635 1554 3689 Simili
1590 3637 1747 3690 modo
1775 3645 1827 3691 et
1853 3646 1939 3701 tu,
1968 3638 2093 3694 licet

509 3719 685 3792 fugias
712 3725 872 3780 verba
900 3726 1127 3780 duarum
1148 3742 1525 3796 personarum,
1560 3736 1735 3782 tamen
1771 3730 1951 3782 omnia
1973 3746 2091 3800 quae

532 3830 729 3871 .ecesse
756 3826 841 3870 est
867 3817 1075 3872 duabus
1100 3818 1278 3874 inesse
1302 3821 1545 3889 personis
1563 3860 1577 3885 ,
1606 3829 1658 3875 te
1688 3821 1741 3873 in
1765 3821 1872 3875 tuis
1898 3823 2090 3879 litteris

509 3894 809 3958 invenimus
839 3904 1100 3973 proﬁteri.
1140 3905 1273 3973 Quis
1314 3908 1458 3963 enim
1501 3909 1726 3975 nesciat,
1758 3906 1899 3979 apUd
1922 3904 2088 3965 unum

508 3991 722 4047 Patrem
766 3995 994 4050 alteram
1026 4013 1158 4059 esse
1202 4015 1487 4069 personam
1542 4002 1775 4071 adoptivi
1807 4003 1922 4064 ﬁlii,
1958 4004 2090 4060 alte-

506 4102 622 4141 ram
644 4088 846 4157 proprii
876 4088 1032 4143 Filii?
1083 4090 1191 4145 Nec
1228 4092 1371 4146 enim
1417 4093 1555 4147 ullus
1595 4102 1768 4162 pater,
1799 4091 1953 4161 juxta
1983 4095 2085 4148 liu-

507 4192 680 4233 manae
705 4180 1111 4235 consuetudinis
1142 4183 1404 4237 rationem
1442 4192 1656 4252 poterat
1698 4185 1973 4253 proprium
2021 4185 2085 4239 ﬁ-

2115 3143 2164 3207 C

2198 1903 2436 1959 inveniet
2464 1922 2550 1960 me
2577 1906 2719 1959 illius
2748 1909 3050 1963 certissime
3077 1910 3152 1964 uti
3182 1912 3451 1978 sensibus,
3476 1913 3784 1982 quiubique

2197 1997 2519 2066 purissimus
2549 1999 2601 2052 in
2634 2000 2895 2054 catholica
2926 1999 3028 2054 ﬁde
3082 2009 3137 2055 et
3176 2002 3559 2057 veracissimus
3594 2003 3785 2058 doctor

2196 2102 2316 2142 esse
2335 2088 2732 2158 coniprbbatur.
2761 2089 2955 2145 Tribus
2983 2092 3126 2146 enim
3163 2092 3356 2160 modis,
3401 2103 3461 2148 ut
3488 2094 3628 2149 idem
3652 2110 3785 2150 san-

2197 2186 2314 2232 ctus
2352 2179 2682 2249 Augustinus
2725 2182 2834 2243 ait,
2875 2170 3155 2253 Scriptura
3182 2169 3337 2239 sacra
3362 2185 3429 2240 de
3452 2185 3671 2241 Christo
3702 2185 3785 2241 lo-

2196 2271 2407 2339 quitur;
2439 2274 2664 2341 primus,
2693 2289 2816 2328 cum
2849 2277 3140 2331 secundum
3162 2292 3426 2332 summam
3456 2277 3601 2332 illam
3643 2279 3785 2333 divi-

2196 2361 2422 2415 nitatem
2465 2362 2609 2418 Patri
2656 2366 2917 2434 :equalem
2961 2375 3121 2435 atque
3157 2375 3483 2422 eoasternum
3530 2376 3654 2422 ante
3697 2383 3788 2423 as—

2196 2455 2556 2522 sumptionem
2584 2456 2767 2511 carnis
2794 2465 2970 2512 vocat.
3024 2458 3172 2513 Alter
3194 2461 3385 2515 modus
3410 2468 3513 2525 est,
3542 2475 3664 2515 cum
3690 2475 3785 2515 as.

2196 2554 2408 2613 sumpta
2452 2560 2616 2599 carne
2653 2544 2766 2613 jam
2814 2547 2955 2601 idem
2977 2548 3138 2611 Deus,
3190 2550 3280 2617 qui
3324 2551 3513 2614 homo;
3555 2558 3611 2603 et
3636 2549 3785 2608 idem

2196 2635 2379 2699 homo,
2410 2636 2500 2703 qui
2528 2635 2669 2690 Deus
2690 2677 2704 2701 ,
2736 2637 3026 2691 secundum
3051 2640 3337 2706 quamdam
3368 2654 3478 2694 sute
3510 2640 3787 2694 excellen-

2198 2723 2286 2776 tia:
2307 2724 2698 2778 humanitatem
2722 2723 2925 2795 [Forte,
2957 2726 3319 2798 dignitatem],
3348 2743 3454 2796 qua
3480 2742 3587 2781 non
3611 2736 3785 2783 caete-

2197 2815 2273 2868 ris
2303 2822 2613 2881 coaequatur
2642 2816 2968 2879 hominibus,
2999 2817 3091 2870 sed
3114 2826 3196 2871 est
3218 2817 3514 2883 mediator;
3539 2825 3594 2871 et
3618 2824 3787 2886 caput

2195 2906 2451 2961 Ecclesia:
2472 2914 2527 2959 et
2550 2905 2747 2975 legitur
2771 2913 2824 2958 et
2850 2898 3182 2976 intelligitur.
3225 2906 3440 2962 Tertius
3462 2907 3651 2962 modus
3673 2915 3785 2973 est,

2197 3010 2319 3049 cum
2359 2996 2752 3065 quodammodo
2788 3004 2933 3051 totus
2959 2996 3206 3052 Christus
3238 2999 3289 3052 in
3319 2998 3652 3068 plenitudine
3677 3000 3787 3055 Ec-

2198 3085 2392 3150 clesize,
2426 3086 2480 3140 id
2507 3095 2630 3152 est,
2675 3096 2836 3156 caput
2859 3095 2913 3140 et
2950 3102 3144 3157 corpus
3178 3089 3465 3142 secundum
3491 3090 3789 3159 plenitudi-

2200 3194 2320 3232 ncm
2352 3178 2577 3247 perfecti
2626 3177 2904 3247 cujusdam
2934 3181 3033 3234 viri
3061 3220 3076 3245 ,
3124 3180 3179 3234 in
3209 3195 3315 3250 quo
3340 3179 3458 3235 viro
3483 3180 3661 3236 eﬁ'ecti
3691 3196 3789 3237 suo

2198 3286 2317 3325 mus
2346 3271 2608 3334 membra,
2643 3279 2697 3324 et
2723 3272 3065 3325 credentibus
3092 3270 3436 3339 praedicatur,
3470 3280 3523 3325 et
3546 3273 3788 3341 pruden-

2198 3363 2340 3419 tibus
2365 3362 2709 3432 agnoscibilis
2737 3361 2978 3416 oﬂ'ertur.
3040 3361 3117 3416 De
3151 3362 3387 3416 secundo
3416 3369 3594 3415 autem
3618 3362 3785 3416 modo

2197 3455 2249 3508 in
2276 3454 2531 3523 praesenti
2580 3455 2936 3523 disputatione
2979 3453 3213 3507 maxime
3252 3460 3498 3506 versatur
3528 3452 3784 3519 intentio,

2196 3547 2251 3601 in
2296 3561 2404 3615 quo
2442 3545 2611 3600 Deum
2659 3561 2846 3599 verum
2890 3552 2944 3598 et
2983 3558 3169 3598 verum
3215 3543 3487 3597 hominem
3526 3541 3784 3596 eumdem

2196 3636 2481 3689 Dominum
2528 3642 2773 3689 nostrum
2828 3632 3009 3687 Iesum
3059 3633 3330 3688 Christum
3379 3632 3589 3701 publica
3620 3646 3784 3697 voce,

2194 3727 2457 3783 catholica
2492 3741 2659 3795 pace,
2689 3725 2928 3779 omnium
2970 3733 3280 3779 sanctorum
3326 3725 3606 3779 doctorum
3644 3739 3786 3793 pro-

2192 3817 2490 3873 batissimis
2540 3816 2862 3871 testimoniis
2903 3816 3143 3870 roborati
3166 3808 3502 3886 proﬁtemur
3533 3834 3545 3867 :
3575 3831 3681 3869 non
3712 3829 3785 3871 ex

2191 3919 2342 3980 parte
2370 3908 2545 3963 Deum
2584 3924 2769 3963 verum
2795 3949 2809 3973 ,
2852 3923 2918 3962 ex
2946 3916 3099 3978 parte
3129 3906 3298 3962 Deum
3326 3908 3780 3976 nuncupativum,

2192 4001 2331 4054 sicut
2357 4007 2446 4052 tua
2476 3998 2611 4052 solet
2659 3998 2873 4052 indocta
2920 3998 3131 4051 novitas
3164 3996 3465 4060 alﬁrmare,
3495 3996 3729 4050 dicendo
3760 4012 3779 4052 :

2188 4090 2329 4143 Deus
2359 4099 2433 4143 est
2468 4087 2703 4142 Christus
2748 4087 3031 4142 secundum
3076 4088 3398 4141 divinitatem
3418 4126 3433 4151 ,
3476 4096 3522 4140 et
3549 4084 3648 4139 Dei
3672 4084 3783 4141 Fi-

2187 4184 2289 4237 lius
2327 4198 2475 4236 verus
2499 4193 2517 4231 :
2544 4179 2833 4234 secundum
2872 4179 3249 4233 humanitatem
3284 4187 3455 4233 autem
3507 4178 3649 4231 Deus
3688 4195 3752 4233 es
3794 4174 3799 4179 ’

506 4263 636 4320 lium
667 4269 771 4323 sibi
796 4269 1073 4338 adoptare,
1095 4274 1249 4341 quasi
1271 4274 1538 4330 alienum:
1572 4283 1663 4329 aut
1686 4291 1845 4345 quem
1868 4277 2087 4348 adoptat
2187 4273 2564 4345 nuncupativus
2594 4280 2639 4326 et
2676 4272 2947 4341 adoptivus
2975 4269 3145 4323 Filius
3166 4286 3184 4323 :
3208 4269 3363 4339 quasi
3392 4285 3459 4325 ex
3495 4279 3650 4339 parte
3673 4268 3787 4337 diog

507 4355 611 4410 sibi
641 4357 694 4410 in
730 4357 897 4412 ﬁlium
920 4400 935 4424 ,
983 4364 1181 4430 poterit
1231 4366 1332 4420 sibi
1381 4369 1657 4437 proprium
1687 4368 1893 4436 facere,
1923 4386 2083 4440 quem

2184 4366 2424 4421 vinitatis
2460 4365 2529 4420 sit
2561 4365 2790 4428 veritas;
2824 4364 2877 4417 in
2914 4370 3065 4432 parte
3094 4377 3225 4417 vero
3255 4361 3607 4417 humanitatis
3632 4377 3779 4417 nun-

506 4451 803 4518 paternitas
846 4452 1066 4510 alterius
1110 4456 1213 4511 sibi
1243 4457 1371 4513 fecit
1397 4460 1657 4528 alienum;
1709 4465 1834 4532 quia
1868 4465 2082 4533 adoptio

2196 4457 2426 4526 stipatio,
2476 4463 2531 4510 et
2569 4469 2675 4509 non
2722 4468 2857 4523 pura
2886 4453 3106 4507 veritas.
3163 4452 3302 4507 Audi
3326 4466 3472 4523 ergo,
3504 4452 3784 4520 quomodo

507 4555 576 4594 ex
604 4542 779 4597 alieno
821 4545 1060 4613 quolibet
1106 4547 1364 4615 edicitur;
1408 4553 1658 4622 praprius
1700 4569 1829 4610 vero
1860 4554 2001 4610 ﬁlius
2033 4556 2087 4609 in

508 4630 737 4686 veritate
762 4636 1110 4711 proprietatis
1154 4651 1448 4707 permanet.
1510 4643 1659 4699 Unus
1703 4655 1786 4701 est
1818 4648 1958 4703 Deus
1983 4646 2087 4703 Pa-

506 4729 609 4788 ter,
641 4733 696 4778 et
717 4742 881 4780 unum
910 4728 1071 4784 habet
1092 4729 1284 4786 Filium
1307 4734 1590 4790 Dominum
1626 4746 1868 4792 nostrum
1896 4738 2079 4795 Iesum

505 4809 799 4869 Christum.
842 4817 896 4870 ln
927 4827 1151 4890 utraque
1178 4831 1357 4879 autem
1393 4825 1691 4881 substantia
1714 4835 1769 4881 et
1788 4828 2083 4886 divinitatis

506 4912 561 4959 et
584 4906 936 4964 humanitatis
963 4952 977 4975 ,
1010 4928 1148 4969 unus
1176 4924 1339 4985 atque
1376 4917 1517 4977 idem
1555 4926 1638 4973 est
1673 4919 1766 4973 Dei
1792 4919 1957 4975 Filius
1982 4920 2086 4976 Do-

507 4998 686 5053 minus
731 5010 914 5055 noster
958 5000 1117 5060 Iesus
1163 5006 1446 5073 Christus,
1496 5018 1555 5064 ut
1604 5011 1745 5066 Deus
1790 5027 1976 5078 verus;
2012 5012 2084 5067 ita

505 5091 670 5146 etiam
690 5093 850 5148 homo
876 5110 1052 5157 verus.
1078 5106 1365 5153 attestante
1386 5100 1642 5170 Apostolo
1663 5111 1823 5173 atque
1846 5105 2084 5159 dicente:
2108 5114 2111 5115 '

506 5178 594 5235 Ea:
611 5181 798 5251 quibus
846 5182 1083 5240 Christus
1127 5188 1409 5243 secundum
1450 5207 1688 5258 carnem,
1717 5195 1806 5264 qui
1831 5204 1904 5248 est
1932 5211 2088 5265 super

505 5271 681 5324 omnia
721 5271 861 5326 Deus
903 5274 1196 5330 benedictus
1246 5278 1302 5332 in
1347 5279 1542 5335 secula
1589 5280 1764 5353 (Rom.
1800 5299 1873 5345 ix,
1902 5284 1979 5353 5).
2022 5285 2089 5339 Et

510 5360 637 5416 alibi
666 5381 678 5415 :
715 5360 860 5417 Unus
888 5365 1025 5417 enim
1053 5365 1213 5431 Deus,
1244 5385 1379 5422 unus
1407 5380 1479 5422 est
1516 5372 1773 5425 mediator
1800 5372 1897 5426 Dei
1921 5384 1967 5427 et
1991 5375 2085 5428 ho-

505 5453 705 5508 minum
732 5454 884 5510 homo
910 5454 1147 5510 Christus
1170 5458 1325 5512 Iesus
1354 5459 1537 5528 (Ioan.
1564 5478 1624 5526 ιι,
1654 5462 1728 5534 5).
1761 5463 1935 5518 Unum
1957 5480 2086 5537 ergo

511 5552 672 5613 atque
700 5547 948 5601 eumdem
988 5547 1271 5603 Dominum
1303 5558 1545 5604 nostrum
1581 5552 1759 5607 Iesum
1788 5554 2082 5622 Christum,

510 5649 632 5688 cum
662 5649 727 5690 ex
754 5637 872 5692 aliis
894 5678 908 5705 ,
959 5647 1072 5693 tum
1122 5654 1183 5693 ex
1234 5640 1319 5695 his
1360 5643 1670 5711 apostolicis
1698 5646 2002 5715 sententiis,
2031 5653 2087 5703 et

582 5757 608 5787 α
647 5746 707 5804 S.
735 5751 897 5827 Aug.,
934 5754 1001 5811 de
1027 5754 1157 5810 Fide
1181 5762 1235 5810 et
1263 5753 1537 5828 Symbolo.

2194 4552 2383 4605 beatus
2430 4547 2759 4617 Augustinus
2815 4553 2919 4599 tua:
2964 4544 3240 4615 partitioni
3287 4545 3342 4598 in
3386 4543 3779 4613 disputatione,

2194 4653 2381 4699 contra
2429 4638 2773 4695 Maximinum
2816 4638 3131 4693 haereticum
3180 4636 3384 4700 habita,
3426 4636 3780 4705 respondeat,

2195 4736 2272 4791 ait
2298 4736 2441 4790 enim
2492 4733 2628 4804 (Lib.
2658 4749 2718 4797 ιι,
2751 4745 2870 4800 cap.
2900 4729 3076 4794 lO,'n.
3106 4728 3161 4801 2)
3193 4743 3209 4783 :
3259 4747 3278 4780 ε
3310 4727 3481 4783 Porro
3523 4726 3781 4782 Christus

2194 4843 2301 4881 una
2326 4840 2554 4897 persona
2589 4832 2672 4879 est
2713 4822 2938 4894 gemina:
2976 4820 3325 4885 substantiae,
3369 4818 3495 4888 quia
3526 4825 3580 4871 et
3602 4816 3779 4883 Deus,

2194 4923 2356 4976 etiam
2380 4922 2539 4976 homo
2562 4928 2664 4973 est.
2706 4916 2815 4972 Nec
2850 4925 3027 4970 tamen
3057 4914 3198 4969 Deus
3232 4928 3359 4983 pars
3382 4910 3498 4980 ejus
3525 4923 3780 4981 personae

2188 5013 2293 5067 dici
2343 5019 2560 5081 potest:
2616 5009 2851 5078 alioquin
2906 5006 3076 5061 Filius
3115 5006 3209 5061 Dei
3252 5006 3394 5060 Deus
3419 5044 3433 5069 ,
3478 5011 3778 5073 antequam

2190 5103 2486 5172 susciperet
2524 5101 2749 5155 formam
2781 5098 2961 5163 servi,
3005 5112 3110 5151 non
3135 5091 3254 5151 erat
3282 5103 3429 5150 totus
3449 5134 3464 5158 ,
3494 5102 3549 5148 et
3573 5091 3774 5156 crevit,

2190 5210 2310 5249 cum
2333 5195 2492 5248 homo
2518 5191 2783 5245 divinitati
2826 5188 2941 5257 ejus
2979 5188 3227 5252 accessit,
3268 5186 3411 5255 quod
3435 5186 3489 5239 in
3511 5197 3618 5237 una
3645 5195 3777 5253 per-

2190 5301 2321 5341 sona
2369 5284 2753 5338 absurdissime
2799 5282 3106 5337 diceretur:
3139 5282 3265 5352 quia
3312 5295 3437 5351 pars
3490 5279 3568 5333 rei
3606 5276 3777 5333 ullius

2190 5391 2307 5432 esse
2334 5389 2438 5430 non
2470 5383 2647 5444 potest
2678 5374 2835 5429 Dens.
2865 5394 2884 5427 ι

2261 5471 2373 5526 Xll.
2414 5469 2717 5525 Concordat
2763 5484 2977 5540 quoque
3021 5467 3213 5523 beatus
3240 5465 3501 5539 Cyrillus,
3537 5460 3690 5530 cujus
3710 5468 3777 5515 et

2190 5573 2247 5619 tu
2268 5562 2589 5619 testimoniis
2617 5562 2693 5618 uti
2720 5562 2916 5632 saepius
2939 5560 3098 5625 soles,
3130 5560 3255 5614 huic
3288 5556 3629 5613 sanctissimo
3656 5551 3767 5643 Paf

2191 5656 2279 5723 tri,
2323 5654 2422 5710 sub
2468 5654 2827 5718 anathematis
2868 5650 3081 5708 vinculo
3129 5651 3501 5721 constringens
3525 5659 3637 5711 eos,
3667 5642 3769 5712 qui
