4030 6358
977 287 1388 365 DOGMATICA.
1426 314 1498 327 —
1532 282 1693 342 ADV.
1734 282 2033 340 FELICEM
2067 281 2246 338 LIBRI
2284 282 2394 340 VII.
2432 312 2504 326 --
2533 283 2809 368 LIB._VII.

269 409 495 482 qualem
540 404 745 480 [Forte,
784 403 1125 476 inaequalem]
1174 402 1571 458 venerationem
1594 400 1688 455 Dei
1718 397 1853 454 Filio
1879 402 1928 461 Α
1955 406 2009 453 et
2032 399 2345 468 applicatus,
2390 415 2497 455 non
2524 401 2665 471 quod
2692 416 2817 457 vere
2846 401 2915 457 sit
2945 397 3095 458 Deus
3107 400 3189 458 vel
3212 400 3381 459 Filius
3404 403 3521 471 Dei,

267 500 406 558 Jesu
440 496 659 553 Christo
698 494 879 551 facere
920 496 1135 559 audent,
1172 510 1333 549 unam
1361 494 1513 562 quasi
1552 507 1733 547 veram
1761 492 1857 546 Dei

268 590 475 651 Verbo,
508 588 734 643 alteram
761 601 890 641 vero
913 586 1063 654 quasi
1084 586 1185 639 sub
1207 586 1423 640 nomine
1446 583 1858 653 uuncupationis

265 679 483 737 homini
510 684 806 747 assumpto.
857 676 949 731 Ait
972 692 1101 746 ergo
1129 689 1154 716 δ
1184 694 1196 729 :
1246 694 1265 726 ι
1297 674 1357 730 Si
1381 675 1503 743 quis
1525 682 1857 743 assumptum

268 770 554 825 hominem
585 767 867 822 coadorari
894 775 1143 838 oportere
1174 767 1283 822 Deo
1313 766 1510 831 Verbo,
1550 774 1604 820 et
1645 765 1859 837 conglo-

269 858 483 914 riﬁcari
510 866 766 927 tanquam
794 857 1022 912 alterum
1051 858 1105 910 in
1129 857 1323 923 altero,
1352 865 1408 912 et
1428 872 1532 911 non
1552 858 1732 927 potius
1752 871 1859 911 una

267 948 593 1005 adoratione
623 950 855 1003 honorat
884 930 1319 1014 Emmanuel,'et
1340 963 1503 1002 unam
1522 948 1570 1001 ei
1600 946 1861 1017 gloriﬁca-

269 1040 479 1095 tionem
530 1039 788 1109 appellet,
851 1038 1145 1093 secundum
1191 1039 1335 1108 quod
1378 1053 1506 1092 caro
1551 1036 1723 1092 factus
1754 1044 1855 1103 est,

269 1133 568 1188 anathema
592 1133 680 1187 sit.
741 1130 955 1202 Syllaba
982 1131 1127 1186 enim
1156 1147 1216 1185 co
1241 1128 1614 1201 superadjecta
1640 1130 1741 1185 hoc
1769 1144 1858 1185 co-

267 1224 354 1293 git
378 1220 629 1292 intelligi,
660 1220 803 1291 quod
831 1221 984 1289 quasi
1015 1220 1150 1275 alter
1188 1221 1242 1274 in
1268 1220 1463 1275 altero.
1495 1241 1513 1271 ι
1549 1221 1617 1274 Et
1635 1220 1773 1275 infra
1795 1222 1855 1277 ιιι

273 1326 299 1362 ι
333 1309 393 1365 Si
436 1311 559 1381 quis
584 1310 749 1381 igitur
777 1310 1072 1365 coadorare
1099 1310 1268 1375 dicit,
1317 1318 1377 1363 ut
1405 1310 1678 1364 hominem
1717 1326 1859 1365 seor-

262 1412 416 1463 Sum,
453 1399 624 1454 altero
649 1410 847 1470 praeter
880 1415 1002 1454 eum
1023 1399 1286 1454 existente
1309 1399 1418 1454 Deo
1447 1400 1645 1465 Verbo,
1673 1409 1727 1455 et
1754 1416 1858 1455 non

261 1492 572 1547 eccundum
600 1506 785 1547 veram
814 1493 1075 1547 unitatem
1105 1492 1348 1548 adunans
1390 1509 1554 1548 unum
1586 1493 1860 1551 Christum

262 1594 326 1639 et
358 1584 556 1639 Filium
586 1584 981 1655 Dominumque
1021 1601 1128 1641 una
1169 1587 1483 1643 adoratione
1509 1588 1675 1660 856
1700 1588 1860 1659 glori-

264 1673 423 1739 ﬁcat,
448 1674 634 1729 virtuti
661 1676 1022 1730 anathematis
1040 1675 1188 1744 juste
1215 1678 1480 1734 subditur.
1511 1698 1530 1731 ι
1564 1679 1632 1732 Ει
1653 1679 1853 1733 ίιθωοε

1958 490 2049 543 sed
2078 499 2297 559 propter
2336 505 2457 545 eum
2485 531 2500 556 ,
2538 500 2596 546 ut
2619 494 2798 549 dicere
2835 493 2994 559 soles,
3036 509 3068 548 a
3090 510 3196 564 quo
3222 505 3527 567 assumptus

1955 587 2071 644 est;
2121 580 2352 635 alterum
2394 582 2510 638 sine
2550 585 2712 659 dubio
2733 586 3007 643 aestimans
3031 596 3410 651 assumentem,
3439 604 3528 646 as-

1956 676 2229 738 sumptum
2252 669 2501 725 aIterum.
2531 671 2667 737 Quia
2694 675 2739 728 si
2766 690 3044 732 assumens
3067 691 3228 732 verus
3253 685 3336 731 est
3360 676 3527 743 Deus,

1956 764 2011 811 et
2035 768 2343 829 assumptus
2370 776 2475 815 non
2502 775 2660 817 verus
2689 764 2859 830 Deus,
2910 782 3011 822 nec
3031 782 3191 823 verus
3218 767 3405 833 Filius,
3428 784 3527 826 ne-

1956 849 2192 902 cessario
2239 838 2477 922 intelligi
2510 851 2700 918 datur,
2735 855 2877 923 quod
2917 857 3052 912 duas
3079 859 3134 913 in
3173 874 3339 913 unum
3372 858 3531 917 Chri-

1957 943 2099 991 stum
2126 946 2303 994 tentas
2332 941 2691 1008 introducere,
2735 944 2830 998 sed
2857 944 2991 1000 falsa
3026 948 3374 1017 professione,
3407 965 3529 1019 per-

1957 1040 2118 1083 sonas
2151 1048 2163 1082 Ξ
2198 1046 2323 1085 nam
2368 1032 2475 1089 duo
2509 1042 2633 1089 sunt
2673 1036 2890 1089 omnino
2918 1052 3079 1093 VETUS
3120 1047 3174 1094 et
3216 1056 3321 1096 non
3345 1056 3525 1095 verus.

1957 1120 2107 1188 Quod
2129 1122 2175 1176 si
2202 1122 2359 1177 beata
2381 1125 2544 1197 Virgo
2567 1142 2754 1181 verum
2782 1143 2885 1182 non
2912 1130 3094 1200 genuit
3120 1130 3307 1197 Deum,
3338 1132 3530 1189 Filium

1956 1209 2070 1272 Dei,
2107 1215 2374 1281 quomodo
2404 1216 2472 1279 ab
2492 1217 2743 1274 omnibus
2789 1225 2935 1272 recte
2962 1219 3303 1275 credentibus
3331 1222 3384 1276 in
3410 1223 3530 1277 uni-

1956 1304 2151 1359 versali
2183 1306 2345 1361 totius
2373 1308 2521 1362 orbis
2550 1308 2789 1364 Ecclesia
2832 1310 2928 1363 Dei
2970 1310 3213 1366 Geuitrix
3237 1321 3529 1367 veneratur

1957 1382 2012 1450 et
2038 1399 2315 1453 creditur?
2363 1400 2457 1454 Vel
2484 1401 2531 1454 si
2559 1416 2678 1455 eam
2701 1401 2797 1455 Dei
2836 1401 3163 1457 Genitricem
3199 1418 3394 1474 negare
3422 1418 3529 1458 non

1959 1485 2141 1550 oudes,
2172 1502 2241 1542 ne
2267 1495 2319 1541 te
2348 1488 2622 1556 publicum
2647 1490 2855 1545 hostem
2895 1492 3145 1547 Ecclesiae
3174 1492 3351 1562 palam
3377 1506 3533 1560 aper-

1957 1583 2117 1645 teque
2162 1577 2500 1635 demonstres
2524 1622 2538 1647 ,
2587 1584 2893 1638 necessario
2942 1584 3076 1639 duos
3107 1584 3251 1639 illam
3281 1584 3531 1655 genuisse

1957 1662 2105 1730 deos,
2132 1681 2300 1720 unum
2342 1684 2530 1723 verum
2565 1668 2750 1743 [Forte
2768 1671 2958 1742 suppl.,
2988 1682 3043 1726 et
3072 1673 3302 1727 alterum
3325 1689 3532 1728 nuncu—

275 1784 297 1816 ι
326 1764 387 1819 Si
418 1767 563 1820 enim
593 1775 675 1822 εει
700 1775 755 1821 ει
782 1767 924 1822 idem
954 1768 1095 1822 Deus
1119 1768 1278 1823 simul
1312 1777 1368 1824 ει
1392 1770 1571 1835 homo,
1601 1771 1857 1825 adorat“,
1886 1764 1930 1824 Β
1955 1754 2218 1828 pativum]
2243 1756 2400 1811 fateri
2424 1760 2651 1828 cogeris.
2689 1761 2797 1815 Aut
2821 1762 2864 1816 si
2894 1762 2997 1817 hoc
3015 1762 3111 1818 tibi
3138 1762 3277 1817 sicut
3304 1771 3359 1817 et
3377 1762 3532 1818 nobis

264 1855 453 1925 potius
481 1864 741 1924 tanquam
768 1871 907 1911 unus
930 1858 1242 1913 adoratione
1262 1874 1367 1914 una
1388 1900 1403 1926 ,
1442 1869 1497 1915 et
1522 1876 1629 1916 non
1657 1862 1857 1917 coado-

267 1954 451 2010 ratur,
483 1962 581 2000 nec
608 1946 974 2016 coappellatur
1002 1948 1163 2011 Deus,
1188 1957 1248 2003 ut
1274 1965 1381 2005 non
1419 1952 1580 2005 homo
1601 1952 1859 2022 simplici-

264 2046 359 2091 ter
398 2040 733 2103 communis,
784 2047 838 2093 et
888 2042 1182 2097 secundum
1223 2057 1322 2097 nos
1366 2043 1684 2098 Emmanuel
1739 2059 1859 2100 esse

265 2128 528 2183 credatur
549 2128 730 2183 divina
757 2129 926 2199 gloria
956 2132 1311 2203 participatus
1334 2148 1431 2203 per
1453 2134 1684 2203 gratiam
1710 2152 1723 2188 :
1764 2134 1859 2190 sed

265 2217 598 2273 conﬁtemur
643 2220 815 2290 magis
842 2218 1011 2276 Deum
1043 2222 1098 2276 in
1139 2238 1302 2279 carne
1344 2233 1563 2294 propter
1604 2239 1704 2280 nos
1730 2239 1859 2281 vere

266 2308 555 2364 hominem
584 2308 803 2374 factum,
834 2327 940 2367 non
973 2314 1202 2369 transitu
1231 2324 1438 2371 natura:
1482 2332 1580 2387 per
1607 2319 1860 2374 mutatio-

265 2415 399 2453 nem
429 2409 483 2454 et
509 2403 936 2468 conversionem,
961 2406 1054 2460 sed
1084 2408 1310 2462 unitatis
1336 2409 1810 2478 dispensationem.
1834 2431 1853 2464 ι

262 2486 332 2542 In
372 2487 597 2557 prtefato
642 2506 856 2561 quoque
902 2494 1039 2549 libro
1082 2505 1268 2551 contra
1295 2497 1641 2554 Maximinum
1666 2500 1860 2557 beatus

262 2576 608 2651 Augustinus
634 2584 915 2639 verissime
944 2594 1174 2641 testatur
1217 2588 1409 2643 Filium
1442 2590 1537 2643 Dei
1578 2591 1853 2647 hominem

264 2667 476 2726 factum
502 2690 515 2725 :
556 2680 611 2728 et
641 2689 768 2729 vere
789 2674 946 2743 juxta
975 2678 1325 2746 apostolicam
1349 2695 1538 2736 vocem
1563 2682 1859 2737 exaltatum

269 2777 442 2833 supra
472 2779 632 2820 omne
662 2781 857 2821 nomen
886 2808 901 2833 ,
954 2770 1095 2838 quod
1137 2779 1220 2825 est
1246 2773 1300 2825 in
1336 2773 1473 2827 caelo
1514 2782 1607 2827 aut
1635 2775 1689 2828 in
1718 2783 1861 2831 terra

270 2848 504 2922 (Philip.
533 2868 592 2917 ιι,
622 2853 699 2924 9).
748 2873 765 2906 ‹
790 2854 903 2911 Hoc
926 2870 1072 2929 ergo,
1106 2859 1282 2928 inquit
1308 2860 1459 2931 (Cap.
1494 2862 1571 2933 2),
1599 2863 1673 2917 illi
1698 2864 1860 2918 dona-

266 2947 392 2995 tum
419 2951 579 2997 estut
604 2945 844 3011 homini,
891 2950 1180 3021 secundum
1228 2968 1387 3021 quem
1420 2952 1596 3008 factus
1629 2963 1712 3009 est
1736 2956 1864 3011 obe-

266 3032 433 3088 diens
476 3050 645 3105 usque
698 3037 765 3090 ad
790 3048 1017 3093 mortem
1045 3042 1223 3096 crucis
1248 3082 1264 3106 ,
1308 3041 1449 3111 quod
1479 3041 1595 3110 jam
1627 3045 1862 3100 habebat

264 3122 393 3191 ipse
416 3122 603 3196 [idem]
636 3125 733 3181 Dei
757 3126 944 3193 Filius,
974 3129 1117 3185 Deus
1150 3130 1216 3186 de
1244 3130 1355 3185 Deo
1381 3140 1539 3188 natus
1559 3134 1801 3203 aqualis.
1833 3155 1851 3187 ι

268 3211 334 3266 Si
364 3229 492 3282 ergo
524 3215 626 3270 hoc
668 3217 719 3272 ei
749 3218 1003 3274 donatum
1032 3229 1117 3275 est
1150 3221 1202 3275 in
1223 3223 1405 3275 carnis
1435 3223 1852 3294 dispensatione,

265 3306 422 3374 quod
436 3307 547 3376 jam
577 3315 700 3363 ante
730 3309 963 3367 habebat
997 3311 1051 3366 in
1095 3313 1391 3368 divinitatis
1423 3324 1616 3370 natura
1637 3358 1652 3381 ,
1686 3326 1856 3372 restat

268 3404 338 3449 ut
362 3396 502 3451 idem
547 3398 659 3466 ipse
700 3415 860 3455 verus
906 3400 1076 3457 Filius
1102 3402 1196 3456 Dei
1223 3413 1381 3459 natus
1406 3420 1471 3460 ex
1500 3406 1706 3476 virgine
1736 3423 1856 3463 cre-

268 3486 443 3541 datur
483 3496 537 3543 et
576 3489 911 3546 conﬁteatur.
953 3492 1123 3547 Deum
1146 3509 1275 3565 ergo
1301 3495 1435 3551 dicis
1463 3510 1603 3561 esse,
1633 3499 1729 3553 sed
1750 3514 1857 3552 non

269 3593 469 3633 verum
510 3578 705 3636 Filium
729 3623 744 3648 ,
779 3581 846 3655 [ἃ
876 3583 967 3654 qui
1002 3599 1119 3639 esse
1145 3600 1251 3639 non
1278 3584 1499 3658 negas],
1528 3589 1622 3644 sed
1652 3588 1857 3659 adopti-

270 3681 429 3731 vum,
471 3675 524 3723 et
548 3683 654 3723 non
684 3686 891 3726 verum.
933 3672 1062 3739 Quae
1090 3682 1268 3728 autem
1299 3683 1382 3729 est
1418 3677 1521 3731 ista
1558 3692 1696 3732 nova
1725 3678 1857 3734 ﬁlie-

270 3756 410 3811 tatis
434 3757 759 3814 iutroductio
784 3761 837 3814 in
859 3760 1108 3818 Christo?
1140 3763 1307 3818 Deum
1332 3765 1479 3819 illum
1506 3768 1639 3822 dicis
1660 3783 1779 3823 esse
1803 3775 1859 3823 et

272 3862 391 3901 non
439 3861 626 3902 verum
665 3851 831 3920 :quis
875 3859 959 3906 est
989 3853 1111 3908 talis
1168 3856 1581 3925 nuncupationis
1627 3855 1856 3925 fructus,

271 3936 377 3990 ubi
404 3937 781 3994 detrimentum
804 3948 886 3995 est
910 3943 1189 3998 veritatis?
1222 3945 1290 3999 Et
1318 3947 1584 4015 quomodo
1615 3948 1669 4002 in
1704 3947 1860 4004 Chri-

272 4036 369 4083 sto
406 4038 490 4083 est
532 4031 707 4086 omnis
752 4033 951 4088 veritas
978 4075 993 4101 ,
1039 4036 1084 4091 si
1115 4037 1216 4091 hoc
1241 4037 1433 4103 solum,
1461 4041 1602 4107 quod
1627 4042 1859 4097 maxime

271 4117 561 4174 fatendum
589 4130 699 4185 est,
728 4124 1020 4179 secundum
1063 4134 1300 4181 vestram
1341 4129 1645 4197 opinionem
1672 4144 1858 4185 verum

270 4227 392 4264 non
418 4226 538 4265 esse
562 4212 891 4269 credendum
924 4216 1040 4271 est?
1065 4217 1146 4271 Tu
1176 4227 1355 4273 autem
1383 4222 1740 4276 certissimam
1764 4238 1859 4277 ve-

276 4301 507 4354 ritatem
557 4301 632 4355 ita
671 4317 731 4357 es
765 4303 1003 4357 refutare
1054 4316 1279 4360 conatus
1305 4348 1319 4370 ,
1370 4317 1427 4362 ut
1456 4309 1663 4367 diceres
1694 4311 1860 4366 Deum

274 4392 405 4447 ideo
429 4406 549 4447 esse
576 4390 779 4447 dictum
806 4392 1105 4460 Christum,
1132 4396 1258 4465 quia
1295 4396 1406 4452 Deo
1430 4397 1748 4467 conjunctus
1777 4410 1859 4456 est

358 4577 385 4606 ε
423 4566 484 4620 S.
514 4565 700 4636 Cyrilli
751 4573 931 4623 textus
978 4570 1080 4624 hoc
1123 4570 1241 4625 loco
1287 4573 1573 4627 admodum
1604 4577 1859 4633 mendose

275 4644 658 4713 recensentur.
747 4637 853 4713 E93
896 4637 1157 4713 _Alcuinus
1204 4642 1486 4710 descripsit
1547 4646 1742 4713 partim
1793 4663 1859 4702 ex

274 4706 651 4783 Exﬂicatione
676 4721 759 4783 sit
775 4706 1057 4783 Capitum,
1094 4725 1214 4778 qua:
1241 4706 1417 4783 gestat
1446 4706 1573 4783 tom'.
1608 4714 1669 4767 Vl
1693 4714 1855 4783 Oper.

164 4822 177 4828 -
277 4775 349 4858 8ζ
373 4774 562 4845 Cyrilli
586 4791 705 4858 Erg.
739 4774 869 4858 I_54,
887 4774 1213 4858 partimiex
1256 4780 1494 4858 Epistula
1526 4774 1858 4858 apologetica

276 4846 555 4921 adversus
597 4846 919 4921 Theodoreti
969 4846 1413 4921 reprehensiones
1456 4868 1530 4905 xu
1562 4846 1856 4921 ‘Cap'itum.

276 4913 501 4990 Primus
543 4915 706 4985 igitur
746 4915 895 4990 loc_u_s
936 4913 1249 4990 est'Cyrilli
1276 4913 1773 4979 Anathematisnms
1801 4926 1854 4990 8,

278 4983 380 5054 qui
407 4984 481 5038 ita
508 4983 669 5039 sonat
699 5004 711 5038 :
764 5004 782 5034 ‹
814 4985 871 5040 Si
897 4987 1020 5055 quis
1055 4983 1234 5043 dicere
1254 4993 1433 5053 audet,
1467 4991 1738 5045 hominem
1771 4983 1859 5048 as;

278 5065 559 5133 suamptum
588 5070 691 5108 una
726 5070 851 5133 cuﬁm
880 5056 970 5110 Dei
1002 5058 1176 5112 Verbo
1204 5060 1536 5133 adorandum
1563 5070 1618 5116 et
1645 5064 1860 5133 conglo-

277 5123 605 5197 riﬁcandum
624 5165 640 5188 ,
670 5132 738 5197 _et
780 5125 948 5179 Deum
968 5196 973 5197 γ
993 5136 1246 5197 tanquam
1285 5131 1512 5184 alterum
1542 5147 1666 5186 cum
1692 5123 1861 5188 altero

276 5193 776 5270 copnominandum
805 5210 923 5250 esse
956 5193 1135 5267 (hunc
1167 5200 1308 5254 enim
1334 5200 1660 5255 intellectum
1689 5204 1862 5270 parti-

275 5261 405 5318 cula
428 5279 569 5342 cum,
610 5261 819 5330 adjecta
855 5261 1114 5342 perpetuo
1139 5284 1209 5342 ac
1234 5271 1538 5342 necessario
1579 5261 1779 5342 affert),
1808 5280 1864 5327 et

277 5347 392 5386 non
441 5334 1131 5408 potius__una_adoratione
1173 5340 1575 5396 Emmanuelem
1608 5334 1859 5408 honorat,

275 5417 576 5481 unamque
626 5404 697 5458 illi
749 5405 1193 5475 gloriﬁcationem
1255 5411 1541 5475 attribuit,
1596 5404 1861 5481 quatenus

276 5472 525 5527 Verbum
548 5472 861 5530 factum'est
894 5492 1043 5541 caro,
1072 5481 1355 5533 anathema
1393 5481 1481 5533 sit.
1511 5472 1530 5532 ί

359 5543 387 5582 δ
426 5542 526 5597 Hic
568 5543 705 5599 alter
747 5552 923 5601 textus
953 5556 1131 5602 exstat
1161 5549 1215 5601 in
1263 5550 1623 5603 declaratione
1654 5552 1860 5607 nrzefati

278 5613 740 5691 Anathematismi
787 5617 843 5691 ξς,
887 5617 978 5691 qui
1030 5618 1101 5691 ibi
1132 5620 1225 5691 fita
1274 5618 1551 5674 redditur:
1591 5638 1610 5670 ‹
1652 5613 1706 5675 Si
1738 5623 1862 5691 quis

279 5633 740 5679 puatnemausmt
787 5633 843 5680 ts,
926 5634 978 5671 ut
1030 5633 1101 5672 tm
1151 5633 1225 5672 lla
1274 5633 1551 5674 reuatlut‘:
1591 5638 1610 5670 ι
1652 5633 1706 5675 SI
1738 5633 1857 5691 quis

279 5696 419 5755 ergo
454 5683 606 5740 illum
646 5685 803 5741 simul
852 5633 1064 5743 adorari
1111 5690 1242 5745 dicit
1283 5700 1537 5760 tanquam
1586 5691 1857 5749 hominem

1959 1850 2251 1907 absurdum
2309 1868 2427 1910 esse
2479 1848 2762 1921 videatur,
2818 1854 2989 1911 fatere
3036 1857 3315 1913 nobiscum
3360 1856 3531 1912 Deum

1958 1942 2109 1998 illum
2149 1960 2336 2000 verum
2362 1948 2627 2002 veraciter
2649 1948 2753 2003 dici
2780 1956 2835 2003 et
2862 1962 3003 2013 esse,
3030 1962 3137 2001 non
3174 1947 3533 2017 nuncupative

1958 2037 2110 2109 ﬁngi,
2156 2047 2211 2094 et
2261 2041 2556 2111 nuncupari
2604 2041 2747 2110 quod
2773 2055 2878 2095 non
2922 2048 3023 2095 est.
3060 2039 3414 2109 Incongruum
3450 2046 3534 2093 est

1958 2130 2102 2184 enim
2139 2139 2193 2185 et
2224 2132 2378 2186 valde
2401 2133 2657 2201 ineptum,
2684 2132 2859 2188 Deum
2883 2131 3107 2203 aliquid,
3130 2131 3408 2213 quodnon
3440 2130 3529 2194 sit,

1959 2222 2085 2287 dici,
2118 2222 2257 2278 sicut
2286 2232 2341 2278 et
2369 2240 2568 2297 negare
2589 2225 2732 2295 quod
2758 2232 2864 2292 est,
2890 2225 3115 2295 impium
3142 2231 3197 2279 et
3217 2220 3533 2278 detestabile

1958 2326 2078 2367 esse
2105 2313 2455 2385 dignoscitur.

1978 2439 2001 2462 .
2029 2406 2165 2459 XIII.
2206 2406 2335 2462 Post
2380 2408 2687 2463 testimonia
2742 2406 2906 2477 igitur
2945 2415 3255 2463 sanctorum
3287 2405 3533 2470 Patrum,

1960 2512 2079 2566 qua;
2101 2497 2268 2551 multa
2299 2498 2510 2566 quidem
2529 2538 2543 2561 ,
2578 2506 2635 2551 et
2662 2498 2904 2566 quaedam
2930 2498 3093 2552 etiam
3119 2510 3248 2553 vere
3285 2495 3532 2566 posuisti,

1961 2588 2055 2642 sed
2083 2588 2407 2643 omnimodis
2454 2588 2735 2643 catholicis
2760 2628 2775 2652 ,
2822 2603 2927 2642 non
2976 2587 3245 2643 haereticis
3276 2586 3532 2654 faventia,

1959 2675 2217 2745 praesules
2262 2691 2477 2746 quoque
2513 2676 2888 2746 Hispaniarum
2933 2676 3170 2741 inducis,
3204 2691 3338 2745 quos
3362 2684 3420 2731 tu
3441 2691 3533 2732 or-

1961 2766 2225 2820 thodoxos
2270 2766 2442 2821 dicis:
2475 2767 2527 2820 in
2568 2766 2653 2821 his
2691 2781 2808 2835 qua:
2836 2766 3062 2835 posuisti
3089 2765 3424 2821 orationibus
3451 2766 3534 2821 in-

1962 2853 2273 2908 dubitanter
2300 2855 2538 2909 haeretici
2564 2870 2683 2910 esse
2707 2857 3110 2926 dignoscuntur.
3179 2854 3291 2910 Nisi
3316 2855 3456 2911 forte
3479 2862 3536 2911 et

1962 2958 2150 2997 eorum
2177 2944 2341 3009 dicta,
2372 2946 2514 2999 sicut
2537 2954 2591 2999 et
2613 2945 2667 2999 in
2696 2945 2906 3000 caeteris
2934 2945 3166 3010 solebas,
3196 2944 3530 3014 depravaris,

1963 3033 2168 3088 scilicet
2191 3044 2251 3089 ut
2274 3037 2418 3104 quod
2444 3036 2520 3090 illi
2546 3037 2683 3091 bene
2710 3036 2978 3100 dixerunt,
3008 3044 3064 3091 tu
3084 3036 3138 3090 in
3165 3035 3533 3104 adjumentum

1883 3111 1929 3173 C
1961 3124 2164 3179 erroris
2194 3126 2269 3179 tui
2298 3134 2525 3193 mutare,
2573 3135 2628 3181 et
2683 3127 2909 3181 alterum
2952 3141 3049 3196 pro
3100 3126 3273 3182 altero
3319 3128 3536 3186 mittere

1960 3228 2123 3268 ausus
2161 3214 2254 3267 sis.
2295 3212 2558 3270 Asserunt
2600 3215 2742 3269 enim
2793 3214 3009 3284 quidam
3053 3230 3119 3269 ex
3158 3214 3261 3270 illis
3285 3214 3534 3273 Patribus

1961 3302 2164 3375 [Forte,
2196 3303 2485 3375 partibus],
2508 3303 2598 3359 ubi
2626 3313 2683 3358 tu
2713 3304 2914 3368 dixisti,
2946 3304 3028 3359 vel
3058 3304 3423 3373 adoptionem,
3446 3307 3532 3362 vel

1959 3394 2190 3463 adeptivi
2218 3396 2470 3459 hominis,
2500 3411 2593 3451 eos
2615 3396 2814 3450 dixisse
2837 3410 2935 3464 pro
2964 3394 3291 3466 [adoptione]
3320 3410 3530 3452 assum-

1957 3485 2215 3554 ptionem,
2239 3495 2295 3540 et
2321 3502 2419 3556 pro
2444 3487 2681 3558 adeptivi
2701 3488 2997 3556 assumpti:
3028 3495 3084 3541 et
3116 3487 3172 3541 in
3195 3488 3296 3542 hoc
3320 3503 3532 3558 quoque

1957 3584 2047 3630 tua
2097 3577 2359 3632 malevola
2405 3578 2648 3648 arguitur
2690 3578 3007 3648 pertinacia.
3079 3575 3138 3633 Si
3181 3578 3326 3633 enim
3354 3579 3407 3634 in
3440 3587 3530 3635 tua

1959 3670 2223 3725 sententia
2245 3706 2267 3737 ,
2308 3671 2461 3738 quasi
2502 3671 2554 3724 in
2577 3671 2802 3725 veritate
2830 3671 3159 3736 conﬁderes,
3192 3685 3531 3741 nequaquam

1958 3772 2022 3813 ea
2050 3775 2169 3829 qua:
2200 3759 2267 3813 ab
2289 3759 2408 3813 aliis
2435 3759 2573 3814 bene
2598 3761 2739 3816 dicta
2769 3769 2931 3825 sunt,
2978 3762 3032 3815 in
3066 3775 3291 3829 pravum
3315 3776 3532 3816 sensum

1958 3858 2230 3916 mutares;
2277 3851 2478 3905 veritas
2509 3852 2682 3915 enim,
2718 3853 3019 3920 ubicunque
3047 3860 3158 3913 est,
3188 3852 3533 3922 semetipsam

1958 3939 2216 3994 defendit.
2261 3938 2367 3996 Sed
2391 3941 2505 3995 sive
2534 3949 2737 3996 mutata
2763 3981 2778 4007 ,
2821 3942 2933 3996 sive
2960 3950 3020 3995 ut
3043 3943 3110 3996 ab
3134 3943 3214 3996 eis
3242 3951 3365 3999 sunt
3392 3944 3533 3998 dicta

1960 4031 2075 4086 hac
2114 4030 2302 4085 eadem
2347 4030 2652 4085 testimonia
2702 4046 2732 4085 a
2781 4038 2834 4085 te
2880 4031 3041 4102 857
3074 4031 3182 4087 sint
3205 4032 3396 4101 posita,
3424 4046 3535 4089 non

1960 4135 2283 4191 magnOpere
2329 4122 2624 4177 curandum
2673 4129 2784 4182 est;
2835 4137 2933 4176 nos
2977 4123 3121 4178 enim
3148 4123 3386 4179 Romana
3414 4124 3537 4194 plus

1961 4213 2281 4267 auctoritate
2324 4227 2486 4282 quam
2532 4211 2799 4281 Hispana,
2853 4213 3079 4268 veritate
3131 4214 3445 4270 assertionis
3478 4223 3537 4272 et

1962 4304 2084 4359 ﬁdei
2109 4313 2305 4359 nostra;
2345 4302 2522 4358 fulciri
2568 4303 2973 4368 desideramus;
3026 4304 3151 4359 licet
3196 4319 3296 4359 nec
3333 4304 3422 4359 illa
3449 4321 3534 4363 re-

1961 4395 2275 4465 probemus,
2327 4393 2383 4447 in
2426 4392 2511 4448 his
2563 4399 2741 4447 tamen
2790 4407 2909 4462 quae
2957 4393 3220 4450 catholice
3255 4394 3527 4451 dicuntur.

1961 4588 2227 4638 seorsum,
2256 4587 2379 4627 cum
2408 4572 2517 4626 Deo
2540 4569 2719 4652 Ifatris
2750 4569 2947 4631 Verbo.
2983 4562 3236 4651 tanquam
3262 4570 3433 4652 altero
3463 4587 3532 4630 an

1961 4644 2099 4712 ipso,
2130 4650 2184 4697 et
2230 4658 2332 4696 non
2376 4641 2886 4712 secundumdveram
2920 4640 3171 4712 unionem
3202 4640 3535 4712 coniungens

1961 4710 2015 4767 in
2039 4727 2203 4766 unum
2232 4712 2506 4767 Christum
2546 4719 2599 4764 et
2623 4710 2814 4763 Filium
2841 4718 2896 4762 et
2923 4710 3207 4764 Dominum
3231 4750 3246 4774 ,
3278 4726 3384 4765 una
3408 4710 3536 4768 ado-

1961 4784 2171 4837 ratione
2197 4783 2428 4837 honorat
2452 4794 2473 4846 ,‘
2498 4780 2643 4849 juste
2671 4780 2859 4834 virtuti
2891 4780 3049 4849 hujus
3083 4779 3534 4839 Anathematismi

1963 4852 2262 4907 subiicitur.
2297 4871 2315 4902 ι

2357 4921 2445 4995 hic
2492 4920 2641 4995 locus
2677 4920 2908 4974 habetur
2932 4920 3002 4995 in
3029 4920 3345 4995 defensione
3372 4923 3532 4995 hujus

1959 4991 2410 5046 Anathematismi
2458 4990 2719 5060 adversus
2771 4992 3242 5060 reprehensionem
3291 4990 3537 5051 Theodo-

1960 5062 2082 5124 reti,
2112 5060 2152 5133 _l.
2185 5061 2285 5133 cit:
2302 5076 2423 5130 pag.
2456 5059 2663 5133 226,_et
2699 5060 2772 5133 ita
2802 5059 2872 5115 ibi
2910 5071 3102 5133 sonat:
3139 5079 3158 5112 ‹
3185 5062 3318 5118 Nam
3369 5065 3537 5133 siqui-

1962 5133 2083 5186 dem
2109 5131 2223 5198 ipse
2256 5130 2398 5185 Deus
2442 5129 2602 5184 simul
2629 5138 2684 5184 et
2714 5129 2902 5194 homo,
2937 5132 3197 5186 adoratur
3221 5133 3362 5188 sicut
3394 5129 3534 5189 unus

1962 5200 2276 5273 adoratione
2301 5216 2441 5273 una,
2457 5207 2510 5252 et
2536 5215 2641 5254 non
2672 5202 2996 5273 coazloratur
3021 5210 3076 5256 et
3108 5203 3267 5257 simul
3297 5203 3533 5273 appella-

1966 5280 2052 5325 tur
2072 5271 2251 5324 Deus:
2304 5284 2373 5324 ne
2404 5270 2717 5325 Emmanuel
2756 5272 3010 5326 credatur
3048 5287 3168 5328 esse
3211 5270 3532 5326 bom'o'sim-

1964 5341 2176 5412 pliciter
2202 5348 2256 5412 et
2285 5342 2587 5395 communis
2629 5342 2769 5396 sicut
2798 5356 2895 5397 nos
2914 5383 2928 5405 ,
2973 5350 3029 5396 et
3065 5357 3161 5412 per
3186 5342 3416 5412 gratiam
3446 5341 3497 5395 di
3515 5372 3531 5385 -

1964 5358 2176 5411 pucuer
2202 5358 2256 5393 et
2285 5358 2587 5395 communis
2629 5358 2769 5396 SICIII.
2798 5358 2895 5397 nos
2914 5383 2928 5405 ,
2973 5358 3029 5396 et
3065 5358 3161 5412 per
3186 5358 3416 5465 gratiam
3446 5358 3529 5395 (ll-

1962 5412 2100 5482 vinze
2125 5410 2306 5482 gloriae
2324 5412 2622 5480 particeps;
2656 5412 2751 5466 sed
2790 5412 3144 5467 conﬁteamur
3168 5412 3316 5465 ilum
3349 5412 3529 5481 potius

1962 5479 2147 5535 Denm'
2183 5481 2235 5535 in
2284 5495 2445 5535 carne
2475 5479 2694 5549 propter
2738 5498 2854 5546 nos,
2901 5482 2954 5536 id
2980 5490 3083 5544 est,
3108 5495 3231 5535 vere
3258 5479 3530 5538 hominem

1963 5551 2181 5613 factum,
2212 5567 2319 5605 non
2351 5551 2642 5605 mutatione
2682 5560 2886 5606 natura:
2930 5549 3222 5605 secundum
3253 5551 3530 5609 alteratio-

1962 5637 2085 5677 nem
2115 5630 2170 5674 et
2192 5622 2518 5685 versionem,
2548 5622 2642 5676 sed
2662 5623 2878 5676 unionis
2906 5620 3323 5688 dispensatione.
3353 5643 3372 5675 ι
3500 5640 3501 5643 η

2031 5691 2056 5730 ἀ
2099 5691 2227 5758 ρυςε
2254 5692 2405 5749 uncis
2435 5692 2641 5749 inclusa
2670 5700 2793 5748 sunt
2822 5690 3120 5746 redundare
3152 5690 3403 5753 videntur
