4030 6358
519 327 623 389 2‘27

1372 326 1431 380 Β.
1471 321 1533 381 r.
1574 321 1804 382 nam
1825 320 1961 382 seu
1985 315 2262 381 ALCUIN!
2303 319 2590 381 OPERUM
2623 319 2803 382 rans
2839 318 2926 381 ιιι.
3019 299 3024 304 ’
3079 301 3083 306 ’

3663 305 3768 390 ass

515 464 543 494 ι
564 443 943 518 Unusquistpte
970 445 1023 500 in
1052 441 1154 499 hoc
1185 457 1242 498 se
1271 439 1612 498 retutandum
1634 443 1783 504 sciat,
1810 443 1863 496 in
1891 453 1997 510 quo
2019 441 2085 496 ab
2114 441 2162 504 Α
2187 437 2372 492 uitatis
2401 447 2674 508 assumpta
2699 453 2806 495 non
2859 440 3023 495 alium
3071 435 3200 498 fecit
3229 453 3347 499 esse
3389 457 3514 500 eum
3557 445 3650 524 qui
3700 463 3766 507 ex

515 538 801 599 universali
830 537 1078 593 dissentit
1109 533 1365 590 Ecclesia.
1436 534 1675 588 Romana
1707 533 1870 604 igitur
1904 531 2092 586 Eccle-

514 630 615 696 sia,
651 645 768 704 quso
805 643 834 684 a
882 626 1161 684 catholicis
1191 635 1243 680 et
1277 625 1424 680 recte
1452 625 1793 681 credentibus
1821 623 2091 692 sequenda

514 739 633 781 esse
660 721 938 794 probatur,
989 735 1046 776 se
1089 733 1184 790 per
1223 733 1405 774 verum
1437 717 1631 772 Filium
1665 717 1761 772 Dei
1795 723 1849 771 et
1881 717 1932 770 in
1962 715 2094 770 mis-

517 829 700 873 sarum
748 813 1042 878 solemnils,
1112 821 1164 869 et
1216 813 1267 866 in
1319 811 1528 866 caeteris
1580 825 1792 880 quoque
1842 806 2091 863 omnibus

517 907 734 979 soriptis
765 907 878 963 suis
901 949 914 972 ,
964 905 1050 962 vel
1094 903 1147 961 in
1175 906 1416 975 epistolis
1451 903 1610 958 fateri
1649 905 1812 971 solet,
1846 921 1968 960 eum
1998 903 2090 974 qui

515 1017 612 1071 pro
641 1009 823 1055 nostra
867 999 1038 1055 salute
1081 996 1242 1053 homo
1281 995 1395 1052 ﬁeri
1424 997 1670 1068 dignatus
1702 1005 1798 1059 est,
1838 1005 1892 1051 et
1915 996 2090 1051 crucis

515 1089 698 1148 subire
746 1090 960 1164 [Forte,
997 1087 1246 1160 subiisse]
1280 1097 1626 1145 tormentum.
1665 1085 1721 1143 In
1750 1087 1911 1143 missa
1939 1103 2092 1142 nam-

517 1197 620 1251 que
650 1181 897 1236 ltumanre
945 1177 1256 1236 Nativitatis
1295 1175 1533 1248 ejusdem
1578 1175 1788 1234 Domini
1819 1176 1990 1232 nostri
2017 1177 2094 1236 ita

514 1281 737 1328 cantare
791 1271 1023 1328 solemus
1069 1286 1083 1324 :
1144 1267 1380 1336 Prwsta,
1429 1279 1484 1323 ut
1540 1267 1876 1340 Um'genitum
1917 1275 2088 1334 tuum,

515 1345 666 1434 quem
701 1361 1071 1433 redemptorem
1119 1360 1227 1414 lteti
1265 1359 1584 1431 suscepimus
1605 1401 1619 1426 ,
1653 1361 1936 1414 venientem
1959 1377 2089 1430 quo-

516 1469 616 1523 que
634 1453 868 1522 judicem
897 1452 1066 1506 securi
1099 1451 1384 1506 videamus.
1426 1449 1580 1504 Illum
1609 1450 1700 1518 qui
1725 1465 1822 1504 nos
1846 1465 1943 1504 suo
1963 1464 2091 1504 san-

519 1544 680 1616 guine
701 1542 957 1607 redemit,
985 1549 1040 1596 et
1068 1557 1230 1611 super
1263 1558 1420 1596 suum
1450 1539 1738 1597 adventum
1755 1535 2094 1608 iudicaturus

519 1641 600 1691 est
635 1634 926 1697 mundum,
974 1631 1308 1704 unigenitum
1350 1631 1545 1688 Filium
1585 1632 1680 1688 Dei
1727 1631 2090 1687 conﬁtemur:

520 1723 664 1800 quod
719 1726 784 1780 de
831 1725 1164 1780 humanitate
1218 1721 1358 1780 illius
1410 1726 1524 1778 sine
1555 1723 1716 1779 dubio
1755 1725 1954 1778 dictum
1992 1731 2089 1779 est.

2193 527 2412 597 Virgine
2444 539 2602 584 natus
2649 540 2752 598 est,
2791 547 2952 601 quam
3013 549 3134 589 eum
3182 535 3273 606 qui
3331 551 3398 592 ex
3430 537 3592 596 Patre
3647 550 3773 600 ante

2193 626 2433 688 tempora
2482 619 2691 689 genitus
2734 629 2819 675 est
2845 639 2857 675 :
2885 621 2978 677 sed
3019 626 3267 680 eumdem
3311 628 3484 696 ipsum
3529 630 3632 686 hoc
3659 632 3768 690 face

2193 716 2306 764 tum
2327 723 2466 774 esse,
2501 709 2642 779 quod
2674 720 2799 764 ante
2819 729 2925 768 non
2959 712 3077 779 fuit,
3105 725 3352 786 patenter
3372 725 3626 778 ostendit.

2260 797 2376 856 XV.
2405 799 2508 855 Sed
2545 802 2668 871 quia
2701 803 2918 874 longum
2948 813 3050 870 est,
3090 819 3283 862 cuncta
3334 817 3440 865 tua:
3479 815 3768 882 pravitatis

2192 899 2506 962 argumenta
2535 891 2822 958 discutere,
2847 893 2912 950 de
2938 898 3040 952 hoc
3069 899 3164 952 tibi
3197 901 3523 969 respondere
3555 905 3609 958 in
3637 921 3761 974 prae-

2191 985 2330 1038 senti
2373 981 2620 1050 sufficiat,
2667 987 2810 1057 quod
2854 983 3048 1044 Filium
3101 991 3197 1046 Dei
3221 993 3494 1050 hominem
3535 995 3739 1053 facturr,

2193 1085 2378 1128 verum
2403 1071 2572 1129 Deum
2597 1089 2693 1146 per
2730 1075 2834 1133 hoc
2860 1081 3093 1135 maxime
3133 1097 3331 1156 negare
3363 1088 3596 1153 coneris,
3649 1087 3775 1158 quia

2190 1177 2290 1236 pro
2331 1179 2388 1220 se
2415 1163 2610 1236 legitur
2629 1181 2813 1223 orasse
2841 1170 2982 1224 sicut
3033 1177 3086 1228 et
3133 1187 3232 1242 pro
3260 1177 3433 1230 nobis.
3487 1173 3641 1244 Quod
3684 1179 3778 1235 ubi

2192 1252 2435 1322 legisses,
2466 1267 2685 1323 prorsus
2713 1256 2919 1325 ignoro,
2945 1257 3152 1315 scilicet
3185 1279 3205 1312 t
3236 1259 3430 1318 Filium
3465 1265 3556 1320 Dei
3582 1283 3683 1337 pro
3697 1285 3776 1335 se,

2193 1339 2332 1398 sicut
2361 1355 2460 1412 pro
2501 1341 2654 1398 nobis
2702 1359 2906 1401 orasse.
2948 1366 2966 1400 ι
3009 1347 3141 1403 Nam
3179 1353 3305 1420 quid
3363 1351 3462 1408 sibi
3513 1365 3780 1426 przestare

2193 1429 2622 1501 ipsenonpotuit,
2655 1435 2742 1488 cui
2759 1435 2933 1490 omnia
2957 1435 3095 1492 dedit
3121 1435 3283 1495 Pater
3300 1443 3354 1498 in
3380 1459 3567 1500 manus
3587 1447 3776 1517 (Joan.

2194 1531 2277 1585 ιιι,
2306 1519 2553 1592 δωιγρι
2580 1521 2732 1592 cujus
2771 1529 2980 1594 peccati
3015 1530 3228 1585 veniam
3273 1543 3302 1586 a
3355 1533 3464 1590 Deo
3505 1537 3783 1606 postulare

2194 1613 2464 1683 putandus
2503 1627 2608 1681 est,
2638 1617 2727 1688 qui
2743 1630 3010 1688 peccatum
3035 1636 3136 1676 non
3163 1621 3306 1692 fecit,
3344 1639 3436 1681 nec
3497 1629 3652 1686 dolus
3693 1633 3782 1686 in-

2194 1709 2376 1758 ventus
2403 1713 2478 1758 est
2521 1707 2575 1760 iu
2607 1723 2696 1761 ore
2725 1705 2839 1778 ejus
2871 1703 3022 1780 (Isai.
3065 1725 3182 1778 Lm,
3214 1711 3280 1779 9;
3314 1711 3344 1768 1
3371 1709 3516 1770 Petr.
3551 1733 3612 1784 ιι,
3653 1715 3788 1791 22)?

518 1787 647 1873 [lem
675 1815 729 1874 in
755 1813 840 1871 die
860 1813 1067 1870 Natalis
1089 1813 1297 1869 Domini
1323 1830 1336 1866 :
1363 1811 1616 1878 Concede,
1643 1829 1962 1883 quwsumtts,
1987 1828 2097 1865 om-
2127 1787 2175 1855 θ
2202 1796 2310 1851 Νοθ
2339 1811 2590 1868 namque.
2618 1799 2708 1868 (illi
2739 1800 2908 1856 Deum
2938 1799 3305 1861 indeSinenler
3332 1821 3490 1863 orare
3503 1787 3785 1879 jubemur,

522 1907 753 1978 nipotens
777 1903 934 1967 Deus,
987 1914 1042 1957 ut
1072 1921 1162 1956 nos
1213 1899 1479 1972 Unigeniti
1516 1905 1592 1956 tui
1620 1920 1748 1957 nova
1778 1919 1869 1972 per
1889 1918 2097 1956 carnem

523 1995 766 2050 natit'itas
804 1993 1000 2048 liberet.
1060 1993 1126 2048 Et
1170 1993 1334 2047 alibi:
1402 1992 1544 2046 Deus
1589 1991 1680 2061 qui
1725 1989 1986 2062 Unigeuiti
2023 1989 2100 2043 tui

519 2083 744 2154 pretioso
789 2081 1064 2151 sanguine.
1116 2077 1250 2134 item
1297 2087 1489 2149 quarta
1520 2079 1652 2134 feria
1687 2089 1811 2135 ante
1849 2079 2051 2133 Pascha
2083 2095 2094 2131 :

523 2170 750 2237 Prwsta,
781 2187 1101 2243 quorsumus,
1133 2171 1454 2241 omnipotens
1489 2167 1648 2235 Deus,
1683 2178 1742 2223 ut
1783 2185 1874 2240 per
1913 2167 2102 2237 Uulga-

525 2261 620 2315 nlti
651 2260 729 2314 tui
773 2261 1065 2331 passionem
1103 2259 1400 2314 liberemur.
1451 2257 1520 2314 Et
1555 2259 1609 2314 in
1657 2260 1760 2313 alia
1811 2257 2097 2314 oratione:

521 2351 757 2420 Largire,
789 2353 1108 2420 omnipotens
1135 2351 1297 2414 Deus,
1324 2361 1378 2404 ut
1400 2368 1491 2421 per
1517 2347 1849 2420 temporalem
1873 2344 2002 2402 Filii
2026 2345 2102 2402 tui

523 2451 760 2504 mortem,
802 2453 958 2511 quam
992 2437 1240 2510 mysteria
1269 2441 1566 2495 veneranda
1595 2449 1866 2495 testantur.
1909 2437 1976 2494 Et
2002 2438 2103 2494 hoc

525 2531 736 2602 smptus,
770 2543 935 2602 quam
961 2537 1018 2586 ut
1056 2529 1317 2601 exemplis
1347 2540 1533 2602 egeat,
1563 2531 1871 2586 invenitur:
1899 2526 2102 2586 scilicet

526 2623 669 2694 quod
699 2621 834 2692 ipse,
879 2617 970 2690 qui
1012 2633 1111 2690 pro
1139 2618 1296 2674 nobis
1321 2633 1509 2691 passus
1531 2625 1615 2676 est
1633 2627 1880 2682 mortem,
1912 2621 2104 2673 unicus

523 2721 582 2770 et
606 2725 766 2769 verus
790 2709 991 2767 dicitur
1017 2707 1188 2767 Filius
1217 2707 1333 2776 Dei,
1364 2709 1504 2766 sicut
1531 2723 1658 2766 vere
1688 2718 1789 2766 est.
1835 2707 1990 2764 Tales
2015 2721 2103 2764 er-

522 2821 590 2888 go
621 2809 867 2862 auctores
900 2801 1072 2876 magis
1102 2799 1404 2874 sequendos
1435 2799 1725 2888 elegimus,
1751 2801 1804 2855 in
1835 2795 2030 2870 quibus
2049 2801 2104 2853 et

525 2887 660 2954 lldes
687 2893 909 2960 rectior,
937 2903 992 2950 et
1019 2891 1222 2949 veritas
1250 2897 1472 2964 apparet
1503 2887 1858 2946 manifestior.

593 2983 732 3042 XIV.
767 2981 926 3052 Quod
965 2983 1127 3055 igitur
1172 2983 1366 3038 obnixe
1395 2975 1697 3052 postulasti,
1743 2979 2024 3050 impletum
2070 2993 2101 3032 a

524 3073 680 3133 nobis
709 3071 982 3137 arbitrer;
1015 3071 1096 3127 ais
1117 3081 1387 3140 namque:
1417 3087 1436 3122 ε
1468 3069 1524 3124 Si
1547 3070 1668 3140 quis
1715 3082 1815 3124 nos
1841 3083 1869 3124 a
1913 3075 2102 3123 nostra

2200 1887 2462 1943 habemus
2488 1887 2605 1945 sine
2637 1889 2798 1947 dubio
2831 1893 2976 1964 quod
3019 1897 3175 1951 nobis
3237 1897 3309 1952 ab
3349 1911 3413 1954 eo
3448 1899 3786 1970 dimittatur;

2200 1978 2450 2034 Christus
2476 1995 2622 2046 vero,
2652 1983 2782 2052 quid
2807 1983 2910 2040 sibi
2935 1981 3134 2041 dimitti
3162 1987 3479 2058 postularet,
3525 1995 3618 2062 qui
3672 2012 3784 2052 un-

2201 2080 2360 2139 quam
2385 2071 2668 2127 nihil—i‘ecit
2695 2067 2836 2143 quod
2874 2075 2924 2130 ei
2959 2075 3158 2132 dimitti
3189 2081 3492 2149 potuisset?
3535 2081 3642 2140 Pro
3687 2103 3788 2142 no-

2201 2159 2284 2218 bis
2305 2177 2433 2233 ergo
2453 2177 2612 2220 orare
2642 2164 2943 2223 credendus
2967 2179 3070 2232 est,
3101 2171 3309 2226 scilicet
3331 2189 3428 2243 pro
3458 2191 3554 2230 suo
3580 2192 3784 2248 corpo-

2201 2263 2282 2318 re,
2311 2253 2454 2323 quod
2479 2253 2720 2311 Ecclesia
2745 2265 2847 2323 est,
2872 2271 3032 2328 quam
3063 2259 3240 2316 adhuc
3266 2263 3320 2317 in
3348 2263 3645 2336 fragilitate
3667 2285 3792 2322 car-

2201 2343 2288 2397 nis
2313 2345 2540 2414 positam
2571 2345 2888 2417 freqnenter
2921 2361 3145 2419 peccare
3191 2365 3295 2407 non
3350 2353 3578 2425 ignorat.
3632 2357 3792 2425 Quod

2202 2434 2372 2504 οδε
2396 2435 2573 2504 ipsum
2600 2445 2655 2492 et
2701 2434 2860 2493 hodie
2896 2453 3110 2509 quoque
3149 2440 3278 2497 facit
3332 2443 3586 2516 Apostolo
3625 2456 3792 2514 teste,

2202 2522 2292 2592 qui
2323 2525 2400 2578 ait
2424 2537 2435 2576 :
2463 2524 2567 2590 Qui
2585 2528 2740 2581 etiam
2757 2525 3052 2599 interpellat
3069 2545 3163 2600 pro
3177 2531 3322 2585 nobis
3341 2531 3518 2604 (Rom.
3532 2551 3651 2600 vui,
3668 2535 3788 2610 54).

2203 2615 2387 2686 Igitur,
2411 2621 2472 2669 ut
2498 2617 2863 2684 praediximus,
2887 2631 2952 2672 eo
2973 2615 3133 2672 modo
3158 2633 3259 2690 pro
3289 2621 3443 2677 nobis
3469 2637 3628 2679 orare
3649 2623 3790 2681 dici-

2204 2709 2311 2768 tur,
2341 2706 2484 2772 quod
2515 2706 2660 2760 illam
2684 2717 2904 2761 carnem
2951 2721 3113 2778 quam
3142 2721 3242 2778 pro
3286 2707 3442 2766 nobis
3472 2713 3790 2785 assumpsit,

2204 2797 2384 2866 inqua
2409 2805 2463 2850 et
2481 2809 2676 2868 passus
2697 2805 2801 2864 est,
2832 2797 2942 2854 Deo
2982 2797 3131 2855 Patri
3187 2803 3420 2859 ostendit
3467 2815 3482 2858 :
3536 2805 3655 2862 haec
3709 2811 3795 2864 est

2203 2889 2346 2942 enim
2373 2885 2490 2956 ejus
2515 2903 2615 2959 pro
2640 2885 2793 2944 nobis
2817 2889 3202 2961 interpellatio;
3232 2895 3441 2950 scilicet
3483 2897 3792 2968 passiones,

2204 2989 2341 3047 quas
2360 2989 2459 3047 pro
2487 2978 2640 3031 nobis
2659 2979 2920 3034 innocens
2950 2979 3208 3051 suscepit,
3252 2987 3604 3040 manstrando
3656 3003 3796 3058 quo-

2205 3067 2331 3123 dam
2359 3069 2518 3123 modo
2543 3067 2712 3123 Deum
2737 3069 2972 3136 Patrem,
3000 3079 3060 3126 nt
3079 3071 3254 3127 nostri
3301 3075 3645 3145 misereatur,
3699 3077 3797 3133 ad-

522 3163 858 3242 profcssione
897 3161 1168 3220 declinare
1192 3161 1327 3228 Vult,
1385 3162 1622 3232 proferat
1669 3175 1822 3232 aeque
1876 3160 2099 3217 idoneos
2129 3155 2174 3224 C
2203 3170 2424 3215 monere
2449 3175 2462 3214 :
2492 3169 2598 3215 non
2625 3161 2770 3232 quod
2805 3157 2896 3218 ille
2951 3161 3074 3218 fons
3123 3161 3401 3234 sapientiae
3447 3175 3503 3222 et
3548 3165 3798 3224 scientiae

525 3263 708 3322 testes,
741 3253 832 3328 qui
872 3255 1139 3310 aillrment
1183 3255 1332 3322 quod‘
1377 3265 1440 3307 ex
1500 3261 1655 3306 utero
1696 3251 1886 3307 matris
1941 3265 2102 3308 verus

524 3348 667 3407 Deus
695 3347 768 3404 sit
797 3355 1106 3418 conceptus,
1139 3353 1191 3400 et
1215 3359 1374 3401 verus
1396 3343 1466 3399 sit
1491 3341 1662 3398 Filius
1693 3343 1808 3398 Dei.
1838 3361 1858 3394 ι
1901 3339 2104 3398 Omnes

528 3451 759 3509 namque
796 3435 1075 3508 pontiﬁces
1104 3443 1302 3492 sanctae
1339 3430 1594 3490 Romanae
1607 3433 1883 3498 Ecclesiae,
1908 3441 1968 3486 ut
1978 3447 2107 3503 pra:-

527 3527 781 3596 diximus,
815 3525 1014 3583 talibus
1038 3522 1114 3582 uti
1163 3525 1410 3584 solebant
1448 3523 1766 3590 rationibus,
1819 3534 1879 3579 ut
1924 3523 2107 3580 Jesum

528 3616 804 3678 Christum
833 3613 1169 3675 Salvatorem
1200 3627 1443 3673 nostrum
1468 3615 1663 3672 Filium
1709 3615 1808 3671 Dei
1869 3613 2111 3687 unigeni-

531 3715 642 3768 tum
667 3706 1034 3766 lndabitanter
1053 3709 1338 3765 fateantur.
1356 3703 1470 3763 Non
1487 3717 1665 3762 autem
1688 3715 1770 3763 est
1785 3703 2109 3772 mirandum,

531 3799 578 3857 si
606 3795 762 3874 longe
786 3811 814 3855 a
837 3795 1083 3855 veritatis
1104 3800 1192 3853 via
1218 3806 1420 3862 errent,
1477 3797 1569 3868 qui
1609 3795 1780 3866 ipsam
1814 3793 2111 3851 Veritatem

535 3887 980 3948 incom'enienter
1003 3891 1057 3946 et
1085 3889 1264 3960 inepte
1284 3899 1526 3959 miserere
1553 3889 1607 3943 in
1637 3885 1750 3944 suis
1777 3883 2113 3942 orationibus

535 3981 942 4052 dignoscantur.
985 3977 1080 4036 Vel
1126 3977 1392 4052 quomodo
1462 3977 1750 4033 Veritatem
1801 3979 2115 4049 dignoscere

532 4085 688 4144 posse
709 4073 977 4142 putandus
998 4078 1101 4136 est,
1127 4073 1218 4142 qui
1245 4072 1491 4125 eamdem
1508 4067 1802 4124 Veritatem
1819 4069 1930 4125 suis
1956 4067 2114 4126 dictis

534 4173 588 4219 et
611 4160 828 4234 scriptis
853 4171 1124 4234 oppugnat
1145 4159 1295 4217 ?Sed
1320 4165 1376 4216 et
1401 4155 1550 4225 illud,
1576 4155 1724 4229 quod
1747 4157 1842 4214 tibi
1879 4155 2110 4224 ostendi,

534 4253 796 4326 postulas,
835 4253 1094 4325 quomodo
1118 4269 1268 4308 verus
1287 4245 1432 4306 Deus
1459 4259 1734 4321 conceptus
1765 4257 1841 4305 est
1867 4257 1914 4305 et
1937 4259 2110 4317 natus,

536 4345 640 4401 hoc
669 4351 779 4398 toto
803 4346 1090 4413 praesentis
1115 4341 1294 4412 operis
1326 4349 1474 4396 textu
1507 4351 1682 4397 tecum
1703 4337 1933 4410 egimus,
1967 4335 2111 4412 quod

537 4429 628 4490 tite
655 4433 964 4504 unigenitus
1009 4429 1176 4488 Filius
1227 4433 1319 4487 Dei
1361 4429 1598 4488 Verbum
1640 4434 1816 4488 Patris
1853 4447 1981 4489 caro
2026 4433 2112 4490 fa-

2202 3249 2484 3320 plenitndo
2533 3249 2736 3318 aliquid
2785 3249 3038 3322 ignorare
3100 3247 3304 3322 possit,
3366 3251 3462 3310 sed
3512 3255 3640 3325 quia
3690 3255 3801 3312 hoc

2205 3342 2347 3412 quod
2371 3353 2587 3411 semper
2614 3341 2715 3396 scit
2739 3351 2794 3396 et
2822 3341 3119 3410 desiderat,
3148 3357 3250 3416 per
3277 3347 3462 3402 carnis
3502 3361 3568 3403 ex
3637 3347 3801 3405 nobis

2207 3439 2503 3499 assumpta:
2520 3439 2769 3485 naturam
2792 3439 3028 3501 praestat,
3061 3435 3203 3503 quod
3230 3433 3592 3504 praestandum
3620 3446 3675 3492 et
3695 3451 3799 3495 no—

2208 3525 2293 3580 bis
2319 3523 2656 3594 profuturum
2682 3531 2802 3579 esse
2831 3525 3132 3596 cognoscit,
3157 3525 3212 3581 id
3237 3537 3339 3593 est,
3374 3525 3429 3583 in
3469 3543 3526 3584 se
3565 3529 3800 3587 creden-

2211 3623 2315 3680 tes,
2347 3621 2401 3668 et
2429 3616 2482 3669 in
2505 3629 2564 3670 se
2589 3623 2886 3685 sperantes,
2911 3623 2965 3671 et
2994 3625 3240 3673 amantes
3277 3631 3606 3690 cognoscere
3638 3621 3798 3679 facit.

2213 3703 2326 3760 Hoc
2349 3706 2521 3775 ipsum
2551 3717 2784 3776 namque
2803 3714 2858 3761 et
2879 3705 3244 3780 praedecessor
3266 3709 3689 3770 tuusNestorius
3715 3732 3807 3771 so-

2212 3789 2358 3850 lebat
2391 3793 2592 3864 tlcere,
2625 3793 2874 3854 videlicet
2903 3797 3044 3870 quod
3066 3799 3316 3858 Christus
3345 3815 3445 3873 pro
3493 3821 3551 3860 se
3591 3814 3648 3859 et
3703 3823 3805 3878 pro

2212 3899 2412 3958 genere
2434 3883 2677 3959 corporis
2701 3885 2784 3944 sui
2813 3887 3136 3946 sacriﬁcium
3167 3887 3468 3948 obtulisset.
3487 3891 3642 3962 Quod
3655 3897 3805 3950 enim

2213 3983 2272 4030 tu
2309 3987 2494 4033 orasse
2516 3993 2640 4033 eum
2684 3989 2786 4048 pro
2813 3995 2870 4035 se
2897 3975 3053 4048 dicis,
3086 3979 3188 4038 hoc
3213 3977 3319 4050 ille,
3344 3981 3487 4040 idem
3511 3981 3700 4042 volens
3724 3989 3807 4042 in-

2215 4067 2401 4138 telligi,
2431 4067 2694 4126 obtulisse
2733 4067 2868 4126 dixit
2899 4083 2957 4128 se
2989 4085 3088 4145 pro
3137 4089 3195 4130 se
3233 4081 3288 4130 et
3334 4091 3549 4148 genere.
3601 4078 3809 4135 Contra

2212 4169 2376 4229 quam
2401 4159 2790 4230 blasphemiam
2822 4161 2949 4232 quid
2971 4165 3163 4220 beatus
3190 4161 3424 4238 Cyrillus
3435 4171 3807 4240 opposuisset,

2214 4251 2359 4318 audi,
2388 4251 2464 4306 ait
2505 4251 2651 4308 enim
2683 4273 2695 4306 :
2728 4271 2746 4305 ι
2771 4253 2830 4309 Si
2853 4255 2974 4326 quis
3021 4255 3170 4322 dicit,
3215 4259 3339 4327 quia
3375 4277 3475 4329 pro
3511 4277 3569 4316 se
3604 4261 3809 4318 obtulit

2212 4335 2462 4397 Christus
2485 4343 2841 4410 oblationem,
2871 4353 2924 4399 et
2951 4361 3058 4400 non
3085 4347 3255 4417 magis
3298 4363 3397 4419 pro
3445 4352 3602 4407 nobis
3652 4353 3810 4422 solis,

2213 4431 2499 4487 anathema
2526 4433 2614 4488 sit.
2655 4455 2673 4485 ι
2706 4433 2772 4488 Et
2801 4435 2929 4491 alibi
2958 4447 2972 4490 ε
3011 4456 3028 4487 ι
3061 4431 3267 4493 Obtulit
3295 4437 3436 4494 enim
3452 4458 3653 4512 corpus
3679 4460 3813 4516 pro-

536 4532 683 4580 ctum
720 4533 822 4578 est.
855 4523 988 4576 Nam
1017 4525 1068 4598 si
1087 4538 1249 4576 verus
1271 4522 1442 4608 Filius
1464 4522 1556 4608 Dei
1583 4538 1690 4577 non
1715 4532 1818 4588 est,
1862 4525 1954 4592 qui
1980 4541 2113 4579 con-
2145 4515 2197 4582 Ῑ)
2220 4525 2414 4594 prium,
2451 4539 2557 4577 non
2587 4540 2686 4593 pro
2729 4542 2810 4592 se,
2837 4527 2929 4581 sed
2957 4543 3056 4597 pro
3087 4530 3262 4584 nobis.
3297 4530 3432 4586 Nam
3461 4549 3567 4603 qua
3607 4515 3709 4604 pro
3729 4541 3816 4608 λεδ

540 4621 728 4686 ceptus
752 4621 856 4678 ett,
890 4615 943 4669 et
965 4621 1125 4668 natus
1145 4627 1212 4667 ex
1235 4607 1442 4683 virgine
1470 4607 1657 4678 Maria,
1688 4623 1787 4669 nec
1810 4623 1994 4668 verum
2011 4621 2114 4681 est,

540 4707 692 4779 quod
721 4705 963 4764 Joannes
997 4709 1076 4762 ait.
1103 4725 1114 4760 :
1142 4706 1298 4774 Quod
1337 4705 1564 4762 Verbum
1607 4723 1732 4762 caro
1769 4708 1970 4777 factum
2023 4719 2118 4764 est.

541 4799 682 4866 Quid
711 4799 860 4854 enim
885 4798 1157 4869 signiﬁcat
1181 4798 1236 4852 in
1261 4797 1362 4852 hoc
1381 4798 1526 4868 quod
1551 4800 1665 4853 ait:
1727 4796 1952 4853 Verbum
1998 4811 2121 4853 caro

545 4885 743 4958 factum
764 4894 859 4949 est,
884 4885 987 4939 nisi
1015 4883 1184 4938 Filius
1229 4884 1322 4938 Dei
1377 4885 1611 4939 humana
1664 4899 1829 4940 carne
1874 4892 2124 4954 suscepta

546 4967 708 5032 boum
739 4967 913 5032 iactus
934 4973 1049 5030 cst?
1087 4972 1241 5042 Quod
1272 4973 1318 5030 si
1354 4991 1520 5030 verus
1545 4973 1688 5030 Deus
1713 4981 1770 5030 et.
1783 4991 1942 5031 verus
1957 4975 2126 5030 Filius

549 5067 650 5124 Det
673 5075 964 5136 conceptus
977 5083 1086 5122 mn
1113 5076 1220 5131 est,
1245 5082 1346 5122 nec
1370 5081 1531 5122 verus
1553 5067 1721 5122 Filius
1748 5067 1842 5123 Dei
1861 5082 1929 5122 ex
1949 5067 2126 5136 Virgi-

548 5167 618 5214 ne
637 5159 796 5213 natus
823 5165 926 5212 est.
956 5159 1110 5226 Quod
1135 5160 1182 5219 si
1212 5159 1284 5212 ita
1315 5165 1416 5222 est,
1455 5171 1587 5228 ergo
1614 5171 1784 5228 purus
1839 5158 2022 5219 homo,
2073 5164 2127 5211 et

550 5247 667 5304 sine
689 5239 895 5304 Deitate
923 5253 1080 5306 natus
1107 5255 1228 5304 est:
1261 5249 1408 5318 quod
1469 5265 1632 5317 quam
1681 5248 1965 5304 catholicae
2002 5246 2124 5303 iidei

550 5340 878 5398 contrarium
910 5341 1002 5406 εει,
1028 5342 1210 5398 omnis
1241 5350 1387 5395 recte
1419 5339 1648 5394 credens
1703 5339 1970 5410 intelligit.
2025 5340 2125 5396 Se.-

551 5432 790 5488 eututum
811 5433 1133 5488 catholicam
1155 5441 1283 5502 ergo
1307 5425 1465 5486 tidem
1489 5443 1652 5484 verus
1689 5429 1856 5484 Filius
1885 5429 1980 5485 Dei
2007 5443 2131 5486 eon-

555 5531 743 5593 ceptus
773 5533 826 5579 et
854 5533 1013 5580 natus
1035 5534 1214 5580 estex
1244 5519 1466 5594 Virgine
1489 5524 1629 5578 idem
1671 5524 1805 5592 ipse,
1854 5525 1945 5591 qui
2008 5529 2132 5579 ante

557 5617 735 5672 omnia
759 5620 954 5673 mutila
977 5627 1137 5672 natus
1150 5625 1233 5671 est
1257 5633 1323 5671 ait
1346 5616 1506 5672 Patre
1532 5635 1542 5668 :
1574 5618 1698 5686 quin
1722 5625 1914 5672 natura
1947 5619 2135 5672 huma-

634 5746 659 5776 ιι
693 5725 820 5790 Vide
848 5733 985 5792 infra
1019 5735 1073 5793 in
1102 5735 1261 5810 epist.
1296 5735 1362 5791 ad
1385 5725 1724 5808 Eiipandum,
1757 5749 1904 5792 num.
1937 5734 2020 5796 ii.

2221 4607 2493 4670 oblatione
2513 4613 2597 4668 vel
2630 4613 2896 4672 sacriﬁcio
2932 4615 3186 4689 indigeat,
3229 4615 3321 4690 qui
3347 4621 3416 4676 ab
3441 4625 3588 4678 omni
3615 4607 3814 4694 pecea-

2223 4711 2278 4759 to
2305 4703 2460 4768 liber,
2504 4713 2563 4760 ut
2600 4707 2757 4771 Deus,
2798 4708 3017 4768 existit?
3043 4710 3146 4775 Qui
3175 4715 3356 4766 autem
3397 4713 3532 4768 diois
3551 4715 3682 4784 quia
3719 4727 3811 4775 Ie-

2225 4797 2520 4866 matipsum.
2537 4807 2649 4852 tam
2675 4813 2776 4868 pro
2794 4813 2852 4854 se
2871 4807 3034 4868 quam
3059 4815 3158 4871 pro
3189 4805 3343 4859 nobis
3366 4801 3642 4872 obtulerit,
3689 4807 3818 4866 nui.

2228 4889 2436 4946 latentis
2470 4883 2764 4961 impietatis
2788 4895 2998 4949 crimen
3039 4893 3276 4969 effugiet.
3315 4918 3334 4950 ι
3401 4896 3543 4954 Idem
3592 4915 3818 4971 quoque

2233 4979 2345 5049 ipse
2371 4977 2600 5053 Cyrillua
2633 5001 2644 5035 :
2671 4985 2859 5049 Aiunt,
2887 4986 3076 5064 inquit,
3109 4989 3348 5045 btet-elici
3381 5005 3488 5044 non
3514 5005 3616 5061 pro
3650 4991 3819 5054 nobis

2233 5073 2427 5137 solum,
2454 5075 2548 5128 sed
2589 5075 2754 5129 etiam
2797 5086 2896 5146 pro
2923 5087 2982 5131 se
3009 5077 3271 5137 obtulisse
3299 5079 3572 5138 Christum
3612 5089 3824 5151 κηποι..

2233 5161 2430 5233 ipsum,
2461 5159 2604 5236 Quod
2649 5179 2678 5219 a
2707 5175 2853 5221 recta
2891 5173 2944 5222 et
2995 5169 3340 5227 immaculata
3368 5171 3474 5230 title
3496 5167 3757 5232 alienum.
3787 5194 3814 5237 ι

2233 5245 2386 5323 ρυυά
2406 5272 2534 5328 ergo
2553 5273 2738 5314 orasse
2765 5259 2983 5329 dicitur,
3011 5273 3066 5318 et
3087 5264 3142 5319 in
3168 5266 3414 5320 oratione
3439 5274 3817 5334 pernoctasse,

2231 5359 2286 5406 et
2305 5361 2454 5406 tanta
2481 5353 2735 5407 instantis
2751 5356 3102 5424 supplicasse,
3117 5363 3176 5412 ut
3195 5359 3360 5412 sudor
3387 5356 3504 5424 ejus
3523 5358 3665 5412 sicut
3689 5361 3819 5429 gut-

2233 5447 2302 5498 ta:
2337 5443 2613 5514 sanguinis
2639 5446 2951 5503 decurreret
2979 5457 3141 5519 Super
3165 5457 3364 5505 terram
3387 5445 3538 5522 (Luc.
3555 5467 3671 5516 xxi,
3693 5445 3820 5521 44),

2235 5545 2406 5592 totum
2437 5540 2538 5592 hoc
2567 5539 2685 5593 ideo
2721 5539 2918 5595 factum
2977 5557 3096 5594 esse
3146 5541 3550 5611 intelligendum
3595 5550 3701 5604 est,
3758 5548 3824 5594 ut

2237 5633 2516 5688 veritatem
2557 5643 2843 5689 assumotae
2866 5635 3213 5691 humanitatis
3233 5637 3560 5703 ostenderet,
3596 5651 3718 5712 quae
3743 5635 3823 5693 la-
