4030 6358
945 298 1359 357 DOGMATICA.
1397 326 1469 339 --
1500 296 1661 353 ADV.
1702 296 1998 355 FELICEM
2034 298 2213 354 LIBRI
2255 298 2365 356 VII.
2405 329 2475 339 ——
2509 299 2637 355 LIB.
2680 299 2788 357 VII.

218 424 522 490 ctymaset
544 417 794 471 sudorem
821 416 993 486 possit
1019 415 1237 481 habere,
1269 422 1327 470 et
1374 424 1435 469 ut
1477 414 1809 484 deprecatio—
1836 415 1885 475 Α
1912 413 2125 468 nefaeta
2157 415 2263 469 dici
2287 415 2500 479 debent,
2527 431 2647 484 quas
2680 415 2798 469 sine
2822 414 3113 471 eheritutis
3148 415 3484 487 perfectione

222 513 391 566 nibus
408 509 606 563 nostris
631 506 998 562 accessibilem
1016 516 1341 561 monstraret
1356 508 1532 562 Patris
1548 507 1812 571 auditum,

220 612 290 657 ut
319 618 439 672 qua:
462 616 562 655 nos
598 601 652 653 in
701 601 1084 656 tentationibus
1103 615 1209 655 non
1235 598 1429 655 inertia
1462 599 1815 655 dormitantes

222 694 536 758 tabescere,
575 694 668 747 sed
697 694 877 762 potius
906 678 1248 748 in'orationis
1301 692 1555 746 instantia
1588 690 1815 762 vigilan-

221 797 319 842 ter
343 788 587 843 exerceri
612 802 865 845 wremus
897 805 910 841 :
947 788 1059 843 Hoc
1084 802 1316 857 namque
1344 787 1634 859 signiﬁcat,
1665 788 1814 858 quod

220 878 447 948 quando
471 890 657 931 orasse
688 876 898 946 legitur,
946 879 1049 931 hoc
1094 879 1288 947 smpius
1333 879 1577 932 noctibus
1622 877 1813 932 fecisse

218 970 444 1031 dicitur,
471 970 677 1024 scilicet
712 968 890 1023 noctis
914 970 1151 1023 tenebris
1181 971 1535 1024 tentationum
1562 967 1811 1024 indicans

220 1068 598 1129 tempestates.
627 1059 731 1114 Sed
757 1069 813 1113 et
837 1061 941 1114 hoc
961 1061 1194 1114 maxime
1216 1077 1312 1116 sua
1339 1061 1513 1115 innuit
1541 1061 1807 1127 oratione,

219 1150 369 1220 quod
399 1152 683 1205 innocente
706 1166 803 1204 suo
826 1151 1020 1205 sudore
1046 1161 1190 1205 terra
1212 1149 1441 1206 lavanda
1462 1148 1671 1218 fuisset,
1692 1167 1811 1223 quae

218 1255 322 1308 per
346 1240 488 1293 illius
515 1241 766 1294 sudorem
792 1242 1011 1294 noxium
1047 1242 1248 1310 polluta
1272 1241 1395 1306 fuit,
1440 1244 1526 1296 cui
1560 1244 1757 1297 dicitur
1791 1262 1803 1297 :

218 1328 295 1383 lu
316 1330 508 1383 sudore
524 1329 691 1385 uultus
713 1331 789 1385 tui
820 1334 1035 1385 vesceris
1050 1341 1395 1401 panemtuutn
1422 1331 1575 1403 (Gen.
1592 1348 1675 1400 ιιι,
1694 1334 1804 1407 l9).

218 1418 359 1473 Nam
392 1420 483 1474 illa
509 1429 706 1475 natura
730 1424 797 1478 de
828 1422 1001 1478 Adam
1028 1424 1203 1492 primo
1250 1424 1468 1479 homine
1512 1434 1806 1496 propagata

215 1526 501 1580 nunquam
522 1527 676 1566 sutun
703 1527 916 1581 panem,
948 1527 1056 1581 quo
1108 1514 1173 1567 ad
1195 1521 1453 1571 aeternam
1488 1515 1657 1569 vitam
1708 1530 1807 1571 nu-

216 1602 398 1663 triret,
427 1610 719 1670 gustasset,
747 1603 791 1658 si
821 1619 928 1657 non
958 1605 1202 1659 eamdem
1232 1613 1484 1660 nauium
1531 1606 1804 1660 FiliusDei

214 1690 375 1759 panis
403 1691 580 1754 vivus,
609 1693 871 1762 panisque
893 1694 1203 1763 angelorum
1235 1709 1511 1751 assumere
1558 1696 1805 1765 dignare-

1914 515 2163 576 aguntur.
2197 505 2443 561 Sufﬁciat
2467 524 2597 578 ergo
2626 508 2742 571 tibi,
2764 509 2904 578 quod
2920 510 3197 579 hucusque
3215 513 3481 579 peccasti:

1912 612 2021 655 non
2046 598 2143 653 tibi
2171 595 2415 653 videatur
2440 598 2665 654 minoris
2691 614 2808 654 esse
2841 601 3086 670 periculi,
3119 603 3264 671 quod
3312 605 3484 658 unita-

1913 697 2020 743 tem
2076 685 2354 742 catholicae
2398 684 2654 741 Ecclesiae
2680 690 2965 745 dividendo
3018 691 3250 746 schisma
3289 692 3480 761 facias,

1910 788 1969 837 et
1995 780 2238 835 membra
2265 778 2467 837 Christi
2493 792 2657 848 prave
2683 781 2923 837 docendo
2950 797 2981 836 a
3008 798 3111 839 sint
3135 797 3362 853 corpore
3394 804 3480 842 se—

1911 884 2087 938 pares,
2130 884 2292 937 quam
2313 869 2358 923 si
2411 866 2751 938 temetipsum
2792 873 3084 928 occidendo
3134 876 3482 933 homicidium

1910 960 2098 1016 facias.
2130 961 2270 1027 Quin
2298 962 2476 1030 potius
2505 960 2727 1028 majoris
2771 978 2891 1017 esse
2921 966 3175 1021 damnum
3230 972 3486 1027 manifes-

1911 1064 2024 1109 tum
2046 1064 2149 1118 est,
2178 1062 2355 1109 tantos
2378 1054 2681 1110 seducendo
2705 1055 2988 1124 perimere,
3013 1073 3173 1127 quam
3199 1078 3366 1117 unum
3400 1080 3484 1119 so-

1910 1143 2019 1200 lum
2058 1142 2256 1214 perire.

1981 1236 2137 1289 XVII.
2184 1237 2475 1291 Revertere
2502 1252 2629 1307 ergo
2654 1238 2870 1292 tandem
2898 1239 3184 1309 aliquando
3207 1244 3261 1297 in
3295 1254 3485 1303 temet-

1910 1327 2101 1395 ipsum,
2142 1327 2455 1395 pmnitendo
2494 1327 2639 1397 quod
2683 1329 2865 1400 egisti,
2908 1332 3001 1401 qui
3053 1341 3259 1389 tantum
3285 1337 3485 1393 effusus

1907 1431 1966 1469 es
1987 1424 2137 1469 extra
2169 1424 2220 1470 te
2242 1406 2578 1472 discutien'do
2624 1434 2743 1488 quae
2785 1437 2893 1475 non
2944 1424 3192 1478 debuisti.
3242 1426 3485 1485 Suiliciat

1908 1506 2025 1571 tibi,
2055 1508 2193 1562 sicut
2226 1514 2278 1561 et
2305 1506 2615 1579 frequenter
2654 1510 2931 1578 admonui,
2980 1522 3034 1570 et
3075 1514 3251 1572 adhuc
3291 1520 3481 1576 admo-

1907 1612 2036 1651 nere
2082 1614 2185 1651 non
2233 1614 2405 1663 cesso,
2446 1603 2589 1669 quod
2617 1613 2804 1658 sancta
2832 1606 2926 1659 Dei
2953 1614 3006 1660 et
3027 1608 3347 1665 universalis
3384 1612 3485 1668 Ec-

1908 1686 2069 1741 clesia
2104 1687 2170 1742 de
2200 1688 2419 1744 Christo
2444 1691 2665 1746 credere
2693 1698 2748 1746 et
2774 1690 2971 1749 docere
3002 1711 3215 1766 semper
3239 1701 3305 1755 ab
3331 1701 3483 1756 initio

216 1786 326 1835 tur.
354 1779 465 1833 Sed
492 1790 548 1835 et
571 1782 672 1837 hoc
697 1784 839 1851 quod
867 1784 1195 1854 evangelista
1238 1785 1332 1847 ait,
1394 1764 1646 1839 sudorem
1687 1785 1792 1856 ejus

1907 1774 2134 1841 solebat,
2165 1786 2221 1832 et
2245 1792 2416 1847 usque
2450 1780 2505 1834 in
2538 1781 2700 1836 tinem
2726 1784 2926 1845 saeculi.
2958 1764 3267 1857 ubicunque
3294 1793 3479 1846 catho-

212 1873 375 1942 quasi
404 1882 584 1943 guttas
604 1876 877 1946 sangtnuis
896 1892 1021 1931 esse
1039 1876 1336 1932 detinentes
1361 1876 1414 1931 in
1449 1887 1671 1943 terram,
1698 1878 1803 1934 hoc

213 1960 526 2031 signiﬁcare
554 1965 794 2027 videtur,
822 1966 965 2034 quod
997 1966 1127 2020 illud
1167 1968 1399 2035 primum
1453 1969 1801 2024 homicidium

212 2050 423 2107 Christi
452 2052 638 2108 (uisset
664 2056 922 2131 sanguine
946 2059 1332 2121 mundandum,
1366 2060 1433 2113 de
1447 2074 1554 2129 quo
1570 2058 1795 2116 dicitur:

220 2141 339 2195 Vm:
367 2145 641 2212 sanguinis
661 2145 843 2214 fratris
866 2148 942 2200 tui
964 2147 1153 2202 clamat
1175 2149 1245 2201 ad
1273 2164 1352 2202 me
1374 2150 1440 2203 de
1468 2160 1609 2205 terra
1643 2144 1796 2224 (Gen.

215 2249 293 2297 iv,
330 2234 443 2303 ιο).
474 2234 562 2290 Ille
590 2252 822 2305 namque
847 2240 1065 2309 sanguis
1088 2238 1285 2294 Christi
1315 2242 1486 2312 magis
1510 2244 1576 2298 ad
1628 2245 1799 2300 Deum

210 2324 435 2381 Patrem
461 2327 679 2391 clamat,
708 2330 800 2397 qui
833 2345 933 2399 pro
955 2331 1195 2385 omnium
1227 2340 1410 2386 nostra
1423 2333 1597 2389 salute
1621 2336 1801 2389 inter-

208 2432 332 2471 ram
358 2416 561 2474 eﬂusus
580 2428 666 2474 est
689 2438 701 2473 :
736 2422 818 2476 vel
847 2425 1063 2491 quando
1082 2438 1183 2493 pro
1208 2426 1363 2485 nobis
1392 2426 1506 2496 ipse
1540 2427 1800 2482 Dominus

206 2516 401 2563 noster
424 2512 634 2576 orabat,
675 2513 759 2566 vel
781 2515 996 2583 quando
1022 2528 1122 2583 pro
1139 2516 1294 2591 nobis
1317 2517 1370 2570 in
1386 2532 1548 2571 cruce
1561 2517 1799 2585 pendens

206 2596 439 2653 vulnera
460 2604 815 2669 percutientis
839 2605 1026 2660 militis
1053 2607 1326 2661 sustinuit.
1358 2607 1466 2664 Sed
1493 2609 1558 2664 de
1587 2608 1673 2663 his
1695 2608 1797 2665 ista

206 2683 499 2742 sollicitant.

282 2773 422 2829 XVI.
467 2776 748 2834 Sententia
791 2795 921 2836 vero
948 2778 1134 2837 Jacobi
1190 2786 1437 2853 apostoli,
1485 2798 1646 2856 quam
1698 2801 1798 2858 pro

206 2864 515 2934 adoptionis
549 2869 766 2925 nomine
792 2873 1023 2940 positam
1054 2874 1127 2927 sd
1170 2876 1475 2945 exemplum
1504 2878 1791 2947 protulisﬁ,

202 2953 370 3023 longe
392 2956 548 3010 aliter
579 2974 613 3013 a
636 2962 841 3016 sanctis
868 2962 1137 3029 Patribus,
1168 2978 1331 3034 quam
1364 2980 1395 3021 a
1429 2974 1481 3022 te
1519 2976 1602 3023 est
1630 2970 1797 3025 inter-

200 3053 441 3115 pretata,
470 3051 663 3117 exponi
705 3052 861 3117 solet,
900 3055 1041 3109 sicut
1072 3063 1127 3109 et
1149 3057 1238 3111 illa
1267 3070 1425 3127 quam
1457 3060 1525 3114 de
1546 3060 1785 3116 Salomo-

202 3152 275 3191 ne
303 3139 563 3206 posuisti:
614 3160 632 3191 ι
660 3141 934 3212 Negando,
985 3147 1186 3215 inquis,
1229 3161 1429 3203 nomen
1478 3151 1785 3221 adoptionis

202 3230 263 3283 in
291 3230 496 3285 Christi
522 3246 703 3297 carne,
731 3243 789 3288 ut.
814 3245 943 3304 puto
967 3253 1132 3291 unum
1160 3241 1405 3305 verbum,
1457 3242 1511 3294 in
1558 3252 1786 3311 quantos

201 3320 522 3378 oﬂ'ensionis
549 3324 772 3393 laqueos
799 3343 917 3383 sese
940 3328 1145 3395 dilatet,
1201 3340 1261 3385 ut
1285 3341 1369 3386 est
1396 3330 1531 3388 illud
1544 3335 1597 3387 in
1634 3335 1785 3391 Salo-

200 3429 407 3469 mone:
439 3415 540 3480 Qui
566 3418 620 3470 in
648 3435 751 3473 uno
776 3424 1077 3489 peccauerit,
1100 3423 1264 3477 multa
1293 3426 1427 3479 bona
1442 3427 1620 3495 perdet
1657 3428 1783 3497 (Ee-

202 3502 305 3556 de.
344 3519 422 3567 ιι,
448 3506 555 3576 l8).
576 3508 647 3562 Et
674 3508 730 3563 in
773 3508 975 3567 laccho
999 3514 1293 3582 Apostolo:
1322 3515 1382 3569 Si
1407 3518 1523 3585 quis
1540 3527 1701 3570 totam
1719 3517 1785 3573 le-

201 3610 321 3662 gem
346 3599 646 3662 seruaverit,
673 3601 902 3669 oﬂ‘endat
938 3612 1114 3656 autem
1140 3605 1197 3657 in
1218 3620 1342 3669 imo,
1373 3607 1546 3675 factus
1576 3619 1651 3663 est
1673 3624 1785 3663 ont-

203 3685 354 3738 nitun
378 3688 656 3755 mis(1ac.
687 3706 749 3755 ιι,
782 3692 890 3761 10).
920 3692 1027 3748 Sed
1050 3696 1172 3764 quis
1197 3697 1481 3751 nesciatde
1502 3702 1785 3770 temetipso

200 3776 325 3831 haec
349 3781 730 3837 convenienter
754 3784 1057 3841 testimonia
1087 3788 1446 3857 proferenda?
1480 3791 1615 3845 Nam
1655 3794 1785 3863 quid

199 3867 353 3921 aliud
380 3868 579 3933 fecisti,
607 3888 769 3941 quam
797 3876 851 3929 in
879 3877 970 3932 illo
997 3894 1103 3935 uno
1155 3883 1415 3949 peccasti,
1472 3884 1565 3939 ubi
1618 3886 1785 3942 multa

198 3959 347 4014 bona
372 3962 691 4028 perdidisti?
716 3966 895 4021 Unum
913 3971 1055 4024 enim
1103 3980 1187 4027 est
1213 3974 1343 4029 illud
1382 3978 1677 4032 maximum
1731 3987 1788 4034 et

198 4050 439 4117 primum
455 4055 785 4122 mandatum,
802 4061 1057 4127 charitas,
1074 4076 1195 4132 quze
1208 4065 1319 4119 sola
1333 4080 1460 4121 vera
1476 4067 1528 4122 in
1545 4068 1785 4124 Ecclesia

197 4141 472 4198 catholica
489 4158 608 4199 esse
632 4151 994 4219 cognoscitur.
1010 4153 1112 4219 Qui
1127 4162 1259 4225 ergo
1272 4158 1500 4227 teipsum
1516 4167 1670 4215 extra
1686 4161 1785 4215 Ec-

196 4232 427 4289 clesium
452 4238 773 4294 catholicam
813 4257 933 4297 esse
974 4243 1168 4311 fecisti,
1213 4249 1344 4317 quid
1391 4249 1535 4305 aliud
1572 4250 1782 4313 fecisti,

194 4326 437 4394 ωηιξη
452 4327 543 4382 illo
569 4329 851 4387 charitatls
873 4336 1128 4389 mandato
1149 4334 1423 4405 peccasti?
1449 4342 1503 4395 in
1551 4359 1660 4413 quo
1692 4349 1783 4416 qui

196 4419 861 4485 peccaverit,etsitotam
902 4423 1077 4495 legem
1103 4431 1426 4495 servaverit,
1477 4431 1652 4489 factus
1701 4446 1784 4493 est

456 4520 601 4561 reus.
618 4508 735 4564 Non
748 4525 878 4583 ergo
892 4514 957 4568 de
968 4515 1255 4585 adoptione
1272 4521 1325 4574 in
1341 4521 1556 4579 Christo
1570 4538 1781 4597 negata,

194 4594 301 4649 sed
314 4594 394 4686 ὼᾼ
409 4598 619 4652 unitate
636 4602 919 4658 charitatis
946 4606 1111 4661 scissa
1124 4606 1327 4665 dictum
1343 4620 1444 4675 est,
1464 4614 1605 4683 quod
1623 4594 1783 4686 quiin

195 4699 310 4779 uno
337 4684 577 4779 oﬂendit.
609 4688 785 4749 factus
810 4702 894 4750 est
912 4698 1152 4752 omnium
1187 4712 1329 4757 rens.
1365 4684 1787 4779 Sienim,inquit

194 4772 512 4842 Apostolus,
549 4780 766 4836 habeant
796 4798 997 4841 omnem
1022 4786 1204 4857 ﬁdem,
1256 4794 1562 4851 charitatem
1608 4772 1782 4857 auiam

196 4865 569 4933 unitatem,
596 4873 724 4926 nihil
756 4877 887 4930 mihi
916 4881 1125 4948 prodest
1149 4882 1202 4953 (I
1243 4883 1366 4939 Cor.
1424 4902 1542 4954 xm,
1591 4891 1668 4962 5),
1728 4902 1785 4948 et

196 4964 420 5022 mera,
451 4974 575 5029 quae
600 4962 674 5019 ibi
710 4967 775 5020 ὼ
810 4967 969 5024 laude
998 4973 1281 5030 charitatls
1329 4977 1473 5034 dicta
1522 4990 1666 5037 sunt.
1721 4982 1781 5040 In

198 5045 369 5146 ηις,
389 5050 571 5121 itaque
600 5063 653 5109 te
675 5059 961 5116 charitatis
984 5064 1150 5135 859
1171 5069 1432 5137 gremium
1456 5073 1615 5131 citius
1658 5088 1780 5146 per-

196 5137 613 5213 ‘uiresatage,
643 5157 798 5204 cntra
822 5154 1170 5221 quodcaetem
1195 5163 1395 5228 omnia,
1424 5167 1525 5221 etsi
1552 5137 1688 5226 bene
1705 5168 1782 5225 fa-

195 5233 287 5281 d-
312 5229 619 5299 videantur,
633 5238 1029 5310 nllsiiprodesse
1056 5260 1309 5319 possunt;
1328 5266 1425 5311 nec
1442 5258 1661 5316 omnino
1685 5262 1782 5318 be-

272 5362 387 5449 ειη
424 5369 545 5449 cod.
594 5386 695 5425 ms.
740 5373 1060 5449 regionum.
1109 5381 1268 5449 28l8,
1310 5390 1476 5444 verba
1520 5392 1607 5447 hic
1643 5394 1776 5449 adeo

194 5430 485 5530 illiterate
529 5450 673 5523 sunt,
713 5430 1125 5530 sicuthocloco
1153 5430 1770 5530 ηᾳιῖινίιυόἶῖριοὲξῆθῖιῖξ

195 5509 371 5591 :va
400 5513 903 5591 ac.n_e_vi_x_q_nidem
944 5521 1042 5588 legi
1086 5526 1311 5591 possint.
1353 5509 1771 5589 (ἒῖἔᾶἰῖ

197 5570 283 5637 Ct,
314 5577 379 5635 ι).
415 5578 601 5638 Licble
625 5570 1063 5649 ωιίιιυιιιρειιιῑίῗίε
1087 5570 1413 5653 agitari
1429 5570 1770 5660 ἒῗὸεῖἕὶξιῖξὶ

1903 1866 2005 1923 lica
2036 1870 2130 1923 Dei
2158 1870 2398 1925 Ecclesia
2426 1880 2530 1937 est,
2560 1873 2753 1929 docere
2788 1890 2895 1929 non
2921 1879 3171 1941 cessabit,
3226 1880 3481 1950 implente

1903 1961 2049 2016 dicto
2093 1960 2240 2031 [Leg.
2279 1962 2528 2033 Domino]
2572 1970 2758 2020 nostro
2786 1964 2915 2021 Iesu
2942 1967 3162 2024 Christo
3191 1974 3335 2039 quod
3358 1988 3482 2043 pro-

1899 2050 2084 2115 misit,
2114 2066 2173 2105 se
2212 2052 2460 2107 videlicet
2487 2068 2658 2122 usque
2698 2055 2753 2108 in
2796 2056 2959 2110 tinem
3000 2059 3183 2114 saeculi
3210 2075 3337 2116 cum
3367 2064 3482 2119 suis

1902 2143 2150 2199 ﬁdelibus
2193 2158 2314 2199 esse
2363 2159 2711 2201 mansurum.
2775 2147 3041 2214 Sumciat,
3090 2152 3327 2221 inquam,
3384 2156 3479 2213 u'bi

1900 2234 2123 2291 credere
2153 2235 2428 2291 Christum
2456 2235 2655 2292 Filium
2692 2240 2789 2294 Dei
2830 2256 3019 2296 verum
3046 2258 3167 2299 esse
3197 2245 3389 2314 Deum,
3429 2258 3486 2305 et

1900 2344 2087 2383 verum
2142 2330 2336 2383 Filium
2387 2332 2500 2384 Dei.
2531 2372 2543 2385 .
2573 2372 2587 2385 .
2616 2346 2639 2372 ο
2673 2374 2685 2385 .
2719 2334 2786 2388 Ει
2816 2337 2881 2391 de
2931 2349 3271 2395 sacramento
3297 2342 3475 2398 incar-

1899 2420 2134 2474 nationis
2178 2421 2421 2490 ejusdem
2461 2421 2554 2478 Dei
2607 2427 2777 2480 nostri
2812 2428 2933 2497 plus
2961 2429 3287 2500 investigare
3314 2449 3381 2489 ne
3405 2436 3481 2490 la-

1897 2509 2075 2576 bores,
2104 2525 2265 2579 quam
2293 2514 2438 2580 quod
2466 2514 2521 2566 in
2553 2513 2861 2586 Evangeliis
2887 2517 3087 2587 legisti,
3115 2529 3171 2574 et
3194 2520 3248 2575 in
3275 2529 3485 2591 aposto-

1897 2599 2075 2655 lorum
2098 2602 2441 2671 dogmatibus
2465 2605 2728 2674 scriptum
2756 2607 3029 2662 invenisti.
3060 2609 3331 2680 Quidquid
3352 2628 3482 2685 ergo

1897 2690 1984 2745 his
2014 2693 2324 2756 concordat,
2360 2693 2575 2748 firmum
2603 2703 2727 2750 tene
2747 2704 2802 2750 et
2828 2699 3091 2752 veraciter
3118 2702 3312 2766 crede;
3338 2704 3483 2771 quod

1895 2794 2025 2837 vero
2050 2780 2134 2836 bis
2162 2784 2494 2837 contrarium
2540 2793 2594 2838 et
2640 2786 3022 2841 inconveniens
3058 2788 3279 2855 videris,
3320 2796 3478 2861 quasi

1896 2871 2160 2926 mortiferi
2200 2873 2391 2927 veneni
2422 2882 2626 2942 pestem
2658 2873 2803 2945 fuge.
2847 2875 3122 2932 Christum
3160 2892 3343 2949 regem
3362 2892 3480 2936 oni-

1896 2964 2047 3018 nium
2083 2964 2407 3019 liaculorum
2446 2965 2603 3020 lauda
2631 2974 2687 3022 et
2718 2968 2907 3033 adora,
2946 2968 3322 3027 coudtionalts
3361 2984 3477 3028 ses-

1894 3053 2013 3107 vitii
2044 3066 2239 3108 nomen
2270 3054 2336 3108 de
2361 3056 2522 3109 corde
2564 3064 2657 3110 tuo
2692 3057 2854 3111 simul
2897 3066 2955 3111 et
2994 3072 3093 3113 ore
3131 3068 3195 3114 ut
3239 3060 3475 3131 saliares,

1814 3116 1861 3178 ο
1888 3146 2116 3201 enitere.
2164 3143 2301 3201 Nam
2341 3148 2485 3215 quod
2526 3162 2624 3217 pro
2661 3156 2715 3203 te
2748 3163 2937 3205 servus
2975 3152 3081 3205 dici
3119 3154 3201 3207 vel
3229 3128 3353 3211 esse
3372 3116 3470 3210 vo:

1886 3237 2004 3302 luit,
2042 3237 2360 3292 voluntaria
2385 3246 2471 3293 est
2496 3254 2693 3294 munus
2719 3238 3059 3307 obedientlai,
3093 3256 3221 3299 non.
3250 3281 3264 3297 .
3292 3286 3305 3299 .
3330 3246 3358 3287 ι)
3376 3257 3477 3301 nec

1884 3342 2045 3397 poena
2078 3329 2423 3385 conditionis.
2458 3344 2477 3381 ι
2499 3331 2583 3384 Ad
2631 3330 2734 3387 hoc
2778 3346 3036 3403 namque,
3082 3344 3145 3389 ut
3183 3336 3263 3389 sit
3282 3337 3477 3393 beatus

1882 3418 2216 3489 Augustinus
2264 3421 2319 3474 in
2375 3422 2713 3491 expositlttne
2768 3423 2967 3479 Psalmi
3037 3426 3474 3496 quinquagesimi

1885 3514 2022 3568 sexti
2068 3514 2250 3584 (Num.
2279 3512 2329 3578 5,
2363 3516 2471 3579 10),
2522 3517 2686 3572 homo
2729 3519 2904 3573 iactus
2941 3528 3044 3579 est,
3093 3519 3222 3587 quia
3266 3520 3478 3573 miseri-

1884 3621 2038 3673 cors;
2072 3621 2180 3661 non
2206 3616 2267 3661 ut
2292 3608 2621 3664 conditionis
2654 3611 2976 3664 necessitate
3003 3621 3337 3676 nasceretur,
3380 3611 3478 3667 sed

1883 3705 1946 3752 ut
1984 3712 2085 3753 nos
2124 3698 2436 3753 conditione
2481 3701 2822 3755 necessitatis
2866 3701 3143 3757 liberaret.
3171 3718 3189 3755 ι
3224 3703 3290 3757 Et
3315 3704 3475 3773 paulo

1884 3798 2010 3859 post
2045 3790 2236 3843 addit:
2275 3789 2569 3859 «Angelica
2609 3800 2861 3845 creatura
2906 3794 3074 3848 servit
3116 3793 3352 3858 Christo,
3398 3794 3467 3849 ad

1883 3880 2288 3948 obsequendum
2332 3879 2523 3933 moniti
2547 3878 2764 3935 fuerunt
2795 3881 3002 3951 [Forte,
3026 3882 3179 3937 missi
3206 3882 3464 3949 fuerunt;

1884 3968 2025 4037 apud
2073 3969 2232 4037 Aug.,
2283 3970 2423 4022 mitti
2474 3970 2787 4041 potuerunt]
2830 3972 3024 4042 angeli,
3074 3973 3143 4029 ad
3186 3958 3473 4029 servitium

1884 4058 2024 4112 mitti
2060 4067 2372 4127 potuerunt,
2414 4072 2522 4114 non
2565 4061 2677 4133 [ad]
2722 4062 3136 4131 coodjutorlum,
3164 4064 3304 4119 sicut
3328 4066 3467 4119 scri-

1881 4157 2035 4220 ptum
2064 4159 2165 4215 est,
2190 4148 2373 4221 Angeii
2397 4153 2763 4207 ministrabant
2793 4156 2839 4208 ei
2864 4153 3077 4226 (Matth.
3110 4166 3184 4220 tv,
3218 4156 3327 4228 li),
3357 4168 3465 4211 non

1882 4251 2140 4315 tanquam
2182 4246 2550 4301 ministrantes
2591 4246 2674 4316 [8.
2708 4246 2868 4318 Aug.,
2898 4248 3300 4321 misericordes]
3325 4248 3465 4305 indi-

1884 4338 2052 4405 genti,
2080 4336 2177 4389 sed
2201 4344 2459 4404 tanquam
2491 4336 2720 4403 subjecti
2749 4340 3125 4408 omnipotenti.
3158 4356 3177 4393 ι
3216 4340 3279 4395 8i
3309 4342 3473 4411 igitur

1888 4426 2065 4479 omnis
2112 4425 2355 4494 angelica
2400 4434 2651 4481 creatura
2694 4427 2934 4496 subiecta
2969 4436 3059 4485 est
3087 4430 3182 4502 [ei,
3215 4431 3290 4504 et]
3315 4433 3471 4502 quasi

1890 4518 2057 4572 Deum
2084 4516 2297 4582 adorat,
2320 4525 2375 4571 et
2399 4518 2500 4587 ipsi
2528 4530 2689 4573 omne
2726 4530 2865 4592 genu
2888 4520 3123 4606 meo
3143 4522 3466 4591 causam,

1884 4611 2229 4664 terrestrium
2256 4616 2313 4664 et
2340 4610 2697 4678 infestiorem,
2724 4613 2855 4682 quid
2878 4619 2937 4669 tu
2957 4615 3167 4670 scilicet
3199 4615 3382 4688 [Aug.,
3412 4622 3469 4671 tu

1886 4698 2058 4772 solus]
2081 4698 2335 4756 omnibus
2357 4714 2545 4757 manes

1955 4790 2139 4847 Αιιοη
2164 4806 2293 4863 ergo
2322 4805 2447 4848 eam
2485 4796 2786 4861 nobiscum,
2827 4808 3013 4869 regem
3044 4795 3327 4866 ualerius,
3367 4800 3470 4856 De-

1886 4884 2092 4941 minom
2133 4888 2393 4951 omnium,
2425 4898 2613 4942 verum
2661 4884 2868 4968 Filium
2898 4891 2994 4947 Dei
3033 4892 3233 4959 Patris,
3278 4904 3468 4951 verum

1884 4976 2053 5031 Deum
2097 4976 2437 5033 Salvatnrem
2484 4986 2733 5034 nostrum
2756 5021 2771 5045 ,
2829 4980 2919 5038 cui
2971 4984 3145 5038 honor
3190 4991 3427 5048 internus
3446 5025 3463 5051 ,

1883 5065 2055 5121 virtus
2074 5065 2405 5134 indeilciens,
2423 5067 2544 5124 laus
2558 5078 2819 5140 perpents
2830 5070 2895 5126 in
2906 5073 3101 5128 steeula
3119 5076 3458 5132 sucidam.

1882 5156 2073 5212 Aenea.

1883 5395 2137 5480 Parisiisr
2188 5397 2280 5482 qui
2319 5397 2571 5482 eumdem
2601 5401 2861 5482 codicem
2905 5403 3180 5475 inspexit,
3219 5400 3324 5477 legi
3370 5398 3467 5462 hic

1879 5484 2040 5541 posse
2072 5489 2082 5521 :
2114 5466 2167 5522 in
2203 5466 2405 5522 Eluabus
2435 5469 2660 5524 naturis.
2991 5466 3010 5475 -
3162 5466 3173 5471 -
3271 5466 3304 5477 τ

1896 5538 1980 5610 ηδ
2026 5534 2201 5594 Credo
2243 5538 2547 5610 legendum,
2590 5538 2776 5595 scribit
2826 5540 3073 5599 laudatus
3102 5540 3184 5599 7D.
3233 5542 3458 5603 ιίθδιοε

1881 5609 2008 5677 Non
2026 5609 2332 5671 Remuria:
2355 5627 2507 5683 pruna
2529 5612 2863 5669 conditionis.
