4030 6358
1402 264 1442 317 Β
1502 262 1565 318 ιτ.
1628 262 1850 318 ALBlNl
1889 262 2022 319 SEU
2060 261 2334 321 ALCUINI
2384 263 2667 323 OPERUM
2699 265 2879 326 PARS
2913 266 3001 326 tn.

3705 276 3813 334 232

575 398 3813 434 Μ

1361 536 1527 608 ⁸⁶⁰
1600 549 2179 661 BEATI
2256 548 3017 664 ALCUINI

839 753 1239 834 CONTRA
1313 751 1890 829 EPISTOLAM
1968 751 2166 828 SIBI
2241 752 2365 827 AB
2442 752 2955 834 ELIPANDO
3030 760 3551 852 DIRECTAM

1880 912 2093 974 LIBRI
2134 911 2538 986 QUATUOR,

1483 1064 1723 1140 Quibus
1760 1068 2011 1123 evacuat
2034 1077 2266 1140 pravas
2296 1060 2474 1121 illius
2507 1062 2894 1127 assertiones,

1023 1335 1048 1363 α
1075 1318 1407 1377 EPISTOLA
1456 1317 1680 1373 ALBlNl

567 1454 638 1501 ΑΒ
671 1451 981 1498 multum!
1036 1452 1105 1491 ΕΤ
1152 1450 1443 1489 Νιειιιυιιῖκ
1499 1444 1802 1494 EPISCOPOS,
1854 1443 1925 1485 ΕΤ
1974 1442 2138 1484 BENE-

1096 1519 1294 1561 DICTUM
1345 1518 1607 1558 ΑΒΒΔΪΕΜ.

1169 1638 1344 1709 (Anno
1395 1632 1540 1705 800).

640 1754 883 1813 Dominis
898 1753 949 1806 in
968 1750 1165 1807 Christi
1184 1750 1449 1803 charitate
1465 1742 1859 1799 venerabilibus
1879 1749 2040 1809 atque
2059 1740 2139 1793 di-

565 1844 879 1905 lectissimis
900 1841 1165 1896 Laidrado
1186 1840 1435 1908 episcopo
1451 1832 1811 1905 Lngdunensi,
1828 1841 1881 1884 et
1899 1829 2138 1885 Nefridio

561 1939 815 2011 episeopo
849 1930 1203 1993 Narbonensi,
1231 1937 1286 1981 et
1310 1926 1597 1981 Benedicto
1635 1922 1836 1986 abbati,
1875 1921 2137 2011 simulque

561 2009 918 2084 sanctissimis
967 2021 1228 2090 nobisque
1272 2017 1428 2071 valde
1476 2011 1881 2069 honorabilibus
1931 2009 2137 2065 Gothia

560 2115 852 2189 provincia
903 2110 1147 2182 partibus
1193 2105 1482 2177 episcopis,
1538 2102 1862 2165 abbatibus,
1917 2107 1974 2154 et
2025 2098 2137 2154 ira-

564 2188 758 2268 tribus,
800 2200 1132 2257 humillimus
1182 2206 1383 2253 sancta
1427 2193 1680 2249 Ecclesia
1727 2189 1871 2247 ﬁlius
1913 2188 2137 2245 Albinus

560 2295 810 2353 salutem.

633 2388 758 2444 Scio
785 2401 869 2441 me
899 2384 1196 2441 debitorem
1235 2397 1354 2438 esse
1384 2382 1439 2436 in
1462 2379 1641 2435 ofﬁcio
1670 2385 1871 2434 sancta
1904 2377 2137 2432 cbarita-

560 2480 633 2535 tis
672 2479 921 2534 omnibus
966 2477 1068 2547 pia
1116 2474 1306 2528 matris
1350 2472 1601 2527 Ecclesia
1648 2469 1796 2534 ﬁliis,
1848 2468 1901 2522 in
1941 2467 2137 2537 pradi-

559 2569 755 2632 cando,
801 2566 889 2622 vel
936 2564 1269 2620 defendendo
1314 2561 1593 2617 catholica
1645 2559 1768 2615 ﬁdei
1807 2560 2130 2613 veritatem:

2165 1294 2220 1353 Α
2243 1290 2588 1345 narrantibus
2644 1300 2842 1347 nostra
2900 1295 3174 1353 societatis
3224 1300 3511 1370 fratribus,
3562 1314 3811 1371 eumdem

2239 1382 2556 1451 Elipandum
2604 1384 2739 1438 sicut
2782 1384 3061 1455 dignitate,
3090 1387 3162 1443 ita
3191 1390 3353 1445 etiam
3388 1395 3626 1463 perﬁdia
3667 1402 3814 1460 malo

2238 1475 2472 1546 primum
2502 1490 2621 1529 esse
2645 1477 2889 1545 partibus
2918 1479 2969 1533 in
3006 1480 3111 1534 illis
3132 1486 3353 1552 agnovi;
3385 1500 3726 1559 quapropter.
3759 1493 3815 1552 si

2241 1565 2452 1633 quidem
2476 1566 2699 1635 paciﬁca
2723 1568 3008 1634 charitate,
3036 1572 3206 1627 direxi
3230 1575 3281 1629 ei
3304 1578 3697 1637 exhortatorias
3716 1584 3809 1639 lit-

2241 1661 2405 1718 teras,
2453 1655 2769 1710 desiderans
2814 1673 3099 1715 consulere
3145 1666 3409 1719 senectuti
3453 1666 3616 1734 illius,
3665 1680 3716 1726 et
3752 1674 3807 1728 in

2238 1743 2381 1797 viam
2407 1745 2681 1799 catholica
2706 1747 2950 1802 veritatis
2999 1749 3234 1806 fraterna
3286 1754 3573 1813 dilectione
3613 1770 3665 1814 et
3707 1763 3812 1817 hu-

2238 1834 2352 1888 mili
2398 1836 2760 1891 admonitione
2791 1853 3047 1895 revoeare
3076 1843 3273 1911 virum,
3304 1846 3542 1918 longaeva
3588 1867 3807 1921 gravem

2237 1933 2396 1979 atate
2438 1934 2491 1979 et
2538 1926 2799 1996 religiosa
2847 1928 2970 1983 vita
3016 1930 3187 1988 multo
3235 1942 3477 2004 tempore
3520 1937 3803 1997 famosum.

2241 2010 2347 2067 Sed
2374 2012 2477 2075 ille,
2520 2014 2643 2067 dum
2675 2016 2969 2085 accepisset
2998 2017 3151 2089 [Cod.
3192 2019 3332 2090 Vat.,
3379 2027 3640 2102 audisset]
3678 2047 3810 2087 mea

2239 2104 2538 2158 devotionis
2567 2105 2850 2171 litterulas,
2886 2124 3009 2164 mox
3048 2110 3339 2168 iracundia
3366 2114 3597 2174 ﬂammis
3624 2121 3812 2179 ineano

2240 2192 2375 2256 duit,
2408 2199 2684 2262 totamque
2710 2194 2876 2249 animi
2925 2197 3008 2251 sui
3060 2198 3411 2257 intentionem
3454 2206 3708 2278 colligens
3754 2211 3812 2268 in

2238 2281 2397 2345 iram,
2451 2298 2552 2338 nec
2582 2300 2647 2338 eo
2672 2287 2891 2354 pietatis
2920 2289 3118 2346 intuitu
3160 2293 3340 2363 apices
3384 2300 3593 2368 aspexit
3638 2318 3810 2371 meos,

2236 2387 2345 2440 quo
2381 2387 2465 2427 me
2495 2372 2768 2429 Christum
2796 2385 2985 2444 testor,
3016 2379 3093 2435 illi
3122 2382 3355 2454 dirigere
3382 2387 3526 2453 scio;
3564 2391 3657 2445 sed
3684 2408 3811 2448 mox

2238 2459 2293 2514 in
2317 2460 2711 2518 maledictionis
2743 2467 2903 2521 verba
2943 2469 3209 2537 prosiluit,
3242 2481 3521 2546 totumque
3550 2494 3607 2534 se
3634 2496 3815 2537 arma-

2237 2550 2315 2605 vit
2345 2552 2396 2606 in
2425 2569 2535 2607 sua
2563 2563 2723 2610 secta
2750 2558 3138 2625 defensionem,
3187 2566 3451 2636 nobisque
3495 2570 3690 2628 litteris
3717 2573 3815 2631 de-

560 2658 706 2728 quod
748 2664 895 2726 opto,
944 2664 1054 2711 tam
1104 2655 1402 2711 efﬁcaciter
1449 2653 1632 2708 divina
1678 2653 1911 2707 donante
1961 2650 2135 2721 gratia
2166 2663 2211 2722 Β
2238 2641 2494 2734 mandare
2544 2647 2770 2711 curavit,
2817 2650 2944 2717 quid
2979 2654 3223 2718 sentiret,
3264 2657 3393 2724 quid
3424 2673 3550 2715 suos
3577 2661 3815 2734 discipu.

557 2744 819 2817 perﬁcere
838 2744 1045 2799 valeam
1073 2742 1363 2814 [Quercet.,
1408 2741 1493 2797 vel
1529 2738 1675 2812 eam]
1703 2754 1864 2807 quam
1907 2738 2137 2793 libenter

561 2837 690 2895 huic
734 2837 975 2906 piissimo
1016 2835 1189 2889 labori
1224 2848 1400 2889 meam
1423 2832 1776 2887 succumbere
1799 2830 2134 2884 devotionem

560 2928 754 2984 fateor.
794 2927 1023 2981 Maxime
1048 2934 1225 2980 tamen
1258 2932 1452 2978 vestra
1484 2921 1839 2978 sanctissima
1862 2920 2135 2976 dilectioni

558 3018 619 3075 in
664 3018 767 3074 hac
813 3016 984 3087 gratia
1032 3030 1209 3069 meum
1256 3012 1450 3069 sudare
1500 3012 1792 3081 ingenium,
1842 3010 2136 3065 secundum

557 3108 831 3181 largitoris
885 3106 1199 3162 indeﬁciens
1242 3106 1462 3171 donum,
1498 3113 1677 3159 ratum
1706 3104 1939 3159 arbitror
1965 3119 2031 3158 ne
2058 3104 2137 3158 vi-

561 3200 683 3257 cina
730 3199 899 3268 pestis
948 3197 1223 3268 Hispanici
1277 3198 1481 3253 erroris
1528 3197 1832 3265 aliquorum
1863 3198 2004 3252 inter
2042 3212 2136 3251 vos

556 3298 766 3346 mentes
806 3289 1078 3344 maculare
1121 3287 1314 3342 valeat.
1353 3286 1483 3354 Qua
1533 3295 1677 3341 terra
1725 3286 1925 3358 [olim],
1975 3294 2034 3339 ut
2079 3286 2134 3340 in

555 3382 829 3437 veteribus
857 3380 1046 3451 legitur
1076 3379 1335 3444 historiis,
1369 3388 1723 3450 tyrannorum
1750 3378 1900 3432 ferax
1932 3379 2131 3445 fuerat,

557 3476 651 3545 qui
688 3474 989 3529 Romanum
1036 3471 1329 3543 sapissime
1379 3472 1661 3540 imperium
1715 3471 1955 3526 lacerare
2001 3471 2134 3526 sole-

556 3567 707 3621 bant.
736 3566 807 3619 At
834 3580 977 3619 nunc
1017 3561 1171 3636 [ϐοά.
1206 3562 1346 3625 ναι,
1378 3562 1446 3617 Et
1473 3560 1637 3632 nunc]
1667 3561 1834 3616 multo
1863 3561 2018 3632 pejus
2045 3578 2134 3616 sa-

556 3656 888 3712 cratissimas
953 3653 1246 3709 Christiani
1308 3653 1521 3722 imperii
1598 3668 1756 3707 aures
1814 3652 2133 3721 quibusdam

556 3746 913 3802 schismatica
938 3743 1309 3813 perversitatis
1338 3742 1665 3797 novitatibus
1691 3742 1918 3813 fatigare
1945 3758 2134 3811 aggre-

555 3836 722 3900 ditur,
770 3835 933 3912 ve‘luti
972 3844 1151 3889 vestra
1184 3833 1506 3887 inviolabilis
1536 3833 1667 3887 ﬁdes
1695 3840 1750 3887 et
1783 3833 2133 3887 celeberrima

557 3928 819 3983 sanctitas
846 3926 1046 3995 optime
1077 3925 1244 3986 novit,
1275 3926 1365 3992 qui
1397 3937 1492 3991 per
1520 3922 1714 3977 divina
1744 3920 1993 3992 suffragia
2022 3923 2133 3992 pie-

2236 2730 2318 2787 los
2361 2734 2582 2789 credere
2612 2735 2851 2802 doceret,
2895 2754 2982 2795 me
3023 2740 3300 2798 falsarium
3349 2746 3607 2815 clamans,
3648 2730 3814 2823 atque

2233 2838 2330 2893 per
2372 2824 2517 2879 vices
2560 2826 2891 2891 hareticum,
2926 2830 3085 2902 861
3125 2848 3221 2903 per
3241 2836 3386 2891 vices
3413 2840 3809 2909 subversorem,

2234 2931 2336 2971 nec
2382 2931 2487 2970 non
2529 2926 2583 2971 et
2611 2928 3013 2987 persecutorem
3045 2922 3475 2983 Christianorum
3511 2940 3808 3001 reputans:

2234 3007 2545 3077 nullumque
2603 3011 2989 3078 propemodum
3042 3015 3433 3073 maledictionis
3496 3036 3665 3091 genus
3724 3025 3813 3081 vel

2234 3103 2471 3171 perﬁdia
2515 3103 2740 3168 dimisit,
2783 3107 2925 3174 quod
2970 3116 3156 3163 nostro
3183 3125 3290 3164 non
3318 3112 3559 3169 inureret
3584 3117 3813 3183 nomini,

2235 3196 2523 3250 ostendens
2566 3197 2801 3267 seipsum
2836 3200 2965 3269 quid
3005 3209 3168 3265 esset,
3201 3212 3255 3257 et
3280 3219 3440 3273 quam
3467 3207 3819 3276 impatienter

2236 3286 2514 3353 toleraret,
2556 3288 2601 3342 si
2647 3290 2843 3359 aliquis
2892 3292 3182 3360 impietatis
3209 3309 3318 3349 sua
3345 3297 3516 3350 errori
3543 3299 3819 3357 contraire

2236 3384 2502 3444 tentaret;
2540 3380 2711 3435 multa
2750 3382 3007 3454 colligens
3046 3386 3369 3451 testimonia,
3398 3404 3462 3442 ex
3500 3398 3818 3449 sanctarum

2237 3468 2377 3523 serie
2427 3469 2853 3539 Scripturarum,
2905 3473 3207 3543 multasque
3249 3478 3636 3533 catholicorum
3683 3496 3817 3536 sen-

2238 3558 2432 3614 tentias
2462 3561 2739 3615 doctorum
2771 3562 2991 3616 deduxit
3023 3564 3076 3618 in
3107 3566 3362 3631 medium,
3394 3584 3512 3638 qua
3535 3584 3672 3639 pene
3696 3587 3820 3626 om-

2236 3649 2323 3701 nia
2354 3650 2670 3717 pravissima
2698 3651 3139 3721 interpretatione
3176 3657 3445 3712 maculare
3470 3672 3576 3713 non
3610 3661 3816 3716 timuit.

2236 3738 2441 3806 Quibus
2484 3741 2624 3795 illius
2665 3742 2896 3797 vesania
2930 3742 3182 3798 litterulis
3212 3746 3363 3811 brevi
3404 3762 3652 3803 sermone
3682 3750 3821 3805 duo-

2235 3830 2337 3883 bus
2358 3829 2546 3884 libellis
2574 3831 2897 3900 respondere
2920 3833 3121 3896 curavi,
3153 3848 3420 3889 evacuans
3443 3820 3821 3894 veracissimis

2238 3930 2545 3976 sanctorum
2578 3922 2800 3976 Patrum
2830 3924 3075 3979 sensibus
3104 3940 3291 3980 omnes
3322 3926 3464 3981 illius
3485 3929 3826 3985 assertiones

555 4020 687 4075 tatis
704 4020 846 4073 hanc
868 4016 1179 4072 nebulosam
1207 4015 1500 4084 impietatis
1530 4024 1733 4068 sectam
1760 4014 1906 4068 clara
1935 4014 2136 4069 verita—
2163 4013 2207 4074 C
2239 4023 2399 4083 atque
2460 4016 2931 4085 interpretationes
2990 4019 3357 4087 pravissimas.
3426 4019 3534 4074 lllis
3598 4036 3827 4090 quoque

556 4108 627 4163 tis
663 4108 783 4162 luce
820 4106 1027 4177 pridem
1056 4106 1085 4144 ι)
1116 4104 1383 4158 discutere
1418 4102 1719 4166 studuistis,
1752 4104 1916 4157 etiam
1947 4112 2000 4157 et
2027 4104 2136 4157 Deo

557 4200 772 4256 Christo
817 4197 1048 4252 donante
1094 4204 1329 4261 captum
1376 4194 1772 4264 pradicationis
1800 4209 1934 4263 opus
1969 4194 2135 4247 multa

558 4306 626 4347 ex
650 4297 802 4361 parte
835 4287 1153 4357 perfecistis.
1180 4287 1261 4341 Ad
1286 4286 1437 4361 cujus
1461 4287 1704 4357 piissime
1732 4287 1964 4355 pratlica
1993 4286 2132 4341 iouis

559 4358 864 4434 venerabile
910 4391 1065 4446 opus,
1112 4358 1397 4429 manda'nte
1442 4376 1672 4445 glorioso
1702 4375 1943 4444 principe
1969 4384 2024 4430 et
2047 4377 2137 4429 de-

561 4469 843 4526 votissimo
868 4468 922 4521 in
946 4466 1093 4537 omni
1132 4466 1371 4521 bonitate
1410 4466 1603 4522 Carolo
1633 4482 1777 4537 rege,
1815 4482 1910 4521 vos
1941 4469 2136 4521 iterum

566 4572 587 4599 ε
618 4561 788 4614 ituros
816 4573 935 4613 esse
956 4532 1277 4612 au'divimus.
1305 4558 1640 4628 Quapropter
1669 4574 1962 4627 paucorum
1996 4559 2135 4613 arri-

562 4651 653 4722 pui
684 4650 919 4707 laborem
944 4650 1149 4704 dierum
1179 4650 1232 4704 in
1260 4651 1510 4705 solatium
1551 4652 1878 4705 sanctissimi
1924 4651 2133 4705 itineris

563 4749 768 4813 vestri,
822 4756 1087 4817 quatenus
1140 4747 1410 4802 haberetis
1461 4745 1517 4798 in
1565 4743 1816 4798 manibus
1857 4742 2136 4812 cujusdam

564 4838 821 4909 epistola,
860 4854 980 4893 meo
1015 4838 1218 4892 nomini
1254 4838 1470 4891 directa
1498 4836 1565 4889 ab
1596 4833 1853 4903 Elipando
1880 4832 2137 4887 Toletano

569 4928 839 4999 episcopo,
888 4929 1006 4998 pias
1050 4936 1105 4983 et
1148 4926 1581 4998 pernecessarias
1624 4923 2020 4993 responsiones,
2071 4937 2139 4978 ne

567 5018 706 5074 forte
737 5019 1035 5089 aliquorum
1060 5035 1127 5073 ex
1150 5017 1389 5086 ejusdem
1425 5017 1662 5086 epistola
1684 5016 1911 5071 lectione
1933 5025 2138 5070 mentes

569 5112 924 5176 maculentur,
968 5112 1093 5181 quia
1118 5112 1332 5166 easdem
1360 5110 1660 5165 audivimus
1691 5110 1896 5163 litteras
1921 5108 1974 5161 in
2002 5107 2136 5163 alio-

566 5218 686 5259 rum
717 5203 864 5272 prius
894 5202 1173 5271 pervenire
1204 5201 1349 5273 [Leg.
1381 5200 1711 5270 pervenisse]
1760 5213 1950 5253 manus
1978 5212 2137 5266 quam

567 5293 740 5353 nobis,
770 5291 857 5346 cui
886 5291 1063 5345 missa
1089 5300 1232 5356 sunt,
1265 5290 1487 5346 reddita
1515 5299 1715 5346 essent.
1742 5290 1808 5343 Et
1837 5291 1951 5343 hac
1976 5301 2138 5341 causa

2240 4107 2447 4161 duobus
2501 4107 2694 4162 libellis
2744 4109 2877 4163 alios
2911 4108 3045 4163 duos
3079 4110 3321 4179 adjunxi,
3366 4110 3527 4180 plano
3564 4126 3827 4171 sermone

2238 4195 2514 4251 catholica
2542 4196 2664 4251 ﬁdei
2704 4198 2769 4251 de
2809 4197 3026 4252 Christo
3072 4197 3177 4253 Deo
3207 4200 3490 4254 veritatem
3528 4207 3824 4268 testantes,

2238 4294 2401 4355 atque
2449 4294 2757 4341 sanctorum
2809 4286 3028 4342 Patrum
3086 4289 3409 4344 testimoniis
3460 4288 3824 4345 abundantis-

2239 4377 2373 4431 sime
2412 4376 2814 4439 coiiﬁrmantes,
2863 4391 3094 4445 quorum
3140 4376 3371 4431 lectione
3415 4378 3671 4445 pietatem
3724 4393 3825 4433 ve-

2236 4475 2403 4522 stram
2450 4467 2788 4537 congaudere
2824 4468 3092 4531 arbitror;
3132 4468 3258 4535 quia
3302 4475 3474 4521 totum
3515 4466 3643 4521 illud
3680 4482 3824 4537 opus

2237 4567 2418 4613 vestro
2465 4559 2766 4625 gaudebam
2820 4558 2999 4613 dicare
3054 4559 3279 4623 nomini,
3328 4560 3584 4627 vobisque
3634 4559 3826 4628 primo

2237 4650 2477 4703 omnium
2507 4649 2678 4704 direxi
2720 4648 3051 4718 probandum
3096 4658 3257 4719 atque
3286 4649 3688 4718 corrigendum,
3728 4645 3830 4716 ju-

2238 4744 2377 4798 dicio
2420 4751 2614 4797 vestra
2661 4742 2997 4796 auctoritatis
3043 4750 3204 4811 atque
3250 4741 3553 4796 sanctitatis
3578 4747 3831 4793 tantum-

2237 4834 2396 4889 modo
2424 4841 2726 4897 contentus,
2756 4849 2856 4888 nec
2884 4835 2937 4888 in
2963 4834 3207 4903 publicas
3236 4848 3397 4887 aures
3429 4832 3646 4887 easdem
3680 4846 3829 4887 mea

2238 4927 2538 4981 devotionis
2593 4924 2857 4980 litterulas
2906 4926 3197 4994 procedere
3248 4924 3443 4988 velim,
3504 4923 3607 4977 nisi
3661 4922 3830 4991 prius

2237 5024 2430 5071 vestra
2479 5015 2816 5069 auctoritatis
2864 5029 3089 5068 censura
3142 5014 3540 5078 examinentur,
3589 5020 3649 5065 et
3708 5010 3832 5066 fra-

2239 5116 2406 5161 terna
2453 5105 2881 5176 congregationis
2932 5102 3161 5160 lectione
3204 5105 3627 5167 conﬁrmentur;
3682 5102 3833 5158 satis

2239 5198 2368 5251 mihi
2424 5198 2696 5251 astimans
2752 5196 2963 5251 illorum
3007 5195 3210 5264 judicio
3271 5194 3617 5258 examinari,
3679 5206 3834 5263 quo-

2240 5304 2360 5344 rum
2402 5290 2684 5344 dilectione
2717 5290 3064 5359 singulariter
3098 5303 3183 5343 me
3223 5287 3465 5343 laborare
3504 5284 3661 5356 elegi.
3706 5282 3837 5340 Nec

568 5383 668 5437 fuit
692 5397 790 5438 cur
819 5384 948 5437 mihi
976 5382 1231 5452 praefatus
1253 5384 1415 5439 Pater
1441 5399 1550 5437 sua
1576 5382 1963 5438 incredulitatis
1983 5381 2139 5436 char—
2169 5377 2217 5436 Ι)
2241 5381 2705 5437 maledictionibus
2750 5383 2894 5437 illius
2929 5381 3329 5437 maledictiones
3368 5377 3610 5449 opposui.
3642 5373 3834 5446 ’quali

568 5472 734 5528 tulam
763 5474 995 5545 dirigere
1024 5474 1319 5529 voluisset:
1348 5490 1473 5528 nam
1522 5490 1620 5545 ego
1668 5474 1934 5543 aliquibus
1981 5472 2135 5528 nobis

638 5600 663 5628 ι
688 5587 788 5642 Hic
818 5596 901 5642 est
940 5588 1124 5641 titulus
1157 5587 1315 5658 hujus
1344 5588 1581 5658 epistola
1607 5588 1661 5642 in
1690 5585 1822 5643 Cod.
1854 5586 2133 5652 Vaticano,

567 5669 634 5713 ex
662 5674 767 5729 quo
792 5674 908 5713 eam
936 5659 1358 5716 emendavimus.

2241 5487 2388 5528 meas
2416 5472 2695 5527 vindicans
2733 5472 2981 5542 injurias,
3011 5473 3104 5527 sed
3126 5480 3186 5525 ut
3208 5470 3453 5526 veritatis
3500 5463 3839 5523 testiﬁcatio

2311 5586 2339 5694 ξ
2363 5585 2522 5711 ﬁnno
2691 5585 2823 5641 Vide
2840 5584 2977 5639 infra
3002 5584 3439 5641 dissertationem
3467 5577 3834 5661 historicum.

2412 5672 2518 5711 nuo

2412 5672 2518 5711 uno
