4030 6358
240 346 356 417 ,3,
438 378 449 385 .

242 492 308 533 se
332 474 615 539 offerebat,
652 473 975 543 quibusdam
999 476 1052 529 in
1082 474 1214 530 locis
1244 473 1555 530 durioribus
1580 472 1834 543 respondi
1861 476 1911 531 Δ

240 567 447 631 verbis,
500 565 820 635 quibusdam
854 566 1051 621 iterum
1100 565 1156 619 in
1196 564 1331 621 locis
1359 580 1552 621 suaves
1574 563 1836 621 admiscui

242 657 421 732 [Cod.
474 655 621 721 Vat.,
671 656 1051 728 intermiscui]
1100 656 1524 722 admonitiones,
1579 659 1648 710 ne
1696 654 1839 710 illius

240 749 660 806 infestissimam
705 749 939 802 animam
981 747 1068 802 vel
1110 762 1353 802 meorum
1393 748 1693 802 amaritudo
1719 762 1838 801 ver—

238 841 444 898 borum
487 849 858 909 exasperaret,
906 839 988 892 vel
1035 838 1232 893 iterum
1276 838 1451 893 mellis
1480 839 1705 893 dulcedo
1740 852 1838 892 sa:-

240 950 374 988 vam
417 933 685 987 fastidiret
715 940 970 987 mentem.
1019 931 1132 987 Nec
1168 948 1268 1002 pro
1296 930 1411 1000 ejus
1447 932 1833 995 tantummodo,

239 1034 311 1080 ut
338 1023 473 1089 dixi,
518 1023 759 1077 laboravi
796 1022 988 1087 salute,
1037 1039 1199 1092 quem
1233 1024 1416 1086 timeo,
1462 1021 1644 1077 forsan
1681 1021 1840 1077 citius

242 1117 551 1190 [ῥυείη-ειη
610 1112 926 1186 forsantius]
982 1113 1066 1169 vel
1115 1122 1291 1169 morte
1345 1122 1671 1183 prtereptum
1722 1127 1840 1167 esse

238 1215 471 1277 propter
502 1205 829 1275 decrepitam
878 1205 933 1258 in
982 1220 1047 1259 eo
1098 1213 1459 1269 senectutem,
1513 1203 1598 1261 vel
1635 1205 1704 1258 ob
1733 1204 1843 1259 dis-

241 1299 534 1353 sensiones
575 1296 916 1366 populorum,
948 1296 1003 1350 in
1042 1292 1160 1363 ejus
1189 1310 1295 1350 non
1344 1311 1504 1366 posse
1559 1297 1843 1365 pervenire

240 1404 404 1444 meas
430 1388 774 1458 praesentiam
804 1386 1060 1459 syllabas,
1101 1387 1196 1442 sed
1229 1388 1401 1458 magis
1431 1388 1485 1441 in
1515 1386 1842 1456 adjutorium

239 1479 512 1550 piissimae
543 1477 943 1547 praedicationis
981 1485 1194 1542 vestrae,
1225 1485 1389 1546 atque
1419 1477 1668 1532 solatium
1699 1478 1845 1533 viro-

237 1584 396 1632 rum,
445 1566 531 1621 vel
572 1565 898 1621 feminarum
944 1566 1285 1621 morantibus
1334 1566 1527 1621 vicinis
1572 1564 1843 1636 Hispania:

238 1662 519 1735 partibus.
563 1660 940 1730 lmproperans
964 1667 1019 1714 et
1047 1660 1182 1714 mihi
1219 1659 1361 1714 idem
1396 1659 1653 1730 praefatus
1679 1658 1845 1714 Pater

242 1755 568 1812 divitiarum
619 1752 1044 1819 multitudinem,
1101 1767 1384 1807 servorum
1437 1767 1612 1835 usque
1658 1753 1725 1807 ad
1773 1767 1846 1805 xx

774 348 1189 414 DOGMA'TICA.
1230 386 1300 397 ——
1336 352 1497 415 ADV.
1538 351 1933 413 ELIPANDUM
1967 353 2147 410 LIBRI
2184 352 2274 412 IV.
2315 387 2384 396 ——
2421 352 2636 409 EPIST.
2679 349 3005 409 PRIEVUE.

2280 474 2443 544 362
2470 486 2492 511 ιι
2524 471 2857 527 EPISTOLA
2894 468 3199 525 ALTERA'

2560 581 2627 619 AD
2664 579 2887 620 EOSDEI.

2012 655 2308 711 Videbatur
2353 655 2488 711 mihi
2534 658 2856 728 condignum
2904 672 3216 728 praeponere
3263 657 3548 728 opusculo‘

1939 744 2066 800 huic
2107 754 2293 799 nostro
2322 745 2623 815 epistolam,
2666 763 2825 815 quam
2858 749 3140 803 charitatis
3168 748 3347 805 ofﬁcio
3373 750 3522 806 Patri

1941 837 2203 908 Elipando
2240 838 2369 894 olim
2395 837 2421 875 δ
2452 839 2647 903 direxi,
2685 855 2781 909 per
2818 850 3053 896 vestram
3094 852 3335 899 sanctam
3362 846 3525 900 devo—

1942 930 2144 986 tionem
2183 940 2237 987 et
2278 932 2388 987 Deo
2425 933 2723 1003 placentem
2767 934 3119 1000 charitatem;
3160 936 3301 991 illius
3329 937 3525 993 litteris

1944 1038 2079 1092 quas
2122 1040 2243 1079 meo
2274 1024 2478 1079 nomini
2518 1024 2749 1095 dirigere
2790 1025 3011 1091 studuit,
3060 1029 3381 1083 subnectere
3421 1030 3525 1082 ha-

1941 1114 2078 1170 bens
2107 1129 2347 1169 mearum
2384 1116 2760 1185 responsiones
2787 1115 3135 1188 syllabarum,
3170 1128 3229 1172 ut
3260 1118 3527 1190 intelligat

1944 1205 2034 1273 qui
2080 1206 2241 1276 legat,
2285 1221 2391 1276 qua
2418 1206 2686 1261 charitate
2725 1206 2870 1262 illius
2912 1210 3233 1264 veneranda:
3278 1210 3528 1282 dignitati

1944 1296 2279 1366 scripserim,
2306 1297 2391 1352 vel
2430 1313 2535 1367 quo
2582 1298 2763 1353 animo
2812 1299 3135 1369 recepissem
3168 1299 3420 1357 fraterna:
3451 1302 3530 1358 di-

1943 1384 2188 1440 lectionis
2212 1386 2473 1442 ofﬁcium:
2500 1404 2564 1443 ac
2586 1389 2778 1445 deinde
2799 1392 3177 1460 responsiones
3211 1393 3530 1461 catholicas,

1946 1494 2082 1548 quas
2109 1495 2172 1533 ex
2213 1490 2523 1536 sanctorum
2564 1481 2787 1537 Patrum
2836 1483 2995 1539 dictis
3041 1493 3229 1539 contra
3257 1485 3400 1541 illius
3430 1486 3504 1541 im

1944 1572 2091 1639 piam
2135 1569 2524 1641 professionem
2574 1572 2764 1643 collegi
2806 1571 3090 1641 subjicere.
3123 1574 3278 1642 Quod
3306 1591 3442 1647 opus
3472 1577 3531 1632 in

1949 1669 2179 1730 quatuor
2202 1662 2356 1716 libris
2392 1663 2818 1719 terminavimus.
2848 1664 3052 1721 Deinde
3076 1668 3357 1736 epistolam
3388 1669 3533 1727 illius

1951 1752 2197 1824 Elipandi
2226 1754 2295 1808 ad
2320 1753 2555 1809 Felicem
2581 1756 2852 1823 quondam
2882 1755 3026 1811 illius
3070 1757 3407 1815 defensorem
3448 1776 3535 1816 se—

244 1847 426 1904 millia
472 1846 956 1907 numerositatem;
1016 1845 1297 1916 ignorans,
1348 1860 1457 1914 quo
1502 1845 1684 1898 animo
1722 1842 1843 1913 quis
1873 1841 1920 1901 Β
1948 1854 2069 1909 ctre,
2105 1861 2249 1899 nunc
2276 1860 2405 1901 vero
2436 1845 2546 1901 Deo
2578 1848 2811 1902 donante
2838 1847 3161 1905 Christiana:
3190 1853 3312 1907 ﬁdei
3338 1854 3537 1923 praedi-

244 1939 454 1996 habeat
500 1937 776 1993 saeculum.
826 1936 985 1991 Aliud
1029 1945 1114 1993 est
1158 1938 1360 1992 habere
1388 1937 1663 2002 saeculum,
1703 1936 1848 1992 aliud

245 2039 343 2086 est
390 2030 580 2085 haberi
605 2046 635 2084 a
682 2030 899 2085 sarculo.
950 2030 1048 2085 Est
1084 2031 1176 2099 qui
1219 2031 1384 2085 habet
1422 2031 1636 2085 divitias
1664 2038 1846 2085 etnon

246 2122 443 2187 habet,
492 2131 576 2177 est
602 2122 694 2191 qui
728 2138 838 2177 non
884 2123 1050 2177 habet
1090 2130 1145 2177 et
1179 2123 1361 2177 habet.
1406 2122 1687 2177 Hominem
1718 2137 1849 2177 vero

253 2215 330 2269 ad
361 2230 544 2271 meum
574 2230 851 2285 nunquam
881 2215 1189 2285 comparavi
1220 2216 1519 2281 servitium,
1558 2216 1652 2271 sed
1678 2215 1850 2286 magis

246 2305 454 2361 devota
501 2308 767 2362 charitate
810 2308 1064 2363 omnibus
1113 2307 1314 2363 Christi
1364 2310 1455 2363 Dei
1499 2311 1605 2363 mei
1638 2309 1850 2364 famulis

246 2399 464 2455 servire
492 2399 844 2465 desiderans;
885 2401 954 2454 ad
982 2399 1135 2468 cujus
1162 2400 1368 2455 servitii
1402 2400 1738 2466 facultatem,
1772 2401 1852 2455 di-

248 2491 404 2556 vina,
461 2498 523 2544 ut
562 2491 762 2557 credo,
801 2490 1027 2560 iubente
1070 2492 1486 2561 dispensatione,
1550 2493 1616 2547 ad
1653 2491 1854 2563 glorio-

251 2595 379 2635 sum
412 2589 468 2636 et
504 2583 651 2636 omni
686 2584 893 2638 honore
924 2583 1309 2638 nominandum
1339 2584 1499 2651 hujus
1528 2584 1677 2655 regni
1707 2584 1855 2654 prin-

253 2672 439 2744 cipem
480 2681 536 2728 et
575 2689 759 2745 regem
788 2673 1039 2729 Carolum
1066 2682 1289 2729 vocatus
1314 2675 1527 2740 adveni,
1555 2676 1695 2730 sicut
1720 2676 1855 2730 mihi

253 2764 483 2837 quidam
528 2766 905 2821 sanctissimus
934 2766 1038 2831 vir,
1071 2766 1475 2836 pr0pbetiaeque
1502 2760 1691 2835 spiritu
1714 2782 1854 2836 pra:-

255 2855 427 2923 ditus,
456 2858 547 2912 Dei
572 2874 692 2913 esse
719 2859 1049 2914 voluntatem
1073 2860 1128 2913 in
1154 2875 1272 2913 mea
1297 2860 1622 2930 prmdixerat
1644 2859 1853 2929 patria;

254 2948 433 3005 etiam
483 2959 539 3004 et
588 2959 650 3004 ut
692 2951 776 3005 vir
818 2952 1144 3007 venerabilis
1189 2960 1439 3020 totusque
1488 2951 1598 3007 Deo
1648 2952 1859 3007 deditus

255 3057 421 3097 meus
465 3043 597 3098 mihi
647 3044 961 3099 mandatum
1005 3045 1231 3099 dederat
1278 3044 1558 3114 magister,
1600 3053 1659 3098 ut
1685 3046 1729 3099 si
1762 3045 1857 3099 alia

256 3139 392 3193 cubi
440 3154 610 3195 novas
654 3141 894 3195 audirem
922 3142 1056 3196 oriri
1083 3151 1278 3206 sectas,
1311 3150 1367 3196 et
1393 3142 1704 3211 apostolicis
1727 3158 1858 3198 con-

258 3232 466 3285 trarias
513 3232 792 3298 doctrinis,
826 3249 948 3288 mox
984 3241 1158 3288 totum
1202 3250 1290 3289 me
1338 3235 1393 3288 in
1441 3234 1721 3290 catholicae
1761 3236 1854 3290 (le-

257 3319 514 3377 fensione
558 3324 679 3378 ﬁdei
718 3324 1004 3379 dedissem.
1038 3324 1191 3391 Quod
1225 3326 1473 3395 quamvis
1518 3327 1586 3381 ob
1638 3326 1857 3396 imperi-

258 3413 402 3467 tiam
433 3414 717 3482 parvitatis
763 3429 898 3469 meze
942 3415 1124 3470 minus
1154 3416 1378 3471 idoneus
1410 3416 1628 3481 faciam,
1672 3423 1856 3470 tamen

260 3506 674 3574 promptissima
717 3516 921 3572 mente,
960 3517 1221 3577 quantum
1257 3523 1345 3563 me
1372 3509 1551 3563 divina
1592 3507 1858 3578 adjuverit

260 3597 469 3667 gratia,
513 3599 639 3652 huic
677 3600 1083 3667 pernecessario
1121 3600 1270 3669 operi
1300 3614 1385 3654 me
1413 3599 1722 3669 mancipare
1747 3607 1861 3653 stu-

264 3687 375 3743 deo
396 3704 519 3743 cum
550 3689 859 3745 melioribus
884 3689 1038 3755 meis,
1070 3691 1397 3760 optimisque
1426 3691 1681 3745 Ecclesia:
1705 3688 1861 3746 Chri-

262 3781 346 3836 sti
378 3782 709 3847 doctoribus,
742 3798 970 3852 quorum
1001 3785 1143 3838 bona
1176 3785 1527 3849 abundantia,
1558 3799 1657 3854 per
1686 3784 1864 3837 diver-

264 3890 366 3930 sas
413 3874 614 3929 Christi
676 3876 964 3939 Ecclesias,
1018 3876 1072 3929 in
1130 3875 1234 3931 hoc
1287 3876 1542 3945 praesenti
1593 3875 1863 3945 reperitur

265 3982 461 4037 regno.
505 3966 616 4021 Nec
656 3981 721 4022 eo
766 3968 896 4021 mihi
939 3968 1112 4036 magis
1151 3966 1437 4022 tacendum
1466 3975 1568 4033 est,
1618 3967 1865 4037 quamvis

265 4058 532 4115 meliores
576 4059 707 4112 mihi
747 4059 946 4113 habeat
990 4058 1231 4113 Ecclesia
1264 4058 1359 4112 Dei
1395 4059 1663 4124 doctores,
1705 4066 1866 4127 atque

268 4151 401 4208 ﬁdei
438 4151 717 4207 catholica:
761 4150 1090 4207 defensores.
1144 4151 1525 4221 Unusquisque
1568 4166 1667 4221 pro
1694 4166 1752 4205 se
1778 4166 1865 4205 ra—

268 4246 483 4300 tionem
527 4243 837 4298 redditurus
887 4243 1012 4308 erit,
1060 4251 1115 4297 et
1164 4243 1256 4311 qui
1301 4242 1423 4313 plus
1474 4242 1704 4307 laborat,
1748 4240 1869 4311 plus

269 4334 549 4390 mercedis
581 4334 828 4403 accipiet.
860 4334 1085 4399 Idcirco,
1125 4334 1453 4388 sanctissimi
1486 4334 1672 4388 Patres
1710 4342 1762 4387 et
1792 4334 1873 4388 di-

270 4426 565 4483 lectissimi
620 4426 835 4491 fratres,
893 4425 1078 4481 sedula
1128 4425 1425 4479 intentione
1477 4432 1639 4493 atque
1686 4422 1874 4478 indeli-

270 4521 443 4576 cienti
487 4521 685 4575 sudore
712 4520 765 4573 in
794 4520 1180 4589 prmdicatione
1208 4518 1357 4573 verbi
1390 4518 1485 4572 Dei
1526 4526 1580 4572 et
1626 4517 1872 4572 veritatis

272 4614 688 4679 testiﬁcatione,
718 4613 1011 4669 secundum
1035 4613 1268 4682 gratiam
1294 4611 1447 4667 vobis
1470 4626 1500 4664 a
1524 4610 1637 4665 Deo
1667 4611 1871 4675 datam,

274 4708 631 4764 devotissime
674 4706 921 4761 laborate
965 4725 978 4760 :
1026 4707 1347 4761 exhibentes
1403 4704 1758 4774 vosmetipsos
1818 4703 1872 4758 in

277 4800 694 4856 conversatione
729 4799 979 4869 religiosa
1018 4798 1267 4853 omnibus
1306 4797 1633 4868 exemplum,
1675 4798 1727 4851 in
1755 4795 1875 4852 ofﬁ-

278 4891 370 4945 cio
396 4889 620 4959 pietatis
648 4890 901 4944 omnibus
931 4897 1129 4959 patres,
1169 4890 1223 4943 in
1263 4888 1518 4943 fraterna:
1570 4887 1874 4943 dilectionis

281 4980 657 5034 admonitione
710 4981 964 5034 omnibus
1011 4979 1244 5044 fratres,
1299 4981 1353 5035 in
1403 4981 1873 5036 administratione

280 5082 433 5123 vera:
479 5069 803 5123 humilitatis
858 5070 1108 5125 omnibus
1158 5069 1335 5135 ﬁlios;
1392 5070 1644 5125 omnibus
1696 5070 1875 5126 omnia

284 5158 442 5225 facti,
474 5169 535 5214 ut
562 5160 804 5213 omnium
832 5159 977 5213 salus
1009 5168 1063 5213 et
1088 5160 1365 5230 profectus
1393 5160 1446 5214 in
1478 5170 1678 5216 aeterna
1706 5161 1880 5215 beati-

284 5253 498 5316 tudine,
525 5250 681 5325 [Deo]
708 5252 961 5317 donante,
993 5252 1274 5323 multiplici
1305 5267 1398 5309 vos
1425 5253 1672 5308 mercede
1691 5253 1882 5323 dignos

285 5342 515 5399 efﬁciat.
558 5343 888 5399 Incolumem
928 5351 982 5398 et
1010 5344 1391 5414 proﬁcientem
1419 5345 1474 5400 in
1499 5345 1883 5415 praedicatione

285 5438 443 5491 verbi
488 5436 588 5491 Dei
634 5437 815 5492 divina
858 5446 1094 5493 vestram
1124 5438 1469 5495 sanctitatem
1492 5440 1669 5511 gratia
1702 5446 1883 5495 custo-

285 5528 425 5596 diat,
459 5530 792 5585 sanctissimi
822 5530 1039 5587 fratres.

368 5681 394 5709 ι
422 5667 573 5725 Hanc
596 5669 901 5739 epistolam,
926 5686 1021 5726 seu
1044 5671 1245 5739 prioris
1268 5670 1691 5727 additamentum
1720 5668 1885 5737 Quer-

288 5748 520 5796 cetanus
544 5743 601 5796 in
630 5743 733 5795 line
777 5741 1005 5796 istorum
1049 5741 1311 5798 librorum
1356 5742 1616 5797 adversus
1666 5742 1884 5811 Elipan-

292 5811 427 5867 dum
448 5814 716 5869 exhibuit.
746 5812 1030 5867 Rationem
1074 5815 1269 5870 mutati
1295 5830 1326 5872 a
1350 5814 1508 5871 nobis
1548 5813 1791 5882 ordinis,
1815 5827 1883 5872 ex

690 5906 952 5997 Pauor.
1009 5904 1111 5969 CI.

1947 1943 2183 1991 calorem
2210 1952 2224 2000 ;
2273 1935 2493 2005 ejusque
2532 1938 2902 1994 conversionis
2933 1941 2997 1994 ad
3025 1940 3183 1995 ﬁdem
3211 1943 3533 1999 catholicam

1947 2026 2226 2097 epistolam
2252 2027 2527 2096 imponere
2562 2029 2889 2096 curavimus,
2922 2040 3189 2101 quatenus
3214 2050 3280 2088 ex
3306 2034 3390 2089 bis
3419 2051 3537 2090 om-

1947 2118 2108 2173 nibus
2134 2118 2255 2187 pius
2305 2118 2472 2173 lector
2517 2120 2754 2191 seipsum
2798 2123 3107 2178 consideret
3132 2133 3186 2179 et
3220 2134 3425 2192 caveat,
3458 2128 3539 2183 di-

1948 2209 2072 2264 vina
2101 2209 2398 2280 epitulante
2422 2212 2616 2282 gratia,
2662 2227 2728 2267 ne
2767 2213 2958 2284 laqueo
3005 2214 3280 2285 Hispanici
3332 2220 3539 2276 erroris

1936 2309 2219 2357 teneatur.
2270 2302 2336 2355 Et
2364 2310 2426 2355 ut
2456 2303 2632 2368 video,
2666 2305 2901 2361 maxime
2927 2307 3079 2377 origo
3114 2307 3273 2376 hujus
3299 2308 3539 2378 perﬁdiae.

1953 2394 2018 2447 de
2048 2391 2260 2447 Cordua
2288 2393 2509 2448 civitate
2536 2396 2821 2463 processit,
2865 2396 3004 2451 sicut
3042 2398 3093 2451 in
3136 2399 3361 2469 epistola
3397 2400 3542 2456 illius

1952 2483 2197 2555 Elipandi
2228 2486 2297 2540 ad
2324 2486 2560 2542 Felicem
2586 2487 2869 2557 praefatum
2919 2490 3127 2546 directa
3179 2493 3405 2564 intelligi
3439 2509 3541 2564 po-

1954 2585 2083 2642 test,
2116 2578 2243 2632 dum
2264 2580 2511 2634 eumdem
2538 2580 2772 2635 Felicem
2794 2583 2969 2637 adhuc
2996 2584 3078 2638 sui
3104 2586 3543 2642 erroris'catenis

1956 2669 2308 2723 constrictum
2335 2685 2455 2725 esse
2476 2672 2862 2726 arbitrabatur.
2911 2671 3019 2728 Sed
3063 2674 3174 2730 Deo
3213 2676 3406 2732 melius
3435 2677 3540 2731 ali—

1957 2760 2086 2829 quid
2117 2760 2183 2815 de
2209 2776 2274 2815 eo
2300 2761 2666 2831 dispensante,
2697 2778 2793 2817 cor
2822 2763 2965 2817 illius
2998 2772 3056 2817 ut
3083 2765 3263 2820 lumen
3297 2767 3546 2823 veritatis

1958 2867 2255 2923 agnoscens
2298 2854 2503 2909 rediret
2543 2855 2598 2908 in
2646 2863 2849 2911 sancta:
2889 2858 3083 2912 matris
3129 2858 3385 2914 Ecclesiae
3424 2874 3549 2932 gre-

1960 2946 2150 3010 mium,
2184 2947 2317 3002 dans
2356 2948 2580 3018 gloriam
2629 2949 2761 3015 Deo,
2812 2951 2903 3020 qui
2944 2962 3229 3021 sperantes
3274 2954 3326 3007 in
3352 2969 3411 3009 se
3436 2969 3546 3010 non
3608 2974 3619 2979 ν

1963 3037 2192 3103 deserit;
2243 3040 2381 3093 sicut
2410 3040 2464 3093 in
2496 3040 2608 3095 suis
2634 3040 2851 3108 litteris,
2901 3058 3037 3113 quas
3084 3046 3370 3102 adnectere
3416 3048 3545 3104 huic

1962 3124 2149 3185 nostro
2193 3132 2450 3200 opusculo
2494 3133 2657 3199 volui,
2698 3144 2921 3204 propter
2946 3135 3160 3192 laudem
3186 3139 3419 3195 nominis
3444 3141 3550 3196 Do—

1963 3223 2096 3276 mini
2129 3224 2297 3277 nostri
2325 3222 2451 3277 Jesu
2478 3224 2701 3289 Christi,
2752 3235 2808 3281 et
2833 3220 3062 3283 salutem
3092 3229 3407 3301 legentium,
3434 3247 3552 3286 ma-

1958 3313 2154 3367 nifeste
2195 3313 2462 3384 intelligit,
2511 3315 2601 3385 qui
2648 3316 2831 3372 sobrio
2869 3333 3030 3373 sensu
3081 3322 3298 3375 easdem
3337 3321 3550 3377 litteras

1960 3403 2138 3473 legere
2189 3414 2383 3459 curat:
2414 3412 2681 3474 quatenus
2723 3407 2769 3461 si
2816 3408 2938 3478 quis
2983 3409 3189 3465 dubitet
3232 3411 3297 3466 de
3337 3413 3551 3467 ratione

1961 3498 2241 3553 catholicae
2273 3499 2416 3563 ﬁdei,
2459 3500 2603 3555 illius
2628 3501 2860 3573 religiosi
2891 3505 2994 3559 viri
3023 3514 3077 3559 et
3102 3507 3282 3576 magni
3312 3508 3551 3563 nominis

1962 3591 2105 3645 inter
2148 3606 2275 3645 suos
2319 3592 2542 3647 edoctus
2585 3595 2848 3664 exemplo,
2900 3596 3015 3652 sine
3058 3597 3166 3652 ulla
3216 3599 3553 3656 dubitatione

1962 3681 2287 3736 universalis
2328 3682 2585 3737 Ecclesiae
2616 3699 2847 3754 sequens
2873 3689 3239 3755 concordiam,
3290 3691 3471 3746 laudet
3498 3698 3555 3745 et

1963 3773 2222 3842 prmdicet
2262 3773 2690 3829 misericordiam
2731 3776 2828 3830 Dei
2862 3779 3281 3847 omnipotentis,
3318 3781 3409 3851 qui
3446 3796 3552 3835 non

1964 3862 2075 3917 vult
2122 3872 2341 3916 mortem
2386 3866 2693 3933 peccatoris,
2733 3866 2823 3918 sed
2871 3876 2926 3920 ut
2974 3877 3305 3922 convertatur
3335 3878 3383 3923 et
3414 3870 3554 3923 vivat

1970 3956 2187 4029 (Ezech.
2234 3974 2426 4023 χχχιιι,
2459 3958 2568 4031 ll).
2609 3959 2717 4014 Vos
2758 3975 2910 4026 vero,
2959 3960 3294 4016 dilectissimi
3333 3962 3552 4030 fratres,

1968 4050 2151 4105 sedula
2181 4050 2465 4107 devotione
2496 4052 2753 4123 perlegite
2780 4053 2895 4109 haec
2920 4056 3124 4120 omnia,
3151 4056 3464 4127 priusquam
3494 4057 3554 4111 i1

1968 4142 2216 4212 publicas
2261 4146 2553 4214 procedere
2600 4162 2756 4201 aures
2808 4147 2999 4202 harum
3039 4149 3207 4204 series
3252 4148 3559 4205 litterarum

1971 4234 2201 4290 faciatis.
2232 4236 2345 4305 Ego
2369 4236 2632 4306 siquidem
2663 4238 2715 4291 in
2741 4240 3042 4309 procinctu,
3069 4241 3137 4295 ob
3160 4240 3325 4295 vestri
3347 4240 3559 4297 itineris

1973 4327 2398 4393 festinationem,
2432 4329 2545 4383 haec
2571 4330 2963 4400 qualiacunque
3015 4339 3162 4397 sunt,
3212 4330 3433 4398 dictavi,
3482 4331 3558 4387 ita

1973 4426 2035 4474 ut
2062 4419 2194 4473 mihi
2238 4428 2448 4490 tempus
2484 4420 2749 4491 relegendi
2796 4421 2879 4475 vel
2934 4423 3256 4477 emendandi
3296 4438 3402 4477 non
3447 4422 3555 4477 fuit

1977 4510 2248 4575 idoneum,
2295 4518 2488 4567 vestrae
2536 4512 2818 4567 charitatis
2864 4522 3150 4568 contentus
3188 4514 3562 4570 tantummodo

1977 4602 2206 4657 lectione
2237 4610 2399 4671 atque
2429 4603 2825 4657 emendatione.
2860 4602 2917 4657 Si
2946 4603 3164 4673 dignum
3208 4611 3403 4658 vestra:
3437 4618 3565 4659 con-

1976 4695 2292 4749 siderationi
2348 4694 2625 4758 videatur,
2684 4695 2924 4749 fraterno
2972 4695 3239 4749 ostendite
3294 4703 3563 4749 conventu

1978 4785 2147 4859 [Leg.,
2180 4785 2525 4858 conventui]:
2558 4786 2640 4840 sin
2693 4794 2872 4841 autem
2915 4784 3015 4840 sub
3055 4785 3260 4856 gremio
3305 4784 3565 4856 piissimae

1978 4880 2262 4935 charitatis
2316 4888 2511 4935 vestrae
2562 4879 2897 4945 abscondite,
2963 4879 3135 4935 donec
3190 4879 3338 4933 omni
3391 4876 3564 4951 [Leg.,

1979 4972 2278 5045 communi]
2309 4972 2537 5028 consilio
2565 4980 2879 5037 tractemus,
2917 4971 3047 5039 quid
3077 4971 3143 5025 de
3170 4970 3275 5026 hoc
3302 4970 3568 5043 agendum

1980 5066 2049 5122 sit
2072 5080 2253 5134 opere.
2289 5064 2492 5119 Tamen
2547 5063 2777 5118 ﬁrmiter
2819 5062 3025 5131 absque
3076 5060 3184 5115 ulla
3233 5060 3570 5115 dubitatione

1981 5167 2293 5216 sanctorum
2325 5157 2612 5227 sequimini
2638 5154 2862 5226 vestigia
2887 5154 3132 5220 Patrum,
3162 5163 3217 5210 et
3246 5152 3569 5209 catholicam

1984 5251 2164 5317 ﬁdem,
2197 5266 2356 5321 quam
2393 5247 2579 5303 multis
2607 5248 2917 5303 roboratam
2948 5244 3271 5302 testimoniis
3305 5241 3568 5313 aspicitis,

1985 5351 2165 5399 tenete
2196 5350 2251 5396 et
2274 5339 2565 5411 praadicate
2598 5354 2738 5395 :nec
2781 5346 2992 5392 tantum
3033 5336 3437 5391 considerantes
3470 5332 3575 5387 im-

1989 5436 2177 5506 peritae
2216 5433 2411 5504 lingua:
2451 5432 2503 5486 in
2544 5445 2631 5486 me
2671 5430 3007 5495 tarditatem,
3038 5433 3300 5499 quantum
3334 5422 3391 5477 in
3421 5419 3576 5478 testi-

1991 5526 2188 5582 moniis
2208 5525 2430 5580 Patrum
2457 5520 2739 5578 catholicae
2763 5519 2889 5576 ﬁdei
2912 5518 3217 5574 veritatem.
3254 5510 3364 5568 Sed
3390 5508 3576 5570 ethoc

1991 5670 2107 5736 ipso
2158 5665 2317 5736 huius
2363 5662 2715 5736 additamenti
2762 5668 2977 5736 tenore_
3001 5652 3393 5736 depromptam‘
3478 5647 3579 5706 d6-

1992 5687 2007 5724 l
2047 5685 2107 5724 SO
2158 5685 2317 5736 nu1us
2363 5685 2715 5721 auunameuu
2765 5685 2951 5715 wuuru
3001 5685 3369 5736 υσμιυιιιγιαω

1992 5685 2170 5795 (ﬁmus
2190 5753 2347 5809 supra
2377 5737 2431 5790 in
2457 5734 2657 5790 Monito
2682 5730 2907 5803 praevio,
2931 5724 3362 5808 circamedrum.

2063 5811 2093 5855 1³
2120 5810 2276 5868 Anno
2297 5807 2419 5878 799,
2436 5807 2563 5863 dum
2582 5804 2760 5878 primo
2783 5800 2927 5859 irent
2946 5797 3004 5854 in
3031 5796 3369 5868 Hispaniam.

2313 5848 2419 5882 ῗννῗ

3102 5887 3159 5985 .8.
