  <div class='ocr_page' id='page_1' title='image "/cluster/home/n/w/nwhite01/storage/ocr_20150623/101/hvd.32044004824769/123.png"; bbox 0 0 4030 6358; ppageno 0'>
   <div class='ocr_carea' id='block_1_1' title="bbox 475 381 582 454">
    <p class='ocr_par' dir='ltr' id='par_1_1' title="bbox 475 381 582 454">
     <span class='ocr_line' id='line_1_1' title="bbox 475 381 582 454; baseline -0.037 -1"><span class='ocrx_word' id='word_1_1' title='bbox 475 381 582 454; x_wconf 68' lang='lat' dir='ltr'><strong>sas</strong></span> 
     </span>
    </p>
   </div>
   <div class='ocr_carea' id='block_1_2' title="bbox 1331 373 2896 446">
    <p class='ocr_par' dir='ltr' id='par_1_2' title="bbox 1331 373 2896 446">
     <span class='ocr_line' id='line_1_2' title="bbox 1331 373 2896 446; baseline -0.003 -1"><span class='ocrx_word' id='word_1_2' title='bbox 1331 385 1389 445; x_wconf 87' lang='lat' dir='ltr'><strong>B.</strong></span> <span class='ocrx_word' id='word_1_3' title='bbox 1427 388 1491 445; x_wconf 88' lang='lat' dir='ltr'><strong>F.</strong></span> <span class='ocrx_word' id='word_1_4' title='bbox 1532 387 1756 446; x_wconf 78' lang='lat' dir='ltr'><strong>ALBINI</strong></span> <span class='ocrx_word' id='word_1_5' title='bbox 1795 387 1927 444; x_wconf 85' lang='lat' dir='ltr'><strong>SEU</strong></span> <span class='ocrx_word' id='word_1_6' title='bbox 1966 373 2238 442; x_wconf 83' lang='lat' dir='ltr'><strong>ALCUINI</strong></span> <span class='ocrx_word' id='word_1_7' title='bbox 2278 383 2559 442; x_wconf 81' lang='lat' dir='ltr'><strong>OPERUM</strong></span> <span class='ocrx_word' id='word_1_8' title='bbox 2592 384 2773 442; x_wconf 75' lang='lat' dir='ltr'><strong>PARS</strong></span> <span class='ocrx_word' id='word_1_9' title='bbox 2811 386 2896 442; x_wconf 89' lang='lat' dir='ltr'><strong>Ill.</strong></span> 
     </span>
    </p>
   </div>
   <div class='ocr_carea' id='block_1_3' title="bbox 3646 384 3749 440">
    <p class='ocr_par' dir='ltr' id='par_1_3' title="bbox 3646 384 3749 440">
     <span class='ocr_line' id='line_1_3' title="bbox 3646 384 3749 440; baseline 0.01 -1"><span class='ocrx_word' id='word_1_10' title='bbox 3646 384 3749 440; x_wconf 74' lang='lat'><strong>256</strong></span> 
     </span>
    </p>
   </div>
   <div class='ocr_carea' id='block_1_4' title="bbox 477 493 3752 580">
    <p class='ocr_par' dir='ltr' id='par_1_4' title="bbox 477 493 3752 580">
     <span class='ocr_line' id='line_1_4' title="bbox 477 493 3752 580; baseline -0.002 -12"><span class='ocrx_word' id='word_1_11' title='bbox 477 508 834 572; x_wconf 90' lang='lat' dir='ltr'><strong>considerate,</strong></span> <span class='ocrx_word' id='word_1_12' title='bbox 875 521 945 561; x_wconf 91' lang='lat' dir='ltr'><strong>an</strong></span> <span class='ocrx_word' id='word_1_13' title='bbox 981 503 1082 560; x_wconf 89' lang='lat' dir='ltr'><strong>has</strong></span> <span class='ocrx_word' id='word_1_14' title='bbox 1120 518 1275 561; x_wconf 87' lang='lat' dir='ltr'><strong>voms</strong></span> <span class='ocrx_word' id='word_1_15' title='bbox 1318 504 1450 560; x_wconf 91' lang='lat' dir='ltr'><strong>utile</strong></span> <span class='ocrx_word' id='word_1_16' title='bbox 1493 501 1739 560; x_wconf 89' lang='lat' dir='ltr'><strong>videatur</strong></span> <span class='ocrx_word' id='word_1_17' title='bbox 1789 503 2056 558; x_wconf 76' lang='lat' dir='ltr'><strong>litterulas</strong></span> <span class='ocrx_word' id='word_1_18' title='bbox 2083 506 2135 565; x_wconf 81' lang='grc' dir='ltr'>Α</span> <span class='ocrx_word' id='word_1_19' title='bbox 2159 503 2327 577; x_wconf 91' lang='lat' dir='ltr'><strong>lgitur</strong></span> <span class='ocrx_word' id='word_1_20' title='bbox 2367 506 2435 558; x_wconf 89' lang='lat' dir='ltr'><strong>ab</strong></span> <span class='ocrx_word' id='word_1_21' title='bbox 2481 505 2595 573; x_wconf 90' lang='lat' dir='ltr'><strong>ipso</strong></span> <span class='ocrx_word' id='word_1_22' title='bbox 2645 506 2752 561; x_wconf 90' lang='lat' dir='ltr'><strong>Deo</strong></span> <span class='ocrx_word' id='word_1_23' title='bbox 2796 504 2890 560; x_wconf 89' lang='lat' dir='ltr'><strong>Dei</strong></span> <span class='ocrx_word' id='word_1_24' title='bbox 2939 493 3075 558; x_wconf 80' lang='lat' dir='ltr'><strong>Filio</strong></span> <span class='ocrx_word' id='word_1_25' title='bbox 3105 495 3398 574; x_wconf 68' lang='lat' dir='ltr'><strong>prredicata</strong></span> <span class='ocrx_word' id='word_1_26' title='bbox 3418 511 3503 562; x_wconf 86' lang='lat' dir='ltr'><strong>est</strong></span> <span class='ocrx_word' id='word_1_27' title='bbox 3533 505 3588 580; x_wconf 78' lang='lat' dir='ltr'><strong>in</strong></span> <span class='ocrx_word' id='word_1_28' title='bbox 3618 507 3752 564; x_wconf 78' lang='lat' dir='ltr'><strong>duo-</strong></span> 
     </span>
    </p>
   </div>
   <div class='ocr_carea' id='block_1_5' title="bbox 478 594 2064 676">
    <p class='ocr_par' dir='ltr' id='par_1_5' title="bbox 478 594 2064 676">
     <span class='ocr_line' id='line_1_5' title="bbox 478 594 2064 676; baseline -0.005 -18"><span class='ocrx_word' id='word_1_29' title='bbox 478 601 756 676; x_wconf 62' lang='lat' dir='ltr'><strong>Hispania‘.</strong></span> <span class='ocrx_word' id='word_1_30' title='bbox 780 596 1039 656; x_wconf 79' lang='lat' dir='ltr'><strong>fratribus</strong></span> <span class='ocrx_word' id='word_1_31' title='bbox 1069 595 1322 669; x_wconf 86' lang='lat' dir='ltr'><strong>dirigere,</strong></span> <span class='ocrx_word' id='word_1_32' title='bbox 1355 595 1401 652; x_wconf 92' lang='lat' dir='ltr'><strong>si</strong></span> <span class='ocrx_word' id='word_1_33' title='bbox 1433 594 1571 652; x_wconf 81' lang='lat' dir='ltr'><strong>forte</strong></span> <span class='ocrx_word' id='word_1_34' title='bbox 1607 606 1941 666; x_wconf 87' lang='lat' dir='ltr'><strong>opportunus</strong></span> <span class='ocrx_word' id='word_1_35' title='bbox 1975 611 2064 650; x_wconf 90' lang='lat' dir='ltr'><strong>oc-</strong></span> 
     </span>
    </p>
   </div>
   <div class='ocr_carea' id='block_1_6' title="bbox 478 687 2065 760">
    <p class='ocr_par' dir='ltr' id='par_1_6' title="bbox 478 687 2065 760">
     <span class='ocr_line' id='line_1_6' title="bbox 478 687 2065 760; baseline -0.008 -6"><span class='ocrx_word' id='word_1_36' title='bbox 478 699 668 754; x_wconf 85' lang='lat' dir='ltr'><strong>currat</strong></span> <span class='ocrx_word' id='word_1_37' title='bbox 706 691 858 747; x_wconf 83' lang='lat' dir='ltr'><strong>vobis</strong></span> <span class='ocrx_word' id='word_1_38' title='bbox 898 689 1150 760; x_wconf 86' lang='lat' dir='ltr'><strong>portitor.</strong></span> <span class='ocrx_word' id='word_1_39' title='bbox 1199 687 1334 744; x_wconf 90' lang='lat' dir='ltr'><strong>lllud</strong></span> <span class='ocrx_word' id='word_1_40' title='bbox 1363 701 1576 760; x_wconf 90' lang='lat' dir='ltr'><strong>quoque</strong></span> <span class='ocrx_word' id='word_1_41' title='bbox 1598 688 1752 742; x_wconf 84' lang='lat' dir='ltr'><strong>vobis</strong></span> <span class='ocrx_word' id='word_1_42' title='bbox 1777 702 2065 742; x_wconf 86' lang='lat' dir='ltr'><strong>onerosum</strong></span> 
     </span>
    </p>
   </div>
   <div class='ocr_carea' id='block_1_7' title="bbox 479 779 2066 851">
    <p class='ocr_par' dir='ltr' id='par_1_7' title="bbox 479 779 2066 851">
     <span class='ocr_line' id='line_1_7' title="bbox 479 779 2066 851; baseline -0.006 -7"><span class='ocrx_word' id='word_1_43' title='bbox 479 803 592 844; x_wconf 90' lang='lat' dir='ltr'><strong>non</strong></span> <span class='ocrx_word' id='word_1_44' title='bbox 614 784 878 846; x_wconf 90' lang='lat' dir='ltr'><strong>videatur,</strong></span> <span class='ocrx_word' id='word_1_45' title='bbox 913 787 1204 851; x_wconf 84' lang='lat' dir='ltr'><strong>antequam</strong></span> <span class='ocrx_word' id='word_1_46' title='bbox 1228 781 1293 836; x_wconf 91' lang='lat' dir='ltr'><strong>de</strong></span> <span class='ocrx_word' id='word_1_47' title='bbox 1322 780 1540 836; x_wconf 82' lang='lat' dir='ltr'><strong>civitate</strong></span> <span class='ocrx_word' id='word_1_48' title='bbox 1569 781 1726 848; x_wconf 89' lang='lat' dir='ltr'><strong>eatis,</strong></span> <span class='ocrx_word' id='word_1_49' title='bbox 1753 790 1812 838; x_wconf 91' lang='lat' dir='ltr'><strong>ut</strong></span> <span class='ocrx_word' id='word_1_50' title='bbox 1833 779 2066 848; x_wconf 76' lang='lat' dir='ltr'><strong>iubeatis</strong></span> 
     </span>
    </p>
   </div>
   <div class='ocr_carea' id='block_1_8' title="bbox 480 872 2068 950">
    <p class='ocr_par' dir='ltr' id='par_1_8' title="bbox 480 872 2068 950">
     <span class='ocr_line' id='line_1_8' title="bbox 480 872 2068 950; baseline -0.006 -14"><span class='ocrx_word' id='word_1_51' title='bbox 480 877 654 950; x_wconf 81' lang='lat' dir='ltr'><strong>ligare</strong></span> <span class='ocrx_word' id='word_1_52' title='bbox 699 884 754 930; x_wconf 90' lang='lat' dir='ltr'><strong>et</strong></span> <span class='ocrx_word' id='word_1_53' title='bbox 797 874 1100 938; x_wconf 82' lang='lat' dir='ltr'><strong>involvere,</strong></span> <span class='ocrx_word' id='word_1_54' title='bbox 1157 882 1212 928; x_wconf 91' lang='lat' dir='ltr'><strong>et</strong></span> <span class='ocrx_word' id='word_1_55' title='bbox 1255 874 1308 929; x_wconf 93' lang='lat' dir='ltr'><strong>in</strong></span> <span class='ocrx_word' id='word_1_56' title='bbox 1359 875 1575 930; x_wconf 89' lang='lat' dir='ltr'><strong>modum</strong></span> <span class='ocrx_word' id='word_1_57' title='bbox 1621 873 1781 928; x_wconf 88' lang='lat' dir='ltr'><strong>unius</strong></span> <span class='ocrx_word' id='word_1_58' title='bbox 1824 872 2068 942; x_wconf 89' lang='lat' dir='ltr'><strong>corporis</strong></span> 
     </span>
    </p>
   </div>
   <div class='ocr_carea' id='block_1_9' title="bbox 480 963 2066 1036">
    <p class='ocr_par' dir='ltr' id='par_1_9' title="bbox 480 963 2066 1036">
     <span class='ocr_line' id='line_1_9' title="bbox 480 963 2066 1036; baseline -0.004 -13"><span class='ocrx_word' id='word_1_59' title='bbox 480 980 808 1036; x_wconf 88' lang='lat' dir='ltr'><strong>componere</strong></span> <span class='ocrx_word' id='word_1_60' title='bbox 875 964 974 1020; x_wconf 88' lang='lat' dir='ltr'><strong>has</strong></span> <span class='ocrx_word' id='word_1_61' title='bbox 1031 964 1454 1034; x_wconf 87' lang='lat' dir='ltr'><strong>quaterniones;</strong></span> <span class='ocrx_word' id='word_1_62' title='bbox 1523 977 1589 1018; x_wconf 86' lang='lat' dir='ltr'><strong>ne</strong></span> <span class='ocrx_word' id='word_1_63' title='bbox 1640 971 1785 1018; x_wconf 91' lang='lat' dir='ltr'><strong>sorte</strong></span> <span class='ocrx_word' id='word_1_64' title='bbox 1834 963 2066 1034; x_wconf 87' lang='lat' dir='ltr'><strong>sparsim</strong></span> 
     </span>
    </p>
   </div>
   <div class='ocr_carea' id='block_1_10' title="bbox 479 1051 2068 1126">
    <p class='ocr_par' dir='ltr' id='par_1_10' title="bbox 479 1051 2068 1126">
     <span class='ocr_line' id='line_1_10' title="bbox 479 1051 2068 1126; baseline -0.005 -12"><span class='ocrx_word' id='word_1_65' title='bbox 479 1065 652 1126; x_wconf 64' lang='lat' dir='ltr'><strong>raptae</strong></span> <span class='ocrx_word' id='word_1_66' title='bbox 698 1055 1078 1125; x_wconf 86' lang='lat' dir='ltr'><strong>dispergantur</strong></span> <span class='ocrx_word' id='word_1_67' title='bbox 1101 1070 1199 1126; x_wconf 90' lang='lat' dir='ltr'><strong>per</strong></span> <span class='ocrx_word' id='word_1_68' title='bbox 1228 1070 1419 1110; x_wconf 90' lang='lat' dir='ltr'><strong>manus</strong></span> <span class='ocrx_word' id='word_1_69' title='bbox 1447 1053 1758 1121; x_wconf 81' lang='lat' dir='ltr'><strong>legentium,</strong></span> <span class='ocrx_word' id='word_1_70' title='bbox 1797 1052 1881 1107; x_wconf 88' lang='lat' dir='ltr'><strong>vel</strong></span> <span class='ocrx_word' id='word_1_71' title='bbox 1910 1051 2068 1108; x_wconf 82' lang='lat' dir='ltr'><strong>forsi-</strong></span> 
     </span>
    </p>
   </div>
   <div class='ocr_carea' id='block_1_11' title="bbox 479 1145 2068 1214">
    <p class='ocr_par' dir='ltr' id='par_1_11' title="bbox 479 1145 2068 1214">
     <span class='ocr_line' id='line_1_11' title="bbox 479 1145 2068 1214; baseline -0.005 -8"><span class='ocrx_word' id='word_1_72' title='bbox 479 1158 573 1206; x_wconf 85' lang='lat' dir='ltr'><strong>tan</strong></span> <span class='ocrx_word' id='word_1_73' title='bbox 604 1147 958 1204; x_wconf 86' lang='lat' dir='ltr'><strong>invidentium</strong></span> <span class='ocrx_word' id='word_1_74' title='bbox 1001 1147 1202 1204; x_wconf 88' lang='lat' dir='ltr'><strong>nomini</strong></span> <span class='ocrx_word' id='word_1_75' title='bbox 1228 1162 1386 1210; x_wconf 89' lang='lat' dir='ltr'><strong>meo;</strong></span> <span class='ocrx_word' id='word_1_76' title='bbox 1428 1146 1520 1200; x_wconf 89' lang='lat' dir='ltr'><strong>sed</strong></span> <span class='ocrx_word' id='word_1_77' title='bbox 1547 1146 1700 1214; x_wconf 88' lang='lat' dir='ltr'><strong>quasi</strong></span> <span class='ocrx_word' id='word_1_78' title='bbox 1733 1161 1895 1200; x_wconf 92' lang='lat' dir='ltr'><strong>unum</strong></span> <span class='ocrx_word' id='word_1_79' title='bbox 1921 1145 2068 1199; x_wconf 83' lang='lat' dir='ltr'><strong>codi-</strong></span> 
     </span>
    </p>
   </div>
   <div class='ocr_carea' id='block_1_12' title="bbox 479 1235 2066 1306">
    <p class='ocr_par' dir='ltr' id='par_1_12' title="bbox 479 1235 2066 1306">
     <span class='ocr_line' id='line_1_12' title="bbox 479 1235 2066 1306; baseline -0.004 -10"><span class='ocrx_word' id='word_1_80' title='bbox 479 1255 598 1296; x_wconf 85' lang='lat' dir='ltr'><strong>cem</strong></span> <span class='ocrx_word' id='word_1_81' title='bbox 647 1237 844 1294; x_wconf 80' lang='lat' dir='ltr'><strong>habete</strong></span> <span class='ocrx_word' id='word_1_82' title='bbox 892 1237 1006 1292; x_wconf 66' lang='lat' dir='ltr'><strong>haec</strong></span> <span class='ocrx_word' id='word_1_83' title='bbox 1057 1236 1234 1290; x_wconf 89' lang='lat' dir='ltr'><strong>omnia</strong></span> <span class='ocrx_word' id='word_1_84' title='bbox 1285 1236 1490 1306; x_wconf 87' lang='lat' dir='ltr'><strong>pariter</strong></span> <span class='ocrx_word' id='word_1_85' title='bbox 1539 1237 1871 1306; x_wconf 89' lang='lat' dir='ltr'><strong>composita;</strong></span> <span class='ocrx_word' id='word_1_86' title='bbox 1922 1243 1977 1289; x_wconf 91' lang='lat' dir='ltr'><strong>et</strong></span> <span class='ocrx_word' id='word_1_87' title='bbox 2021 1235 2066 1290; x_wconf 90' lang='lat' dir='ltr'><strong>si</strong></span> 
     </span>
    </p>
   </div>
   <div class='ocr_carea' id='block_1_13' title="bbox 478 1325 2067 1402">
    <p class='ocr_par' dir='ltr' id='par_1_13' title="bbox 478 1325 2067 1402">
     <span class='ocr_line' id='line_1_13' title="bbox 478 1325 2067 1402; baseline -0.003 -20"><span class='ocrx_word' id='word_1_88' title='bbox 478 1327 720 1402; x_wconf 84' lang='lat' dir='ltr'><strong>quolibet</strong></span> <span class='ocrx_word' id='word_1_89' title='bbox 742 1327 976 1398; x_wconf 86' lang='lat' dir='ltr'><strong>dirigere</strong></span> <span class='ocrx_word' id='word_1_90' title='bbox 1015 1325 1200 1390; x_wconf 90' lang='lat' dir='ltr'><strong>vultis,</strong></span> <span class='ocrx_word' id='word_1_91' title='bbox 1250 1326 1519 1380; x_wconf 86' lang='lat' dir='ltr'><strong>scribatur</strong></span> <span class='ocrx_word' id='word_1_92' title='bbox 1546 1335 1599 1380; x_wconf 90' lang='lat' dir='ltr'><strong>et</strong></span> <span class='ocrx_word' id='word_1_93' title='bbox 1638 1325 1917 1390; x_wconf 86' lang='lat' dir='ltr'><strong>mittatur;</strong></span> <span class='ocrx_word' id='word_1_94' title='bbox 1951 1325 2067 1378; x_wconf 65' lang='lat' dir='ltr'><strong>hmc</strong></span> 
     </span>
    </p>
   </div>
   <div class='ocr_carea' id='block_1_14' title="bbox 478 1418 2069 1492">
    <p class='ocr_par' dir='ltr' id='par_1_14' title="bbox 478 1418 2069 1492">
     <span class='ocr_line' id='line_1_14' title="bbox 478 1418 2069 1492; baseline -0.004 -15"><span class='ocrx_word' id='word_1_95' title='bbox 478 1438 612 1477; x_wconf 91' lang='lat' dir='ltr'><strong>vero</strong></span> <span class='ocrx_word' id='word_1_96' title='bbox 640 1437 766 1492; x_wconf 89' lang='lat' dir='ltr'><strong>pars</strong></span> <span class='ocrx_word' id='word_1_97' title='bbox 805 1421 1082 1476; x_wconf 79' lang='lat' dir='ltr'><strong>vobiscum</strong></span> <span class='ocrx_word' id='word_1_98' title='bbox 1130 1427 1369 1483; x_wconf 88' lang='lat' dir='ltr'><strong>maneat,</strong></span> <span class='ocrx_word' id='word_1_99' title='bbox 1399 1418 1568 1474; x_wconf 89' lang='lat' dir='ltr'><strong>donec</strong></span> <span class='ocrx_word' id='word_1_100' title='bbox 1603 1418 1815 1472; x_wconf 91' lang='lat' dir='ltr'><strong>volente</strong></span> <span class='ocrx_word' id='word_1_101' title='bbox 1843 1418 1954 1472; x_wconf 90' lang='lat' dir='ltr'><strong>Deo</strong></span> <span class='ocrx_word' id='word_1_102' title='bbox 1983 1432 2069 1471; x_wconf 89' lang='lat' dir='ltr'><strong>re-</strong></span> 
     </span>
    </p>
   </div>
   <div class='ocr_carea' id='block_1_15' title="bbox 480 1508 2069 1580">
    <p class='ocr_par' dir='ltr' id='par_1_15' title="bbox 480 1508 2069 1580">
     <span class='ocr_line' id='line_1_15' title="bbox 480 1508 2069 1580; baseline -0.005 -10"><span class='ocrx_word' id='word_1_103' title='bbox 480 1515 695 1570; x_wconf 86' lang='lat' dir='ltr'><strong>versuri</strong></span> <span class='ocrx_word' id='word_1_104' title='bbox 722 1513 840 1569; x_wconf 91' lang='lat' dir='ltr'><strong>sitis</strong></span> <span class='ocrx_word' id='word_1_105' title='bbox 874 1513 940 1566; x_wconf 92' lang='lat' dir='ltr'><strong>ad</strong></span> <span class='ocrx_word' id='word_1_106' title='bbox 982 1527 1098 1566; x_wconf 89' lang='lat' dir='ltr'><strong>nos.</strong></span> <span class='ocrx_word' id='word_1_107' title='bbox 1143 1510 1318 1564; x_wconf 83' lang='lat' dir='ltr'><strong>Etiam</strong></span> <span class='ocrx_word' id='word_1_108' title='bbox 1349 1509 1542 1564; x_wconf 85' lang='lat' dir='ltr'><strong>litterae</strong></span> <span class='ocrx_word' id='word_1_109' title='bbox 1570 1525 1668 1580; x_wconf 93' lang='lat' dir='ltr'><strong>pro</strong></span> <span class='ocrx_word' id='word_1_110' title='bbox 1699 1526 1784 1564; x_wconf 89' lang='lat' dir='ltr'><strong>me</strong></span> <span class='ocrx_word' id='word_1_111' title='bbox 1814 1508 2069 1566; x_wconf 81' lang='lat' dir='ltr'><strong>fraternis</strong></span> 
     </span>
    </p>
   </div>
   <div class='ocr_carea' id='block_1_16' title="bbox 478 1598 2070 1678">
    <p class='ocr_par' dir='ltr' id='par_1_16' title="bbox 478 1598 2070 1678">
     <span class='ocr_line' id='line_1_16' title="bbox 478 1598 2070 1678; baseline -0.008 -14"><span class='ocrx_word' id='word_1_112' title='bbox 478 1605 630 1678; x_wconf 88' lang='lat' dir='ltr'><strong>loqui</strong></span> <span class='ocrx_word' id='word_1_113' title='bbox 655 1613 882 1678; x_wconf 90' lang='lat' dir='ltr'><strong>possunt</strong></span> <span class='ocrx_word' id='word_1_114' title='bbox 923 1603 1167 1668; x_wconf 89' lang='lat' dir='ltr'><strong>auribus,</strong></span> <span class='ocrx_word' id='word_1_115' title='bbox 1200 1602 1245 1656; x_wconf 92' lang='lat' dir='ltr'><strong>si</strong></span> <span class='ocrx_word' id='word_1_116' title='bbox 1273 1616 1365 1656; x_wconf 87' lang='lat' dir='ltr'><strong>eas</strong></span> <span class='ocrx_word' id='word_1_117' title='bbox 1391 1601 1675 1656; x_wconf 86' lang='lat' dir='ltr'><strong>ostendere</strong></span> <span class='ocrx_word' id='word_1_118' title='bbox 1703 1600 1788 1655; x_wconf 86' lang='lat' dir='ltr'><strong>vel</strong></span> <span class='ocrx_word' id='word_1_119' title='bbox 1814 1600 1868 1654; x_wconf 93' lang='lat' dir='ltr'><strong>in</strong></span> <span class='ocrx_word' id='word_1_120' title='bbox 1894 1598 2070 1669; x_wconf 89' lang='lat' dir='ltr'><strong>publi-</strong></span> 
     </span>
    </p>
   </div>
   <div class='ocr_carea' id='block_1_17' title="bbox 480 1690 2070 1770">
    <p class='ocr_par' dir='ltr' id='par_1_17' title="bbox 480 1690 2070 1770">
     <span class='ocr_line' id='line_1_17' title="bbox 480 1690 2070 1770; baseline -0.006 -17"><span class='ocrx_word' id='word_1_121' title='bbox 480 1713 606 1753; x_wconf 90' lang='lat' dir='ltr'><strong>cum</strong></span> <span class='ocrx_word' id='word_1_122' title='bbox 634 1697 927 1770; x_wconf 86' lang='lat' dir='ltr'><strong>procedere</strong></span> <span class='ocrx_word' id='word_1_123' title='bbox 971 1703 1166 1750; x_wconf 68' lang='lat' dir='ltr'><strong>vestrae</strong></span> <span class='ocrx_word' id='word_1_124' title='bbox 1202 1692 1409 1762; x_wconf 84' lang='lat' dir='ltr'><strong>placeat</strong></span> <span class='ocrx_word' id='word_1_125' title='bbox 1448 1693 1766 1763; x_wconf 72' lang='lat' dir='ltr'><strong>prudentim.</strong></span> <span class='ocrx_word' id='word_1_126' title='bbox 1797 1690 2070 1761; x_wconf 82' lang='lat' dir='ltr'><strong>Quidquid</strong></span> 
     </span>
    </p>
   </div>
   <div class='ocr_carea' id='block_1_18' title="bbox 478 1783 2066 1858">
    <p class='ocr_par' dir='ltr' id='par_1_18' title="bbox 478 1783 2066 1858">
     <span class='ocr_line' id='line_1_18' title="bbox 478 1783 2066 1858; baseline -0.005 -14"><span class='ocrx_word' id='word_1_127' title='bbox 478 1789 538 1844; x_wconf 91' lang='lat' dir='ltr'><strong>in</strong></span> <span class='ocrx_word' id='word_1_128' title='bbox 578 1789 657 1844; x_wconf 89' lang='lat' dir='ltr'><strong>eis</strong></span> <span class='ocrx_word' id='word_1_129' title='bbox 699 1788 942 1842; x_wconf 79' lang='lat' dir='ltr'><strong>veritatis</strong></span> <span class='ocrx_word' id='word_1_130' title='bbox 990 1785 1369 1858; x_wconf 88' lang='lat' dir='ltr'><strong>astipulatione</strong></span> <span class='ocrx_word' id='word_1_131' title='bbox 1412 1783 1722 1839; x_wconf 83' lang='lat' dir='ltr'><strong>roboratam</strong></span> <span class='ocrx_word' id='word_1_132' title='bbox 1763 1783 2066 1848; x_wconf 89' lang='lat' dir='ltr'><strong>invenietis,</strong></span> 
     </span>
    </p>
   </div>
   <div class='ocr_carea' id='block_1_19' title="bbox 2165 593 3747 666">
    <p class='ocr_par' dir='ltr' id='par_1_19' title="bbox 2165 593 3747 666">
     <span class='ocr_line' id='line_1_19' title="bbox 2165 593 3747 666; baseline 0.003 -17"><span class='ocrx_word' id='word_1_133' title='bbox 2165 593 2267 649; x_wconf 88' lang='lat' dir='ltr'><strong>bus</strong></span> <span class='ocrx_word' id='word_1_134' title='bbox 2295 593 2516 647; x_wconf 89' lang='lat' dir='ltr'><strong>minutis</strong></span> <span class='ocrx_word' id='word_1_135' title='bbox 2537 595 2893 666; x_wconf 68' lang='lat' dir='ltr'><strong>pauperrimre</strong></span> <span class='ocrx_word' id='word_1_136' title='bbox 2920 593 3093 652; x_wconf 72' lang='lat' dir='ltr'><strong>viduze</strong></span> <span class='ocrx_word' id='word_1_137' title='bbox 3116 594 3459 652; x_wconf 82' lang='lat' dir='ltr'><strong>sanctissima</strong></span> <span class='ocrx_word' id='word_1_138' title='bbox 3485 595 3700 654; x_wconf 85' lang='lat' dir='ltr'><strong>devotio</strong></span> <span class='ocrx_word' id='word_1_139' title='bbox 3728 611 3747 654; x_wconf 68' lang='grc' dir='ltr'><em>ε</em></span> 
     </span>
    </p>
   </div>
   <div class='ocr_carea' id='block_1_20' title="bbox 2165 684 3745 756">
    <p class='ocr_par' dir='ltr' id='par_1_20' title="bbox 2165 684 3745 756">
     <span class='ocr_line' id='line_1_20' title="bbox 2165 684 3745 756; baseline 0.005 -18"><span class='ocrx_word' id='word_1_140' title='bbox 2165 698 2274 738; x_wconf 90' lang='lat' dir='ltr'><strong>non</strong></span> <span class='ocrx_word' id='word_1_141' title='bbox 2306 699 2404 754; x_wconf 86' lang='lat' dir='ltr'><strong>ego</strong></span> <span class='ocrx_word' id='word_1_142' title='bbox 2430 685 2534 738; x_wconf 92' lang='lat' dir='ltr'><strong>duo</strong></span> <span class='ocrx_word' id='word_1_143' title='bbox 2566 685 2772 740; x_wconf 88' lang='lat' dir='ltr'><strong>minuta</strong></span> <span class='ocrx_word' id='word_1_144' title='bbox 2801 687 2855 739; x_wconf 90' lang='lat' dir='ltr'><strong>in</strong></span> <span class='ocrx_word' id='word_1_145' title='bbox 2887 684 3144 755; x_wconf 82' lang='lat' dir='ltr'><strong>templum</strong></span> <span class='ocrx_word' id='word_1_146' title='bbox 3173 684 3418 740; x_wconf 85' lang='lat' dir='ltr'><strong>Romano</strong></span> <span class='ocrx_word' id='word_1_147' title='bbox 3442 686 3745 756; x_wconf 80' lang='lat' dir='ltr'><strong>periturum</strong></span> 
     </span>
    </p>
   </div>
   <div class='ocr_carea' id='block_1_21' title="bbox 2166 773 3750 848">
    <p class='ocr_par' dir='ltr' id='par_1_21' title="bbox 2166 773 3750 848">
     <span class='ocr_line' id='line_1_21' title="bbox 2166 773 3750 848; baseline 0.004 -20"><span class='ocrx_word' id='word_1_148' title='bbox 2166 773 2414 828; x_wconf 88' lang='lat' dir='ltr'><strong>incendio</strong></span> <span class='ocrx_word' id='word_1_149' title='bbox 2449 773 2652 838; x_wconf 85' lang='lat' dir='ltr'><strong>defero,</strong></span> <span class='ocrx_word' id='word_1_150' title='bbox 2685 776 2780 830; x_wconf 84' lang='lat' dir='ltr'><strong>sed</strong></span> <span class='ocrx_word' id='word_1_151' title='bbox 2801 775 2906 830; x_wconf 92' lang='lat' dir='ltr'><strong>duo</strong></span> <span class='ocrx_word' id='word_1_152' title='bbox 2949 791 3140 846; x_wconf 83' lang='lat' dir='ltr'><strong>magna</strong></span> <span class='ocrx_word' id='word_1_153' title='bbox 3181 784 3445 848; x_wconf 63' lang='lat' dir='ltr'><strong>praecepta</strong></span> <span class='ocrx_word' id='word_1_154' title='bbox 3473 777 3750 836; x_wconf 84' lang='lat' dir='ltr'><strong>charitatis</strong></span> 
     </span>
    </p>
   </div>
   <div class='ocr_carea' id='block_1_22' title="bbox 2166 866 3750 938">
    <p class='ocr_par' dir='ltr' id='par_1_22' title="bbox 2166 866 3750 938">
     <span class='ocr_line' id='line_1_22' title="bbox 2166 866 3750 938; baseline 0.003 -18"><span class='ocrx_word' id='word_1_155' title='bbox 2166 866 2220 922; x_wconf 92' lang='lat' dir='ltr'><strong>in</strong></span> <span class='ocrx_word' id='word_1_156' title='bbox 2253 866 2506 938; x_wconf 86' lang='lat' dir='ltr'><strong>templum</strong></span> <span class='ocrx_word' id='word_1_157' title='bbox 2536 867 2632 924; x_wconf 92' lang='lat' dir='ltr'><strong>Dei</strong></span> <span class='ocrx_word' id='word_1_158' title='bbox 2661 869 2790 934; x_wconf 92' lang='lat' dir='ltr'><strong>vivi,</strong></span> <span class='ocrx_word' id='word_1_159' title='bbox 2818 868 3053 924; x_wconf 87' lang='lat' dir='ltr'><strong>animam</strong></span> <span class='ocrx_word' id='word_1_160' title='bbox 3078 867 3287 923; x_wconf 89' lang='lat' dir='ltr'><strong>scilicet</strong></span> <span class='ocrx_word' id='word_1_161' title='bbox 3310 867 3632 924; x_wconf 78' lang='lat' dir='ltr'><strong>sacerdotali</strong></span> <span class='ocrx_word' id='word_1_162' title='bbox 3671 869 3750 926; x_wconf 82' lang='lat' dir='ltr'><strong>di-</strong></span> 
     </span>
    </p>
   </div>
   <div class='ocr_carea' id='block_1_23' title="bbox 2166 957 3745 1033">
    <p class='ocr_par' dir='ltr' id='par_1_23' title="bbox 2166 957 3745 1033">
     <span class='ocr_line' id='line_1_23' title="bbox 2166 957 3745 1033; baseline 0.004 -21"><span class='ocrx_word' id='word_1_163' title='bbox 2166 959 2368 1032; x_wconf 88' lang='lat' dir='ltr'><strong>gnitate</strong></span> <span class='ocrx_word' id='word_1_164' title='bbox 2393 961 2801 1030; x_wconf 66' lang='lat' dir='ltr'><strong>prasrogativam</strong></span> <span class='ocrx_word' id='word_1_165' title='bbox 2831 957 2902 1033; x_wconf 81' lang='lat' dir='ltr'><strong>[F</strong></span> <span class='ocrx_word' id='word_1_166' title='bbox 2905 971 3038 1028; x_wconf 88' lang='lat' dir='ltr'><strong>orte,</strong></span> <span class='ocrx_word' id='word_1_167' title='bbox 3073 968 3129 1016; x_wconf 85' lang='lat' dir='ltr'><strong>et</strong></span> <span class='ocrx_word' id='word_1_168' title='bbox 3157 960 3516 1031; x_wconf 64' lang='lat' dir='ltr'><strong>pratrogativa</strong></span> <span class='ocrx_word' id='word_1_169' title='bbox 3553 962 3745 1032; x_wconf 68' lang='lat' dir='ltr'><strong>pradi-</strong></span> 
     </span>
    </p>
   </div>
   <div class='ocr_carea' id='block_1_24' title="bbox 2166 1049 3744 1130">
    <p class='ocr_par' dir='ltr' id='par_1_24' title="bbox 2166 1049 3744 1130">
     <span class='ocr_line' id='line_1_24' title="bbox 2166 1049 3744 1130; baseline 0.003 -25"><span class='ocrx_word' id='word_1_170' title='bbox 2166 1049 2300 1122; x_wconf 89' lang='lat' dir='ltr'><strong>tam]</strong></span> <span class='ocrx_word' id='word_1_171' title='bbox 2333 1051 2521 1108; x_wconf 76' lang='lat' dir='ltr'><strong>offero.</strong></span> <span class='ocrx_word' id='word_1_172' title='bbox 2574 1051 2682 1107; x_wconf 83' lang='lat' dir='ltr'><strong>Nec</strong></span> <span class='ocrx_word' id='word_1_173' title='bbox 2709 1052 2790 1108; x_wconf 87' lang='lat' dir='ltr'><strong>fas</strong></span> <span class='ocrx_word' id='word_1_174' title='bbox 2819 1061 2903 1108; x_wconf 91' lang='lat' dir='ltr'><strong>est</strong></span> <span class='ocrx_word' id='word_1_175' title='bbox 2928 1052 3189 1110; x_wconf 80' lang='lat' dir='ltr'><strong>vilitatem</strong></span> <span class='ocrx_word' id='word_1_176' title='bbox 3217 1052 3412 1124; x_wconf 82' lang='lat' dir='ltr'><strong>[Edit.,</strong></span> <span class='ocrx_word' id='word_1_177' title='bbox 3436 1053 3744 1130; x_wconf 84' lang='lat' dir='ltr'><strong>utilitatem]</strong></span> 
     </span>
    </p>
   </div>
   <div class='ocr_carea' id='block_1_25' title="bbox 2166 1144 3752 1216">
    <p class='ocr_par' dir='ltr' id='par_1_25' title="bbox 2166 1144 3752 1216">
     <span class='ocr_line' id='line_1_25' title="bbox 2166 1144 3752 1216; baseline 0.003 -19"><span class='ocrx_word' id='word_1_178' title='bbox 2166 1144 2443 1199; x_wconf 77' lang='lat' dir='ltr'><strong>offerentis</strong></span> <span class='ocrx_word' id='word_1_179' title='bbox 2463 1161 2734 1214; x_wconf 86' lang='lat' dir='ltr'><strong>spernere,</strong></span> <span class='ocrx_word' id='word_1_180' title='bbox 2760 1145 2853 1201; x_wconf 88' lang='lat' dir='ltr'><strong>sed</strong></span> <span class='ocrx_word' id='word_1_181' title='bbox 2872 1145 3296 1216; x_wconf 80' lang='lat' dir='ltr'><strong>magnitudinem</strong></span> <span class='ocrx_word' id='word_1_182' title='bbox 3318 1146 3558 1202; x_wconf 90' lang='lat' dir='ltr'><strong>muneris</strong></span> <span class='ocrx_word' id='word_1_183' title='bbox 3577 1147 3752 1206; x_wconf 81' lang='lat' dir='ltr'><strong>consi-</strong></span> 
     </span>
    </p>
   </div>
   <div class='ocr_carea' id='block_1_26' title="bbox 2169 1236 3757 1306">
    <p class='ocr_par' dir='ltr' id='par_1_26' title="bbox 2169 1236 3757 1306">
     <span class='ocr_line' id='line_1_26' title="bbox 2169 1236 3757 1306; baseline 0.002 -16"><span class='ocrx_word' id='word_1_184' title='bbox 2169 1236 2377 1291; x_wconf 89' lang='lat' dir='ltr'><strong>derare.</strong></span> <span class='ocrx_word' id='word_1_185' title='bbox 2431 1236 2509 1290; x_wconf 92' lang='lat' dir='ltr'><strong>Tu</strong></span> <span class='ocrx_word' id='word_1_186' title='bbox 2558 1237 2700 1292; x_wconf 91' lang='lat' dir='ltr'><strong>enim</strong></span> <span class='ocrx_word' id='word_1_187' title='bbox 2751 1251 2840 1299; x_wconf 89' lang='lat' dir='ltr'><strong>es,</strong></span> <span class='ocrx_word' id='word_1_188' title='bbox 2891 1237 3232 1292; x_wconf 88' lang='lat' dir='ltr'><strong>sanctissime</strong></span> <span class='ocrx_word' id='word_1_189' title='bbox 3281 1237 3516 1306; x_wconf 63' lang='lat' dir='ltr'><strong>praesul,</strong></span> <span class='ocrx_word' id='word_1_190' title='bbox 3563 1237 3757 1298; x_wconf 76' lang='lat' dir='ltr'><strong>civitas</strong></span> 
     </span>
    </p>
   </div>
   <div class='ocr_carea' id='block_1_27' title="bbox 2168 1327 3750 1400">
    <p class='ocr_par' dir='ltr' id='par_1_27' title="bbox 2168 1327 3750 1400">
     <span class='ocr_line' id='line_1_27' title="bbox 2168 1327 3750 1400; baseline -0.002 -15"><span class='ocrx_word' id='word_1_191' title='bbox 2168 1345 2331 1400; x_wconf 84' lang='lat' dir='ltr'><strong>super</strong></span> <span class='ocrx_word' id='word_1_192' title='bbox 2351 1336 2585 1384; x_wconf 91' lang='lat' dir='ltr'><strong>montem</strong></span> <span class='ocrx_word' id='word_1_193' title='bbox 2603 1329 2798 1400; x_wconf 91' lang='lat' dir='ltr'><strong>posita,</strong></span> <span class='ocrx_word' id='word_1_194' title='bbox 2813 1343 2932 1398; x_wconf 71' lang='lat' dir='ltr'><strong>quae</strong></span> <span class='ocrx_word' id='word_1_195' title='bbox 2955 1327 3261 1383; x_wconf 88' lang='lat' dir='ltr'><strong>nullatenus</strong></span> <span class='ocrx_word' id='word_1_196' title='bbox 3283 1327 3537 1383; x_wconf 85' lang='lat' dir='ltr'><strong>abscondi</strong></span> <span class='ocrx_word' id='word_1_197' title='bbox 3552 1337 3750 1400; x_wconf 79' lang='lat' dir='ltr'><strong>potest,</strong></span> 
     </span>
    </p>
   </div>
   <div class='ocr_carea' id='block_1_28' title="bbox 2169 1420 3757 1499">
    <p class='ocr_par' dir='ltr' id='par_1_28' title="bbox 2169 1420 3757 1499">
     <span class='ocr_line' id='line_1_28' title="bbox 2169 1420 3757 1499; baseline 0 -21"><span class='ocrx_word' id='word_1_198' title='bbox 2169 1421 2320 1492; x_wconf 80' lang='lat' dir='ltr'><strong>cujus</strong></span> <span class='ocrx_word' id='word_1_199' title='bbox 2357 1437 2544 1478; x_wconf 90' lang='lat' dir='ltr'><strong>murus</strong></span> <span class='ocrx_word' id='word_1_200' title='bbox 2586 1437 2923 1491; x_wconf 87' lang='lat' dir='ltr'><strong>nequaquam</strong></span> <span class='ocrx_word' id='word_1_201' title='bbox 2969 1420 3128 1476; x_wconf 88' lang='lat' dir='ltr'><strong>debet</strong></span> <span class='ocrx_word' id='word_1_202' title='bbox 3173 1420 3447 1474; x_wconf 90' lang='lat' dir='ltr'><strong>insidiosis</strong></span> <span class='ocrx_word' id='word_1_203' title='bbox 3480 1421 3757 1499; x_wconf 50' lang='lat' dir='ltr'><strong>&#39;cuniculis</strong></span> 
     </span>
    </p>
   </div>
   <div class='ocr_carea' id='block_1_29' title="bbox 2168 1510 3758 1582">
    <p class='ocr_par' dir='ltr' id='par_1_29' title="bbox 2168 1510 3758 1582">
     <span class='ocr_line' id='line_1_29' title="bbox 2168 1510 3758 1582; baseline 0.001 -14"><span class='ocrx_word' id='word_1_204' title='bbox 2168 1512 2456 1582; x_wconf 86' lang='lat' dir='ltr'><strong>cujuslibet</strong></span> <span class='ocrx_word' id='word_1_205' title='bbox 2491 1512 2731 1582; x_wconf 66' lang='lat' dir='ltr'><strong>perfidia:</strong></span> <span class='ocrx_word' id='word_1_206' title='bbox 2764 1511 2959 1568; x_wconf 86' lang='lat' dir='ltr'><strong>alicubi</strong></span> <span class='ocrx_word' id='word_1_207' title='bbox 2988 1510 3282 1580; x_wconf 88' lang='lat' dir='ltr'><strong>perforari,</strong></span> <span class='ocrx_word' id='word_1_208' title='bbox 3320 1511 3412 1566; x_wconf 89' lang='lat' dir='ltr'><strong>sed</strong></span> <span class='ocrx_word' id='word_1_209' title='bbox 3445 1510 3758 1570; x_wconf 77' lang='lat' dir='ltr'><strong>firmissimo</strong></span> 
     </span>
    </p>
   </div>
   <div class='ocr_carea' id='block_1_30' title="bbox 2167 1603 3752 1673">
    <p class='ocr_par' dir='ltr' id='par_1_30' title="bbox 2167 1603 3752 1673">
     <span class='ocr_line' id='line_1_30' title="bbox 2167 1603 3752 1673; baseline 0 -11"><span class='ocrx_word' id='word_1_210' title='bbox 2167 1605 2449 1662; x_wconf 82' lang='lat' dir='ltr'><strong>catholicae</strong></span> <span class='ocrx_word' id='word_1_211' title='bbox 2477 1606 2600 1662; x_wconf 88' lang='lat' dir='ltr'><strong>ﬁdei</strong></span> <span class='ocrx_word' id='word_1_212' title='bbox 2626 1605 2922 1668; x_wconf 86' lang='lat' dir='ltr'><strong>munimine</strong></span> <span class='ocrx_word' id='word_1_213' title='bbox 2955 1619 3022 1658; x_wconf 82' lang='lat' dir='ltr'><strong>ex</strong></span> <span class='ocrx_word' id='word_1_214' title='bbox 3051 1603 3197 1659; x_wconf 90' lang='lat' dir='ltr'><strong>omni</strong></span> <span class='ocrx_word' id='word_1_215' title='bbox 3225 1613 3381 1673; x_wconf 89' lang='lat' dir='ltr'><strong>parte</strong></span> <span class='ocrx_word' id='word_1_216' title='bbox 3405 1603 3752 1672; x_wconf 81' lang='lat' dir='ltr'><strong>circumdari,</strong></span> 
     </span>
    </p>
   </div>
   <div class='ocr_carea' id='block_1_31' title="bbox 2171 1695 3756 1768">
    <p class='ocr_par' dir='ltr' id='par_1_31' title="bbox 2171 1695 3756 1768">
     <span class='ocr_line' id='line_1_31' title="bbox 2171 1695 3756 1768; baseline 0.002 -17"><span class='ocrx_word' id='word_1_217' title='bbox 2171 1704 2230 1751; x_wconf 90' lang='lat' dir='ltr'><strong>ut</strong></span> <span class='ocrx_word' id='word_1_218' title='bbox 2259 1696 2686 1768; x_wconf 81' lang='lat' dir='ltr'><strong>inexpugnabilis</strong></span> <span class='ocrx_word' id='word_1_219' title='bbox 2714 1697 2948 1766; x_wconf 88' lang='lat' dir='ltr'><strong>undique</strong></span> <span class='ocrx_word' id='word_1_220' title='bbox 2985 1697 3052 1752; x_wconf 88' lang='lat' dir='ltr'><strong>ad</strong></span> <span class='ocrx_word' id='word_1_221' title='bbox 3089 1695 3314 1753; x_wconf 90' lang='lat' dir='ltr'><strong>salutem</strong></span> <span class='ocrx_word' id='word_1_222' title='bbox 3357 1696 3521 1753; x_wconf 84' lang='lat' dir='ltr'><strong>totius</strong></span> <span class='ocrx_word' id='word_1_223' title='bbox 3551 1699 3756 1768; x_wconf 80' lang='lat' dir='ltr'><strong>populi,</strong></span> 
     </span>
    </p>
   </div>
   <div class='ocr_carea' id='block_1_32' title="bbox 2171 1787 3755 1858">
    <p class='ocr_par' dir='ltr' id='par_1_32' title="bbox 2171 1787 3755 1858">
     <span class='ocr_line' id='line_1_32' title="bbox 2171 1787 3755 1858; baseline 0.003 -16"><span class='ocrx_word' id='word_1_224' title='bbox 2171 1787 2264 1857; x_wconf 90' lang='lat' dir='ltr'><strong>qui</strong></span> <span class='ocrx_word' id='word_1_225' title='bbox 2293 1787 2347 1840; x_wconf 92' lang='lat' dir='ltr'><strong>in</strong></span> <span class='ocrx_word' id='word_1_226' title='bbox 2385 1796 2437 1842; x_wconf 92' lang='lat' dir='ltr'><strong>te</strong></span> <span class='ocrx_word' id='word_1_227' title='bbox 2467 1787 2684 1858; x_wconf 77' lang='lat' dir='ltr'><strong>gaudet,</strong></span> <span class='ocrx_word' id='word_1_228' title='bbox 2719 1795 2774 1842; x_wconf 89' lang='lat' dir='ltr'><strong>et</strong></span> <span class='ocrx_word' id='word_1_229' title='bbox 2813 1787 2881 1843; x_wconf 92' lang='lat' dir='ltr'><strong>ad</strong></span> <span class='ocrx_word' id='word_1_230' title='bbox 2922 1787 2998 1844; x_wconf 89' lang='lat' dir='ltr'><strong>tui</strong></span> <span class='ocrx_word' id='word_1_231' title='bbox 3039 1787 3150 1843; x_wconf 91' lang='lat' dir='ltr'><strong>oris</strong></span> <span class='ocrx_word' id='word_1_232' title='bbox 3189 1787 3472 1858; x_wconf 88' lang='lat' dir='ltr'><strong>imperium</strong></span> <span class='ocrx_word' id='word_1_233' title='bbox 3511 1790 3755 1858; x_wconf 74' lang='lat' dir='ltr'><strong>respicit,</strong></span> 
     </span>
    </p>
   </div>
   <div class='ocr_carea' id='block_1_33' title="bbox 479 1867 3752 1950">
    <p class='ocr_par' dir='ltr' id='par_1_33' title="bbox 479 1867 3752 1950">
     <span class='ocr_line' id='line_1_33' title="bbox 479 1867 3752 1950; baseline 0 -14"><span class='ocrx_word' id='word_1_234' title='bbox 479 1881 573 1936; x_wconf 91' lang='lat' dir='ltr'><strong>Dei</strong></span> <span class='ocrx_word' id='word_1_235' title='bbox 599 1881 798 1934; x_wconf 89' lang='lat' dir='ltr'><strong>donum</strong></span> <span class='ocrx_word' id='word_1_236' title='bbox 825 1887 944 1934; x_wconf 91' lang='lat' dir='ltr'><strong>est:</strong></span> <span class='ocrx_word' id='word_1_237' title='bbox 977 1867 1021 1932; x_wconf 90' lang='lat' dir='ltr'><strong>si</strong></span> <span class='ocrx_word' id='word_1_238' title='bbox 1049 1876 1177 1946; x_wconf 88' lang='lat' dir='ltr'><strong>quid</strong></span> <span class='ocrx_word' id='word_1_239' title='bbox 1207 1891 1384 1939; x_wconf 90' lang='lat' dir='ltr'><strong>secus,</strong></span> <span class='ocrx_word' id='word_1_240' title='bbox 1416 1873 1560 1944; x_wconf 91' lang='lat' dir='ltr'><strong>quod</strong></span> <span class='ocrx_word' id='word_1_241' title='bbox 1588 1874 1748 1938; x_wconf 86' lang='lat' dir='ltr'><strong>absit,</strong></span> <span class='ocrx_word' id='word_1_242' title='bbox 1779 1872 2064 1942; x_wconf 89' lang='lat' dir='ltr'><strong>inspicitis,</strong></span> <span class='ocrx_word' id='word_1_243' title='bbox 2099 1877 2146 1937; x_wconf 89' lang='lat' dir='ltr'><strong>B</strong></span> <span class='ocrx_word' id='word_1_244' title='bbox 2169 1886 2502 1950; x_wconf 80' lang='lat' dir='ltr'><strong>permaneat.</strong></span> <span class='ocrx_word' id='word_1_245' title='bbox 2547 1878 2659 1934; x_wconf 74' lang='lat' dir='ltr'><strong>Nec</strong></span> <span class='ocrx_word' id='word_1_246' title='bbox 2697 1879 2828 1934; x_wconf 90' lang='lat' dir='ltr'><strong>mihi</strong></span> <span class='ocrx_word' id='word_1_247' title='bbox 2861 1886 2968 1948; x_wconf 80' lang='lat' dir='ltr'><strong>est,</strong></span> <span class='ocrx_word' id='word_1_248' title='bbox 3009 1876 3168 1934; x_wconf 89' lang='lat' dir='ltr'><strong>Pater</strong></span> <span class='ocrx_word' id='word_1_249' title='bbox 3201 1881 3422 1949; x_wconf 89' lang='lat' dir='ltr'><strong>optime,</strong></span> <span class='ocrx_word' id='word_1_250' title='bbox 3473 1889 3651 1938; x_wconf 87' lang='lat' dir='ltr'><strong>tecum</strong></span> <span class='ocrx_word' id='word_1_251' title='bbox 3692 1882 3752 1942; x_wconf 71' lang='lat' dir='ltr'><strong>in</strong></span> 
     </span>
    </p>
   </div>
   <div class='ocr_carea' id='block_1_34' title="bbox 479 1955 2064 2042">
    <p class='ocr_par' dir='ltr' id='par_1_34' title="bbox 479 1955 2064 2042">
     <span class='ocr_line' id='line_1_34' title="bbox 479 1955 2064 2042; baseline -0.003 -18"><span class='ocrx_word' id='word_1_252' title='bbox 479 1955 784 2042; x_wconf 80' lang='lat' dir='ltr'><strong>ignorantis</strong></span> <span class='ocrx_word' id='word_1_253' title='bbox 811 1969 976 2023; x_wconf 90' lang='lat' dir='ltr'><strong>animi</strong></span> <span class='ocrx_word' id='word_1_254' title='bbox 1006 1967 1315 2038; x_wconf 82' lang='lat' dir='ltr'><strong>cognoscite</strong></span> <span class='ocrx_word' id='word_1_255' title='bbox 1354 1980 1613 2021; x_wconf 88' lang='lat' dir='ltr'><strong>errorem.</strong></span> <span class='ocrx_word' id='word_1_256' title='bbox 1660 1965 1718 2020; x_wconf 90' lang='lat' dir='ltr'><strong>In</strong></span> <span class='ocrx_word' id='word_1_257' title='bbox 1757 1964 1862 2018; x_wconf 91' lang='lat' dir='ltr'><strong>illis</strong></span> <span class='ocrx_word' id='word_1_258' title='bbox 1897 1966 2064 2020; x_wconf 89' lang='lat' dir='ltr'><strong>totius</strong></span> 
     </span>
    </p>
   </div>
   <div class='ocr_carea' id='block_1_35' title="bbox 475 2052 2067 2126">
    <p class='ocr_par' dir='ltr' id='par_1_35' title="bbox 475 2052 2067 2126">
     <span class='ocr_line' id='line_1_35' title="bbox 475 2052 2067 2126; baseline -0.005 -10"><span class='ocrx_word' id='word_1_259' title='bbox 475 2060 736 2116; x_wconf 89' lang='lat' dir='ltr'><strong>bonitatis</strong></span> <span class='ocrx_word' id='word_1_260' title='bbox 781 2057 995 2112; x_wconf 87' lang='lat' dir='ltr'><strong>laudate</strong></span> <span class='ocrx_word' id='word_1_261' title='bbox 1048 2057 1382 2126; x_wconf 87' lang='lat' dir='ltr'><strong>largitorem,</strong></span> <span class='ocrx_word' id='word_1_262' title='bbox 1431 2056 1484 2110; x_wconf 90' lang='lat' dir='ltr'><strong>in</strong></span> <span class='ocrx_word' id='word_1_263' title='bbox 1533 2054 1650 2108; x_wconf 90' lang='lat' dir='ltr'><strong>istis</strong></span> <span class='ocrx_word' id='word_1_264' title='bbox 1692 2052 1936 2109; x_wconf 89' lang='lat' dir='ltr'><strong>fraterno</strong></span> <span class='ocrx_word' id='word_1_265' title='bbox 1973 2070 2067 2124; x_wconf 89' lang='lat' dir='ltr'><strong>pu-</strong></span> 
     </span>
    </p>
   </div>
   <div class='ocr_carea' id='block_1_36' title="bbox 477 2145 2068 2222">
    <p class='ocr_par' dir='ltr' id='par_1_36' title="bbox 477 2145 2068 2222">
     <span class='ocr_line' id='line_1_36' title="bbox 477 2145 2068 2222; baseline -0.005 -14"><span class='ocrx_word' id='word_1_266' title='bbox 477 2153 619 2209; x_wconf 87' lang='lat' dir='ltr'><strong>mice</strong></span> <span class='ocrx_word' id='word_1_267' title='bbox 663 2152 917 2222; x_wconf 84' lang='lat' dir='ltr'><strong>corrigite</strong></span> <span class='ocrx_word' id='word_1_268' title='bbox 961 2150 1301 2222; x_wconf 84' lang='lat' dir='ltr'><strong>scriptorem.</strong></span> <span class='ocrx_word' id='word_1_269' title='bbox 1341 2148 1620 2202; x_wconf 90' lang='lat' dir='ltr'><strong>Patienter</strong></span> <span class='ocrx_word' id='word_1_270' title='bbox 1647 2147 1792 2200; x_wconf 89' lang='lat' dir='ltr'><strong>enim</strong></span> <span class='ocrx_word' id='word_1_271' title='bbox 1821 2145 1909 2217; x_wconf 90' lang='lat' dir='ltr'><strong>pia</strong></span> <span class='ocrx_word' id='word_1_272' title='bbox 1941 2149 2068 2202; x_wconf 86' lang='lat' dir='ltr'><strong>cha-</strong></span> 
     </span>
    </p>
   </div>
   <div class='ocr_carea' id='block_1_37' title="bbox 477 2237 2072 2312">
    <p class='ocr_par' dir='ltr' id='par_1_37' title="bbox 477 2237 2072 2312">
     <span class='ocr_line' id='line_1_37' title="bbox 477 2237 2072 2312; baseline -0.009 -6"><span class='ocrx_word' id='word_1_273' title='bbox 477 2247 614 2306; x_wconf 87' lang='lat' dir='ltr'><strong>ritas</strong></span> <span class='ocrx_word' id='word_1_274' title='bbox 643 2245 1007 2301; x_wconf 70' lang='lat' dir='ltr'><strong>columbinum</strong></span> <span class='ocrx_word' id='word_1_275' title='bbox 1035 2243 1258 2298; x_wconf 80' lang='lat' dir='ltr'><strong>sufferre</strong></span> <span class='ocrx_word' id='word_1_276' title='bbox 1284 2242 1442 2296; x_wconf 90' lang='lat' dir='ltr'><strong>debet</strong></span> <span class='ocrx_word' id='word_1_277' title='bbox 1469 2237 1705 2304; x_wconf 90' lang='lat' dir='ltr'><strong>oculum,</strong></span> <span class='ocrx_word' id='word_1_278' title='bbox 1738 2239 1876 2294; x_wconf 88' lang='lat' dir='ltr'><strong>sicut</strong></span> <span class='ocrx_word' id='word_1_279' title='bbox 1901 2240 2072 2312; x_wconf 70' lang='lat'><strong>863</strong></span> 
     </span>
    </p>
   </div>
   <div class='ocr_carea' id='block_1_38' title="bbox 474 2335 2062 2414">
    <p class='ocr_par' dir='ltr' id='par_1_38' title="bbox 474 2335 2062 2414">
     <span class='ocr_line' id='line_1_38' title="bbox 474 2335 2062 2414; baseline -0.006 -20"><span class='ocrx_word' id='word_1_280' title='bbox 474 2339 774 2414; x_wconf 88' lang='lat' dir='ltr'><strong>prudenter</strong></span> <span class='ocrx_word' id='word_1_281' title='bbox 814 2337 1147 2407; x_wconf 90' lang='lat' dir='ltr'><strong>serpentium</strong></span> <span class='ocrx_word' id='word_1_282' title='bbox 1194 2335 1398 2390; x_wconf 89' lang='lat' dir='ltr'><strong>evitare</strong></span> <span class='ocrx_word' id='word_1_283' title='bbox 1439 2335 1654 2389; x_wconf 89' lang='lat' dir='ltr'><strong>dentem</strong></span> <span class='ocrx_word' id='word_1_284' title='bbox 1696 2347 1918 2388; x_wconf 88' lang='lat' dir='ltr'><strong>necesse</strong></span> <span class='ocrx_word' id='word_1_285' title='bbox 1961 2341 2062 2387; x_wconf 90' lang='lat' dir='ltr'><strong>est.</strong></span> 
     </span>
    </p>
   </div>
   <div class='ocr_carea' id='block_1_39' title="bbox 478 2428 2064 2504">
    <p class='ocr_par' dir='ltr' id='par_1_39' title="bbox 478 2428 2064 2504">
     <span class='ocr_line' id='line_1_39' title="bbox 478 2428 2064 2504; baseline -0.006 -16"><span class='ocrx_word' id='word_1_286' title='bbox 478 2431 777 2504; x_wconf 69' lang='lat' dir='ltr'><strong>Quaerenda</strong></span> <span class='ocrx_word' id='word_1_287' title='bbox 815 2438 900 2486; x_wconf 92' lang='lat' dir='ltr'><strong>est</strong></span> <span class='ocrx_word' id='word_1_288' title='bbox 943 2431 1143 2502; x_wconf 92' lang='lat' dir='ltr'><strong>ubique</strong></span> <span class='ocrx_word' id='word_1_289' title='bbox 1191 2429 1337 2485; x_wconf 91' lang='lat' dir='ltr'><strong>omni</strong></span> <span class='ocrx_word' id='word_1_290' title='bbox 1381 2428 1638 2484; x_wconf 86' lang='lat' dir='ltr'><strong>instantia</strong></span> <span class='ocrx_word' id='word_1_291' title='bbox 1681 2441 2064 2482; x_wconf 89' lang='lat' dir='ltr'><strong>conservorum</strong></span> 
     </span>
    </p>
   </div>
   <div class='ocr_carea' id='block_1_40' title="bbox 477 2515 2061 2590">
    <p class='ocr_par' dir='ltr' id='par_1_40' title="bbox 477 2515 2061 2590">
     <span class='ocr_line' id='line_1_40' title="bbox 477 2515 2061 2590; baseline -0.005 -10"><span class='ocrx_word' id='word_1_292' title='bbox 477 2515 625 2580; x_wconf 87' lang='lat' dir='ltr'><strong>salus</strong></span> <span class='ocrx_word' id='word_1_293' title='bbox 668 2529 998 2586; x_wconf 89' lang='lat' dir='ltr'><strong>nostrorum,</strong></span> <span class='ocrx_word' id='word_1_294' title='bbox 1042 2521 1158 2578; x_wconf 86' lang='lat' dir='ltr'><strong>sive</strong></span> <span class='ocrx_word' id='word_1_295' title='bbox 1185 2521 1236 2576; x_wconf 92' lang='lat' dir='ltr'><strong>in</strong></span> <span class='ocrx_word' id='word_1_296' title='bbox 1275 2520 1663 2590; x_wconf 67' lang='lat' dir='ltr'><strong>praedicatione</strong></span> <span class='ocrx_word' id='word_1_297' title='bbox 1694 2518 2061 2588; x_wconf 69' lang='lat' dir='ltr'><strong>praesentium,</strong></span> 
     </span>
    </p>
   </div>
   <div class='ocr_carea' id='block_1_41' title="bbox 478 2611 2067 2676">
    <p class='ocr_par' dir='ltr' id='par_1_41' title="bbox 478 2611 2067 2676">
     <span class='ocr_line' id='line_1_41' title="bbox 478 2611 2067 2676; baseline -0.004 -6"><span class='ocrx_word' id='word_1_298' title='bbox 478 2616 592 2670; x_wconf 87' lang='lat' dir='ltr'><strong>sive</strong></span> <span class='ocrx_word' id='word_1_299' title='bbox 641 2615 694 2668; x_wconf 93' lang='lat' dir='ltr'><strong>in</strong></span> <span class='ocrx_word' id='word_1_300' title='bbox 735 2613 1040 2668; x_wconf 88' lang='lat' dir='ltr'><strong>litterarum</strong></span> <span class='ocrx_word' id='word_1_301' title='bbox 1081 2612 1458 2668; x_wconf 75' lang='lat' dir='ltr'><strong>exhortatione</strong></span> <span class='ocrx_word' id='word_1_302' title='bbox 1503 2611 1831 2676; x_wconf 89' lang='lat' dir='ltr'><strong>absentium,</strong></span> <span class='ocrx_word' id='word_1_303' title='bbox 1876 2618 1937 2664; x_wconf 93' lang='lat' dir='ltr'><strong>ut</strong></span> <span class='ocrx_word' id='word_1_304' title='bbox 1972 2624 2067 2664; x_wconf 93' lang='lat' dir='ltr'><strong>ne-</strong></span> 
     </span>
    </p>
   </div>
   <div class='ocr_carea' id='block_1_42' title="bbox 476 2705 2066 2778">
    <p class='ocr_par' dir='ltr' id='par_1_42' title="bbox 476 2705 2066 2778">
     <span class='ocr_line' id='line_1_42' title="bbox 476 2705 2066 2778; baseline 0.001 -14"><span class='ocrx_word' id='word_1_305' title='bbox 476 2709 610 2764; x_wconf 89' lang='lat' dir='ltr'><strong>mini</strong></span> <span class='ocrx_word' id='word_1_306' title='bbox 661 2709 802 2764; x_wconf 89' lang='lat' dir='ltr'><strong>desit</strong></span> <span class='ocrx_word' id='word_1_307' title='bbox 838 2708 904 2764; x_wconf 90' lang='lat' dir='ltr'><strong>ad</strong></span> <span class='ocrx_word' id='word_1_308' title='bbox 949 2723 1047 2766; x_wconf 92' lang='lat' dir='ltr'><strong>nos</strong></span> <span class='ocrx_word' id='word_1_309' title='bbox 1087 2707 1474 2778; x_wconf 87' lang='lat' dir='ltr'><strong>pertinentium</strong></span> <span class='ocrx_word' id='word_1_310' title='bbox 1523 2717 1723 2763; x_wconf 69' lang='lat' dir='ltr'><strong>nostra:</strong></span> <span class='ocrx_word' id='word_1_311' title='bbox 1768 2705 2066 2765; x_wconf 81' lang='lat' dir='ltr'><strong>devotionis</strong></span> 
     </span>
    </p>
   </div>
   <div class='ocr_carea' id='block_1_43' title="bbox 476 2797 2062 2872">
    <p class='ocr_par' dir='ltr' id='par_1_43' title="bbox 476 2797 2062 2872">
     <span class='ocr_line' id='line_1_43' title="bbox 476 2797 2062 2872; baseline -0.001 -18"><span class='ocrx_word' id='word_1_312' title='bbox 476 2797 719 2870; x_wconf 72' lang='lat' dir='ltr'><strong>allectus,</strong></span> <span class='ocrx_word' id='word_1_313' title='bbox 734 2800 789 2855; x_wconf 91' lang='lat' dir='ltr'><strong>in</strong></span> <span class='ocrx_word' id='word_1_314' title='bbox 811 2800 1080 2856; x_wconf 89' lang='lat' dir='ltr'><strong>desiderio</strong></span> <span class='ocrx_word' id='word_1_315' title='bbox 1095 2807 1368 2872; x_wconf 63' lang='lat' dir='ltr'><strong>perpetuis</strong></span> <span class='ocrx_word' id='word_1_316' title='bbox 1383 2799 1756 2872; x_wconf 88' lang='lat' dir='ltr'><strong>prosperitatis</strong></span> <span class='ocrx_word' id='word_1_317' title='bbox 1777 2807 1832 2854; x_wconf 91' lang='lat' dir='ltr'><strong>et</strong></span> <span class='ocrx_word' id='word_1_318' title='bbox 1851 2797 2062 2856; x_wconf 89' lang='lat' dir='ltr'><strong>salutis.</strong></span> 
     </span>
    </p>
   </div>
   <div class='ocr_carea' id='block_1_44' title="bbox 761 2910 1784 2970">
    <p class='ocr_par' dir='ltr' id='par_1_44' title="bbox 761 2910 1784 2970">
     <span class='ocr_line' id='line_1_44' title="bbox 761 2910 1784 2970; baseline -0.006 1"><span class='ocrx_word' id='word_1_319' title='bbox 761 2922 786 2950; x_wconf 75' lang='grc'>⁸</span> <span class='ocrx_word' id='word_1_320' title='bbox 824 2912 1160 2970; x_wconf 77' lang='lat' dir='ltr'><strong>EPISTOLA</strong></span> <span class='ocrx_word' id='word_1_321' title='bbox 1195 2911 1421 2968; x_wconf 83' lang='lat' dir='ltr'><strong>ALBINl</strong></span> <span class='ocrx_word' id='word_1_322' title='bbox 1457 2910 1784 2967; x_wconf 79' lang='lat' dir='ltr'><strong>MAGISTRI</strong></span> 
     </span>
    </p>
   </div>
   <div class='ocr_carea' id='block_1_45' title="bbox 692 3017 1845 3069">
    <p class='ocr_par' dir='ltr' id='par_1_45' title="bbox 692 3017 1845 3069">
     <span class='ocr_line' id='line_1_45' title="bbox 692 3017 1845 3069; baseline -0.006 -5"><span class='ocrx_word' id='word_1_323' title='bbox 692 3022 760 3064; x_wconf 74' lang='grc' dir='ltr'><strong>ΑΒ</strong></span> <span class='ocrx_word' id='word_1_324' title='bbox 805 3021 1106 3062; x_wconf 66' lang='grc' dir='ltr'><strong>ειιρΑΝοωι</strong></span> <span class='ocrx_word' id='word_1_325' title='bbox 1161 3017 1478 3062; x_wconf 68' lang='lat' dir='ltr'><strong>TOLETANUH</strong></span> <span class='ocrx_word' id='word_1_326' title='bbox 1533 3017 1845 3069; x_wconf 70' lang='lat' dir='ltr'><strong>EPISCOPUM,</strong></span> 
     </span>
    </p>
   </div>
   <div class='ocr_carea' id='block_1_46' title="bbox 795 3094 1726 3156">
    <p class='ocr_par' dir='ltr' id='par_1_46' title="bbox 795 3094 1726 3156">
     <span class='ocr_line' id='line_1_46' title="bbox 795 3094 1726 3156; baseline -0.005 -3"><span class='ocrx_word' id='word_1_327' title='bbox 795 3096 1172 3156; x_wconf 84' lang='lat' dir='ltr'><strong>Cobortatoria</strong></span> <span class='ocrx_word' id='word_1_328' title='bbox 1206 3097 1262 3154; x_wconf 90' lang='lat' dir='ltr'><strong>in</strong></span> <span class='ocrx_word' id='word_1_329' title='bbox 1300 3097 1564 3152; x_wconf 88' lang='lat' dir='ltr'><strong>catholica</strong></span> <span class='ocrx_word' id='word_1_330' title='bbox 1603 3094 1726 3150; x_wconf 81' lang='lat' dir='ltr'><strong>fide.</strong></span> 
     </span>
    </p>
   </div>
   <div class='ocr_carea' id='block_1_47' title="bbox 484 3182 2062 3248">
    <p class='ocr_par' dir='ltr' id='par_1_47' title="bbox 484 3182 2062 3248">
     <span class='ocr_line' id='line_1_47' title="bbox 484 3182 2062 3248; baseline -0.006 -2"><span class='ocrx_word' id='word_1_331' title='bbox 484 3188 779 3246; x_wconf 73' lang='lat' dir='ltr'><strong>Venerabili</strong></span> <span class='ocrx_word' id='word_1_332' title='bbox 809 3198 856 3242; x_wconf 82' lang='lat' dir='ltr'><strong>et</strong></span> <span class='ocrx_word' id='word_1_333' title='bbox 894 3189 949 3242; x_wconf 87' lang='lat' dir='ltr'><strong>in</strong></span> <span class='ocrx_word' id='word_1_334' title='bbox 984 3184 1176 3248; x_wconf 79' lang='lat' dir='ltr'><strong>Christi</strong></span> <span class='ocrx_word' id='word_1_335' title='bbox 1211 3188 1462 3242; x_wconf 82' lang='lat' dir='ltr'><strong>charitate</strong></span> <span class='ocrx_word' id='word_1_336' title='bbox 1499 3185 1714 3241; x_wconf 78' lang='lat' dir='ltr'><strong>amabili</strong></span> <span class='ocrx_word' id='word_1_337' title='bbox 1753 3182 1904 3238; x_wconf 89' lang='lat' dir='ltr'><strong>Patri</strong></span> <span class='ocrx_word' id='word_1_338' title='bbox 1945 3183 2062 3237; x_wconf 85' lang='lat' dir='ltr'><strong>Eli-</strong></span> 
     </span>
    </p>
   </div>
   <div class='ocr_carea' id='block_1_48' title="bbox 2167 1965 3754 2039">
    <p class='ocr_par' dir='ltr' id='par_1_48' title="bbox 2167 1965 3754 2039">
     <span class='ocr_line' id='line_1_48' title="bbox 2167 1965 3754 2039; baseline 0.006 -19"><span class='ocrx_word' id='word_1_339' title='bbox 2167 1965 2270 2021; x_wconf 90' lang='lat' dir='ltr'><strong>bac</strong></span> <span class='ocrx_word' id='word_1_340' title='bbox 2299 1967 2584 2036; x_wconf 87' lang='lat' dir='ltr'><strong>parvitatis</strong></span> <span class='ocrx_word' id='word_1_341' title='bbox 2612 1983 2744 2024; x_wconf 65' lang='lat' dir='ltr'><strong>mea:</strong></span> <span class='ocrx_word' id='word_1_342' title='bbox 2767 1968 3012 2024; x_wconf 87' lang='lat' dir='ltr'><strong>chartula</strong></span> <span class='ocrx_word' id='word_1_343' title='bbox 3043 1969 3358 2039; x_wconf 88' lang='lat' dir='ltr'><strong>disceptatio</strong></span> <span class='ocrx_word' id='word_1_344' title='bbox 3379 1969 3754 2036; x_wconf 73' lang='lat' dir='ltr'><strong>sublimis,setl</strong></span> 
     </span>
    </p>
   </div>
   <div class='ocr_carea' id='block_1_49' title="bbox 2168 2057 3751 2132">
    <p class='ocr_par' dir='ltr' id='par_1_49' title="bbox 2168 2057 3751 2132">
     <span class='ocr_line' id='line_1_49' title="bbox 2168 2057 3751 2132; baseline 0.004 -20"><span class='ocrx_word' id='word_1_345' title='bbox 2168 2057 2491 2127; x_wconf 90' lang='lat' dir='ltr'><strong>supplicatio</strong></span> <span class='ocrx_word' id='word_1_346' title='bbox 2512 2059 2751 2124; x_wconf 82' lang='lat' dir='ltr'><strong>humilis,</strong></span> <span class='ocrx_word' id='word_1_347' title='bbox 2773 2060 2972 2114; x_wconf 72' lang='lat' dir='ltr'><strong>obnixe</strong></span> <span class='ocrx_word' id='word_1_348' title='bbox 2991 2061 3305 2130; x_wconf 82' lang='lat' dir='ltr'><strong>deprecans,</strong></span> <span class='ocrx_word' id='word_1_349' title='bbox 3324 2070 3385 2116; x_wconf 90' lang='lat' dir='ltr'><strong>ut</strong></span> <span class='ocrx_word' id='word_1_350' title='bbox 3403 2062 3751 2132; x_wconf 70' lang='lat' dir='ltr'><strong>apostolicam</strong></span> 
     </span>
    </p>
   </div>
   <div class='ocr_carea' id='block_1_50' title="bbox 2167 2148 3755 2222">
    <p class='ocr_par' dir='ltr' id='par_1_50' title="bbox 2167 2148 3755 2222">
     <span class='ocr_line' id='line_1_50' title="bbox 2167 2148 3755 2222; baseline 0.004 -18"><span class='ocrx_word' id='word_1_351' title='bbox 2167 2148 2468 2204; x_wconf 86' lang='lat' dir='ltr'><strong>doctrinam</strong></span> <span class='ocrx_word' id='word_1_352' title='bbox 2497 2151 2550 2203; x_wconf 90' lang='lat' dir='ltr'><strong>in</strong></span> <span class='ocrx_word' id='word_1_353' title='bbox 2590 2151 2856 2205; x_wconf 89' lang='lat' dir='ltr'><strong>catholica</strong></span> <span class='ocrx_word' id='word_1_354' title='bbox 2884 2152 3090 2206; x_wconf 87' lang='lat' dir='ltr'><strong>unitate</strong></span> <span class='ocrx_word' id='word_1_355' title='bbox 3118 2159 3172 2207; x_wconf 88' lang='lat' dir='ltr'><strong>et</strong></span> <span class='ocrx_word' id='word_1_356' title='bbox 3207 2167 3361 2222; x_wconf 84' lang='lat' dir='ltr'><strong>pace,</strong></span> <span class='ocrx_word' id='word_1_357' title='bbox 3408 2155 3526 2208; x_wconf 69' lang='lat' dir='ltr'><strong>tota</strong></span> <span class='ocrx_word' id='word_1_358' title='bbox 3556 2154 3755 2214; x_wconf 76' lang='lat' dir='ltr'><strong>mentis</strong></span> 
     </span>
    </p>
   </div>
   <div class='ocr_carea' id='block_1_51' title="bbox 2167 2241 3755 2317">
    <p class='ocr_par' dir='ltr' id='par_1_51' title="bbox 2167 2241 3755 2317">
     <span class='ocr_line' id='line_1_51' title="bbox 2167 2241 3755 2317; baseline 0.006 -20"><span class='ocrx_word' id='word_1_359' title='bbox 2167 2241 2463 2298; x_wconf 87' lang='lat' dir='ltr'><strong>intentione</strong></span> <span class='ocrx_word' id='word_1_360' title='bbox 2493 2245 2747 2314; x_wconf 90' lang='lat' dir='ltr'><strong>consequi</strong></span> <span class='ocrx_word' id='word_1_361' title='bbox 2776 2245 3014 2312; x_wconf 86' lang='lat' dir='ltr'><strong>studeas,</strong></span> <span class='ocrx_word' id='word_1_362' title='bbox 3039 2257 3094 2302; x_wconf 89' lang='lat' dir='ltr'><strong>et</strong></span> <span class='ocrx_word' id='word_1_363' title='bbox 3118 2247 3314 2317; x_wconf 90' lang='lat' dir='ltr'><strong>populo</strong></span> <span class='ocrx_word' id='word_1_364' title='bbox 3345 2249 3439 2304; x_wconf 91' lang='lat' dir='ltr'><strong>tibi</strong></span> <span class='ocrx_word' id='word_1_365' title='bbox 3464 2249 3755 2308; x_wconf 78' lang='lat' dir='ltr'><strong>commisso</strong></span> 
     </span>
    </p>
   </div>
   <div class='ocr_carea' id='block_1_52' title="bbox 2167 2332 3746 2410">
    <p class='ocr_par' dir='ltr' id='par_1_52' title="bbox 2167 2332 3746 2410">
     <span class='ocr_line' id='line_1_52' title="bbox 2167 2332 3746 2410; baseline 0.009 -25"><span class='ocrx_word' id='word_1_366' title='bbox 2167 2332 2242 2386; x_wconf 89' lang='lat' dir='ltr'><strong>sis</strong></span> <span class='ocrx_word' id='word_1_367' title='bbox 2261 2333 2482 2404; x_wconf 80' lang='lat' dir='ltr'><strong>signifer</strong></span> <span class='ocrx_word' id='word_1_368' title='bbox 2503 2335 2568 2389; x_wconf 92' lang='lat' dir='ltr'><strong>ad</strong></span> <span class='ocrx_word' id='word_1_369' title='bbox 2589 2337 2930 2408; x_wconf 63' lang='lat' dir='ltr'><strong>sempiterna:</strong></span> <span class='ocrx_word' id='word_1_370' title='bbox 2951 2338 3296 2396; x_wconf 90' lang='lat' dir='ltr'><strong>beatitudinis</strong></span> <span class='ocrx_word' id='word_1_371' title='bbox 3315 2340 3746 2410; x_wconf 80' lang='lat' dir='ltr'><strong>prosperitatem.</strong></span> 
     </span>
    </p>
   </div>
   <div class='ocr_carea' id='block_1_53' title="bbox 2166 2424 3752 2503">
    <p class='ocr_par' dir='ltr' id='par_1_53' title="bbox 2166 2424 3752 2503">
     <span class='ocr_line' id='line_1_53' title="bbox 2166 2424 3752 2503; baseline 0.01 -25"><span class='ocrx_word' id='word_1_372' title='bbox 2166 2424 2275 2480; x_wconf 83' lang='lat' dir='ltr'><strong>Nec</strong></span> <span class='ocrx_word' id='word_1_373' title='bbox 2306 2443 2442 2482; x_wconf 89' lang='lat' dir='ltr'><strong>nova</strong></span> <span class='ocrx_word' id='word_1_374' title='bbox 2470 2429 2719 2497; x_wconf 73' lang='lat' dir='ltr'><strong>quzelibet</strong></span> <span class='ocrx_word' id='word_1_375' title='bbox 2746 2431 2963 2486; x_wconf 90' lang='lat' dir='ltr'><strong>nomina</strong></span> <span class='ocrx_word' id='word_1_376' title='bbox 2994 2434 3279 2502; x_wconf 89' lang='lat' dir='ltr'><strong>permittas</strong></span> <span class='ocrx_word' id='word_1_377' title='bbox 3315 2436 3558 2503; x_wconf 83' lang='lat' dir='ltr'><strong>paternis</strong></span> <span class='ocrx_word' id='word_1_378' title='bbox 3588 2435 3752 2494; x_wconf 83' lang='lat' dir='ltr'><strong>inseri</strong></span> 
     </span>
    </p>
   </div>
   <div class='ocr_carea' id='block_1_54' title="bbox 2167 2517 3754 2594">
    <p class='ocr_par' dir='ltr' id='par_1_54' title="bbox 2167 2517 3754 2594">
     <span class='ocr_line' id='line_1_54' title="bbox 2167 2517 3754 2594; baseline 0.009 -26"><span class='ocrx_word' id='word_1_379' title='bbox 2167 2517 2578 2584; x_wconf 85' lang='lat' dir='ltr'><strong>traditionibus;</strong></span> <span class='ocrx_word' id='word_1_380' title='bbox 2611 2519 2705 2573; x_wconf 91' lang='lat' dir='ltr'><strong>sed</strong></span> <span class='ocrx_word' id='word_1_381' title='bbox 2731 2519 2990 2590; x_wconf 89' lang='lat' dir='ltr'><strong>quidquid</strong></span> <span class='ocrx_word' id='word_1_382' title='bbox 3015 2524 3323 2594; x_wconf 84' lang='lat' dir='ltr'><strong>evangelica</strong></span> <span class='ocrx_word' id='word_1_383' title='bbox 3349 2527 3662 2590; x_wconf 90' lang='lat' dir='ltr'><strong>auctoritas,</strong></span> <span class='ocrx_word' id='word_1_384' title='bbox 3691 2533 3754 2584; x_wconf 73' lang='lat' dir='ltr'><strong>et</strong></span> 
     </span>
    </p>
   </div>
   <div class='ocr_carea' id='block_1_55' title="bbox 2167 2609 3750 2681">
    <p class='ocr_par' dir='ltr' id='par_1_55' title="bbox 2167 2609 3750 2681">
     <span class='ocr_line' id='line_1_55' title="bbox 2167 2609 3750 2681; baseline 0.008 -20"><span class='ocrx_word' id='word_1_385' title='bbox 2167 2609 2460 2678; x_wconf 88' lang='lat' dir='ltr'><strong>apostolica</strong></span> <span class='ocrx_word' id='word_1_386' title='bbox 2492 2610 2741 2679; x_wconf 87' lang='lat' dir='ltr'><strong>dignitas,</strong></span> <span class='ocrx_word' id='word_1_387' title='bbox 2774 2619 2828 2664; x_wconf 88' lang='lat' dir='ltr'><strong>et</strong></span> <span class='ocrx_word' id='word_1_388' title='bbox 2851 2621 3072 2680; x_wconf 87' lang='lat' dir='ltr'><strong>paterna</strong></span> <span class='ocrx_word' id='word_1_389' title='bbox 3103 2616 3379 2681; x_wconf 84' lang='lat' dir='ltr'><strong>sanctitas,</strong></span> <span class='ocrx_word' id='word_1_390' title='bbox 3412 2627 3467 2674; x_wconf 90' lang='lat' dir='ltr'><strong>et</strong></span> <span class='ocrx_word' id='word_1_391' title='bbox 3485 2617 3750 2674; x_wconf 72' lang='lat' dir='ltr'><strong>catholica</strong></span> 
     </span>
    </p>
   </div>
   <div class='ocr_carea' id='block_1_56' title="bbox 2166 2705 3751 2775">
    <p class='ocr_par' dir='ltr' id='par_1_56' title="bbox 2166 2705 3751 2775">
     <span class='ocr_line' id='line_1_56' title="bbox 2166 2705 3751 2775; baseline 0.005 -17"><span class='ocrx_word' id='word_1_392' title='bbox 2166 2705 2347 2759; x_wconf 90' lang='lat' dir='ltr'><strong>unitas</strong></span> <span class='ocrx_word' id='word_1_393' title='bbox 2373 2705 2470 2758; x_wconf 87' lang='lat' dir='ltr'><strong>tibi</strong></span> <span class='ocrx_word' id='word_1_394' title='bbox 2503 2705 2725 2760; x_wconf 87' lang='lat' dir='ltr'><strong>suadeat</strong></span> <span class='ocrx_word' id='word_1_395' title='bbox 2750 2705 2815 2762; x_wconf 88' lang='lat' dir='ltr'><strong>de</strong></span> <span class='ocrx_word' id='word_1_396' title='bbox 2854 2705 3073 2763; x_wconf 72' lang='lat' dir='ltr'><strong>Christo</strong></span> <span class='ocrx_word' id='word_1_397' title='bbox 3113 2708 3310 2775; x_wconf 81' lang='lat' dir='ltr'><strong>dicere,</strong></span> <span class='ocrx_word' id='word_1_398' title='bbox 3363 2709 3442 2766; x_wconf 88' lang='lat' dir='ltr'><strong>vel</strong></span> <span class='ocrx_word' id='word_1_399' title='bbox 3475 2709 3751 2766; x_wconf 84' lang='lat' dir='ltr'><strong>Christum</strong></span> 
     </span>
    </p>
   </div>
   <div class='ocr_carea' id='block_1_57' title="bbox 2165 2795 3754 2870">
    <p class='ocr_par' dir='ltr' id='par_1_57' title="bbox 2165 2795 3754 2870">
     <span class='ocr_line' id='line_1_57' title="bbox 2165 2795 3754 2870; baseline 0.004 -20"><span class='ocrx_word' id='word_1_400' title='bbox 2165 2795 2470 2862; x_wconf 83' lang='lat' dir='ltr'><strong>noluinare,</strong></span> <span class='ocrx_word' id='word_1_401' title='bbox 2500 2796 2602 2850; x_wconf 88' lang='lat' dir='ltr'><strong>hoc</strong></span> <span class='ocrx_word' id='word_1_402' title='bbox 2626 2796 2834 2866; x_wconf 90' lang='lat' dir='ltr'><strong>placeat</strong></span> <span class='ocrx_word' id='word_1_403' title='bbox 2863 2798 3137 2854; x_wconf 89' lang='lat' dir='ltr'><strong>sanctitati</strong></span> <span class='ocrx_word' id='word_1_404' title='bbox 3177 2808 3281 2854; x_wconf 66' lang='lat' dir='ltr'><strong>tuae</strong></span> <span class='ocrx_word' id='word_1_405' title='bbox 3318 2815 3520 2865; x_wconf 78' lang='lat' dir='ltr'><strong>amare,</strong></span> <span class='ocrx_word' id='word_1_406' title='bbox 3563 2801 3754 2870; x_wconf 60' lang='lat' dir='ltr'><strong>praedi-</strong></span> 
     </span>
    </p>
   </div>
   <div class='ocr_carea' id='block_1_58' title="bbox 2166 2889 3750 2962">
    <p class='ocr_par' dir='ltr' id='par_1_58' title="bbox 2166 2889 3750 2962">
     <span class='ocr_line' id='line_1_58' title="bbox 2166 2889 3750 2962; baseline 0.004 -18"><span class='ocrx_word' id='word_1_407' title='bbox 2166 2904 2294 2944; x_wconf 89' lang='lat' dir='ltr'><strong>care</strong></span> <span class='ocrx_word' id='word_1_408' title='bbox 2339 2897 2394 2944; x_wconf 92' lang='lat' dir='ltr'><strong>ct</strong></span> <span class='ocrx_word' id='word_1_409' title='bbox 2435 2889 2694 2944; x_wconf 88' lang='lat' dir='ltr'><strong>credere:</strong></span> <span class='ocrx_word' id='word_1_410' title='bbox 2739 2905 2840 2945; x_wconf 89' lang='lat' dir='ltr'><strong>nec</strong></span> <span class='ocrx_word' id='word_1_411' title='bbox 2881 2905 3078 2945; x_wconf 89' lang='lat' dir='ltr'><strong>novum</strong></span> <span class='ocrx_word' id='word_1_412' title='bbox 3116 2893 3419 2962; x_wconf 86' lang='lat' dir='ltr'><strong>adeptionis</strong></span> <span class='ocrx_word' id='word_1_413' title='bbox 3462 2910 3654 2950; x_wconf 89' lang='lat' dir='ltr'><strong>nomen</strong></span> <span class='ocrx_word' id='word_1_414' title='bbox 3691 2895 3750 2950; x_wconf 86' lang='lat' dir='ltr'><strong>in</strong></span> 
     </span>
    </p>
   </div>
   <div class='ocr_carea' id='block_1_59' title="bbox 2165 2979 3748 3053">
    <p class='ocr_par' dir='ltr' id='par_1_59' title="bbox 2165 2979 3748 3053">
     <span class='ocr_line' id='line_1_59' title="bbox 2165 2979 3748 3053; baseline 0.006 -19"><span class='ocrx_word' id='word_1_415' title='bbox 2165 2979 2402 3046; x_wconf 87' lang='lat' dir='ltr'><strong>Christo,</strong></span> <span class='ocrx_word' id='word_1_416' title='bbox 2429 2989 2482 3035; x_wconf 90' lang='lat' dir='ltr'><strong>et</strong></span> <span class='ocrx_word' id='word_1_417' title='bbox 2510 2981 2577 3036; x_wconf 90' lang='lat' dir='ltr'><strong>ab</strong></span> <span class='ocrx_word' id='word_1_418' title='bbox 2603 2981 2757 3036; x_wconf 90' lang='lat' dir='ltr'><strong>initio</strong></span> <span class='ocrx_word' id='word_1_419' title='bbox 2783 2981 3090 3052; x_wconf 72' lang='lat' dir='ltr'><strong>apostolica:</strong></span> <span class='ocrx_word' id='word_1_420' title='bbox 3121 2984 3518 3053; x_wconf 59' lang='lat' dir='ltr'><strong>praedicationis</strong></span> <span class='ocrx_word' id='word_1_421' title='bbox 3549 2986 3748 3043; x_wconf 86' lang='lat' dir='ltr'><strong>mundo</strong></span> 
     </span>
    </p>
   </div>
   <div class='ocr_carea' id='block_1_60' title="bbox 2167 3073 3754 3148">
    <p class='ocr_par' dir='ltr' id='par_1_60' title="bbox 2167 3073 3754 3148">
     <span class='ocr_line' id='line_1_60' title="bbox 2167 3073 3754 3148; baseline 0.005 -20"><span class='ocrx_word' id='word_1_422' title='bbox 2167 3073 2486 3140; x_wconf 91' lang='lat' dir='ltr'><strong>inauditum,</strong></span> <span class='ocrx_word' id='word_1_423' title='bbox 2527 3073 2808 3144; x_wconf 86' lang='lat' dir='ltr'><strong>permittas</strong></span> <span class='ocrx_word' id='word_1_424' title='bbox 2835 3074 3038 3134; x_wconf 89' lang='lat' dir='ltr'><strong>sonari.</strong></span> <span class='ocrx_word' id='word_1_425' title='bbox 3074 3075 3156 3130; x_wconf 89' lang='lat' dir='ltr'><strong>vel</strong></span> <span class='ocrx_word' id='word_1_426' title='bbox 3185 3075 3313 3148; x_wconf 86' lang='lat' dir='ltr'><strong>legi,</strong></span> <span class='ocrx_word' id='word_1_427' title='bbox 3351 3076 3434 3132; x_wconf 92' lang='lat' dir='ltr'><strong>vel</strong></span> <span class='ocrx_word' id='word_1_428' title='bbox 3467 3077 3754 3148; x_wconf 68' lang='lat' dir='ltr'><strong>praedicari</strong></span> 
     </span>
    </p>
   </div>
   <div class='ocr_carea' id='block_1_61' title="bbox 2167 3163 2759 3220">
    <p class='ocr_par' dir='ltr' id='par_1_61' title="bbox 2167 3163 2759 3220">
     <span class='ocr_line' id='line_1_61' title="bbox 2167 3163 2759 3220; baseline -0.002 -1"><span class='ocrx_word' id='word_1_429' title='bbox 2167 3164 2490 3220; x_wconf 83' lang='lat' dir='ltr'><strong>Christianis</strong></span> <span class='ocrx_word' id='word_1_430' title='bbox 2519 3163 2759 3220; x_wconf 86' lang='lat' dir='ltr'><strong>auribus.</strong></span> 
     </span>
    </p>
   </div>
   <div class='ocr_carea' id='block_1_62' title="bbox 582 3233 3747 3330">
    <p class='ocr_par' dir='ltr' id='par_1_62' title="bbox 582 3233 3747 3330">
     <span class='ocr_line' id='line_1_62' title="bbox 582 3233 3747 3330; baseline 0 -14"><span class='ocrx_word' id='word_1_431' title='bbox 582 3233 1460 3330; x_wconf 54' lang='grc' dir='ltr'><strong>ἱῖἰιᾶἴὲιῖἕεοᾎῇοἷ¹ἐ’ἕὲὶεὲὲὶὶὲιὲὲῐὲ</strong></span> <span class='ocrx_word' id='word_1_432' title='bbox 1475 3233 2060 3330; x_wconf 49' lang='grc' dir='ltr'><strong>ροῖἱῖἦὶὶἇίλέὶὺῧιὶὶε</strong></span> <span class='ocrx_word' id='word_1_433' title='bbox 2087 3233 2133 3297; x_wconf 77' lang='lat' dir='ltr'><strong><em>C</em></strong></span> <span class='ocrx_word' id='word_1_434' title='bbox 2235 3257 2296 3312; x_wconf 89' lang='lat' dir='ltr'><strong>ll.</strong></span> <span class='ocrx_word' id='word_1_435' title='bbox 2336 3257 2589 3326; x_wconf 76' lang='lat' dir='ltr'><strong>Legimus</strong></span> <span class='ocrx_word' id='word_1_436' title='bbox 2627 3255 2770 3312; x_wconf 90' lang='lat' dir='ltr'><strong>enim</strong></span> <span class='ocrx_word' id='word_1_437' title='bbox 2811 3256 2867 3311; x_wconf 90' lang='lat' dir='ltr'><strong>in</strong></span> <span class='ocrx_word' id='word_1_438' title='bbox 2907 3257 3146 3326; x_wconf 90' lang='lat' dir='ltr'><strong>epistolis</strong></span> <span class='ocrx_word' id='word_1_439' title='bbox 3189 3257 3332 3313; x_wconf 89' lang='lat' dir='ltr'><strong>beati</strong></span> <span class='ocrx_word' id='word_1_440' title='bbox 3381 3257 3591 3323; x_wconf 84' lang='lat' dir='ltr'><strong>Felicis,</strong></span> <span class='ocrx_word' id='word_1_441' title='bbox 3641 3261 3747 3322; x_wconf 74' lang='lat' dir='ltr'><strong>viri</strong></span> 
     </span>
    </p>
   </div>
   <div class='ocr_carea' id='block_1_63' title="bbox 566 3329 986 3385">
    <p class='ocr_par' dir='ltr' id='par_1_63' title="bbox 566 3329 986 3385">
     <span class='ocr_line' id='line_1_63' title="bbox 566 3329 986 3385; baseline -0.005 0"><span class='ocrx_word' id='word_1_442' title='bbox 566 3331 701 3385; x_wconf 81' lang='lat' dir='ltr'><strong>evita</strong></span> <span class='ocrx_word' id='word_1_443' title='bbox 745 3329 986 3385; x_wconf 77' lang='lat' dir='ltr'><strong>salutem.</strong></span> 
     </span>
    </p>
   </div>
   <div class='ocr_carea' id='block_1_64' title="bbox 545 3437 2060 3508">
    <p class='ocr_par' dir='ltr' id='par_1_64' title="bbox 545 3437 2060 3508">
     <span class='ocr_line' id='line_1_64' title="bbox 545 3437 2060 3508; baseline -0.005 -8"><span class='ocrx_word' id='word_1_444' title='bbox 545 3443 588 3500; x_wconf 90' lang='lat' dir='ltr'><strong>l.</strong></span> <span class='ocrx_word' id='word_1_445' title='bbox 635 3442 902 3498; x_wconf 88' lang='lat' dir='ltr'><strong>Perfectio</strong></span> <span class='ocrx_word' id='word_1_446' title='bbox 929 3440 1180 3498; x_wconf 67' lang='lat' dir='ltr'><strong>fraternae</strong></span> <span class='ocrx_word' id='word_1_447' title='bbox 1201 3440 1483 3497; x_wconf 89' lang='lat' dir='ltr'><strong>cbaritatis</strong></span> <span class='ocrx_word' id='word_1_448' title='bbox 1507 3439 1559 3496; x_wconf 93' lang='lat' dir='ltr'><strong>in</strong></span> <span class='ocrx_word' id='word_1_449' title='bbox 1585 3439 1848 3508; x_wconf 86' lang='lat' dir='ltr'><strong>gremium</strong></span> <span class='ocrx_word' id='word_1_450' title='bbox 1869 3437 2060 3508; x_wconf 88' lang='lat' dir='ltr'><strong>pacili-</strong></span> 
     </span>
    </p>
   </div>
   <div class='ocr_carea' id='block_1_65' title="bbox 474 3531 2062 3609">
    <p class='ocr_par' dir='ltr' id='par_1_65' title="bbox 474 3531 2062 3609">
     <span class='ocr_line' id='line_1_65' title="bbox 474 3531 2062 3609; baseline -0.004 -16"><span class='ocrx_word' id='word_1_451' title='bbox 474 3553 553 3593; x_wconf 73' lang='lat' dir='ltr'><strong>cm</strong></span> <span class='ocrx_word' id='word_1_452' title='bbox 585 3535 736 3609; x_wconf 85' lang='lat' dir='ltr'><strong>[Cod.</strong></span> <span class='ocrx_word' id='word_1_453' title='bbox 778 3533 983 3601; x_wconf 83' lang='lat' dir='ltr'><strong>Paris.,</strong></span> <span class='ocrx_word' id='word_1_454' title='bbox 1019 3535 1073 3590; x_wconf 92' lang='lat' dir='ltr'><strong>in</strong></span> <span class='ocrx_word' id='word_1_455' title='bbox 1115 3533 1378 3605; x_wconf 88' lang='lat' dir='ltr'><strong>gremium</strong></span> <span class='ocrx_word' id='word_1_456' title='bbox 1417 3532 1566 3603; x_wconf 88' lang='lat' dir='ltr'><strong>pacis</strong></span> <span class='ocrx_word' id='word_1_457' title='bbox 1610 3531 1791 3603; x_wconf 91' lang='lat' dir='ltr'><strong>atque]</strong></span> <span class='ocrx_word' id='word_1_458' title='bbox 1839 3532 2062 3586; x_wconf 88' lang='lat' dir='ltr'><strong>unitatis</strong></span> 
     </span>
    </p>
   </div>
   <div class='ocr_carea' id='block_1_66' title="bbox 473 3625 2064 3700">
    <p class='ocr_par' dir='ltr' id='par_1_66' title="bbox 473 3625 2064 3700">
     <span class='ocr_line' id='line_1_66' title="bbox 473 3625 2064 3700; baseline -0.005 -12"><span class='ocrx_word' id='word_1_459' title='bbox 473 3629 676 3688; x_wconf 81' lang='lat' dir='ltr'><strong>inultos</strong></span> <span class='ocrx_word' id='word_1_460' title='bbox 719 3627 971 3699; x_wconf 88' lang='lat' dir='ltr'><strong>colligere</strong></span> <span class='ocrx_word' id='word_1_461' title='bbox 1015 3627 1219 3684; x_wconf 90' lang='lat' dir='ltr'><strong>amicos</strong></span> <span class='ocrx_word' id='word_1_462' title='bbox 1261 3625 1680 3700; x_wconf 76' lang='lat' dir='ltr'><strong>gaudet,[Ibid.,</strong></span> <span class='ocrx_word' id='word_1_463' title='bbox 1723 3625 2064 3682; x_wconf 88' lang='lat' dir='ltr'><strong>concorditer</strong></span> 
     </span>
    </p>
   </div>
   <div class='ocr_carea' id='block_1_67' title="bbox 473 3715 2061 3798">
    <p class='ocr_par' dir='ltr' id='par_1_67' title="bbox 473 3715 2061 3798">
     <span class='ocr_line' id='line_1_67' title="bbox 473 3715 2061 3798; baseline -0.004 -22"><span class='ocrx_word' id='word_1_464' title='bbox 473 3719 714 3798; x_wconf 78' lang='lat' dir='ltr'><strong>gaudet],</strong></span> <span class='ocrx_word' id='word_1_465' title='bbox 738 3728 796 3776; x_wconf 93' lang='lat' dir='ltr'><strong>et</strong></span> <span class='ocrx_word' id='word_1_466' title='bbox 821 3719 1090 3791; x_wconf 88' lang='lat' dir='ltr'><strong>quoddam</strong></span> <span class='ocrx_word' id='word_1_467' title='bbox 1119 3719 1413 3776; x_wconf 87' lang='lat' dir='ltr'><strong>arbitratur</strong></span> <span class='ocrx_word' id='word_1_468' title='bbox 1441 3733 1561 3774; x_wconf 86' lang='lat' dir='ltr'><strong>esse</strong></span> <span class='ocrx_word' id='word_1_469' title='bbox 1589 3716 1927 3787; x_wconf 90' lang='lat' dir='ltr'><strong>dispendium</strong></span> <span class='ocrx_word' id='word_1_470' title='bbox 1959 3715 2061 3771; x_wconf 86' lang='lat' dir='ltr'><strong>sibi</strong></span> 
     </span>
    </p>
   </div>
   <div class='ocr_carea' id='block_1_68' title="bbox 471 3807 2063 3890">
    <p class='ocr_par' dir='ltr' id='par_1_68' title="bbox 471 3807 2063 3890">
     <span class='ocr_line' id='line_1_68' title="bbox 471 3807 2063 3890; baseline -0.008 -18"><span class='ocrx_word' id='word_1_471' title='bbox 471 3815 599 3890; x_wconf 86' lang='lat' dir='ltr'><strong>ipsi,</strong></span> <span class='ocrx_word' id='word_1_472' title='bbox 630 3814 675 3870; x_wconf 91' lang='lat' dir='ltr'><strong>si</strong></span> <span class='ocrx_word' id='word_1_473' title='bbox 706 3829 810 3870; x_wconf 91' lang='lat' dir='ltr'><strong>non</strong></span> <span class='ocrx_word' id='word_1_474' title='bbox 839 3813 1074 3884; x_wconf 89' lang='lat' dir='ltr'><strong>seipsum</strong></span> <span class='ocrx_word' id='word_1_475' title='bbox 1100 3811 1260 3868; x_wconf 88' lang='lat' dir='ltr'><strong>latius</strong></span> <span class='ocrx_word' id='word_1_476' title='bbox 1289 3810 1669 3866; x_wconf 88' lang='lat' dir='ltr'><strong>commendare</strong></span> <span class='ocrx_word' id='word_1_477' title='bbox 1691 3809 1872 3864; x_wconf 88' lang='lat' dir='ltr'><strong>studet</strong></span> <span class='ocrx_word' id='word_1_478' title='bbox 1893 3807 1958 3860; x_wconf 91' lang='lat' dir='ltr'><strong>ad</strong></span> <span class='ocrx_word' id='word_1_479' title='bbox 1982 3807 2063 3860; x_wconf 85' lang='lat' dir='ltr'><strong>vi—</strong></span> 
     </span>
    </p>
   </div>
   <div class='ocr_carea' id='block_1_69' title="bbox 473 3900 2062 3972">
    <p class='ocr_par' dir='ltr' id='par_1_69' title="bbox 473 3900 2062 3972">
     <span class='ocr_line' id='line_1_69' title="bbox 473 3900 2062 3972; baseline -0.004 -14"><span class='ocrx_word' id='word_1_480' title='bbox 473 3920 566 3962; x_wconf 89' lang='lat' dir='ltr'><strong>ros</strong></span> <span class='ocrx_word' id='word_1_481' title='bbox 593 3903 789 3962; x_wconf 82' lang='lat' dir='ltr'><strong>famosi</strong></span> <span class='ocrx_word' id='word_1_482' title='bbox 815 3903 1050 3960; x_wconf 86' lang='lat' dir='ltr'><strong>nominis</strong></span> <span class='ocrx_word' id='word_1_483' title='bbox 1079 3911 1134 3956; x_wconf 89' lang='lat' dir='ltr'><strong>et</strong></span> <span class='ocrx_word' id='word_1_484' title='bbox 1163 3902 1391 3958; x_wconf 74' lang='lat' dir='ltr'><strong>laudatae</strong></span> <span class='ocrx_word' id='word_1_485' title='bbox 1415 3902 1655 3972; x_wconf 84' lang='lat' dir='ltr'><strong>pietatis,</strong></span> <span class='ocrx_word' id='word_1_486' title='bbox 1683 3909 1743 3956; x_wconf 91' lang='lat' dir='ltr'><strong>ut</strong></span> <span class='ocrx_word' id='word_1_487' title='bbox 1772 3901 1843 3955; x_wconf 93' lang='lat' dir='ltr'><strong>sit</strong></span> <span class='ocrx_word' id='word_1_488' title='bbox 1870 3900 2062 3956; x_wconf 86' lang='lat' dir='ltr'><strong>unani—</strong></span> 
     </span>
    </p>
   </div>
   <div class='ocr_carea' id='block_1_70' title="bbox 470 3992 2060 4068">
    <p class='ocr_par' dir='ltr' id='par_1_70' title="bbox 470 3992 2060 4068">
     <span class='ocr_line' id='line_1_70' title="bbox 470 3992 2060 4068; baseline -0.005 -14"><span class='ocrx_word' id='word_1_489' title='bbox 470 3998 635 4054; x_wconf 88' lang='lat' dir='ltr'><strong>mitas</strong></span> <span class='ocrx_word' id='word_1_490' title='bbox 699 3996 961 4068; x_wconf 89' lang='lat' dir='ltr'><strong>spiritalis</strong></span> <span class='ocrx_word' id='word_1_491' title='bbox 1031 4010 1172 4050; x_wconf 69' lang='lat' dir='ltr'><strong>verte</strong></span> <span class='ocrx_word' id='word_1_492' title='bbox 1235 3994 1577 4058; x_wconf 85' lang='lat' dir='ltr'><strong>dilectionis,</strong></span> <span class='ocrx_word' id='word_1_493' title='bbox 1631 3992 1756 4052; x_wconf 87' lang='lat' dir='ltr'><strong>licet</strong></span> <span class='ocrx_word' id='word_1_494' title='bbox 1813 3992 2060 4061; x_wconf 71' lang='lat' dir='ltr'><strong>qumdam</strong></span> 
     </span>
    </p>
   </div>
   <div class='ocr_carea' id='block_1_71' title="bbox 471 4077 2055 4233">
    <p class='ocr_par' dir='ltr' id='par_1_71' title="bbox 471 4077 2055 4233">
     <span class='ocr_line' id='line_1_71' title="bbox 471 4077 2055 4233; baseline -0.003 -89"><span class='ocrx_word' id='word_1_495' title='bbox 471 4077 588 4233; x_wconf 50' lang='lat' dir='ltr'><strong>Egit]</strong></span> <span class='ocrx_word' id='word_1_496' title='bbox 636 4089 907 4162; x_wconf 87' lang='lat' dir='ltr'><strong>separatio</strong></span> <span class='ocrx_word' id='word_1_497' title='bbox 949 4087 1246 4161; x_wconf 87' lang='lat' dir='ltr'><strong>corporalis</strong></span> <span class='ocrx_word' id='word_1_498' title='bbox 1289 4086 1532 4142; x_wconf 89' lang='lat' dir='ltr'><strong>visionis.</strong></span> <span class='ocrx_word' id='word_1_499' title='bbox 1581 4083 1705 4139; x_wconf 66' lang='lat' dir='ltr'><strong>llmc</strong></span> <span class='ocrx_word' id='word_1_500' title='bbox 1745 4100 1862 4140; x_wconf 90' lang='lat' dir='ltr'><strong>mea</strong></span> <span class='ocrx_word' id='word_1_501' title='bbox 1902 4083 2055 4157; x_wconf 93' lang='grc' dir='ltr'>[ϐοά.</span> 
     </span>
     <span class='ocr_line' id='line_1_72' title="bbox 525 4175 2055 4233; baseline -0.001 0"><span class='ocrx_word' id='word_1_502' title='bbox 525 4181 653 4233; x_wconf 85' lang='lat' dir='ltr'><strong>aris.</strong></span> <span class='ocrx_word' id='word_1_503' title='bbox 683 4221 698 4233; x_wconf 96' lang='lat'><strong>.</strong></span> <span class='ocrx_word' id='word_1_504' title='bbox 750 4177 983 4233; x_wconf 89' lang='lat' dir='ltr'><strong>mecuml</strong></span> <span class='ocrx_word' id='word_1_505' title='bbox 1050 4177 1357 4233; x_wconf 68' lang='lat' dir='ltr'><strong>diligentius</strong></span> <span class='ocrx_word' id='word_1_506' title='bbox 1415 4175 1762 4231; x_wconf 90' lang='lat' dir='ltr'><strong>considerans</strong></span> <span class='ocrx_word' id='word_1_507' title='bbox 1819 4175 2055 4233; x_wconf 83' lang='lat' dir='ltr'><strong>narvitas</strong></span> 
     </span>
    </p>
   </div>
   <div class='ocr_carea' id='block_1_72' title="bbox 525 4175 2058 4249">
    <p class='ocr_par' dir='ltr' id='par_1_72' title="bbox 525 4175 2058 4249">
     <span class='ocr_line' id='line_1_73' title="bbox 525 4175 2058 4249; baseline -0.003 -13"><span class='ocrx_word' id='word_1_508' title='bbox 525 4181 653 4236; x_wconf 84' lang='lat' dir='ltr'><strong>aris.</strong></span> <span class='ocrx_word' id='word_1_509' title='bbox 683 4221 698 4246; x_wconf 94' lang='lat'><strong>,</strong></span> <span class='ocrx_word' id='word_1_510' title='bbox 750 4177 984 4249; x_wconf 76' lang='lat' dir='ltr'><strong>mecuml</strong></span> <span class='ocrx_word' id='word_1_511' title='bbox 1050 4177 1357 4248; x_wconf 87' lang='lat' dir='ltr'><strong>diligentius</strong></span> <span class='ocrx_word' id='word_1_512' title='bbox 1415 4175 1762 4231; x_wconf 91' lang='lat' dir='ltr'><strong>considerans</strong></span> <span class='ocrx_word' id='word_1_513' title='bbox 1819 4175 2058 4246; x_wconf 85' lang='lat' dir='ltr'><strong>parvitas</strong></span> 
     </span>
    </p>
   </div>
   <div class='ocr_carea' id='block_1_73' title="bbox 473 4264 2058 4344">
    <p class='ocr_par' dir='ltr' id='par_1_73' title="bbox 473 4264 2058 4344">
     <span class='ocr_line' id='line_1_74' title="bbox 473 4264 2058 4344; baseline -0.003 -20"><span class='ocrx_word' id='word_1_514' title='bbox 473 4267 662 4344; x_wconf 84' lang='lat' dir='ltr'><strong>[Ibid.,</strong></span> <span class='ocrx_word' id='word_1_515' title='bbox 694 4269 942 4339; x_wconf 73' lang='lat' dir='ltr'><strong>parvitas</strong></span> <span class='ocrx_word' id='word_1_516' title='bbox 971 4265 1136 4338; x_wconf 88' lang='lat' dir='ltr'><strong>mea],</strong></span> <span class='ocrx_word' id='word_1_517' title='bbox 1175 4266 1437 4335; x_wconf 90' lang='lat' dir='ltr'><strong>meipsum</strong></span> <span class='ocrx_word' id='word_1_518' title='bbox 1469 4264 1829 4320; x_wconf 88' lang='lat' dir='ltr'><strong>sacrosanctis</strong></span> <span class='ocrx_word' id='word_1_519' title='bbox 1867 4271 2058 4320; x_wconf 62' lang='lat' dir='ltr'><strong>vestrae</strong></span> 
     </span>
    </p>
   </div>
   <div class='ocr_carea' id='block_1_74' title="bbox 469 4353 2057 4428">
    <p class='ocr_par' dir='ltr' id='par_1_74' title="bbox 469 4353 2057 4428">
     <span class='ocr_line' id='line_1_75' title="bbox 469 4353 2057 4428; baseline -0.008 -6"><span class='ocrx_word' id='word_1_520' title='bbox 469 4353 825 4422; x_wconf 72' lang='lat' dir='ltr'><strong>beatitudinis</strong></span> <span class='ocrx_word' id='word_1_521' title='bbox 862 4357 1218 4422; x_wconf 87' lang='lat' dir='ltr'><strong>orationibus,</strong></span> <span class='ocrx_word' id='word_1_522' title='bbox 1246 4358 1427 4412; x_wconf 91' lang='lat' dir='ltr'><strong>multis</strong></span> <span class='ocrx_word' id='word_1_523' title='bbox 1469 4357 1740 4428; x_wconf 88' lang='lat' dir='ltr'><strong>precibus,</strong></span> <span class='ocrx_word' id='word_1_524' title='bbox 1781 4356 1864 4410; x_wconf 89' lang='lat' dir='ltr'><strong>vir</strong></span> <span class='ocrx_word' id='word_1_525' title='bbox 1898 4372 2057 4412; x_wconf 88' lang='lat' dir='ltr'><strong>vene-</strong></span> 
     </span>
    </p>
   </div>
   <div class='ocr_carea' id='block_1_75' title="bbox 471 4445 2053 4524">
    <p class='ocr_par' dir='ltr' id='par_1_75' title="bbox 471 4445 2053 4524">
     <span class='ocr_line' id='line_1_76' title="bbox 471 4445 2053 4524; baseline -0.005 -15"><span class='ocrx_word' id='word_1_526' title='bbox 471 4453 658 4516; x_wconf 87' lang='lat' dir='ltr'><strong>rande,</strong></span> <span class='ocrx_word' id='word_1_527' title='bbox 691 4451 1002 4524; x_wconf 82' lang='lat' dir='ltr'><strong>diligentius</strong></span> <span class='ocrx_word' id='word_1_528' title='bbox 1031 4447 1409 4503; x_wconf 90' lang='lat' dir='ltr'><strong>commendare</strong></span> <span class='ocrx_word' id='word_1_529' title='bbox 1457 4447 1657 4502; x_wconf 91' lang='lat' dir='ltr'><strong>studui.</strong></span> <span class='ocrx_word' id='word_1_530' title='bbox 1704 4445 1850 4516; x_wconf 91' lang='lat' dir='ltr'><strong>Opus</strong></span> <span class='ocrx_word' id='word_1_531' title='bbox 1899 4445 2053 4518; x_wconf 86' lang='lat' dir='ltr'><strong>[Cod.</strong></span> 
     </span>
    </p>
   </div>
   <div class='ocr_carea' id='block_1_76' title="bbox 472 4533 2054 4613">
    <p class='ocr_par' dir='ltr' id='par_1_76' title="bbox 472 4533 2054 4613">
     <span class='ocr_line' id='line_1_77' title="bbox 472 4533 2054 4613; baseline -0.003 -17"><span class='ocrx_word' id='word_1_532' title='bbox 472 4539 675 4608; x_wconf 88' lang='lat' dir='ltr'><strong>Paris.,</strong></span> <span class='ocrx_word' id='word_1_533' title='bbox 707 4539 934 4613; x_wconf 87' lang='lat' dir='ltr'><strong>Optans]</strong></span> <span class='ocrx_word' id='word_1_534' title='bbox 960 4533 980 4606; x_wconf 67' lang='grc'><strong>,’</strong></span> <span class='ocrx_word' id='word_1_535' title='bbox 1006 4545 1186 4594; x_wconf 86' lang='lat' dir='ltr'><strong>vestra</strong></span> <span class='ocrx_word' id='word_1_536' title='bbox 1214 4538 1552 4593; x_wconf 86' lang='lat' dir='ltr'><strong>sanctissima</strong></span> <span class='ocrx_word' id='word_1_537' title='bbox 1581 4538 1867 4594; x_wconf 92' lang='lat' dir='ltr'><strong>dilectione</strong></span> <span class='ocrx_word' id='word_1_538' title='bbox 1897 4539 2054 4592; x_wconf 75' lang='lat' dir='ltr'><strong>auxi-</strong></span> 
     </span>
    </p>
   </div>
   <div class='ocr_carea' id='block_1_77' title="bbox 471 4629 2054 4707">
    <p class='ocr_par' dir='ltr' id='par_1_77' title="bbox 471 4629 2054 4707">
     <span class='ocr_line' id='line_1_78' title="bbox 471 4629 2054 4707; baseline -0.003 -17"><span class='ocrx_word' id='word_1_539' title='bbox 471 4635 638 4690; x_wconf 88' lang='lat' dir='ltr'><strong>liante</strong></span> <span class='ocrx_word' id='word_1_540' title='bbox 665 4632 856 4707; x_wconf 87' lang='lat' dir='ltr'><strong>[Ibid.,</strong></span> <span class='ocrx_word' id='word_1_541' title='bbox 884 4632 993 4688; x_wconf 91' lang='lat' dir='ltr'><strong>Deo</strong></span> <span class='ocrx_word' id='word_1_542' title='bbox 1029 4629 1365 4702; x_wconf 74' lang='lat' dir='ltr'><strong>auxiliante],</strong></span> <span class='ocrx_word' id='word_1_543' title='bbox 1408 4629 1669 4700; x_wconf 84' lang='lat' dir='ltr'><strong>prolicere</strong></span> <span class='ocrx_word' id='word_1_544' title='bbox 1714 4631 1782 4684; x_wconf 90' lang='lat' dir='ltr'><strong>ad</strong></span> <span class='ocrx_word' id='word_1_545' title='bbox 1825 4631 2054 4686; x_wconf 88' lang='lat' dir='ltr'><strong>salutem</strong></span> 
     </span>
    </p>
   </div>
   <div class='ocr_carea' id='block_1_78' title="bbox 471 4725 2055 4793">
    <p class='ocr_par' dir='ltr' id='par_1_78' title="bbox 471 4725 2055 4793">
     <span class='ocr_line' id='line_1_79' title="bbox 471 4725 2055 4793; baseline -0.003 -13"><span class='ocrx_word' id='word_1_546' title='bbox 471 4725 667 4782; x_wconf 66' lang='grc' dir='ltr'><strong>εὶιιίηιω</strong></span> <span class='ocrx_word' id='word_1_547' title='bbox 696 4739 846 4789; x_wconf 61' lang='grc'><strong>11163,</strong></span> <span class='ocrx_word' id='word_1_548' title='bbox 877 4733 936 4780; x_wconf 92' lang='lat' dir='ltr'><strong>ut</strong></span> <span class='ocrx_word' id='word_1_549' title='bbox 960 4731 1013 4777; x_wconf 91' lang='lat' dir='ltr'><strong>et</strong></span> <span class='ocrx_word' id='word_1_550' title='bbox 1042 4732 1220 4778; x_wconf 88' lang='lat' dir='ltr'><strong>vestra</strong></span> <span class='ocrx_word' id='word_1_551' title='bbox 1251 4736 1458 4777; x_wconf 90' lang='lat' dir='ltr'><strong>merces</strong></span> <span class='ocrx_word' id='word_1_552' title='bbox 1483 4738 1547 4776; x_wconf 73' lang='lat' dir='ltr'><strong>(3X</strong></span> <span class='ocrx_word' id='word_1_553' title='bbox 1582 4731 1765 4777; x_wconf 75' lang='grc' dir='ltr'><strong>11051,Γο</strong></span> <span class='ocrx_word' id='word_1_554' title='bbox 1795 4731 2055 4793; x_wconf 86' lang='lat' dir='ltr'><strong>augeatur</strong></span> 
     </span>
    </p>
   </div>
   <div class='ocr_carea' id='block_1_79' title="bbox 469 4811 2054 4886">
    <p class='ocr_par' dir='ltr' id='par_1_79' title="bbox 469 4811 2054 4886">
     <span class='ocr_line' id='line_1_80' title="bbox 469 4811 2054 4886; baseline 0 -18"><span class='ocrx_word' id='word_1_555' title='bbox 469 4814 738 4886; x_wconf 86' lang='lat' dir='ltr'><strong>profectu,</strong></span> <span class='ocrx_word' id='word_1_556' title='bbox 769 4823 824 4870; x_wconf 89' lang='lat' dir='ltr'><strong>et</strong></span> <span class='ocrx_word' id='word_1_557' title='bbox 848 4830 964 4868; x_wconf 90' lang='lat' dir='ltr'><strong>mea</strong></span> <span class='ocrx_word' id='word_1_558' title='bbox 991 4813 1267 4883; x_wconf 85' lang='lat' dir='ltr'><strong>diligentia</strong></span> <span class='ocrx_word' id='word_1_559' title='bbox 1293 4815 1444 4868; x_wconf 70' lang='lat' dir='ltr'><strong>bonae</strong></span> <span class='ocrx_word' id='word_1_560' title='bbox 1472 4811 1761 4868; x_wconf 90' lang='lat' dir='ltr'><strong>voluntatis</strong></span> <span class='ocrx_word' id='word_1_561' title='bbox 1789 4813 1942 4868; x_wconf 87' lang='lat' dir='ltr'><strong>vobis</strong></span> <span class='ocrx_word' id='word_1_562' title='bbox 1963 4813 2054 4870; x_wconf 88' lang='lat' dir='ltr'><strong>ali-</strong></span> 
     </span>
    </p>
   </div>
   <div class='ocr_carea' id='block_1_80' title="bbox 471 4899 2053 4978">
    <p class='ocr_par' dir='ltr' id='par_1_80' title="bbox 471 4899 2053 4978">
     <span class='ocr_line' id='line_1_81' title="bbox 471 4899 2053 4978; baseline 0.001 -21"><span class='ocrx_word' id='word_1_563' title='bbox 471 4899 600 4978; x_wconf 87' lang='lat' dir='ltr'><strong>quid</strong></span> <span class='ocrx_word' id='word_1_564' title='bbox 631 4903 871 4960; x_wconf 90' lang='lat' dir='ltr'><strong>conferat</strong></span> <span class='ocrx_word' id='word_1_565' title='bbox 898 4903 951 4958; x_wconf 93' lang='lat' dir='ltr'><strong>in</strong></span> <span class='ocrx_word' id='word_1_566' title='bbox 979 4903 1258 4958; x_wconf 89' lang='lat' dir='ltr'><strong>charitatis</strong></span> <span class='ocrx_word' id='word_1_567' title='bbox 1283 4903 1456 4959; x_wconf 79' lang='lat' dir='ltr'><strong>cilicio</strong></span> <span class='ocrx_word' id='word_1_568' title='bbox 1487 4918 1501 4956; x_wconf 88' lang='lat'><strong>:</strong></span> <span class='ocrx_word' id='word_1_569' title='bbox 1529 4911 1796 4975; x_wconf 85' lang='lat' dir='ltr'><strong>quatenus</strong></span> <span class='ocrx_word' id='word_1_570' title='bbox 1827 4903 2053 4959; x_wconf 91' lang='lat' dir='ltr'><strong>Domino</strong></span> 
     </span>
    </p>
   </div>
   <div class='ocr_carea' id='block_1_81' title="bbox 470 4991 2052 5052">
    <p class='ocr_par' dir='ltr' id='par_1_81' title="bbox 470 4991 2052 5052">
     <span class='ocr_line' id='line_1_82' title="bbox 470 4991 2052 5052; baseline -0.002 0"><span class='ocrx_word' id='word_1_571' title='bbox 470 4995 583 5052; x_wconf 90' lang='lat' dir='ltr'><strong>Deo</strong></span> <span class='ocrx_word' id='word_1_572' title='bbox 614 5004 799 5050; x_wconf 90' lang='lat' dir='ltr'><strong>nostro</strong></span> <span class='ocrx_word' id='word_1_573' title='bbox 830 4991 955 5050; x_wconf 86' lang='lat' dir='ltr'><strong>Jesu</strong></span> <span class='ocrx_word' id='word_1_574' title='bbox 987 4994 1203 5050; x_wconf 84' lang='lat' dir='ltr'><strong>Christo</strong></span> <span class='ocrx_word' id='word_1_575' title='bbox 1239 5005 1432 5051; x_wconf 77' lang='lat' dir='ltr'><strong>vestrm</strong></span> <span class='ocrx_word' id='word_1_576' title='bbox 1474 4994 1793 5050; x_wconf 91' lang='lat' dir='ltr'><strong>humilitatis</strong></span> <span class='ocrx_word' id='word_1_577' title='bbox 1825 4993 1878 5047; x_wconf 93' lang='lat' dir='ltr'><strong>in</strong></span> <span class='ocrx_word' id='word_1_578' title='bbox 1916 4994 2052 5049; x_wconf 90' lang='lat' dir='ltr'><strong>dile-</strong></span> 
     </span>
    </p>
   </div>
   <div class='ocr_carea' id='block_1_82' title="bbox 471 5083 2057 5156">
    <p class='ocr_par' dir='ltr' id='par_1_82' title="bbox 471 5083 2057 5156">
     <span class='ocr_line' id='line_1_83' title="bbox 471 5083 2057 5156; baseline -0.001 -15"><span class='ocrx_word' id='word_1_579' title='bbox 471 5087 649 5142; x_wconf 84' lang='lat' dir='ltr'><strong>ctione</strong></span> <span class='ocrx_word' id='word_1_580' title='bbox 672 5083 908 5140; x_wconf 87' lang='lat' dir='ltr'><strong>fraterna</strong></span> <span class='ocrx_word' id='word_1_581' title='bbox 938 5085 1350 5142; x_wconf 86' lang='lat' dir='ltr'><strong>communicatio</strong></span> <span class='ocrx_word' id='word_1_582' title='bbox 1377 5085 1604 5156; x_wconf 88' lang='lat' dir='ltr'><strong>placeat,</strong></span> <span class='ocrx_word' id='word_1_583' title='bbox 1634 5093 1689 5139; x_wconf 88' lang='lat' dir='ltr'><strong>et</strong></span> <span class='ocrx_word' id='word_1_584' title='bbox 1707 5092 1904 5139; x_wconf 65' lang='lat' dir='ltr'><strong>nostrae</strong></span> <span class='ocrx_word' id='word_1_585' title='bbox 1931 5101 2057 5155; x_wconf 87' lang='lat' dir='ltr'><strong>par-</strong></span> 
     </span>
    </p>
   </div>
   <div class='ocr_carea' id='block_1_83' title="bbox 468 5173 2049 5245">
    <p class='ocr_par' dir='ltr' id='par_1_83' title="bbox 468 5173 2049 5245">
     <span class='ocr_line' id='line_1_84' title="bbox 468 5173 2049 5245; baseline 0 -15"><span class='ocrx_word' id='word_1_586' title='bbox 468 5177 654 5234; x_wconf 83' lang='lat' dir='ltr'><strong>vitatis</strong></span> <span class='ocrx_word' id='word_1_587' title='bbox 695 5177 749 5231; x_wconf 91' lang='lat' dir='ltr'><strong>in</strong></span> <span class='ocrx_word' id='word_1_588' title='bbox 791 5175 961 5231; x_wconf 91' lang='lat' dir='ltr'><strong>salute</strong></span> <span class='ocrx_word' id='word_1_589' title='bbox 994 5173 1283 5230; x_wconf 88' lang='lat' dir='ltr'><strong>multorum</strong></span> <span class='ocrx_word' id='word_1_590' title='bbox 1327 5175 1673 5245; x_wconf 85' lang='lat' dir='ltr'><strong>acceptabilis</strong></span> <span class='ocrx_word' id='word_1_591' title='bbox 1709 5174 1777 5228; x_wconf 90' lang='lat' dir='ltr'><strong>sit</strong></span> <span class='ocrx_word' id='word_1_592' title='bbox 1817 5175 2049 5230; x_wconf 86' lang='lat' dir='ltr'><strong>devotio.</strong></span> 
     </span>
    </p>
   </div>
   <div class='ocr_carea' id='block_1_84' title="bbox 466 5265 2050 5342">
    <p class='ocr_par' dir='ltr' id='par_1_84' title="bbox 466 5265 2050 5342">
     <span class='ocr_line' id='line_1_85' title="bbox 466 5265 2050 5342; baseline -0.002 -15"><span class='ocrx_word' id='word_1_593' title='bbox 466 5269 828 5342; x_wconf 85' lang='lat' dir='ltr'><strong>Consequitur</strong></span> <span class='ocrx_word' id='word_1_594' title='bbox 851 5269 994 5323; x_wconf 90' lang='lat' dir='ltr'><strong>enim</strong></span> <span class='ocrx_word' id='word_1_595' title='bbox 1025 5265 1176 5340; x_wconf 89' lang='grc' dir='ltr'>[ϐοά.</span> <span class='ocrx_word' id='word_1_596' title='bbox 1217 5265 1359 5334; x_wconf 85' lang='lat' dir='ltr'><strong>Vat.,</strong></span> <span class='ocrx_word' id='word_1_597' title='bbox 1383 5267 1606 5322; x_wconf 88' lang='lat' dir='ltr'><strong>Constat</strong></span> <span class='ocrx_word' id='word_1_598' title='bbox 1625 5265 1791 5337; x_wconf 89' lang='lat' dir='ltr'><strong>enim]</strong></span> <span class='ocrx_word' id='word_1_599' title='bbox 1815 5279 2050 5324; x_wconf 86' lang='lat' dir='ltr'><strong>vestram</strong></span> 
     </span>
    </p>
   </div>
   <div class='ocr_carea' id='block_1_85' title="bbox 468 5355 2052 5430">
    <p class='ocr_par' dir='ltr' id='par_1_85' title="bbox 468 5355 2052 5430">
     <span class='ocr_line' id='line_1_86' title="bbox 468 5355 2052 5430; baseline -0.003 -13"><span class='ocrx_word' id='word_1_600' title='bbox 468 5357 810 5417; x_wconf 90' lang='lat' dir='ltr'><strong>dilectionem</strong></span> <span class='ocrx_word' id='word_1_601' title='bbox 849 5374 1040 5430; x_wconf 86' lang='lat' dir='ltr'><strong>magna</strong></span> <span class='ocrx_word' id='word_1_602' title='bbox 1073 5355 1432 5412; x_wconf 82' lang='lat' dir='ltr'><strong>remuneratio</strong></span> <span class='ocrx_word' id='word_1_603' title='bbox 1459 5355 1599 5424; x_wconf 86' lang='lat' dir='ltr'><strong>apud</strong></span> <span class='ocrx_word' id='word_1_604' title='bbox 1633 5355 1804 5410; x_wconf 89' lang='lat' dir='ltr'><strong>Deum</strong></span> <span class='ocrx_word' id='word_1_605' title='bbox 1844 5367 1898 5412; x_wconf 91' lang='lat' dir='ltr'><strong>et</strong></span> <span class='ocrx_word' id='word_1_606' title='bbox 1937 5357 2052 5428; x_wconf 89' lang='lat' dir='ltr'><strong>plu-</strong></span> 
     </span>
    </p>
   </div>
   <div class='ocr_carea' id='block_1_86' title="bbox 466 5446 2055 5514">
    <p class='ocr_par' dir='ltr' id='par_1_86' title="bbox 466 5446 2055 5514">
     <span class='ocr_line' id='line_1_87' title="bbox 466 5446 2055 5514; baseline -0.003 -4"><span class='ocrx_word' id='word_1_607' title='bbox 466 5453 604 5512; x_wconf 87' lang='lat' dir='ltr'><strong>rima</strong></span> <span class='ocrx_word' id='word_1_608' title='bbox 631 5454 773 5512; x_wconf 84' lang='lat' dir='ltr'><strong>inter</strong></span> <span class='ocrx_word' id='word_1_609' title='bbox 795 5447 1311 5514; x_wconf 88' lang='lat' dir='ltr'><strong>homineslaudatio,</strong></span> <span class='ocrx_word' id='word_1_610' title='bbox 1344 5447 1389 5501; x_wconf 92' lang='lat' dir='ltr'><strong>si</strong></span> <span class='ocrx_word' id='word_1_611' title='bbox 1419 5446 1644 5501; x_wconf 89' lang='lat' dir='ltr'><strong>fraterni</strong></span> <span class='ocrx_word' id='word_1_612' title='bbox 1660 5448 1868 5502; x_wconf 83' lang='lat' dir='ltr'><strong>consilii</strong></span> <span class='ocrx_word' id='word_1_613' title='bbox 1891 5450 1944 5504; x_wconf 90' lang='lat' dir='ltr'><strong>in</strong></span> <span class='ocrx_word' id='word_1_614' title='bbox 1967 5466 2055 5505; x_wconf 90' lang='lat' dir='ltr'><strong>ec—</strong></span> 
     </span>
    </p>
   </div>
   <div class='ocr_carea' id='block_1_87' title="bbox 467 5535 2047 5612">
    <p class='ocr_par' dir='ltr' id='par_1_87' title="bbox 467 5535 2047 5612">
     <span class='ocr_line' id='line_1_88' title="bbox 467 5535 2047 5612; baseline -0.003 -14"><span class='ocrx_word' id='word_1_615' title='bbox 467 5539 770 5598; x_wconf 87' lang='lat' dir='ltr'><strong>clesiastica</strong></span> <span class='ocrx_word' id='word_1_616' title='bbox 791 5556 922 5612; x_wconf 90' lang='lat' dir='ltr'><strong>pace</strong></span> <span class='ocrx_word' id='word_1_617' title='bbox 939 5555 1045 5593; x_wconf 91' lang='lat' dir='ltr'><strong>non</strong></span> <span class='ocrx_word' id='word_1_618' title='bbox 1075 5537 1435 5606; x_wconf 87' lang='lat' dir='ltr'><strong>dedigncmini</strong></span> <span class='ocrx_word' id='word_1_619' title='bbox 1463 5535 1701 5607; x_wconf 91' lang='lat' dir='ltr'><strong>recipere</strong></span> <span class='ocrx_word' id='word_1_620' title='bbox 1724 5538 2047 5607; x_wconf 75' lang='lat' dir='ltr'><strong>profectum.</strong></span> 
     </span>
    </p>
   </div>
   <div class='ocr_carea' id='block_1_88' title="bbox 538 5667 2055 5740">
    <p class='ocr_par' dir='ltr' id='par_1_88' title="bbox 538 5667 2055 5740">
     <span class='ocr_line' id='line_1_89' title="bbox 538 5667 2055 5740; baseline 0.001 -13"><span class='ocrx_word' id='word_1_621' title='bbox 538 5687 564 5714; x_wconf 74' lang='grc' dir='ltr'>α</span> <span class='ocrx_word' id='word_1_622' title='bbox 598 5673 654 5728; x_wconf 89' lang='lat' dir='ltr'><strong>lu</strong></span> <span class='ocrx_word' id='word_1_623' title='bbox 695 5673 814 5740; x_wconf 87' lang='lat' dir='ltr'><strong>cod.</strong></span> <span class='ocrx_word' id='word_1_624' title='bbox 851 5673 973 5730; x_wconf 80' lang='lat' dir='ltr'><strong>Vat.</strong></span> <span class='ocrx_word' id='word_1_625' title='bbox 1003 5667 1190 5740; x_wconf 65' lang='lat' dir='ltr'><strong>titulus</strong></span> <span class='ocrx_word' id='word_1_626' title='bbox 1217 5686 1231 5740; x_wconf 83' lang='lat'><strong>_:</strong></span> <span class='ocrx_word' id='word_1_627' title='bbox 1261 5667 1497 5740; x_wconf 85' lang='lat' dir='ltr'><strong>Epistola</strong></span> <span class='ocrx_word' id='word_1_628' title='bbox 1532 5669 1707 5725; x_wconf 81' lang='lat' dir='ltr'><strong>Albini</strong></span> <span class='ocrx_word' id='word_1_629' title='bbox 1739 5669 2055 5729; x_wconf 73' lang='lat' dir='ltr'><strong>Turonensis</strong></span> 
     </span>
    </p>
   </div>
   <div class='ocr_carea' id='block_1_89' title="bbox 468 5737 2058 5823">
    <p class='ocr_par' dir='ltr' id='par_1_89' title="bbox 468 5737 2058 5823">
     <span class='ocr_line' id='line_1_90' title="bbox 468 5737 2058 5823; baseline 0.001 -27"><span class='ocrx_word' id='word_1_630' title='bbox 468 5743 671 5798; x_wconf 76' lang='lat' dir='ltr'><strong>abbatis</strong></span> <span class='ocrx_word' id='word_1_631' title='bbox 699 5739 790 5823; x_wconf 83' lang='lat' dir='ltr'><strong>ad__</strong></span> <span class='ocrx_word' id='word_1_632' title='bbox 801 5737 1879 5823; x_wconf 32' lang='lat' dir='ltr'><strong>ElipantpmIoletq‘nuipfpiscoppm;‘ln</strong></span> <span class='ocrx_word' id='word_1_633' title='bbox 1911 5743 2058 5799; x_wconf 86' lang='lat' dir='ltr'><strong>cedi--</strong></span> 
     </span>
    </p>
   </div>
   <div class='ocr_carea' id='block_1_90' title="bbox 468 5809 2058 5885">
    <p class='ocr_par' dir='ltr' id='par_1_90' title="bbox 468 5809 2058 5885">
     <span class='ocr_line' id='line_1_91' title="bbox 468 5809 2058 5885; baseline -0.002 -12"><span class='ocrx_word' id='word_1_634' title='bbox 468 5827 535 5873; x_wconf 83' lang='lat' dir='ltr'><strong>ce</strong></span> <span class='ocrx_word' id='word_1_635' title='bbox 577 5828 706 5869; x_wconf 87' lang='lat' dir='ltr'><strong>vero</strong></span> <span class='ocrx_word' id='word_1_636' title='bbox 752 5809 1344 5882; x_wconf 79' lang='lat' dir='ltr'><strong>Parisiensi:Epistola</strong></span> <span class='ocrx_word' id='word_1_637' title='bbox 1390 5809 1564 5867; x_wconf 79' lang='lat' dir='ltr'><strong>Albini</strong></span> <span class='ocrx_word' id='word_1_638' title='bbox 1611 5809 1680 5866; x_wconf 71' lang='lat' dir='ltr'><strong>a&#39;d</strong></span> <span class='ocrx_word' id='word_1_639' title='bbox 1723 5813 2058 5885; x_wconf 66' lang='lat' dir='ltr'><strong>:Elipantum</strong></span> 
     </span>
    </p>
   </div>
   <div class='ocr_carea' id='block_1_91' title="bbox 2166 3349 3756 3424">
    <p class='ocr_par' dir='ltr' id='par_1_91' title="bbox 2166 3349 3756 3424">
     <span class='ocr_line' id='line_1_92' title="bbox 2166 3349 3756 3424; baseline 0.003 -18"><span class='ocrx_word' id='word_1_640' title='bbox 2166 3351 2371 3406; x_wconf 88' lang='lat' dir='ltr'><strong>scilicet</strong></span> <span class='ocrx_word' id='word_1_641' title='bbox 2403 3349 2666 3418; x_wconf 74' lang='lat' dir='ltr'><strong>religiosre</strong></span> <span class='ocrx_word' id='word_1_642' title='bbox 2706 3349 2830 3404; x_wconf 70' lang='lat' dir='ltr'><strong>vita:</strong></span> <span class='ocrx_word' id='word_1_643' title='bbox 2855 3350 3108 3420; x_wconf 71' lang='lat' dir='ltr'><strong>praecipui</strong></span> <span class='ocrx_word' id='word_1_644' title='bbox 3140 3358 3197 3405; x_wconf 93' lang='lat' dir='ltr'><strong>et</strong></span> <span class='ocrx_word' id='word_1_645' title='bbox 3223 3351 3511 3408; x_wconf 88' lang='lat' dir='ltr'><strong>sanctitate</strong></span> <span class='ocrx_word' id='word_1_646' title='bbox 3535 3363 3756 3424; x_wconf 81' lang='lat' dir='ltr'><strong>specta-</strong></span> 
     </span>
    </p>
   </div>
   <div class='ocr_carea' id='block_1_92' title="bbox 2162 3440 3750 3518">
    <p class='ocr_par' dir='ltr' id='par_1_92' title="bbox 2162 3440 3750 3518">
     <span class='ocr_line' id='line_1_93' title="bbox 2162 3440 3750 3518; baseline 0.003 -21"><span class='ocrx_word' id='word_1_647' title='bbox 2162 3442 2308 3507; x_wconf 78' lang='lat' dir='ltr'><strong>bilis,</strong></span> <span class='ocrx_word' id='word_1_648' title='bbox 2341 3442 2383 3497; x_wconf 91' lang='lat' dir='ltr'><strong>si</strong></span> <span class='ocrx_word' id='word_1_649' title='bbox 2412 3441 2732 3496; x_wconf 84' lang='lat' dir='ltr'><strong>catholicam</strong></span> <span class='ocrx_word' id='word_1_650' title='bbox 2759 3440 2918 3495; x_wconf 83' lang='lat' dir='ltr'><strong>fidem</strong></span> <span class='ocrx_word' id='word_1_651' title='bbox 2940 3450 2994 3495; x_wconf 90' lang='lat' dir='ltr'><strong>et</strong></span> <span class='ocrx_word' id='word_1_652' title='bbox 3015 3441 3434 3498; x_wconf 89' lang='lat' dir='ltr'><strong>ecclesiasticam</strong></span> <span class='ocrx_word' id='word_1_653' title='bbox 3462 3444 3750 3518; x_wconf 63' lang='lat' dir='ltr'><strong>unitatem.</strong></span> 
     </span>
    </p>
   </div>
   <div class='ocr_carea' id='block_1_93' title="bbox 2164 3532 3756 3607">
    <p class='ocr_par' dir='ltr' id='par_1_93' title="bbox 2164 3532 3756 3607">
     <span class='ocr_line' id='line_1_94' title="bbox 2164 3532 3756 3607; baseline 0.006 -20"><span class='ocrx_word' id='word_1_654' title='bbox 2164 3534 2279 3588; x_wconf 91' lang='lat' dir='ltr'><strong>sine</strong></span> <span class='ocrx_word' id='word_1_655' title='bbox 2300 3548 2402 3602; x_wconf 88' lang='lat' dir='ltr'><strong>qua</strong></span> <span class='ocrx_word' id='word_1_656' title='bbox 2417 3532 2593 3588; x_wconf 92' lang='lat' dir='ltr'><strong>nullus</strong></span> <span class='ocrx_word' id='word_1_657' title='bbox 2616 3533 2722 3587; x_wconf 88' lang='lat' dir='ltr'><strong>Deo</strong></span> <span class='ocrx_word' id='word_1_658' title='bbox 2735 3533 2948 3602; x_wconf 88' lang='lat' dir='ltr'><strong>placere</strong></span> <span class='ocrx_word' id='word_1_659' title='bbox 2965 3543 3162 3606; x_wconf 89' lang='lat' dir='ltr'><strong>potest,</strong></span> <span class='ocrx_word' id='word_1_660' title='bbox 3179 3550 3362 3590; x_wconf 90' lang='lat' dir='ltr'><strong>amare</strong></span> <span class='ocrx_word' id='word_1_661' title='bbox 3377 3545 3431 3592; x_wconf 91' lang='lat' dir='ltr'><strong>et</strong></span> <span class='ocrx_word' id='word_1_662' title='bbox 3455 3537 3756 3607; x_wconf 59' lang='lat' dir='ltr'><strong>praedicam</strong></span> 
     </span>
    </p>
   </div>
   <div class='ocr_carea' id='block_1_94' title="bbox 2162 3622 3755 3707">
    <p class='ocr_par' dir='ltr' id='par_1_94' title="bbox 2162 3622 3755 3707">
     <span class='ocr_line' id='line_1_95' title="bbox 2162 3622 3755 3707; baseline 0.008 -33"><span class='ocrx_word' id='word_1_663' title='bbox 2162 3622 2320 3688; x_wconf 83' lang='lat' dir='ltr'><strong>velit;</strong></span> <span class='ocrx_word' id='word_1_664' title='bbox 2349 3622 2476 3678; x_wconf 91' lang='lat' dir='ltr'><strong>dicit</strong></span> <span class='ocrx_word' id='word_1_665' title='bbox 2505 3624 2703 3692; x_wconf 89' lang='lat' dir='ltr'><strong>itaque,</strong></span> <span class='ocrx_word' id='word_1_666' title='bbox 2736 3642 2752 3674; x_wconf 80' lang='grc' dir='ltr'>ι</span> <span class='ocrx_word' id='word_1_667' title='bbox 2781 3633 3001 3696; x_wconf 87' lang='lat' dir='ltr'><strong>propter</strong></span> <span class='ocrx_word' id='word_1_668' title='bbox 3027 3627 3450 3696; x_wconf 88' lang='lat' dir='ltr'><strong>assumptionem</strong></span> <span class='ocrx_word' id='word_1_669' title='bbox 3473 3627 3755 3707; x_wconf 67' lang='lat' dir='ltr'><strong>Qhristttm</strong></span> 
     </span>
    </p>
   </div>
   <div class='ocr_carea' id='block_1_95' title="bbox 2162 3715 3755 3786">
    <p class='ocr_par' dir='ltr' id='par_1_95' title="bbox 2162 3715 3755 3786">
     <span class='ocr_line' id='line_1_96' title="bbox 2162 3715 3755 3786; baseline 0.008 -16"><span class='ocrx_word' id='word_1_670' title='bbox 2162 3731 2281 3771; x_wconf 91' lang='lat' dir='ltr'><strong>csse</strong></span> <span class='ocrx_word' id='word_1_671' title='bbox 2316 3715 2624 3786; x_wconf 88' lang='lat' dir='ltr'><strong>adoptivum</strong></span> <span class='ocrx_word' id='word_1_672' title='bbox 2653 3735 2664 3769; x_wconf 93' lang='lat'>:</span> <span class='ocrx_word' id='word_1_673' title='bbox 2691 3736 2708 3768; x_wconf 83' lang='grc'>›</span> <span class='ocrx_word' id='word_1_674' title='bbox 2755 3717 2933 3772; x_wconf 90' lang='lat' dir='ltr'><strong>minus</strong></span> <span class='ocrx_word' id='word_1_675' title='bbox 2972 3718 3344 3786; x_wconf 86' lang='lat' dir='ltr'><strong>considerans,</strong></span> <span class='ocrx_word' id='word_1_676' title='bbox 3385 3736 3493 3778; x_wconf 91' lang='lat' dir='ltr'><strong>non</strong></span> <span class='ocrx_word' id='word_1_677' title='bbox 3533 3735 3755 3782; x_wconf 76' lang='lat' dir='ltr'><strong>omnem</strong></span> 
     </span>
    </p>
   </div>
   <div class='ocr_carea' id='block_1_96' title="bbox 2161 3805 3756 3880">
    <p class='ocr_par' dir='ltr' id='par_1_96' title="bbox 2161 3805 3756 3880">
     <span class='ocr_line' id='line_1_97' title="bbox 2161 3805 3756 3880; baseline 0.008 -18"><span class='ocrx_word' id='word_1_678' title='bbox 2161 3808 2586 3878; x_wconf 88' lang='lat' dir='ltr'><strong>assumptionem</strong></span> <span class='ocrx_word' id='word_1_679' title='bbox 2624 3805 2790 3880; x_wconf 66' lang='grc'><strong>864</strong></span> <span class='ocrx_word' id='word_1_680' title='bbox 2832 3807 3176 3877; x_wconf 89' lang='lat' dir='ltr'><strong>adoptionem</strong></span> <span class='ocrx_word' id='word_1_681' title='bbox 3222 3826 3360 3876; x_wconf 87' lang='lat' dir='ltr'><strong>esse,</strong></span> <span class='ocrx_word' id='word_1_682' title='bbox 3410 3812 3535 3870; x_wconf 85' lang='lat' dir='ltr'><strong>licet</strong></span> <span class='ocrx_word' id='word_1_683' title='bbox 3572 3815 3756 3874; x_wconf 66' lang='lat' dir='ltr'><strong>omni!</strong></span> 
     </span>
    </p>
   </div>
   <div class='ocr_carea' id='block_1_97' title="bbox 2161 3897 3753 3974">
    <p class='ocr_par' dir='ltr' id='par_1_97' title="bbox 2161 3897 3753 3974">
     <span class='ocr_line' id='line_1_98' title="bbox 2161 3897 3753 3974; baseline 0.007 -24"><span class='ocrx_word' id='word_1_684' title='bbox 2161 3897 2379 3966; x_wconf 91' lang='lat' dir='ltr'><strong>adoptio</strong></span> <span class='ocrx_word' id='word_1_685' title='bbox 2402 3898 2644 3966; x_wconf 68' lang='lat' dir='ltr'><strong>quaedam</strong></span> <span class='ocrx_word' id='word_1_686' title='bbox 2682 3898 2751 3950; x_wconf 87' lang='lat' dir='ltr'><strong>sit</strong></span> <span class='ocrx_word' id='word_1_687' title='bbox 2782 3901 3094 3968; x_wconf 79' lang='lat' dir='ltr'><strong>assumptio.</strong></span> <span class='ocrx_word' id='word_1_688' title='bbox 3142 3899 3365 3973; x_wconf 87' lang='lat' dir='ltr'><strong>Legitur</strong></span> <span class='ocrx_word' id='word_1_689' title='bbox 3403 3901 3556 3974; x_wconf 79' lang='grc' dir='ltr'>[ϐοά.</span> <span class='ocrx_word' id='word_1_690' title='bbox 3603 3903 3753 3973; x_wconf 73' lang='grc' dir='ltr'><strong>ναι..</strong></span> 
     </span>
    </p>
   </div>
   <div class='ocr_carea' id='block_1_98' title="bbox 2160 3987 3754 4064">
    <p class='ocr_par' dir='ltr' id='par_1_98' title="bbox 2160 3987 3754 4064">
     <span class='ocr_line' id='line_1_99' title="bbox 2160 3987 3754 4064; baseline 0.008 -20"><span class='ocrx_word' id='word_1_691' title='bbox 2160 3987 2437 4060; x_wconf 81' lang='lat' dir='ltr'><strong>Legimus]</strong></span> <span class='ocrx_word' id='word_1_692' title='bbox 2472 3989 2523 4042; x_wconf 91' lang='lat' dir='ltr'><strong>iu</strong></span> <span class='ocrx_word' id='word_1_693' title='bbox 2571 3989 2866 4060; x_wconf 83' lang='lat' dir='ltr'><strong>Evangelio</strong></span> <span class='ocrx_word' id='word_1_694' title='bbox 2895 3991 3112 4047; x_wconf 86' lang='lat' dir='ltr'><strong>Petrum</strong></span> <span class='ocrx_word' id='word_1_695' title='bbox 3141 3995 3441 4064; x_wconf 84' lang='lat' dir='ltr'><strong>apostolum</strong></span> <span class='ocrx_word' id='word_1_696' title='bbox 3474 3995 3754 4056; x_wconf 78' lang='lat' dir='ltr'><strong>Christum</strong></span> 
     </span>
    </p>
   </div>
   <div class='ocr_carea' id='block_1_99' title="bbox 2159 4081 3756 4160">
    <p class='ocr_par' dir='ltr' id='par_1_99' title="bbox 2159 4081 3756 4160">
     <span class='ocr_line' id='line_1_100' title="bbox 2159 4081 3756 4160; baseline 0.009 -27"><span class='ocrx_word' id='word_1_697' title='bbox 2159 4081 2514 4149; x_wconf 84' lang='lat' dir='ltr'><strong>assumpsisse</strong></span> <span class='ocrx_word' id='word_1_698' title='bbox 2535 4089 2590 4136; x_wconf 92' lang='lat' dir='ltr'><strong>et</strong></span> <span class='ocrx_word' id='word_1_699' title='bbox 2624 4081 2932 4154; x_wconf 87' lang='lat' dir='ltr'><strong>increpasse</strong></span> <span class='ocrx_word' id='word_1_700' title='bbox 2958 4084 3173 4158; x_wconf 81' lang='lat' dir='ltr'><strong>(Matth.</strong></span> <span class='ocrx_word' id='word_1_701' title='bbox 3219 4103 3328 4150; x_wconf 78' lang='lat' dir='ltr'><strong>xvi,</strong></span> <span class='ocrx_word' id='word_1_702' title='bbox 3367 4087 3489 4160; x_wconf 73' lang='lat'><strong>2‘2);</strong></span> <span class='ocrx_word' id='word_1_703' title='bbox 3531 4103 3632 4144; x_wconf 89' lang='lat' dir='ltr'><strong>nec</strong></span> <span class='ocrx_word' id='word_1_704' title='bbox 3667 4089 3756 4150; x_wconf 70' lang='lat' dir='ltr'><strong>fas</strong></span> 
     </span>
    </p>
   </div>
   <div class='ocr_carea' id='block_1_100' title="bbox 2157 4173 3756 4251">
    <p class='ocr_par' dir='ltr' id='par_1_100' title="bbox 2157 4173 3756 4251">
     <span class='ocr_line' id='line_1_101' title="bbox 2157 4173 3756 4251; baseline 0.006 -22"><span class='ocrx_word' id='word_1_705' title='bbox 2157 4183 2241 4229; x_wconf 91' lang='lat' dir='ltr'><strong>est</strong></span> <span class='ocrx_word' id='word_1_706' title='bbox 2279 4173 2399 4228; x_wconf 92' lang='lat' dir='ltr'><strong>ideo</strong></span> <span class='ocrx_word' id='word_1_707' title='bbox 2429 4189 2553 4228; x_wconf 89' lang='lat' dir='ltr'><strong>eum</strong></span> <span class='ocrx_word' id='word_1_708' title='bbox 2584 4182 2772 4244; x_wconf 86' lang='lat' dir='ltr'><strong>putare</strong></span> <span class='ocrx_word' id='word_1_709' title='bbox 2819 4176 2923 4230; x_wconf 90' lang='lat' dir='ltr'><strong>sibi</strong></span> <span class='ocrx_word' id='word_1_710' title='bbox 2963 4177 3016 4230; x_wconf 90' lang='lat' dir='ltr'><strong>in</strong></span> <span class='ocrx_word' id='word_1_711' title='bbox 3059 4177 3227 4234; x_wconf 80' lang='lat' dir='ltr'><strong>tilium</strong></span> <span class='ocrx_word' id='word_1_712' title='bbox 3273 4181 3578 4251; x_wconf 84' lang='lat' dir='ltr'><strong>adoptasse,</strong></span> <span class='ocrx_word' id='word_1_713' title='bbox 3621 4182 3756 4251; x_wconf 75' lang='lat' dir='ltr'><strong>quis</strong></span> 
     </span>
    </p>
   </div>
   <div class='ocr_carea' id='block_1_101' title="bbox 2158 4253 3758 4343">
    <p class='ocr_par' dir='ltr' id='par_1_101' title="bbox 2158 4253 3758 4343">
     <span class='ocr_line' id='line_1_102' title="bbox 2158 4253 3758 4343; baseline 0.008 -23"><span class='ocrx_word' id='word_1_714' title='bbox 2158 4265 2515 4336; x_wconf 88' lang='lat' dir='ltr'><strong>assumpsisse</strong></span> <span class='ocrx_word' id='word_1_715' title='bbox 2559 4281 2682 4321; x_wconf 90' lang='lat' dir='ltr'><strong>eum</strong></span> <span class='ocrx_word' id='word_1_716' title='bbox 2724 4266 2942 4324; x_wconf 90' lang='lat' dir='ltr'><strong>dicitur.</strong></span> <span class='ocrx_word' id='word_1_717' title='bbox 2996 4269 3128 4326; x_wconf 80' lang='lat' dir='ltr'><strong>item</strong></span> <span class='ocrx_word' id='word_1_718' title='bbox 3162 4271 3218 4326; x_wconf 90' lang='lat' dir='ltr'><strong>in</strong></span> <span class='ocrx_word' id='word_1_719' title='bbox 3270 4253 3560 4343; x_wconf 59' lang='lat' dir='ltr'><strong>Evangtdio</strong></span> <span class='ocrx_word' id='word_1_720' title='bbox 3616 4275 3758 4333; x_wconf 84' lang='lat' dir='ltr'><strong>scri-</strong></span> 
     </span>
    </p>
   </div>
   <div class='ocr_carea' id='block_1_102' title="bbox 2155 4355 3758 4428">
    <p class='ocr_par' dir='ltr' id='par_1_102' title="bbox 2155 4355 3758 4428">
     <span class='ocr_line' id='line_1_103' title="bbox 2155 4355 3758 4428; baseline 0.01 -19"><span class='ocrx_word' id='word_1_721' title='bbox 2155 4363 2308 4424; x_wconf 91' lang='lat' dir='ltr'><strong>ptum</strong></span> <span class='ocrx_word' id='word_1_722' title='bbox 2331 4365 2452 4410; x_wconf 91' lang='lat' dir='ltr'><strong>est:</strong></span> <span class='ocrx_word' id='word_1_723' title='bbox 2490 4355 2553 4411; x_wconf 80' lang='lat' dir='ltr'><strong>Et</strong></span> <span class='ocrx_word' id='word_1_724' title='bbox 2583 4360 2862 4428; x_wconf 82' lang='lat' dir='ltr'><strong>assumpsit</strong></span> <span class='ocrx_word' id='word_1_725' title='bbox 2891 4377 3007 4414; x_wconf 69' lang='lat' dir='ltr'><strong>enim</strong></span> <span class='ocrx_word' id='word_1_726' title='bbox 3042 4361 3284 4418; x_wconf 77' lang='lat' dir='ltr'><strong>diabolus</strong></span> <span class='ocrx_word' id='word_1_727' title='bbox 3310 4365 3364 4418; x_wconf 83' lang='lat' dir='ltr'><strong>in</strong></span> <span class='ocrx_word' id='word_1_728' title='bbox 3398 4376 3637 4422; x_wconf 76' lang='lat' dir='ltr'><strong>sanctam</strong></span> <span class='ocrx_word' id='word_1_729' title='bbox 3675 4369 3758 4424; x_wconf 67' lang='grc' dir='ltr'><strong>σε-</strong></span> 
     </span>
    </p>
   </div>
   <div class='ocr_carea' id='block_1_103' title="bbox 2157 4445 3757 4521">
    <p class='ocr_par' dir='ltr' id='par_1_103' title="bbox 2157 4445 3757 4521">
     <span class='ocr_line' id='line_1_104' title="bbox 2157 4445 3757 4521; baseline 0.008 -20"><span class='ocrx_word' id='word_1_730' title='bbox 2157 4448 2364 4502; x_wconf 74' lang='lat' dir='ltr'><strong>vitalem</strong></span> <span class='ocrx_word' id='word_1_731' title='bbox 2404 4445 2614 4518; x_wconf 80' lang='lat' dir='ltr'><strong>(Matth.</strong></span> <span class='ocrx_word' id='word_1_732' title='bbox 2646 4465 2721 4514; x_wconf 80' lang='lat' dir='ltr'><strong>iv,</strong></span> <span class='ocrx_word' id='word_1_733' title='bbox 2753 4449 2827 4521; x_wconf 83' lang='grc'><strong>5).</strong></span> <span class='ocrx_word' id='word_1_734' title='bbox 2880 4451 3058 4517; x_wconf 75' lang='lat' dir='ltr'><strong>Vides,</strong></span> <span class='ocrx_word' id='word_1_735' title='bbox 3091 4454 3412 4512; x_wconf 87' lang='lat' dir='ltr'><strong>cbarissime</strong></span> <span class='ocrx_word' id='word_1_736' title='bbox 3436 4464 3490 4510; x_wconf 89' lang='lat' dir='ltr'><strong>et</strong></span> <span class='ocrx_word' id='word_1_737' title='bbox 3517 4459 3757 4514; x_wconf 79' lang='lat' dir='ltr'><strong>sanctis-</strong></span> 
     </span>
    </p>
   </div>
   <div class='ocr_carea' id='block_1_104' title="bbox 2159 4538 3756 4616">
    <p class='ocr_par' dir='ltr' id='par_1_104' title="bbox 2159 4538 3756 4616">
     <span class='ocr_line' id='line_1_105' title="bbox 2159 4538 3756 4616; baseline 0.009 -22"><span class='ocrx_word' id='word_1_738' title='bbox 2159 4540 2293 4594; x_wconf 87' lang='lat' dir='ltr'><strong>sime</strong></span> <span class='ocrx_word' id='word_1_739' title='bbox 2326 4538 2506 4604; x_wconf 85' lang='lat' dir='ltr'><strong>Pater,</strong></span> <span class='ocrx_word' id='word_1_740' title='bbox 2528 4555 2688 4610; x_wconf 88' lang='lat' dir='ltr'><strong>quam</strong></span> <span class='ocrx_word' id='word_1_741' title='bbox 2713 4541 2869 4612; x_wconf 87' lang='lat' dir='ltr'><strong>longe</strong></span> <span class='ocrx_word' id='word_1_742' title='bbox 2892 4551 2976 4598; x_wconf 87' lang='lat' dir='ltr'><strong>cst</strong></span> <span class='ocrx_word' id='word_1_743' title='bbox 3001 4547 3297 4616; x_wconf 88' lang='lat' dir='ltr'><strong>assumptio</strong></span> <span class='ocrx_word' id='word_1_744' title='bbox 3319 4547 3373 4600; x_wconf 91' lang='lat' dir='ltr'><strong>in</strong></span> <span class='ocrx_word' id='word_1_745' title='bbox 3397 4547 3499 4602; x_wconf 89' lang='lat' dir='ltr'><strong>hoc</strong></span> <span class='ocrx_word' id='word_1_746' title='bbox 3525 4547 3651 4604; x_wconf 83' lang='lat' dir='ltr'><strong>loco</strong></span> <span class='ocrx_word' id='word_1_747' title='bbox 3679 4550 3756 4608; x_wconf 76' lang='lat' dir='ltr'><strong>ab</strong></span> 
     </span>
    </p>
   </div>
   <div class='ocr_carea' id='block_1_105' title="bbox 2161 4632 3758 4712">
    <p class='ocr_par' dir='ltr' id='par_1_105' title="bbox 2161 4632 3758 4712">
     <span class='ocr_line' id='line_1_106' title="bbox 2161 4632 3758 4712; baseline 0.01 -28"><span class='ocrx_word' id='word_1_748' title='bbox 2161 4632 2468 4701; x_wconf 87' lang='lat' dir='ltr'><strong>adoptione.</strong></span> <span class='ocrx_word' id='word_1_749' title='bbox 2512 4632 2578 4686; x_wconf 88' lang='lat' dir='ltr'><strong>Et</strong></span> <span class='ocrx_word' id='word_1_750' title='bbox 2619 4634 2660 4687; x_wconf 89' lang='lat' dir='ltr'><strong>si</strong></span> <span class='ocrx_word' id='word_1_751' title='bbox 2709 4649 2928 4690; x_wconf 88' lang='lat' dir='ltr'><strong>necesse</strong></span> <span class='ocrx_word' id='word_1_752' title='bbox 2954 4645 3035 4690; x_wconf 89' lang='lat' dir='ltr'><strong>est</strong></span> <span class='ocrx_word' id='word_1_753' title='bbox 3065 4647 3284 4708; x_wconf 89' lang='lat' dir='ltr'><strong>propter</strong></span> <span class='ocrx_word' id='word_1_754' title='bbox 3323 4643 3758 4712; x_wconf 81' lang='lat' dir='ltr'><strong>assumptionem</strong></span> 
     </span>
    </p>
   </div>
   <div class='ocr_carea' id='block_1_106' title="bbox 2162 4724 3758 4800">
    <p class='ocr_par' dir='ltr' id='par_1_106' title="bbox 2162 4724 3758 4800">
     <span class='ocr_line' id='line_1_107' title="bbox 2162 4724 3758 4800; baseline 0.01 -24"><span class='ocrx_word' id='word_1_755' title='bbox 2162 4724 2472 4794; x_wconf 83' lang='lat' dir='ltr'><strong>adoptivum</strong></span> <span class='ocrx_word' id='word_1_756' title='bbox 2513 4740 2631 4780; x_wconf 86' lang='lat' dir='ltr'><strong>esse</strong></span> <span class='ocrx_word' id='word_1_757' title='bbox 2673 4725 2970 4792; x_wconf 88' lang='lat' dir='ltr'><strong>Christum,</strong></span> <span class='ocrx_word' id='word_1_758' title='bbox 3019 4730 3101 4783; x_wconf 90' lang='lat' dir='ltr'><strong>cui</strong></span> <span class='ocrx_word' id='word_1_759' title='bbox 3148 4744 3392 4800; x_wconf 72' lang='lat' dir='ltr'><strong>persona:</strong></span> <span class='ocrx_word' id='word_1_760' title='bbox 3415 4741 3503 4789; x_wconf 61' lang='lat' dir='ltr'><strong>“est</strong></span> <span class='ocrx_word' id='word_1_761' title='bbox 3541 4742 3758 4792; x_wconf 70' lang='lat' dir='ltr'><strong>sancta</strong></span> 
     </span>
    </p>
   </div>
   <div class='ocr_carea' id='block_1_107' title="bbox 2163 4813 3756 4896">
    <p class='ocr_par' dir='ltr' id='par_1_107' title="bbox 2163 4813 3756 4896">
     <span class='ocr_line' id='line_1_108' title="bbox 2163 4813 3756 4896; baseline 0.008 -26"><span class='ocrx_word' id='word_1_762' title='bbox 2163 4813 2442 4870; x_wconf 88' lang='lat' dir='ltr'><strong>Trinitatis</strong></span> <span class='ocrx_word' id='word_1_763' title='bbox 2465 4816 2784 4884; x_wconf 87' lang='lat' dir='ltr'><strong>adoptivus?</strong></span> <span class='ocrx_word' id='word_1_764' title='bbox 2831 4817 3026 4887; x_wconf 88' lang='lat' dir='ltr'><strong>Utique</strong></span> <span class='ocrx_word' id='word_1_765' title='bbox 3054 4820 3172 4874; x_wconf 86' lang='lat' dir='ltr'><strong>Filii</strong></span> <span class='ocrx_word' id='word_1_766' title='bbox 3200 4837 3213 4876; x_wconf 89' lang='lat'><strong>:</strong></span> <span class='ocrx_word' id='word_1_767' title='bbox 3241 4822 3366 4891; x_wconf 91' lang='lat' dir='ltr'><strong>quia</strong></span> <span class='ocrx_word' id='word_1_768' title='bbox 3404 4822 3524 4880; x_wconf 86' lang='lat' dir='ltr'><strong>Filii</strong></span> <span class='ocrx_word' id='word_1_769' title='bbox 3556 4841 3756 4896; x_wconf 82' lang='lat' dir='ltr'><strong>perso-</strong></span> 
     </span>
    </p>
   </div>
   <div class='ocr_carea' id='block_1_108' title="bbox 2161 4908 3758 4983">
    <p class='ocr_par' dir='ltr' id='par_1_108' title="bbox 2161 4908 3758 4983">
     <span class='ocr_line' id='line_1_109' title="bbox 2161 4908 3758 4983; baseline 0.01 -23"><span class='ocrx_word' id='word_1_770' title='bbox 2161 4922 2228 4960; x_wconf 88' lang='lat' dir='ltr'><strong>na</strong></span> <span class='ocrx_word' id='word_1_771' title='bbox 2256 4908 2546 4976; x_wconf 87' lang='lat' dir='ltr'><strong>assumpsit</strong></span> <span class='ocrx_word' id='word_1_772' title='bbox 2583 4908 2853 4962; x_wconf 91' lang='lat' dir='ltr'><strong>bominem</strong></span> <span class='ocrx_word' id='word_1_773' title='bbox 2886 4910 2940 4964; x_wconf 91' lang='lat' dir='ltr'><strong>in</strong></span> <span class='ocrx_word' id='word_1_774' title='bbox 2973 4920 3126 4966; x_wconf 63' lang='lat' dir='ltr'><strong>utero</strong></span> <span class='ocrx_word' id='word_1_775' title='bbox 3152 4914 3422 4983; x_wconf 84' lang='lat' dir='ltr'><strong>virginali,</strong></span> <span class='ocrx_word' id='word_1_776' title='bbox 3457 4925 3513 4972; x_wconf 90' lang='lat' dir='ltr'><strong>et</strong></span> <span class='ocrx_word' id='word_1_777' title='bbox 3539 4919 3758 4976; x_wconf 70' lang='lat' dir='ltr'><strong>aduna-</strong></span> 
     </span>
    </p>
   </div>
   <div class='ocr_carea' id='block_1_109' title="bbox 2159 4997 3752 5078">
    <p class='ocr_par' dir='ltr' id='par_1_109' title="bbox 2159 4997 3752 5078">
     <span class='ocr_line' id='line_1_110' title="bbox 2159 4997 3752 5078; baseline 0.011 -27"><span class='ocrx_word' id='word_1_778' title='bbox 2159 4997 2237 5052; x_wconf 88' lang='lat' dir='ltr'><strong>vit</strong></span> <span class='ocrx_word' id='word_1_779' title='bbox 2261 4999 2362 5052; x_wconf 89' lang='lat' dir='ltr'><strong>sibi</strong></span> <span class='ocrx_word' id='word_1_780' title='bbox 2392 4998 2446 5054; x_wconf 91' lang='lat' dir='ltr'><strong>in</strong></span> <span class='ocrx_word' id='word_1_781' title='bbox 2472 5015 2630 5053; x_wconf 86' lang='lat' dir='ltr'><strong>unam</strong></span> <span class='ocrx_word' id='word_1_782' title='bbox 2658 5015 2960 5068; x_wconf 90' lang='lat' dir='ltr'><strong>personam,</strong></span> <span class='ocrx_word' id='word_1_783' title='bbox 2995 5011 3055 5058; x_wconf 90' lang='lat' dir='ltr'><strong>ut</strong></span> <span class='ocrx_word' id='word_1_784' title='bbox 3075 5014 3220 5059; x_wconf 90' lang='lat' dir='ltr'><strong>esset</strong></span> <span class='ocrx_word' id='word_1_785' title='bbox 3246 5023 3384 5064; x_wconf 89' lang='lat' dir='ltr'><strong>unus</strong></span> <span class='ocrx_word' id='word_1_786' title='bbox 3407 5008 3577 5064; x_wconf 85' lang='lat' dir='ltr'><strong>Filius</strong></span> <span class='ocrx_word' id='word_1_787' title='bbox 3604 5009 3752 5078; x_wconf 77' lang='lat' dir='ltr'><strong>Dei;</strong></span> 
     </span>
    </p>
   </div>
   <div class='ocr_carea' id='block_1_110' title="bbox 2158 5090 3758 5169">
    <p class='ocr_par' dir='ltr' id='par_1_110' title="bbox 2158 5090 3758 5169">
     <span class='ocr_line' id='line_1_111' title="bbox 2158 5090 3758 5169; baseline 0.005 -25"><span class='ocrx_word' id='word_1_788' title='bbox 2158 5099 2212 5144; x_wconf 88' lang='lat' dir='ltr'><strong>et</strong></span> <span class='ocrx_word' id='word_1_789' title='bbox 2235 5091 2280 5144; x_wconf 91' lang='lat' dir='ltr'><strong>si</strong></span> <span class='ocrx_word' id='word_1_790' title='bbox 2305 5090 2586 5160; x_wconf 82' lang='lat' dir='ltr'><strong>adoptivus</strong></span> <span class='ocrx_word' id='word_1_791' title='bbox 2606 5099 2708 5154; x_wconf 88' lang='lat' dir='ltr'><strong>est,</strong></span> <span class='ocrx_word' id='word_1_792' title='bbox 2734 5090 2915 5162; x_wconf 87' lang='lat' dir='ltr'><strong>itaque</strong></span> <span class='ocrx_word' id='word_1_793' title='bbox 2937 5092 3074 5149; x_wconf 89' lang='lat' dir='ltr'><strong>Filio</strong></span> <span class='ocrx_word' id='word_1_794' title='bbox 3096 5105 3178 5150; x_wconf 91' lang='lat' dir='ltr'><strong>est</strong></span> <span class='ocrx_word' id='word_1_795' title='bbox 3196 5097 3498 5166; x_wconf 90' lang='lat' dir='ltr'><strong>adoptivus,</strong></span> <span class='ocrx_word' id='word_1_796' title='bbox 3529 5100 3626 5169; x_wconf 88' lang='lat' dir='ltr'><strong>qui</strong></span> <span class='ocrx_word' id='word_1_797' title='bbox 3647 5103 3758 5160; x_wconf 77' lang='lat' dir='ltr'><strong>ho.</strong></span> 
     </span>
    </p>
   </div>
   <div class='ocr_carea' id='block_1_111' title="bbox 2160 5180 3758 5263">
    <p class='ocr_par' dir='ltr' id='par_1_111' title="bbox 2160 5180 3758 5263">
     <span class='ocr_line' id='line_1_112' title="bbox 2160 5180 3758 5263; baseline 0.009 -28"><span class='ocrx_word' id='word_1_798' title='bbox 2160 5180 2360 5236; x_wconf 82' lang='lat' dir='ltr'><strong>minem</strong></span> <span class='ocrx_word' id='word_1_799' title='bbox 2406 5182 2697 5252; x_wconf 75' lang='lat' dir='ltr'><strong>assumpsit</strong></span> <span class='ocrx_word' id='word_1_800' title='bbox 2731 5200 2743 5236; x_wconf 88' lang='lat'><strong>:</strong></span> <span class='ocrx_word' id='word_1_801' title='bbox 2776 5193 2828 5238; x_wconf 85' lang='lat' dir='ltr'><strong>et</strong></span> <span class='ocrx_word' id='word_1_802' title='bbox 2859 5193 2944 5238; x_wconf 86' lang='lat' dir='ltr'><strong>est</strong></span> <span class='ocrx_word' id='word_1_803' title='bbox 2984 5201 3151 5255; x_wconf 88' lang='lat' dir='ltr'><strong>nepos</strong></span> <span class='ocrx_word' id='word_1_804' title='bbox 3183 5187 3378 5254; x_wconf 89' lang='lat' dir='ltr'><strong>Patris,</strong></span> <span class='ocrx_word' id='word_1_805' title='bbox 3409 5198 3464 5246; x_wconf 89' lang='lat' dir='ltr'><strong>et</strong></span> <span class='ocrx_word' id='word_1_806' title='bbox 3490 5200 3577 5248; x_wconf 89' lang='lat' dir='ltr'><strong>est</strong></span> <span class='ocrx_word' id='word_1_807' title='bbox 3599 5208 3758 5263; x_wconf 76' lang='lat' dir='ltr'><strong>qua-</strong></span> 
     </span>
    </p>
   </div>
   <div class='ocr_carea' id='block_1_112' title="bbox 2161 5270 3756 5352">
    <p class='ocr_par' dir='ltr' id='par_1_112' title="bbox 2161 5270 3756 5352">
     <span class='ocr_line' id='line_1_113' title="bbox 2161 5270 3756 5352; baseline 0.011 -29"><span class='ocrx_word' id='word_1_808' title='bbox 2161 5270 2385 5326; x_wconf 86' lang='lat' dir='ltr'><strong>ternitas</strong></span> <span class='ocrx_word' id='word_1_809' title='bbox 2428 5273 2594 5343; x_wconf 81' lang='lat' dir='ltr'><strong>magis</strong></span> <span class='ocrx_word' id='word_1_810' title='bbox 2634 5290 2794 5342; x_wconf 68' lang='lat' dir='ltr'><strong>quam</strong></span> <span class='ocrx_word' id='word_1_811' title='bbox 2839 5275 3075 5334; x_wconf 82' lang='lat' dir='ltr'><strong>Trinitas</strong></span> <span class='ocrx_word' id='word_1_812' title='bbox 3116 5277 3170 5332; x_wconf 91' lang='lat' dir='ltr'><strong>in</strong></span> <span class='ocrx_word' id='word_1_813' title='bbox 3206 5280 3316 5335; x_wconf 87' lang='lat' dir='ltr'><strong>Deo</strong></span> <span class='ocrx_word' id='word_1_814' title='bbox 3357 5282 3756 5352; x_wconf 82' lang='lat' dir='ltr'><strong>omnipotenti,</strong></span> 
     </span>
    </p>
   </div>
   <div class='ocr_carea' id='block_1_113' title="bbox 2158 5362 3758 5443">
    <p class='ocr_par' dir='ltr' id='par_1_113' title="bbox 2158 5362 3758 5443">
     <span class='ocr_line' id='line_1_114' title="bbox 2158 5362 3758 5443; baseline 0.013 -30"><span class='ocrx_word' id='word_1_815' title='bbox 2158 5363 2282 5431; x_wconf 88' lang='lat' dir='ltr'><strong>quia</strong></span> <span class='ocrx_word' id='word_1_816' title='bbox 2311 5364 2634 5420; x_wconf 71' lang='lat' dir='ltr'><strong>onunimodis</strong></span> <span class='ocrx_word' id='word_1_817' title='bbox 2660 5362 2813 5438; x_wconf 86' lang='lat' dir='ltr'><strong>[Cod.</strong></span> <span class='ocrx_word' id='word_1_818' title='bbox 2870 5366 3014 5434; x_wconf 62' lang='lat' dir='ltr'><strong>Vah,</strong></span> <span class='ocrx_word' id='word_1_819' title='bbox 3048 5369 3246 5442; x_wconf 87' lang='lat' dir='ltr'><strong>omnis]</strong></span> <span class='ocrx_word' id='word_1_820' title='bbox 3278 5372 3561 5443; x_wconf 85' lang='lat' dir='ltr'><strong>adoptivus</strong></span> <span class='ocrx_word' id='word_1_821' title='bbox 3591 5376 3758 5434; x_wconf 70' lang='lat' dir='ltr'><strong>filim}</strong></span> 
     </span>
    </p>
   </div>
   <div class='ocr_carea' id='block_1_114' title="bbox 2158 5454 3764 5535">
    <p class='ocr_par' dir='ltr' id='par_1_114' title="bbox 2158 5454 3764 5535">
     <span class='ocr_line' id='line_1_115' title="bbox 2158 5454 3764 5535; baseline 0.012 -30"><span class='ocrx_word' id='word_1_822' title='bbox 2158 5461 2213 5505; x_wconf 91' lang='lat' dir='ltr'><strong>et</strong></span> <span class='ocrx_word' id='word_1_823' title='bbox 2252 5455 2500 5522; x_wconf 90' lang='lat' dir='ltr'><strong>proprius</strong></span> <span class='ocrx_word' id='word_1_824' title='bbox 2535 5454 2704 5511; x_wconf 89' lang='lat' dir='ltr'><strong>Filius</strong></span> <span class='ocrx_word' id='word_1_825' title='bbox 2741 5459 3048 5515; x_wconf 89' lang='lat' dir='ltr'><strong>nullatenus</strong></span> <span class='ocrx_word' id='word_1_826' title='bbox 3083 5477 3220 5518; x_wconf 92' lang='lat' dir='ltr'><strong>unus</strong></span> <span class='ocrx_word' id='word_1_827' title='bbox 3253 5476 3374 5520; x_wconf 89' lang='lat' dir='ltr'><strong>esse</strong></span> <span class='ocrx_word' id='word_1_828' title='bbox 3401 5477 3653 5535; x_wconf 86' lang='lat' dir='ltr'><strong>possunt,</strong></span> <span class='ocrx_word' id='word_1_829' title='bbox 3693 5477 3764 5527; x_wconf 74' lang='lat' dir='ltr'><strong>ut</strong></span> 
     </span>
    </p>
   </div>
   <div class='ocr_carea' id='block_1_115' title="bbox 2158 5544 3770 5630">
    <p class='ocr_par' dir='ltr' id='par_1_115' title="bbox 2158 5544 3770 5630">
     <span class='ocr_line' id='line_1_116' title="bbox 2158 5544 3770 5630; baseline 0.012 -33"><span class='ocrx_word' id='word_1_830' title='bbox 2158 5544 2453 5600; x_wconf 90' lang='lat' dir='ltr'><strong>multorum</strong></span> <span class='ocrx_word' id='word_1_831' title='bbox 2486 5546 2744 5603; x_wconf 89' lang='lat' dir='ltr'><strong>librorum</strong></span> <span class='ocrx_word' id='word_1_832' title='bbox 2786 5549 2946 5604; x_wconf 91' lang='lat' dir='ltr'><strong>lectio</strong></span> <span class='ocrx_word' id='word_1_833' title='bbox 2973 5553 3188 5622; x_wconf 88' lang='lat' dir='ltr'><strong>probat.</strong></span> <span class='ocrx_word' id='word_1_834' title='bbox 3237 5553 3546 5626; x_wconf 84' lang='lat' dir='ltr'><strong>Assumpsit</strong></span> <span class='ocrx_word' id='word_1_835' title='bbox 3577 5560 3770 5630; x_wconf 65' lang='lat' dir='ltr'><strong>igitur</strong></span> 
     </span>
    </p>
   </div>
   <div class='ocr_carea' id='block_1_116' title="bbox 2161 5682 3768 5763">
    <p class='ocr_par' dir='ltr' id='par_1_116' title="bbox 2161 5682 3768 5763">
     <span class='ocr_line' id='line_1_117' title="bbox 2161 5682 3768 5763; baseline 0.011 -25"><span class='ocrx_word' id='word_1_836' title='bbox 2161 5682 2478 5763; x_wconf 46' lang='lat' dir='ltr'><strong>[balantem</strong></span> <span class='ocrx_word' id='word_1_837' title='bbox 2519 5687 2961 5763; x_wconf 67' lang='lat' dir='ltr'><strong>archiepiscopum</strong></span> <span class='ocrx_word' id='word_1_838' title='bbox 3003 5692 3080 5747; x_wconf 77' lang='lat' dir='ltr'><strong>vel</strong></span> <span class='ocrx_word' id='word_1_839' title='bbox 3117 5694 3290 5763; x_wconf 79' lang='lat' dir='ltr'><strong>potius</strong></span> <span class='ocrx_word' id='word_1_840' title='bbox 3323 5695 3768 5756; x_wconf 69' lang='lat' dir='ltr'><strong>archieraicum.</strong></span> 
     </span>
    </p>
   </div>
   <div class='ocr_carea' id='block_1_117' title="bbox 2161 5754 3496 5836">
    <p class='ocr_par' dir='ltr' id='par_1_117' title="bbox 2161 5754 3496 5836">
     <span class='ocr_line' id='line_1_118' title="bbox 2161 5754 3496 5836; baseline 0.006 -24"><span class='ocrx_word' id='word_1_841' title='bbox 2161 5754 2452 5827; x_wconf 84' lang='lat' dir='ltr'><strong>Utriusque</strong></span> <span class='ocrx_word' id='word_1_842' title='bbox 2474 5760 2675 5816; x_wconf 84' lang='lat' dir='ltr'><strong>codicis</strong></span> <span class='ocrx_word' id='word_1_843' title='bbox 2695 5754 2799 5831; x_wconf 81' lang='lat' dir='ltr'><strong>ope</strong></span> <span class='ocrx_word' id='word_1_844' title='bbox 2827 5754 3226 5822; x_wconf 61' lang='lat' dir='ltr'><strong>emendata&#39;est</strong></span> <span class='ocrx_word' id='word_1_845' title='bbox 3251 5765 3496 5836; x_wconf 73' lang='lat' dir='ltr'><strong>epistola.</strong></span> 
     </span>
    </p>
   </div>
  </div>
