4030 6358
208 392 327 459 237

710 388 1132 458 DOGMATICA.
1171 423 1240 439 -
1271 388 1430 455 ΑΜ.
1470 384 1871 452 ELIPANDUM
1903 389 2087 452 LIBRI
2119 392 2210 453 IV.
2247 422 2322 437 --
2354 390 2574 454 EPIST.
2614 392 2941 457 PRAEVLE.

3361 397 3468 461 ἣδε

206 510 318 570 Dei
340 509 511 569 Filius
530 508 763 567 formam
789 508 956 575 servi,
997 522 1104 565 non
1131 508 1380 564 minuens
1399 508 1630 564 formam
1652 508 1788 574 Dei;
1822 509 1871 569 Α
1894 504 2047 574 cuius
2073 504 2453 575 praedicatione
2468 506 2737 577 Propheta
2765 508 2843 565 ait
2870 526 2886 562 :
2916 507 2995 565 De
3021 507 3151 565 Sion
3173 511 3334 567 exibit
3361 512 3465 579 lea,

207 606 294 660 ita
322 611 385 659 ut
405 615 545 658 unus
574 608 719 657 esset
750 598 920 657 Filius
954 601 1049 656 Dei
1082 600 1137 657 in
1165 600 1372 656 duabus
1391 601 1621 665 naturis,
1649 597 1794 656 salva

204 696 502 764 utriusque
529 699 737 748 naturae
758 693 1089 762 proprietate
1117 691 1170 747 in
1198 692 1405 747 unitate
1423 705 1695 763 personae;
1720 691 1795 747 ita

205 794 275 841 ut
306 787 361 841 in
398 786 603 842 duabus
628 785 840 839 naturis
866 799 1005 839 unus
1032 785 1102 839 sit
1126 784 1315 849 Filius,
1354 799 1496 840 unus
1523 784 1791 850 Christus,

204 891 359 932 unus
392 876 556 931 etiam
591 880 648 930 et
691 876 852 929 Deus.
900 874 959 929 In
1005 882 1193 930 sancta
1238 872 1487 931 videlicet
1531 875 1798 930 Trinitate

208 968 357 1025 alius
378 974 461 1022 est
490 966 544 1020 in
566 979 799 1037 persona
818 963 998 1030 Pater,
1023 964 1161 1020 alius
1182 965 1371 1031 Filius,
1401 965 1538 1020 alius
1563 964 1798 1035 Spiritus

208 1068 466 1127 sanctus;
497 1074 601 1114 non
628 1058 771 1113 aliud
792 1059 845 1112 iu
868 1065 1061 1113 natura
1089 1059 1174 1113 vel
1201 1058 1520 1124 substantia,
1560 1058 1646 1113 vel
1684 1058 1798 1129 glo-

208 1155 328 1219 ria,
377 1153 462 1208 vel
509 1151 778 1215 essentia,
821 1151 903 1206 vel
947 1151 1268 1206 aeternitate.
1316 1151 1373 1204 In
1413 1149 1631 1206 Christo
1669 1164 1797 1206 vero

210 1245 360 1300 aliud
386 1252 472 1299 est
493 1244 547 1299 in
568 1244 867 1305 divinitate,
893 1239 1037 1296 aliud
1058 1243 1114 1296 in
1137 1243 1500 1307 humanitate;
1527 1257 1635 1296 non
1662 1241 1798 1296 alius

210 1336 298 1391 vel
324 1336 483 1399 alius,
517 1335 613 1391 sed
633 1350 773 1389 unus
792 1334 1041 1403 idemque
1062 1348 1224 1389 verus
1244 1334 1408 1398 Deus,
1431 1346 1592 1389 verus
1612 1334 1793 1399 homo,

210 1442 323 1482 una
364 1440 631 1498 persona,
661 1440 801 1481 unus
836 1425 929 1481 Dei
957 1425 1146 1489 Filius,
1176 1439 1317 1480 unus
1348 1424 1625 1491 Christus;
1656 1425 1800 1494 quod

211 1518 405 1576 multis
444 1518 767 1575 testimoniis
812 1517 1030 1587 probari
1072 1524 1270 1586 potest.
1319 1516 1426 1572 Sed
1468 1517 1797 1587 superﬂuum

210 1620 299 1668 est
330 1610 639 1666 testimonio
658 1610 846 1665 aeterni
869 1608 1048 1663 Patris
1072 1609 1274 1678 aliquid
1304 1609 1519 1675 addere,
1550 1610 1643 1678 qui
1664 1623 1798 1665 voce

212 1704 401 1759 divina
442 1702 578 1757 dixit
617 1702 673 1756 in
716 1701 983 1771 baptismo
1014 1699 1239 1765 Christi,
1275 1701 1363 1755 vel
1402 1700 1457 1755 in
1494 1710 1678 1757 monte
1706 1701 1797 1757 ubi

211 1795 635 1867 transﬁguratus
661 1803 748 1850 est
771 1790 1024 1850 Christus
1046 1810 1060 1848 :
1088 1780 1192 1847 Hie
1217 1802 1294 1847 est
1336 1791 1510 1848 Filius
1538 1810 1683 1848 meus
1711 1794 1795 1849 di-

1896 607 1945 651 ct
1973 597 2179 652 verbum
2201 598 2410 652 Domini
2436 598 2501 652 de
2523 598 2819 655 Jerusalem
2839 600 2995 671 (lsai.
3021 618 3082 668 ll,
3106 602 3183 674 5).

1963 687 2051 744 IV.
2086 688 2225 743 Dicit
2242 704 2454 758 quoque
2475 690 2617 743 idem
2638 690 2722 744 vir
2742 691 3062 747 venerabilis
3076 692 3226 748 Felix
3243 710 3258 749 :
3277 712 3296 745 ‹
3318 693 3474 761 Quod

1895 779 1967 835 sit
1990 795 2086 849 per
2111 780 2290 835 omnia
2318 779 2542 850 aequalis
2563 781 2740 845 nobis,
2773 782 2878 836 nisi
2904 786 3294 850 tantummodo,
3327 786 3474 856 quod

1895 871 2015 926 sine
2042 879 2262 940 peccato
2293 880 2451 926 natus
2478 879 2578 926 est.
2603 891 2624 925 ι
2666 871 2923 938 Quaedam
2954 876 3288 946 inaequalitas
3308 888 3390 934 est
3417 880 3472 937 in

1895 972 2070 1018 morte
2099 963 2259 1027 illius,
2290 970 2347 1016 et
2374 965 2428 1017 in
2460 970 2645 1018 nostra
2674 981 2688 1017 ε
2717 979 2865 1019 mors
2891 976 3069 1020 autem
3102 967 3292 1040 [enim]
3328 969 3475 1025 illius

1896 1069 2084 1110 omnes
2118 1069 2216 1109 nos
2245 1055 2472 1110 redemit
2495 1070 2526 1109 a
2563 1062 2735 1111 morte
2771 1062 2975 1111 aeterna
3010 1076 3021 1110 :
3066 1059 3265 1114 nullius
3294 1070 3476 1116 autem

1896 1152 2142 1199 nostrum
2173 1159 2320 1198 mors
2355 1143 2441 1199 vel
2475 1144 2711 1212 seipsum
2741 1146 2944 1215 absque
2967 1163 3033 1203 eo
3059 1148 3291 1206 liberare
3324 1161 3475 1221 pote-

1896 1231 1987 1289 rit.
2027 1232 2161 1288 item
2185 1236 2428 1302 quaedam
2452 1234 2789 1304 inaequalitas
2817 1244 2919 1301 est,
2960 1240 3100 1309 quod
3135 1239 3225 1294 ille
3261 1251 3345 1296 est
3384 1259 3478 1299 ve-
3556 1294 3559 1297 ,

1896 1339 1991 1378 rus
2011 1323 2153 1378 Deus
2188 1332 2244 1378 et
2271 1340 2429 1379 verus
2452 1326 2614 1381 homo
2638 1345 2649 1379 :
2672 1342 2768 1382 nos
2790 1336 2996 1385 tantum
3025 1330 3268 1387 homines
3293 1349 3477 1391 sumus

1896 1414 1954 1471 in
1982 1416 2215 1485 peccatis
2239 1417 2375 1482 nati,
2405 1415 2626 1486 ejusque
2661 1420 2834 1489 gratia
2865 1420 3086 1487 salvati;
3118 1438 3226 1478 non
3258 1439 3326 1479 ex
3364 1441 3479 1482 me-

1899 1508 2017 1562 ritis
2045 1509 2262 1573 nostris,
2292 1509 2387 1564 sed
2414 1510 2577 1581 865
2599 1526 2663 1565 ex
2690 1511 2833 1566 illius
2854 1513 3221 1569 miseratione.
3254 1516 3311 1570 ln
3341 1517 3480 1572 mul-

1900 1598 1968 1652 tis
1989 1598 2136 1653 enim
2162 1598 2318 1653 nobis
2346 1599 2539 1654 similis
2565 1608 2663 1664 est,
2699 1601 2793 1656 sed
2824 1602 2878 1656 in
2907 1603 3150 1673 pluribus
3180 1606 3477 1663 dissimilis.

1899 1686 2051 1744 Unde
2080 1697 2134 1743 et
2161 1689 2214 1742 in
2249 1688 2478 1745 Psalmis
2514 1690 2713 1747 dicitur
2756 1692 2824 1747 de
2861 1707 2927 1748 eo
2951 1711 2965 1747 :
2989 1692 3266 1765 Speciosus
3307 1696 3481 1765 forma

1895 1796 2005 1849 pro:
2041 1780 2167 1849 [iliis
2197 1782 2488 1849 hominum,
2517 1784 2715 1853 diﬂ'usa
2740 1793 2817 1841 est
2859 1788 3032 1857 gratia
3080 1789 3137 1844 in
3177 1789 3327 1847 labiis
3373 1793 3479 1847 tuis

211 1862 489 1956 lecN8,'iﬂ
513 1904 616 1961 quo
642 1886 771 1943 mihi
800 1887 924 1942 bene
942 1886 1233 1958 συνωριαιυὶ
1260 1886 1476 1960 (Matth.
1506 1902 1641 1954 xvn,
1664 1886 1742 1959 5).
1826 1862 1873 1933 Β
1903 1872 2078 1944 (Ρδαιο
2108 1891 2253 1940 XLIV.
2278 1876 2354 1947 5)-

285 2065 375 2122 lll.
394 2064 665 2123 Similiter
676 2064 978 2121 invenimus
1003 2064 1060 2119 in
1083 2062 1294 2134 praefati
1309 2061 1489 2119 Patris
1514 2061 1756 2132 epistolis
1782 2076 1798 2115 :

218 2179 239 2213 α
261 2160 561 2225 Christum,
589 2158 683 2229 qui
710 2172 779 2213 ex
803 2156 1025 2227 Virgine
1044 2165 1201 2212 natus
1219 2162 1324 2221 est,
1346 2170 1535 2211 verum
1556 2170 1662 2210 non
1684 2169 1804 2210 esse

212 2254 413 2318 Deum,
445 2254 544 2319 sed
572 2251 1025 2321 nuncupativum;
1053 2270 1072 2305 υ
1100 2250 1244 2321 quod
1283 2250 1502 2307 omnino
1537 2249 1802 2304 catholica

213 2347 434 2416 respuit
458 2346 594 2401 ﬁdes
624 2363 637 2376 ·
672 2345 799 2415 quia
838 2344 978 2400 sicut
1000 2359 1138 2399 unus
1167 2357 1287 2399 esse
1320 2357 1427 2397 non
1461 2348 1641 2411 potest
1664 2339 1807 2395 ﬁlius

210 2438 473 2514 proprius
484 2448 540 2495 et
556 2439 700 2495 ﬁlius
718 2439 1021 2507 adoptivus,
1058 2438 1133 2493 ita
1155 2450 1493 2506 nequaquam
1526 2449 1664 2489 unus
1688 2449 1806 2489 esse

206 2539 397 2604 potest
422 2548 578 2588 verus
602 2531 746 2587 Deus
763 2540 819 2585 et
842 2530 1238 2601 nuncupativus
1252 2528 1412 2583 Deus.
1462 2527 1625 2582 Estne
1645 2542 1807 2597 verus

209 2623 365 2682 Deos
377 2625 469 2695 qui
488 2623 830 2694 iudicaturus
845 2631 929 2679 est
949 2622 1244 2681 mundum?
1266 2621 1333 2683 Et
1352 2620 1472 2690 quis
1500 2628 1585 2677 est
1606 2618 1698 2689 qui
1719 2618 1809 2689 ju-

209 2720 499 2775 dicaturus
524 2726 610 2773 est
635 2716 895 2772 mundum
915 2716 937 2769 i
959 2714 1098 2769 Vere
1121 2713 1334 2773 omnino
1361 2712 1455 2781 qui
1484 2727 1552 2765 ex
1585 2709 1807 2781 Virgine

212 2822 387 2869 natus
414 2819 521 2876 est,
550 2811 667 2882 ipsa
711 2810 952 2867 Veritate
978 2815 1270 2865 attestante
1296 2824 1309 2860 :
1358 2805 1519 2861 Pater
1546 2807 1684 2860 enim
1707 2821 1810 2858 non

206 2906 425 2978 iudicat
452 2918 781 2975 quanquam,
806 2901 895 2963 sed
917 2918 1065 2955 omne
1081 2900 1343 2970 judicium
1379 2898 1522 2953 dedit
1558 2895 1720 2959 Filio,
1753 2902 1809 2949 ut

210 3012 400 3050 omnes
416 2995 762 3063 honori/irent
784 2991 1005 3057 Filium,
1033 2994 1163 3047 sicut
1189 2989 1539 3058 honoriﬁcam
1571 2983 1805 3041 Patrem.

209 3086 285 3143 Et
316 3087 478 3157 paulo
508 3095 629 3156 post
660 3101 674 3138 :
708 3083 853 3140 Sicut
875 3081 1037 3141 Pater
1060 3081 1212 3138 liabet
1243 3081 1402 3134 citant
1429 3080 1485 3133 in
1514 3078 1804 3149 semetipso,

208 3178 293 3231 sic
322 3186 373 3229 et
403 3172 545 3228 Filio
571 3173 711 3229 dedit
745 3173 932 3231 habere
961 3171 1117 3225 vitam
1160 3170 1215 3223 in
1258 3168 1548 3237 semetipso,
1590 3176 1637 3221 et
1670 3175 1811 3237 pote-

210 3278 409 3323 statem
441 3265 582 3320 dedit
605 3265 652 3319 ei
686 3264 949 3334 judicium
992 3260 1185 3331 facere,
1223 3260 1350 3330 quia
1393 3257 1535 3328 ﬁlius
1578 3258 1804 3321 hominis

210 3368 293 3414 est
342 3356 527 3427 (Joan.
554 3369 606 3421 v,
632 3354 703 3407 ΕΞ
744 3353 898 3424 seq.).
940 3352 1073 3411 ltem
1097 3352 1286 3406 beatus
1307 3349 1506 3405 Paulus
1530 3348 1808 3425 apostolus

211 3448 357 3504 dicit
385 3467 400 3501 :
434 3446 627 3503 Omnes
654 3462 746 3499 nos
774 3452 972 3514 oportet
1008 3453 1148 3498 stare
1180 3451 1302 3498 ante
1344 3441 1574 3497 tribunal
1614 3441 1809 3497 Christi

212 3541 271 3613 (Ι
278 3541 308 3596 1
342 3537 469 3595 Cor.
495 3555 548 3604 v,
578 3538 653 3610 8).
699 3537 764 3592 Et
786 3538 842 3597 in
872 3536 977 3591 alio
996 3536 1115 3593 loco
1140 3554 1154 3590 :
1184 3535 1375 3590 Omnes
1392 3537 1530 3591 enim
1554 3536 1808 3592 stabimus

210 3643 343 3689 ante
365 3628 599 3693 tribunal
623 3629 722 3687 Dei
744 3627 923 3700 (Rom.
946 3644 1054 3691 Juv,
1082 3628 1191 3698 15).
1238 3626 1408 3687 Velim
1436 3627 1652 3695 credas,
1681 3642 1809 3683 san-

206 3724 465 3783 ctissime
488 3721 668 3786 Pater,
697 3728 758 3775 ut
782 3720 875 3789 qui
898 3734 1024 3775 eum
1045 3734 1187 3774 nunc
1214 3734 1401 3773 verum
1427 3718 1600 3775 Deum
1621 3728 1805 3791 negat,

208 3815 389 3869 etiam
422 3821 550 3869 tunc
582 3826 773 3867 verum
806 3809 979 3866 Deum
1026 3825 1150 3865 eum
1194 3818 1486 3881 cognoscat
1524 3818 1581 3864 et
1620 3811 1811 3880 probet

208 3901 381 3977 [ϐοά.
428 3902 632 3970 Paris.,
682 3899 896 3974 probat]
921 3900 1213 3971 judicatus.
1259 3900 1519 3971 Veritatis
1559 3901 1810 3971 probatio

205 3998 327 4054 erit
379 3995 664 4067 potestatis
711 3992 1097 4063 manifestatio.
1156 3992 1384 4062 Quando
1429 3990 1584 4065 [Cod.
1646 3990 1805 4061 Vat.,

207 4088 529 4161 Quomodo]
577 4103 684 4144 non
729 4096 815 4155 est
858 4103 1021 4143 verus
1060 4087 1223 4153 Deus,
1269 4088 1335 4142 de
1371 4102 1478 4156 quo
1500 4087 1728 4159 legimus
1752 4087 1806 4141 in

208 4180 516 4252 Evangelia
544 4198 558 4233 :
590 4177 722 4235 Cum
748 4187 919 4234 autem
946 4179 1142 4235 uenerit
1168 4176 1340 4232 Filius
1376 4177 1601 4232 hominis
1621 4177 1677 4231 in
1702 4194 1812 4231 ma-

124 4298 161 4340 .
200 4275 407 4345 iactate
432 4290 557 4341 sua,
582 4282 631 4327 et
661 4288 835 4329 omnes
863 4269 1036 4342 angeli
1074 4285 1193 4326 cum
1220 4287 1281 4325 eo
1309 4287 1329 4324 .'
1351 4278 1476 4329 tunc
1514 4269 1709 4325 sedebit
1750 4270 1807 4322 in

204 4365 344 4419 sede
369 4362 659 4432 majestatis
691 4380 823 4428 suae,
851 4372 897 4417 et
927 4363 1379 4434 congregabantur
1406 4372 1526 4418 ante
1551 4378 1668 4417 eum
1697 4378 1810 4417 om-

207 4472 315 4515 nes
336 4463 513 4525 gentes
540 4452 752 4525 (Matth.
782 4472 906 4523 xxv,
933 4456 1068 4527 5i)?
1102 4456 1181 4510 De
1205 4472 1312 4526 quo
1336 4457 1504 4512 multo
1523 4464 1648 4512 ante
1671 4473 1810 4528 pra:-

209 4546 431 4601 dictum
462 4552 583 4600 est:
611 4544 677 4600 Et
703 4546 927 4611 adorent
956 4562 1075 4600 eum
1099 4563 1276 4601 omnes
1305 4547 1475 4619 angeli
1504 4547 1601 4601 Dei
1632 4546 1803 4619 (Psal.
1834 4587 1885 4646 υ

204 4652 375 4702 xcvi,
406 4638 485 4710 8).
532 4637 591 4693 Si
618 4638 759 4694 Deus
792 4654 902 4694 non
942 4646 1026 4694 est
1066 4654 1246 4706 verus,
1290 4654 1391 4694 cur
1434 4640 1693 4695 adoretur
1737 4641 1808 4695 ab

206 4728 483 4801 angelis?
515 4730 583 4785 Et
608 4730 653 4785 si
674 4730 842 4785 Filius
860 4730 959 4785 Dei
990 4747 1095 4795 non
1124 4740 1207 4787 est
1232 4747 1415 4798 verus,
1450 4748 1549 4787 cur
1573 4732 1726 4789 sedet
1752 4731 1810 4786 in

208 4827 451 4881 dextera
483 4823 580 4879 Dei
612 4823 827 4879 Patris?
864 4823 1018 4879 Hunc
1039 4839 1170 4895 ergo
1198 4823 1473 4883 Christum
1500 4831 1557 4878 et
1583 4821 1811 4878 Psalmi-

204 4926 315 4973 sta
367 4916 534 4973 Deum
589 4932 710 4973 esse
768 4918 1088 4974 testiﬁcatur
1136 4915 1289 4989 [ϐοά.
1338 4916 1479 4985 Vat.,
1515 4916 1807 4989 testatur]:

204 5010 478 5065 Ascendit
504 5008 645 5065 Deus
676 5010 733 5064 in
745 5008 1079 5080 jubilatione,
1104 5019 1152 5075 et
1178 5010 1433 5066 Dominus
1454 5010 1512 5065 in
1531 5026 1648 5065 voce
1670 5009 1809 5064 tuba:

207 5098 407 5171 (Psal.
438 5114 586 5167 xm,
616 5099 690 5172 6).
733 5100 867 5161 Item
894 5118 907 5155 :
939 5100 1081 5155 Deus
1119 5110 1295 5156 noster
1334 5100 1608 5173 manifeste
1654 5099 1809 5172 [ϐοὰ.

207 5188 430 5254 Paris,
459 5188 809 5261 manifestius]
841 5191 1024 5256 veniet,
1063 5190 1203 5245 Deus
1247 5200 1423 5245 noster
1460 5207 1563 5245 non
1603 5189 1815 5246 silebit:

205 5280 367 5351 ignis
407 5280 463 5333 in
504 5290 775 5351 conspectu
812 5280 927 5351 ejus
966 5281 1186 5347 ardebit,
1237 5291 1284 5337 et
1331 5283 1387 5337 in
1435 5282 1657 5337 circuitu
1702 5281 1815 5352 ejus

204 5381 505 5445 tempestas
550 5370 744 5426 valida.
795 5371 1077 5427 Advocavit
1097 5372 1281 5428 calum
1307 5374 1600 5438 desursum,
1633 5382 1682 5428 et
1712 5382 1817 5427 ter-

204 5482 347 5522 ram
374 5466 667 5529 discernere
690 5464 937 5536 papulum
963 5482 1118 5521 suum
1145 5462 1320 5536 (Psal.
1352 5482 1502 5534 χιιι,
1528 5469 1584 5533 5,
1620 5466 1697 5539 4).
1741 5465 1819 5521 De

206 5570 342 5627 quo
365 5554 529 5609 etiam
554 5554 699 5610 idem
716 5553 1003 5610 Psalmista
1020 5554 1182 5627 paulo
1201 5563 1324 5610 ante
1349 5556 1443 5619 ait,
1468 5564 1527 5610 ut
1548 5557 1821 5612 discerne-

204 5654 323 5705 ret
369 5662 491 5705 eum
541 5646 611 5701 ab
653 5646 775 5703 aliis
816 5648 908 5717 qui
958 5648 1030 5704 dii
1079 5647 1373 5703 dicuntur:
1425 5648 1566 5702 Deus
1604 5648 1819 5703 deorum

204 5737 495 5793 Dominus
525 5735 731 5792 locutus
755 5745 830 5792 est
856 5745 905 5792 et
936 5739 1131 5793 uocauit
1152 5748 1368 5793 terram.
1397 5739 1443 5790 Α
1471 5736 1595 5792 solis
1625 5748 1744 5794 ortu
1772 5748 1819 5793 et

202 5843 451 5900 occasu,
494 5839 561 5887 σε
592 5827 726 5887 Sion
752 5827 943 5901 species
978 5827 1177 5886 decoris
1214 5827 1329 5902 ejus
1356 5828 1549 5903 (Ibid.,
1574 5846 1616 5901 ι,
1644 5830 1721 5906 2).
1743 5828 1822 5909 De

1978 1966 2041 2021 V.
2072 1965 2261 2025 Refert
2285 1982 2520 2037 quoque,
2573 1988 2593 2020 ι
2627 1984 2752 2025 eum
2776 1971 3046 2041 baptismo
3075 1973 3411 2045 indiguisse;
3448 1998 3471 2032 ι

1903 2057 2109 2123 volens,
2146 2066 2204 2111 ut
2229 2059 2462 2124 videtur,
2495 2076 2618 2114 eum
2662 2061 2716 2115 in
2750 2061 3017 2132 baptismo
3043 2066 3287 2135 adoptari
3312 2068 3366 2123 in
3389 2068 3481 2125 Fi-

1903 2147 2056 2216 lium,
2086 2151 2228 2206 sicut
2265 2160 2319 2207 et
2341 2168 2459 2208 nos.
2494 2153 2706 2219 Quanta
2734 2155 3021 2213 inﬁdelitas
3042 2161 3111 2213 sit
3134 2160 3237 2215 hoc
3261 2163 3482 2219 cuilibet

1905 2238 2212 2296 Christiano
2241 2243 2462 2298 credere
2484 2284 2499 2307 ,
2549 2244 2731 2303 nullus
2762 2262 2953 2305 sanum
3003 2251 3217 2318 sapiens
3247 2252 3478 2323 ignorat.

1905 2331 2167 2391 Dominus
2210 2334 2393 2404 itaque
2419 2344 2602 2391 noster
2641 2335 2798 2393 Jesus
2828 2337 3078 2395 Christus
3099 2343 3246 2397 solus
3290 2345 3484 2415 sicpo-

1909 2427 2013 2481 luit
2036 2428 2207 2491 nasci,
2228 2435 2288 2481 ut
2303 2428 2538 2483 secunda
2565 2432 2971 2498 regeneratione
2997 2448 3102 2488 non
3124 2434 3478 2506 indiguisset;

1907 2517 2029 2573 ideo
2054 2518 2109 2572 in
2132 2519 2401 2588 baptismo
2444 2518 2668 2577 Joannis
2691 2530 2844 2577 certa
2874 2523 3294 2593 dispensationis
3322 2527 3484 2583 mise-

1906 2611 2122 2667 ratione
2168 2612 2431 2681 baptizari
2485 2614 2672 2679 voluit,
2706 2615 2832 2683 quia
2881 2616 2935 2673 in
2964 2614 3189 2671 Joannis
3215 2618 3483 2686 baptismo

1908 2716 2016 2757 non
2037 2701 2140 2756 fuit
2163 2703 2521 2772 regeneratio,
2548 2705 2640 2759 sed
2665 2706 2909 2773 quaedam
2929 2709 3289 2776 praecursoria
3312 2710 3479 2779 signi-

1907 2793 2089 2849 ﬁcatio
2116 2795 2369 2865 baptismi
2413 2795 2659 2861 Christi,
2694 2796 2748 2851 in
2776 2812 2884 2865 quo
2931 2798 3047 2852 solo
3069 2799 3341 2867 baptismo
3383 2814 3482 2869 per

1913 2888 2174 2959 Spiritum
2196 2898 2443 2946 sanctum
2467 2903 2592 2945 vera
2617 2897 2699 2944 est
2718 2890 2965 2945 remissio
2984 2900 3333 2960 peccatorum
3360 2909 3484 2950 cre-

1911 2981 2166 3037 dentibus
2191 3022 2207 3047 ,
2240 2990 2299 3036 ut
2328 2979 2384 3036 in
2425 2996 2492 3037 eo
2519 2979 2725 3051 Spiritu
2751 2996 3101 3037 renascamur
3124 3023 3140 3049 ,
3169 2984 3223 3038 in
3261 3000 3368 3053 quo
3394 2985 3487 3040 ille

1909 3081 2072 3128 natus
2090 3082 2173 3128 est
2193 3088 2261 3128 ex
2282 3072 2488 3143 virgine
2513 3072 2703 3129 Maria.
2734 3071 2793 3126 in
2822 3087 2960 3142 aqua
2988 3074 3130 3128 enim
3159 3074 3326 3128 voluit
3350 3075 3480 3144 bap-

1913 3166 2073 3222 tizari
2102 3183 2134 3221 a
2161 3165 2388 3232 Joanne,
2421 3183 2526 3221 non
2556 3175 2613 3221 ut
2653 3169 2771 3238 ejus
2804 3169 2913 3223 ulla
2948 3168 3246 3224 dilueretur
3290 3169 3488 3240 iniqui-

1910 3269 2015 3327 tas,
2052 3261 2146 3316 sed
2169 3269 2228 3316 ut
2249 3275 2444 3331 magna
2475 3261 2620 3316 illius
2662 3262 3136 3318 commendaretur
3184 3264 3481 3321 humilitas.

1906 3352 1986 3410 Ita
2013 3353 2208 3423 quippe
2234 3353 2311 3407 nil
2340 3353 2394 3407 in
2414 3367 2479 3408 eo
2507 3353 2808 3421 baptismns
2836 3354 2985 3421 quod
3030 3354 3294 3420 ablueret,
3343 3343 3486 3412 sicut

1908 3457 2056 3499 mors
2092 3442 2227 3498 nihil
2263 3443 2408 3512 quod
2442 3436 2679 3512 puniret,
2709 3443 2930 3508 invenit,
2970 3452 3030 3498 ut
3061 3444 3309 3500 diabolus
3342 3448 3487 3502 veri-

1909 3542 2023 3590 tate
2041 3533 2268 3602 iustitiae
2297 3535 2623 3602 vinceretur,
2669 3551 2779 3591 non
2802 3536 3061 3593 violentia
3088 3539 3372 3607 potestatis
3391 3553 3489 3609 op-

1909 3626 2257 3696 primeretur.
2307 3624 2609 3696 Utrumque
2636 3627 2804 3693 enim,
2852 3636 2908 3683 et
2929 3628 3228 3697 baptismus
3261 3638 3316 3685 et
3341 3646 3491 3686 mors

1906 3732 2017 3775 non
2074 3718 2380 3773 miseranda
2440 3720 2785 3785 necessitate,
2833 3718 2929 3775 sed
2973 3721 3262 3777 miserante
3304 3724 3485 3791 potius

1912 3809 2190 3866 voluntate
2211 3820 2523 3879 susceptum
2569 3818 2673 3866 est.
2702 3811 2773 3865 Et
2797 3810 2966 3865 multa
2989 3812 3094 3865 alia
3142 3812 3490 3867 inveniuntur

1909 3902 1964 3958 in
1993 3902 2112 3972 ejus
2157 3901 2376 3972 scriptis
2400 3901 2792 3958 catholicorum
2818 3900 3039 3956 Patrum
3087 3903 3335 3959 sensibus
3379 3920 3488 3960 non

1908 3995 2285 4051 convenientia
2303 4035 2319 4060 ,
2350 4010 2470 4064 qus:
2512 3995 2696 4050 dicere
2740 3995 2826 4051 vel
2872 4007 3143 4065 exponere
3185 3996 3491 4066 epistolaris

1910 4090 2169 4163 [μείνω]
2201 4092 2448 4161 angustia
2478 4104 2566 4146 me
2586 4091 2747 4146 modo
2769 4090 3042 4160 prohibet,
3076 4090 3330 4161 ignorans
3352 4107 3492 4161 que-

1909 4195 2015 4250 que
2065 4184 2283 4249 quando
2318 4180 2405 4236 vel
2447 4179 2681 4250 qualiter
2706 4180 2969 4235 sanctitas
3019 4186 3200 4234 vestra
3245 4188 3302 4235 et
3349 4180 3490 4235 bona

1909 4273 2180 4337 voluntas,
2210 4287 2371 4341 quam
2397 4272 2614 4327 habetis
2637 4272 2694 4326 in
2718 4271 2956 4336 Christo,
2987 4272 3105 4328 haec
3141 4280 3342 4328 nostra
3365 4288 3489 4345 par-

1910 4363 2098 4419 vitatis
2123 4362 2269 4418 dicta
2294 4363 2536 4433 recipere
2559 4363 2705 4421 velit.

1980 4456 2068 4513 Vl.
2095 4456 2326 4511 Tantum
2353 4458 2580 4512 obsecro
2599 4457 2653 4511 in
2678 4472 2742 4512 ea
2763 4456 3029 4512 charitate
3050 4495 3067 4523 ,
3102 4471 3209 4526 qua
3234 4454 3486 4511 Christus

1910 4562 2011 4604 nos
2037 4547 2243 4615 dilexit,
2277 4556 2337 4602 ut
2362 4548 2591 4619 benigne
2622 4550 2723 4605 hos
2746 4563 2895 4605 meos
2930 4550 3171 4617 digneris
3208 4549 3489 4620 perlegere

1914 4641 2117 4710 apices,
2141 4648 2198 4696 et
2219 4640 2364 4710 quod
2384 4639 2625 4696 fraterna
2658 4657 2746 4695 me
2790 4643 3015 4711 cogebat
3034 4641 3275 4697 charitas
3297 4651 3490 4698 vestrae

1917 4732 2149 4801 dirigere
2200 4730 2562 4795 excellentim,
2616 4739 2794 4785 vestra
2828 4732 3164 4786 sanctissima
3199 4728 3493 4790 humilitas

1914 4825 2158 4893 recipere
2179 4838 2285 4879 non
2307 4823 2643 4893 dedignetur.
2673 4821 2912 4878 Audiens
2932 4837 3062 4878 vero
3080 4824 3274 4893 saepius
3289 4825 3488 4881 bonam

1914 4917 2116 4979 famam
2144 4916 2408 4987 religiosae
2425 4916 2547 4969 vitae
2566 4915 2635 4970 de
2657 4916 2827 4981 vobis.
2852 4916 2973 4972 ideo
3002 4917 3288 4973 instinctus
3306 4934 3494 4974 amore

1914 5007 2169 5063 fraterna:
2214 5005 2515 5062 dilectionis
2560 5006 2822 5076 meipsum
2856 5007 2914 5060 in
2960 5014 3109 5061 tuam
3142 5008 3490 5072 charitatem,

1914 5097 2263 5165 ﬁdeliumque
2289 5103 2529 5162 tuorum,
2566 5095 2678 5150 Deo
2707 5096 3054 5151 servientium
3086 5098 3141 5151 in
3182 5097 3288 5152 illis
3324 5098 3494 5166 parti-

1914 5188 2036 5255 bus,
2067 5188 2449 5243 commendare
2475 5186 2662 5242 curavi
2694 5202 2709 5253 ;
2743 5186 2909 5242 etiam
2936 5196 2993 5242 et
3021 5186 3151 5242 illud
3185 5188 3491 5260 deprecari,

1917 5286 1978 5335 ut
2026 5277 2239 5333 cautius
2276 5292 2406 5345 agas
2449 5275 2514 5331 de
2544 5274 2720 5331 salute
2754 5277 2951 5331 animae
2988 5285 3116 5343 tum,
3170 5286 3495 5345 tuorumque

1918 5369 2279 5425 subditorum.
2317 5366 2470 5423 Licet
2493 5366 2751 5437 praefatus
2799 5366 3033 5423 famulus
3057 5366 3153 5422 Dei
3203 5366 3352 5421 Felix
3378 5365 3496 5420 lau-

1919 5460 2082 5517 dabili
2104 5460 2212 5515 vita
2239 5460 2373 5514 vitat
2407 5474 2591 5515 coram
2615 5458 2941 5525 hominibus,
2974 5467 3153 5514 tamen
3183 5466 3242 5513 ut
3262 5458 3491 5527 videtur,

1919 5554 1975 5609 in
1988 5553 2171 5608 multis
2193 5553 2470 5609 catholica:
2484 5552 2609 5608 ﬁdei
2618 5551 2950 5623 professione
2972 5568 3079 5608 non
3094 5553 3313 5607 omnino
3326 5552 3498 5623 pleni-

1921 5654 2005 5703 ter
2039 5646 2264 5702 Patrum
2317 5646 2562 5715 sequitur
2602 5647 2963 5711 sententiam;
3003 5652 3058 5699 et
3082 5644 3191 5699 noli
3225 5645 3500 5704 conﬁdere

1922 5739 1989 5794 de
2011 5740 2187 5809 specie
2226 5738 2483 5794 bonitatis
2508 5737 2652 5792 illius
2677 5755 2692 5803 ;
2723 5735 3036 5792 maledictus
3062 5738 3201 5792 enim
3226 5738 3380 5793 homo
3407 5740 3498 5810 qui

1922 5830 2139 5902 conﬁdit
2185 5830 2245 5888 in
2286 5829 2492 5887 homine
2519 5826 2653 5902 (let.
2678 5842 2829 5899 xvn,
2855 5826 2936 5902 5).
2985 5828 3094 5889 Sed
3128 5831 3302 5905 magis
3346 5846 3500 5905 spem

3975 0 4027 1183 ᾋ
