4030 6358
515 390 624 448 2'59

1396 376 1457 433 Β.
1496 377 1559 431 F.
1598 371 1825 430 ALBINI
1864 369 1996 427 SEU
2029 363 2308 423 ALCUINI
2343 359 2627 421 OPERUM
2653 356 2834 416 PARS
2871 356 2960 413 Ill.

3686 340 3788 400 240

514 516 668 564 tuam
696 516 838 575 pone
859 500 916 557 in
944 495 1302 569 omnipotenti
1351 494 1464 549 Deo
1485 533 1498 557 ,
1547 498 1603 546 et
1627 490 1920 558 deprecare
1950 484 2101 538 illum
2130 484 2183 540 Α
2205 478 2451 548 Apostoli
2485 477 2713 542 dictum,
2741 474 2834 545 qui
2887 473 2963 528 ait
2993 491 3007 526 :
3068 469 3340 525 Novitates
3386 480 3572 522 vocum
3622 462 3791 517 devita

517 602 606 657 die
628 610 900 665 noctuque
923 635 938 660 ,
969 608 1038 646 ne
1065 591 1137 646 sit
1161 588 1337 643 inanis
1380 586 1534 640 labor
1563 591 1686 637 tuus
1713 581 1769 634 in
1813 582 2105 647 conspectu

519 691 687 756 illius,
717 697 771 744 et
806 694 865 740 ut
892 685 1053 739 ﬁdem
1080 681 1292 735 lirmam
1320 675 1474 748 [Cod.
1519 672 1661 738 Vat.,
1691 667 1965 739 ﬁrmatus]
1989 682 2106 721 om-

518 784 684 853 nique
732 776 985 834 Ecclesiae
1036 771 1240 830 Christi
1287 769 1571 839 probatam
1620 772 1826 819 teneas.
1885 759 2111 815 Videtur

2211 569 2263 642 (Ι
2290 569 2424 623 Tim.
2456 586 2531 634 v1,
2563 568 2677 640 20).
2705 567 2847 622 Ecce
2894 564 3070 635 qualis
3107 563 3322 617 novitas
3344 567 3449 623 est,
3497 557 3791 624 Christum,

2211 664 2303 735 qui
2327 680 2395 719 ex
2421 664 2643 732 Virgine
2665 668 2825 716 natus
2851 668 2950 723 est,
2984 656 3294 728 adoptivum
3326 653 3517 717 ﬁlium,
3548 649 3633 706 vel
3661 664 3795 704 nun-

2214 755 2523 825 cupativum
2548 755 2715 809 Deum
2748 751 3043 823 praedicare
3062 757 3119 803 et
3164 747 3468 811 nominare,
3498 752 3554 799 et
3574 742 3798 813 apertis-

521 877 666 933 enim
690 871 1128 940 condignum,‘ut
1157 860 1432 919 communi
1461 859 1705 915 omnium
1727 863 2112 909 conservorum
2213 848 2367 904 simis
2422 844 2734 915 apostolicae
2788 840 3125 896 auctoritatis
3164 835 3489 899 testimoniis
3526 850 3632 889 non
3685 848 3799 889 cre-

521 978 743 1024 tuorum
779 978 942 1034 prece
985 969 1038 1014 te
1074 967 1246 1013 totum
1274 962 1557 1010 convertas
1598 951 1664 1005 ad
1714 946 2020 1009 Dominum,
2060 948 2116 997 et

524 1055 834 1128 depreceris
861 1049 1202 1107 clementiam
1237 1046 1401 1109 illius,
1430 1051 1696 1113 quatenus
1719 1040 1772 1093 in
1818 1037 1923 1092 ﬁde
1965 1041 2114 1089 recta

523 1127 809 1208 conﬁrmet
834 1145 998 1201 corda
1027 1150 1227 1203 vestra,
1271 1144 1332 1193 ut
1374 1136 1522 1191 nullo
1566 1146 1750 1188 errore
1803 1127 2110 1197 decipiaris,

524 1259 628 1299 nec
649 1240 787 1296 ullus
813 1239 880 1292 ad
910 1244 964 1291 te
1011 1233 1294 1305 pertinens
1319 1224 1675 1297 vagahundus
1699 1238 1730 1277 a
1758 1218 2003 1275 veritatis
2026 1217 2116 1271 via

527 1337 726 1393 deviet.
754 1332 873 1388 Erit
902 1330 1047 1384 enim
1096 1325 1196 1380 tibi
1249 1321 1485 1377 maxima
1541 1331 1750 1371 merces
1774 1313 1915 1383 apud
1948 1312 2119 1365 Deum

526 1427 972 1496 omnipotentem,
1001 1418 1047 1473 si
1066 1424 1313 1473 errantes
1340 1410 1662 1472 correxeris,
1693 1408 1739 1461 si
1760 1404 1975 1460 veritati
1991 1418 2121 1459 con-

527 1516 781 1575 sentieris
812 1508 1220 1587 [consenseris],
1275 1507 1322 1561 si
1351 1502 1629 1559 humiliter
1660 1498 1857 1570 legeris
1906 1503 2121 1551 sancta-

527 1628 652 1667 rum
680 1608 1088 1678 Scripturarum
1137 1601 1328 1663 series,
1366 1596 1537 1666 magis
1568 1593 1886 1649 desiderans
1916 1588 2125 1643 veraci-

530 1711 618 1758 ter
666 1699 881 1755 veritati
936 1694 1177 1757 obedire,
1238 1705 1399 1760 quam
1446 1685 1798 1765 pertinaciter
1838 1691 1987 1737 tuam
2039 1680 2125 1735 vel

532 1792 821 1864 cujuslibet
859 1787 1082 1842 alterius
1128 1784 1348 1837 ﬁrmare
1374 1777 1721 1834 sententiam.
1781 1774 1981 1828 Parata
2042 1780 2126 1826 est

2216 941 2366 1005 dere,
2396 940 2491 993 sed
2520 936 2693 1007 magis
2715 934 2974 998 aversari,
3014 932 3108 1002 qui
3139 932 3215 985 ait
3247 949 3259 983 :
3293 928 3396 994 Qui
3422 928 3631 999 praprio
3659 924 3798 978 Filio

2217 1050 2312 1089 suo
2339 1048 2445 1087 non
2473 1030 2713 1102 pepercit,
2747 1027 2836 1081 sed
2856 1041 2949 1098 pro
2972 1024 3119 1079 nobis
3139 1021 3377 1078 omnibus
3407 1018 3625 1073 tradidit
3652 1016 3797 1069 illum

2220 1125 2399 1200 (Rom.
2428 1139 2547 1188 Vill,
2576 1120 2690 1190 52).
2720 1120 2974 1174 Potuitne
2994 1118 3175 1173 dicere
3198 1113 3508 1184 Apostolus,
3534 1111 3625 1179 qui
3647 1109 3801 1178 adop

2221 1219 2333 1272 tivo
2360 1215 2469 1270 ﬁlio
2499 1230 2597 1270 suo
2626 1228 2734 1267 non
2760 1210 3023 1281 pepercit,
3047 1208 3091 1262 si
3122 1206 3379 1261 voluisset
3396 1218 3496 1258 nos
3520 1201 3665 1255 illum
3693 1215 3803 1254 crc-

2222 1308 2350 1363 dere
2379 1305 2708 1375 adoptivum,
2755 1303 2847 1372 qui
2878 1300 3110 1356 traditus
3148 1305 3231 1353 est
3258 1313 3356 1367 pro
3377 1304 3550 1350 salute
3578 1293 3805 1347 nostra?

2221 1403 2357 1458 Item
2383 1403 2500 1472 ipsa
2522 1399 2738 1455 Veritas
2784 1397 2838 1451 in
2859 1393 3150 1465 Evangelio
3202 1390 3278 1445 ait
3304 1408 3319 1443 :
3348 1388 3439 1444 Sic
3461 1387 3597 1442 enim
3627 1383 3805 1439 dilexit

2224 1497 2366 1550 Deus
2398 1492 2674 1557 mundum,
2726 1500 2785 1543 ut
2830 1485 3032 1541 Filium
3078 1500 3235 1539 suum
3286 1479 3612 1551 unigenitum
3662 1476 3806 1531 daret

2228 1590 2413 1660 (Joan.
2445 1604 2528 1653 ut,
2556 1585 2664 1657 l6);
2691 1583 2758 1638 de
2781 1596 2888 1652 quo
2917 1588 2973 1635 et
3002 1577 3159 1649 paulo
3183 1584 3310 1631 ante
3348 1574 3461 1629 ait:
3498 1570 3647 1627 Sicut
3672 1569 3807 1623 enim

2229 1681 2435 1752 Moyses
2492 1677 2740 1733 exultavit
2786 1680 3073 1743 serpentem
3120 1670 3175 1723 in
3208 1683 3404 1731 eremo,
3458 1665 3537 1718 ita
3588 1660 3810 1716 exaltari

2228 1750 2427 1846 oportet
2449 1771 2621 1842 ﬁlium
2643 1768 2867 1823 hominis
2899 1763 3076 1837 (Rom.
3105 1777 3181 1825 ιχ,
3210 1759 3287 1832 5).
3312 1759 3380 1813 Et
3418 1756 3547 1826 quid
3571 1762 3653 1810 est
3672 1750 3810 1823 quod

535 1884 681 1939 enim
722 1874 1096 1935 misericordia
1131 1869 1520 1941 οῐηηίβοῑθηῐίδ
1574 1867 1668 1921 Dei
1708 1876 1831 1922 “13$
1884 1864 2127 1932 reCipe!“3
2158 1872 2206 1934 Β
2232 1873 2372 1927 idem
2402 1866 2676 1939 apostolus
2727 1866 2781 1919 in
2830 1861 2937 1916 alio
2964 1859 3082 1913 loco
3116 1858 3229 1911 ait:
3272 1852 3510 1920 Quorum
3532 1858 3812 1921 patres,ez

533 1990 725 2047 preces
799 1970 843 2025 si
899 1980 1086 2023 amore
1131 1962 1379 2018 veritatis
1433 1958 1823 2030 cognoscenda:
1870 1954 2126 2010 eﬁ‘uderis

539 2084 652 2124 eas.

610 2162 716 2216 Vll.
754 2156 1062 2213 Potuissem
1086 2154 1272 2221 itaque
1314 2147 1499 2203 multis
1547 2142 1877 2201 testimoniis
1907 2148 2126 2195 sancta-

536 2268 658 2308 rum
689 2250 1094 2318 Scripturarum
1124 2249 1180 2296 et
1207 2237 1597 2295 catholicorum
1636 2235 1921 2289 doctorum
1965 2227 2129 2297 scrip-

537 2346 610 2400 tis
635 2343 867 2414 probare
892 2336 1079 2393 Iesum
1113 2333 1390 2389 Christum
1420 2329 1705 2383 Dominum
1745 2333 2011 2387 nostrum,
2039 2321 2133 2391 qui

537 2453 607 2493 ex
637 2412 846 2503 virgine
887 2436 1043 2483 natus
1078 2433 1180 2488 est,
1238 2424 1407 2477 Deum
1456 2434 1575 2475 esse
1620 2432 1808 2472 verum
1849 2423 1903 2469 et
1936 2412 2132 2467 Filium

540 2531 635 2586 Dei
660 2526 935 2599 proprium
970 2539 985 2586 ;
1018 2520 1114 2575 sed
1138 2516 1369 2587 sapienti
1394 2528 1564 2585 pauca
1593 2510 1838 2567 sulIiecre
1868 2509 2065 2571 sciens,
2082 2513 2137 2560 et

538 2623 713 2692 magis
743 2631 997 2673 sensuum
1022 2609 1239 2667 veritati
1272 2607 1542 2662 arbitrans
1570 2613 1622 2659 te
1648 2603 1951 2666 intendere,
1975 2613 2137 2669 quam

542 2690 852 2770 sermonum
884 2702 1335 2774 multiplicatione
1383 2699 1639 2769 gaudere,
1686 2695 1865 2755 credo,
1923 2690 2138 2747 Domini

541 2804 714 2862 nostri
765 2800 892 2855 Jesu
936 2796 1140 2853 Christi
1189 2790 1701 2848 misericordissima
1746 2786 1919 2856 pietas
1973 2782 2141 2837 faciet

542 2894 913 2953 teveritatem
960 2888 1281 2956 intelligere,
1330 2884 1375 2937 si
1423 2880 1698 2936 humiliter
1723 2893 1844 2931 eam
1900 2888 2142 2944 quzerere

544 2984 802 3047 insistis;
845 2981 969 3049 quia
1016 2979 1208 3041 omnis,
1263 2975 1353 3047 qui
1406 2990 1460 3027 se
1508 2971 1774 3034 humiliat,
1823 2954 2144 3022 exaltabitur

551 3076 704 3151 (Luc.
748 3088 859 3136 xw,
899 3069 1012 3141 ll),
1044 3076 1099 3123 et
1140 3066 1466 3122 humilitatis
1508 3063 1760 3132 passibus
1810 3059 1874 3113 ad
1904 3057 2143 3113 caelestis

551 3149 703 3241 regni
734 3164 1072 3220 altitudinem
1090 3159 1425 3231 pervenitur.
1463 3155 1580 3213 Una
1614 3155 1773 3208 debet
1802 3167 1924 3207 esse
1956 3149 2145 3204 Eccle-

552 3224 644 3317 sia:
663 3258 867 3314 Christi
920 3262 1034 3309 toto
1063 3224 1194 3307 orbe
1245 3249 1439 3305 diﬁ‘usa
1489 3249 1543 3302 in
1595 3246 1699 3301 ﬁde
1746 3253 1800 3300 et
1853 3245 2139 3299 charitate.
2171 3224 2217 3288 C

558 3352 737 3409 Unum
762 3365 792 3404 e
831 3348 1040 3403 duobus
1074 3362 1085 3397 :
1141 3352 1235 3398 aut
1292 3343 1348 3396 in
1379 3350 1493 3395 toto
1551 3340 1751 3394 mundo
1795 3347 1878 3394 est
1906 3336 2144 3392 Ecclesia

555 3444 762 3501 Christi
786 3456 951 3511 supra
982 3444 1191 3508 petram
1219 3435 1463 3499 fundata,
1496 3441 1556 3487 ut
1595 3432 1866 3487 credimus
1896 3439 1950 3486 et
1976 3429 2147 3485 conﬁ-

559 3546 758 3598 temur,
790 3539 883 3587 aut
912 3531 1075 3585 etiam
1099 3526 1303 3600 [Forte,
1331 3534 1424 3579 aut
1450 3524 1644 3595 solum]
1674 3525 1728 3578 in
1756 3523 1933 3578 Felice
1960 3530 2013 3577 et
2036 3523 2148 3577 suis

557 3627 749 3698 paucis
805 3620 1207 3684 sectatoribus,
1268 3618 1410 3687 quod
1463 3617 1683 3671 omnino
1740 3614 2016 3685 indignum
2068 3620 2152 3667 est

559 3718 778 3773 Christo
810 3716 922 3769 Deo
969 3719 1179 3775 nostro,
1210 3717 1269 3763 ut
1316 3710 1499 3778 plures
1526 3724 1635 3762 non
1679 3706 1875 3761 habeat
1920 3706 1974 3760 in
2023 3706 2152 3760 ovili

560 3823 680 3872 suo,
705 3819 866 3875 quam
917 3803 1035 3857 illos
1064 3816 1283 3872 paucos,
1309 3800 1402 3869 qui
1444 3799 1497 3853 in
1522 3798 1793 3853 montanis
1818 3798 1985 3869 866
2030 3796 2153 3850 lati-

564 3909 683 3954 tant
710 3913 831 3953 cum
863 3896 1061 3950 Felice.
1087 3894 1167 3948 Tu
1214 3910 1366 3959 vero,
1396 3893 1480 3947 vir
1522 3893 1628 3947 Deo
1657 3892 1824 3946 electe
1853 3898 1907 3945 et
1936 3891 2150 3955 dilecte,

564 3995 796 4064 teipsum
821 4006 944 4045 cum
977 3989 1086 4043 tuis
1115 3987 1382 4043 consociis
1404 3985 1694 4040 universali
1722 3984 1974 4039 Ecclesiae
1998 3982 2155 4038 Chri-

565 4085 637 4141 sti
663 4081 949 4152 coniunge,
977 4088 1037 4134 ut
1066 4078 1142 4134 sis
1162 4078 1464 4133 membrum
1496 4076 1814 4131 honorabile
1840 4076 1984 4130 illius
2010 4076 2157 4145 capi-

574 4178 668 4239 tis,
694 4175 785 4243 qui
815 4188 915 4242 pro
964 4180 1017 4226 te
1066 4186 1223 4225 suum
1263 4170 1577 4239 sanguinem
1625 4167 1849 4222 fundere
1872 4183 1979 4223 non
2008 4168 2157 4223 dedi-

567 4266 770 4338 gnavit,
789 4264 1097 4331 recogitans
1122 4270 1381 4330 quantum
1403 4261 1507 4315 erit
1534 4260 1786 4331 gaudium
1816 4261 1869 4314 in
1893 4261 2042 4316 caelis
2069 4278 2159 4317 su—

568 4374 666 4430 per
689 4372 795 4412 uno
824 4363 1110 4425 peccatore
1138 4354 1513 4423 paenitentiam
1554 4361 1767 4423 agente.
1815 4353 1932 4413 Non
1960 4356 2081 4410 dico
2105 4364 2158 4410 te

569 4459 933 4526 peccatorem,
966 4449 1058 4502 sed
1108 4447 1521 4516 praedicatorem
1551 4464 1565 4511 ;
1592 4447 1956 4502 confessorem
1996 4448 2158 4503 Chri-

574 4544 667 4607 sti,
696 4557 803 4595 non
834 4554 1142 4593 aversorem
1204 4537 1328 4593 ﬁdei
1358 4556 1373 4604 ;
1400 4538 1674 4593 lucernam
1704 4557 1867 4612 super
1909 4541 2159 4596 candela-

572 4636 732 4691 brum
766 4632 1021 4702 positam,
1050 4638 1108 4684 ut
1131 4630 1308 4685 luceat
1336 4631 1590 4685 omnibus
1633 4631 1724 4699 qui
1774 4632 1829 4685 in
1857 4632 2016 4687 domo
2061 4633 2157 4687 Dei

575 4734 719 4782 sunt.

650 4817 776 4874 VIII.
805 4816 981 4871 Etiam
1008 4824 1062 4869 et
1104 4814 1158 4868 in
1208 4813 1313 4869 hoc
1357 4822 1463 4867 tua:
1486 4815 1842 4869 sanctissimm
1894 4815 2160 4873 voluntati

577 4912 829 4967 obnixius
855 4909 1085 4965 suadere
1133 4916 1310 4962 ratum
1353 4909 1560 4977 putavi,
1607 4920 1666 4964 ut
1710 4912 1956 4965 eumdem
1986 4912 2163 4967 virum

576 5003 938 5058 venerabilem
964 5000 1198 5057 Felicem
1226 5000 1332 5055 tuis
1354 5002 1557 5056 sanctis
1591 5002 1841 5069 precibus
1867 5011 1923 5055 et
1959 5004 2166 5058 suavis-

576 5095 730 5152 simis
782 5093 1216 5163 suggestionibus
1257 5102 1576 5147 convertere
1609 5095 1674 5149 ad
1705 5094 1982 5150 catholicae
2036 5096 2161 5151 ﬁdei

576 5188 843 5244 unitatem
868 5196 920 5240 et
940 5186 1225 5240 veritatem
1254 5185 1464 5240 nitaris.
1490 5185 1696 5241 Fidelis
1722 5188 1966 5242 csteuim
1993 5187 2159 5253 Deus,

577 5283 702 5353 pius
728 5288 811 5335 est
847 5280 1171 5342 misericors,
1211 5280 1303 5347 qui
1337 5279 1643 5332 nullatenus
1672 5279 2023 5334 obliviscatur
2045 5279 2161 5348 ejus

582 5374 754 5428 multa
774 5375 937 5437 bona,
963 5382 1016 5426 et
1042 5372 1348 5441 religiosam
1370 5371 1557 5433 vitam,
1591 5380 1645 5424 et
1672 5371 1903 5435 labores,
1947 5388 2052 5442 qua
2075 5374 2160 5429 die

580 5475 851 5537 noctuque
880 5465 1143 5520 indefessa
1167 5464 1442 5517 voluntate
1464 5464 1711 5517 desudat.
1737 5464 1947 5530 Quanta
1976 5467 2044 5520 sit
2062 5467 2159 5522 tibi

583 5575 767 5613 coram
800 5560 909 5613 Deo
947 5567 999 5611 et
1029 5556 1233 5611 sanctis
1258 5554 1375 5624 ejus
1404 5556 1570 5626 gloria
1614 5565 1670 5611 et
1698 5559 2063 5615 remuneratio
2090 5561 2171 5614 in-

584 5655 745 5709 tende
785 5663 838 5707 et
858 5653 1165 5724 diligentius
1193 5651 1494 5718 considera,
1547 5653 1599 5707 in
1637 5653 1809 5708 salute
1854 5654 2035 5708 fratris
2065 5655 2165 5720 tui,

587 5746 751 5800 etiam
781 5754 835 5800 et
877 5746 1009 5799 tanti
1038 5745 1161 5811 viri,
1215 5752 1271 5800 et
1298 5753 1406 5799 tam
1454 5746 1727 5816 praeclarae
1780 5747 2063 5816 dignitatis
2111 5755 2168 5802 et

586 5837 889 5894 Sanctitatis
915 5837 1116 5894 famulo
1140 5838 1362 5896 Christi.
1389 5839 1595 5899 Memor
1617 5832 1739 5900 esto
1764 5856 1979 5914 semper
2002 5840 2168 5916 «.illius

2229 1967 2418 2038 quibus
2444 1960 2706 2023 Christus,
2728 1956 2817 2028 qui
2847 1964 2921 2009 est
2948 1969 3105 2024 super
3127 1949 3302 2004 omnia
3344 1945 3486 2000 Deus
3518 1941 3813 1996 benedictus

2227 2032 2286 2112 in
2321 2054 2518 2111 sarcula
2549 2049 2740 2125 (Ibid.,
2772 2046 2861 2117 14)
2888 2047 2912 2099 ?
2946 2044 3029 2099 An
3052 2051 3107 2097 et
3135 2043 3224 2097 hic
3272 2055 3379 2095 non
3404 2032 3814 2107 potuitdicere,

2232 2150 2325 2220 qui
2349 2157 2433 2203 est
2478 2142 2876 2214 nuncupativus
2904 2140 2957 2195 in
2987 2136 3225 2195 saecula?
3252 2134 3372 2189 Non
3396 2132 3542 2187 enim
3568 2131 3625 2186 in
3656 2127 3814 2184 Chri—

2234 2252 2341 2309 sto,
2372 2242 2512 2297 sicut
2556 2240 2611 2293 in
2641 2235 2885 2307 quolibet
2930 2231 3170 2295 homine,
3199 2226 3479 2299 generatio
3527 2232 3611 2278 est
3638 2222 3819 2293 (homo

2235 2338 2379 2394 enim
2411 2334 2637 2405 quilibet
2662 2331 2804 2385 ﬁlius
2847 2328 2940 2381 irae
2966 2324 3233 2386 nascitur,
3266 2319 3359 2374 sed
3389 2324 3512 2388 post
3542 2315 3598 2369 in
3621 2311 3822 2381 baptis-

2236 2452 2327 2493 mo
2344 2433 2519 2508 gratia
2543 2430 2717 2486 sancti
2747 2426 2984 2497 Spiritus
3012 2424 3067 2478 in
3082 2419 3248 2476 ﬁlium
3274 2418 3561 2487 adoptatur
3580 2408 3714 2480 Dei),
3731 2406 3824 2463 sed

2239 2501 2425 2582 statim
2446 2524 2501 2577 in
2528 2522 2646 2592 ipso
2686 2522 2952 2587 conceptu
2980 2519 3272 2582 conceptus
3295 2515 3379 2563 est
3419 2505 3589 2560 Filius
3615 2501 3744 2565 Dei,
3772 2508 3827 2555 et

2240 2624 2402 2673 natus
2444 2614 2742 2671 secundum
2775 2607 3035 2679 temporis
3068 2601 3526 2674 opportunitatem
3557 2610 3715 2650 verus
3740 2592 3830 2648 Fi-

2242 2710 2347 2765 lius
2371 2710 2487 2764 Dei.
2527 2705 2788 2761 Similiter
2808 2710 2864 2758 et
2914 2712 3021 2755 non
3076 2695 3246 2752 estin
3273 2692 3493 2749 Christo
3536 2686 3831 2745 divinitatis

2244 2804 2522 2873 majestas,
2541 2800 2679 2854 sicut
2704 2798 2759 2851 in
2772 2793 3013 2866 quolibet
3023 2790 3243 2847 homine
3262 2782 3586 2858 episcopalis
3599 2778 3831 2851 dignitas

2243 2872 2391 2948 verbi
2408 2892 2581 2960 gratia
2608 2890 2736 2962 (non
2758 2887 2900 2942 enim
2925 2881 3203 2956 apostolus
3213 2880 3428 2943 Petrus,
3459 2872 3731 2946 apostolus
3750 2880 3836 2927 est

2246 2993 2429 3049 natus,
2461 2984 2555 3037 sed
2582 2989 2769 3051 postea
2800 2995 2830 3033 a
2860 2978 2972 3033 Deo
2996 2975 3200 3031 electus
3229 2990 3242 3026 :
3274 2972 3414 3028 sicut
3459 2967 3683 3038 quilibet
3720 2964 3837 3034 epi-

2248 3093 2442 3146 scopus
2472 3090 2581 3129 non
2611 3080 2695 3127 est
2734 3071 3019 3141 episcopus
3060 3075 3245 3130 natus,
3268 3063 3362 3118 sed
3385 3067 3509 3131 post
3536 3053 3838 3122 nativitatis

2251 3178 2612 3241 opportunum
2638 3174 2849 3233 tempus
2862 3164 3066 3218 electus
3088 3160 3143 3213 in
3157 3158 3522 3229 episcopatum
3545 3161 3598 3207 et
3619 3150 3843 3206 ordina-

2251 3259 2383 3333 tus),
2416 3260 2509 3314 sed
2544 3257 2727 3312 statim
2754 3256 2809 3309 in
2837 3255 2955 3324 ipso
2985 3258 3249 3320 conceptu
3302 3254 3357 3302 et
3382 3244 3665 3301 nativitate
3696 3242 3844 3296 Deus

2251 3368 2412 3408 verus
2440 3359 2599 3405 natus
2625 3356 2707 3403 est
2732 3346 3001 3409 Christus,
3028 3351 3079 3399 et
3105 3341 3354 3412 preprius
3385 3337 3557 3392 Filius
3582 3334 3699 3399 Dei,
3732 3348 3843 3388 non

2253 3444 2537 3515 adoptivus
2585 3440 2749 3503 ﬁlius,
2793 3453 2894 3493 nec
2925 3435 3322 3506 nuncupativus
3374 3432 3535 3486 Deus.
3582 3425 3848 3483 Firmiter

2255 3540 2460 3607 absque
2488 3535 2635 3590 omni
2694 3533 3026 3588 dubitatione
3056 3526 3384 3584 credendum
3428 3532 3513 3580 est
3541 3531 3597 3579 et
3637 3520 3845 3593 praedi-

2255 3625 2486 3683 candum
2507 3665 2521 3691 ,
2577 3623 2826 3678 eumdem
2854 3636 2996 3687 esse,
3048 3620 3139 3690 qui
3173 3629 3332 3674 natus
3382 3626 3464 3673 est
3491 3631 3559 3671 ex
3588 3613 3848 3685 Virgine,

2256 3719 2423 3773 Deum
2450 3731 2640 3771 verum
2655 3715 2710 3768 in
2726 3714 2934 3768 duabus
2949 3712 3181 3775 naturis,
3210 3719 3264 3764 et
3288 3723 3475 3764 verum
3499 3706 3699 3761 Filium
3717 3704 3849 3771 Dei;

2257 3809 2331 3863 ita
2358 3816 2417 3863 ut
2440 3824 2577 3864 unus
2615 3807 2687 3863 sit
2728 3805 3002 3871 Christus,
3051 3812 3106 3859 et
3151 3819 3292 3858 unus
3311 3803 3456 3857 Deus
3498 3808 3553 3855 et
3581 3814 3724 3853 unus
3751 3797 3853 3853 Dei

2258 3901 2450 3967 Filius,
2474 3907 2530 3955 et
2544 3915 2681 3955 unus
2697 3915 2816 3964 rex,
2831 3906 2885 3953 et
2903 3912 3042 3951 unus
3056 3896 3221 3952 totius
3232 3892 3417 3949 mundi
3433 3889 3855 3955 Salvator,divi-

2258 3996 2428 4050 nitate
2449 3990 2925 4048 consubstantialis
2947 3991 3117 4055 Patri,
3135 3987 3472 4044 humanitate
3492 3985 3858 4039 consubstan-

2260 4088 2405 4144 tialis
2432 4087 2617 4152 matri,
2647 4094 2708 4139 ut
2734 4084 2807 4140 sit
2834 4084 2976 4139 idem
3006 4098 3168 4139 verus
3212 4081 3355 4136 Deus
3394 4086 3449 4133 et
3477 4092 3640 4133 verus
3686 4076 3858 4129 homo

2261 4179 2316 4232 in
2336 4177 2546 4231 unitate
2584 4190 2849 4246 personae.
2878 4173 3014 4229 Nam
3050 4174 3253 4243 et‘ipse
3297 4180 3539 4239 tempore
3578 4167 3860 4239 passionis

2261 4284 2373 4325 sua:
2394 4269 2674 4340 adjuratus
2700 4282 2730 4321 a
2752 4266 3027 4339 pontiﬁce,
3048 4266 3244 4321 Filium
3284 4278 3342 4319 se
3369 4264 3464 4319 Dei
3490 4277 3611 4318 esse
3634 4260 3881 4318 confesa

2263 4378 2357 4417 sus
2391 4370 2494 4416 est.
2548 4360 2615 4439 Et
2652 4360 2819 4414 multa
2868 4359 2992 4413 talia
3026 4358 3180 4431 [Cod.
3238 4356 3385 4423 Vat.,
3434 4362 3488 4409 et
3520 4352 3695 4409 multa
3723 4352 3860 4424 alia]

2261 4453 2527 4509 habemus
2545 4452 2851 4508 testimonia
2872 4452 2927 4505 in
2952 4458 3140 4504 sancto
3162 4445 3473 4519 Evangelio,
3498 4461 3623 4516 qua:
3650 4445 3865 4514 ubique

2265 4560 2389 4600 eum
2417 4544 2615 4598 Filium
2642 4544 2737 4598 Dei
2770 4559 2890 4599 esse
2916 4550 3203 4597 testantur.
3255 4540 3521 4595 Percurre
3547 4551 3747 4594 omnes
3770 4552 3868 4606 pa-

2261 4640 2416 4709 ginas
2444 4637 2769 4708 evangelica:
2798 4636 3157 4701 auctoritatis,
3198 4644 3252 4689 et
3280 4632 3599 4703 epistolares
3635 4640 3869 4687 senten-

2260 4732 2367 4786 tias
2399 4728 2709 4800 apostolicae
2756 4727 3070 4799 dignitatis,
3125 4726 3208 4781 vel
3252 4726 3493 4781 omnium
3536 4731 3869 4780 sanctarum

2266 4824 2675 4894 Scripturarum
2703 4823 2894 4889 series,
2942 4829 2997 4877 et
3040 4821 3299 4891 quidquid
3346 4821 3401 4874 in
3437 4818 3545 4874 illis
3582 4817 3868 4882 invenias,

2265 4915 2370 4969 hoc
2395 4913 2624 4969 ﬁdeliter
2648 4912 2881 4983 praedica
2906 4929 2920 4977 ;
2950 4912 3002 4965 in
3034 4912 3117 4965 his
3140 4909 3387 4974 sufﬁciat,
3415 4917 3469 4964 et
3491 4909 3735 4979 gaudeat
3761 4915 3874 4961 tua:

2270 5006 2573 5061 sanctitatis
2603 5020 2814 5069 sensus,
2845 5012 2904 5057 ut
2924 5003 3141 5074 dignam
3163 5001 3444 5057 catholicae
3485 4997 3613 5055 ﬁdei
3638 5007 3697 5054 et
3720 5014 3877 5069 pra:-

2270 5099 2557 5155 dicationis
2578 5100 2632 5152 in
2661 5106 2863 5153 aeterna
2891 5097 3222 5153 beatitudine
3254 5096 3559 5151 mercedem
3593 5091 3880 5150 mercaris

2270 5192 2531 5259 recipere.

2340 5283 2431 5337 1X.
2460 5283 2696 5339 Obsecro
2710 5291 2762 5339 te
2776 5282 3052 5339 humiliter
3077 5298 3174 5352 per
3186 5281 3501 5357 sanguinem
3529 5276 3887 5349 redemptio-

2268 5376 2353 5431 nis
2381 5383 2670 5441 nostrae,et
2687 5392 2786 5446 per
2816 5376 3052 5432 terribile
3078 5375 3255 5430 ultimi
3278 5374 3382 5430 diei
3406 5372 3697 5442 judicium,
3732 5385 3889 5441 qua-

2272 5473 2431 5522 tenus
2468 5466 2625 5535 hujus
2663 5468 2921 5524 chartula:
2964 5483 3155 5524 sensus
3179 5475 3232 5522 et
3263 5466 3519 5540 syllabas,
3572 5464 3623 5519 si
3658 5465 3723 5519 in
3776 5473 3893 5519 tua

2270 5560 2622 5615 beatitudinis
2653 5576 2842 5616 manus
2860 5562 3200 5633 perveniant,
3231 5559 3470 5633 digneris
3498 5557 3754 5628 dirigere
3788 5569 3897 5625 per

2271 5663 2490 5709 sanctos
2511 5653 2715 5710 Christi
2750 5656 3082 5724 sacerdotes,
3126 5665 3180 5712 et
3217 5653 3465 5711 sublimia
3492 5651 3776 5707 Ecclesiae
3812 5648 3902 5703 lu-

2270 5745 2437 5810 mina,
2469 5761 2590 5815 quae
2617 5754 2741 5801 sunt
2764 5747 2816 5801 in
2838 5749 3085 5817 partibus
3106 5747 3396 5818 Hispaniae.
3466 5744 3524 5799 In
3563 5726 3671 5798 hoc
3729 5742 3900 5796 enim

2267 5839 2633 5912 cognoscitur,
2660 5841 2710 5901 si
2733 5857 2971 5902 amorem
2990 5846 3193 5904 habeas
3229 5843 3471 5903 veritatis
3492 5850 3550 5902 et
3577 5840 3907 5898 universa-
