4030 6358
264 371 382 431 2M

779 367 1197 427 DOGMATICA.
1230 397 1305 410 —
1338 368 1500 425 ADV.
1540 365 1936 425 ELIPANDUM
1973 367 2156 426 LIBRI
2196 371 2287 430 IV.
2324 400 2398 414 —
2433 372 2652 431 EPIST.
2694 370 3024 431 PREVLE.

3432 372 3551 430 24%

248 487 349 555 iis
401 483 657 545 Ecclesiae
698 482 1150 552 conjunctionem,
1199 483 1246 538 si
1287 484 1423 549 hzec,
1469 482 1859 552 qualiacunque
1885 483 1936 544 Δ
1962 483 2135 539 omnis
2160 484 2358 551 homo;
2400 502 2509 542 non
2531 495 2590 542 ut
2612 487 2909 543 divinitatis
2937 492 3133 540 natura
3150 489 3454 541 verteretur
3481 484 3541 541 in

273 588 428 644 sunt,
456 577 738 633 charitatis
758 574 1010 630 fraternae
1052 576 1248 644 scripta
1294 576 1523 630 ﬁdeliter
1572 588 1860 629 conservo-

274 684 407 725 rum
429 667 593 738 867
625 673 838 721 tuorum
864 665 1083 721 auribus
1111 664 1318 735 aperire
1349 665 1640 729 desideras,
1669 673 1723 718 et
1744 663 1863 718 illos

274 764 336 818 in
363 760 572 816 unitate
595 759 872 815 catholicae
883 760 1032 828 pacis
1062 760 1399 815 conﬁrmare.
1434 761 1618 815 Dicam
1644 760 1861 822 iterum,

276 863 335 908 et
364 869 489 909 cum
516 852 662 907 omni
688 851 991 907 humilitate
1021 851 1221 917 dicam,
1263 853 1562 922 saepiusque
1584 861 1861 920 repetens:

272 942 748 1012 Evigilemus,viri
779 940 991 1007 fratres,
1015 942 1082 995 ad
1102 945 1281 997 tubam
1311 944 1474 997 totius
1495 942 1695 996 mundi.
1728 941 1866 995 Ecce

276 1035 483 1089 clamat
512 1049 607 1087 vas
645 1032 939 1097 electionis,
988 1032 1309 1101 praedicator
1349 1033 1606 1104 gentium,
1633 1038 1868 1086 secreta-

276 1128 399 1181 rius
415 1126 675 1181 caelorum
700 1117 886 1179 contra
915 1140 1103 1179 omnes
1126 1125 1616 1189 novitatesvocum,
1645 1125 1828 1179 dicens
1851 1143 1862 1177 :

281 1217 392 1272 Sed
412 1218 530 1271 licet
554 1226 643 1269 aut
669 1215 883 1286 angelus
903 1214 968 1269 de
994 1214 1119 1269 coelo
1149 1215 1461 1285 evangelizet
1491 1216 1654 1279 v'obis,
1681 1226 1869 1285 prwter

278 1310 425 1381 quod
437 1308 899 1378 euangelizavimus
923 1308 1084 1372 vobis,
1124 1308 1401 1361 anathema
1432 1308 1516 1361 sit.
1574 1307 1721 1362 Sicut
1741 1323 1871 1376 pra:—

279 1403 542 1464 diximus,
586 1409 634 1452 et
677 1415 812 1453 nunc
856 1399 1043 1452 iterum
1071 1399 1219 1463 dico;
1268 1399 1312 1453 si
1350 1399 1465 1469 quis
1492 1398 1629 1451 vobis
1656 1414 1869 1467 evange-

278 1493 521 1547 lizaverit
540 1500 730 1561 prieter
756 1489 829 1554 id,
853 1490 990 1560 quod
1010 1492 1301 1561 accepistis,
1329 1491 1605 1544 anathema
1633 1492 1698 1545 sit
1724 1489 1867 1561 (Gal.

280 1601 323 1649 ι,
349 1583 404 1645 8,
441 1581 520 1653 9).
575 1581 714 1636 Ecce
740 1590 939 1651 quanta
967 1581 1163 1636 ﬁducia
1184 1582 1555 1652 prmdicatoris
1571 1582 1756 1636 mundi
1788 1588 1872 1636 est

280 1677 342 1731 in
366 1691 464 1730 sua
493 1674 897 1745 praedicatione,
945 1681 1005 1727 ut
1041 1690 1148 1728 non
1194 1675 1365 1728 solum
1407 1675 1713 1729 hominibus
1743 1689 1871 1728 ana-

279 1766 469 1819 thema
495 1763 710 1828 indixit,
735 1764 782 1817 si
810 1763 1378 1834 aliterprmdicassent,
1409 1782 1568 1835 quam
1599 1768 1711 1835 ipse
1732 1781 1871 1836 prae-

1964 576 2384 643 humanitatem;
2435 580 2530 635 sed
2549 581 2697 635 salva
2726 580 3007 651 majestate
3034 579 3233 645 divina,
3265 584 3543 649 assumpta

1963 676 2048 722 est
2076 669 2403 725 humanitas:
2434 686 2539 725 non
2562 672 2822 727 diminuta
2851 682 2933 728 est
2950 672 3227 737 divinitas,
3253 673 3347 726 sed
3373 671 3544 725 hono-

1966 757 2174 814 riﬁcata
2212 762 2532 827 humanitas,
2580 771 2830 818 manente
2853 764 3185 833 proprietate
3207 769 3415 817 natura:
3438 762 3543 816 hu-

1965 864 2156 917 manae,
2208 860 2268 905 ut
2292 852 2435 908 idem
2470 853 2603 921 ipse,
2652 854 2742 922 qui
2782 870 2848 907 ex
2888 854 2997 907 Deo
3022 854 3181 907 Patre
3217 850 3547 907 mternaliter

1965 950 2123 996 natus
2154 950 2255 1010 est,
2306 960 2373 998 ex
2400 954 2571 998 matre
2592 945 2815 1013 Virgine
2840 946 3206 1014 temporaliter
3250 952 3409 1001 natus
3460 960 3549 1000 es-

1967 1041 2075 1088 set:
2126 1043 2185 1088 ut
2210 1035 2279 1088 sit
2310 1050 2496 1089 verum
2527 1036 2669 1104 quod
2700 1042 2882 1088 tantus
2908 1036 3247 1105 Evangelista
3271 1036 3371 1090 ait:
3418 1033 3546 1089 Ver-

1968 1124 2087 1177 bum
2113 1142 2234 1178 caro
2252 1125 2447 1191 factum
2467 1134 2561 1189 est.
2607 1125 2664 1180 Si
2695 1127 2835 1180 Deus
2848 1125 3008 1180 homo
3032 1124 3203 1179 factus
3228 1133 3331 1191 est,
3362 1126 3549 1196 utique

1968 1213 2130 1268 homo
2169 1216 2310 1270 Deus
2354 1215 2527 1270 factus
2557 1208 2668 1281 est,
2716 1223 2938 1286 propter
2981 1216 3243 1271 unitatem
3278 1231 3546 1286 personae,

1969 1316 2029 1361 ut
2056 1309 2126 1362 sit
2154 1325 2218 1362 ex
2247 1310 2393 1363 omni
2417 1317 2569 1379 parte
2608 1310 2811 1364 veritas
2834 1311 2887 1364 in
2915 1309 3132 1365 Christo
3160 1309 3286 1364 Jesu
3320 1311 3548 1366 Domino

1970 1407 2176 1453 nostro.
2240 1398 2293 1453 Si
2342 1401 2505 1469 igitur
2530 1402 2710 1466 homo,
2740 1401 2829 1470 qui
2875 1410 3182 1470 assumptus
3209 1411 3291 1455 est
3316 1418 3345 1455 a
3368 1403 3548 1457 Verbo

1970 1488 2085 1553 Dei,
2116 1489 2255 1543 Deus
2278 1499 2361 1545 est
2390 1492 2802 1560 nuncupativus,
2830 1492 2954 1560 quia
2977 1492 3080 1545 alia
3104 1504 3298 1547 natura
3336 1501 3419 1547 est
3444 1494 3549 1547 hu-

1971 1582 2265 1645 manitatis,
2311 1583 2411 1637 alia
2463 1584 2785 1650 divinitatis;
2840 1600 3175 1656 consequens
3214 1585 3444 1652 videtur,
3491 1592 3554 1639 ut

1969 1672 2133 1739 Deus,
2186 1677 2276 1744 qui
2302 1675 2573 1731 hominem
2621 1679 2929 1747 assumpsit,
2976 1680 3136 1733 homo
3176 1679 3247 1733 sit
3274 1692 3549 1747 nuncupa-

1974 1766 2135 1832 tivus,
2195 1775 2251 1820 et
2307 1784 2413 1821 non
2457 1777 2635 1837 potest
2673 1778 2834 1833 stare,
2884 1772 3027 1839 quod
3077 1770 3404 1840 evangelista
3442 1770 3547 1823 ait:

282 1855 581 1920 dicaverat,
604 1855 697 1910 sed
719 1855 1147 1925 angelisquoque
1159 1857 1443 1911 anathema
1464 1857 1689 1911 minavit
1712 1855 1863 1928 [Cod.
1898 1852 1947 1912 B
1980 1857 2205 1913 Verbum
2234 1877 2355 1914 caro
2386 1862 2584 1931 factum
2610 1873 2704 1917 est.
2762 1863 3021 1919 Similiter
3048 1865 3449 1935 intelligendum
3468 1872 3555 1920 est

299 1948 449 2015 Vat.,
479 1949 1000 2022 anathematizavit],
1055 1950 1101 2005 si
1128 1951 1252 2005 novi
1293 1951 1493 2021 aliquid
1520 1952 1871 2007 immisissent

283 2041 346 2097 in
370 2041 753 2113 prgadicatione
782 2042 1088 2111 apostolica:
1118 2043 1483 2098 auctoritatis:
1542 2059 1703 2113 quam
1730 2058 1869 2113 pra:-

286 2104 616 2195 dicationem
658 2134 979 2206 evangelica:
1003 2134 1250 2188 veritatis
1295 2150 1400 2188 non
1445 2149 1503 2188 se
1528 2134 1596 2189 ab
1632 2135 1865 2189 homini-

286 2234 416 2298 bus,
462 2232 554 2288 sed
587 2233 654 2286 ab
680 2231 797 2300 ipso
825 2229 1051 2284 Domino
1070 2237 1254 2283 nostro
1290 2225 1413 2281 Jesu
1469 2226 1686 2281 Christo
1734 2226 1869 2280 didi-

283 2326 432 2380 cisse
472 2332 716 2388 testatur,
756 2322 847 2377 ubi
884 2321 990 2375 ait:
1046 2320 1226 2390 Neque
1257 2320 1394 2374 enim
1443 2336 1533 2389 ego
1570 2319 1633 2371 ab
1662 2316 1870 2371 homine

283 2417 470 2485 accepi
497 2413 651 2478 illud,
681 2428 841 2483 neque
861 2411 1042 2474 didici,
1070 2408 1159 2463 sed
1210 2425 1302 2479 per
1352 2408 1713 2463 reuelationem
1738 2406 1869 2460 Iesu

285 2503 491 2560 Christi
541 2503 702 2575 (Ibid.
758 2502 867 2571 l2).
927 2501 1098 2556 Aliter
1143 2501 1420 2569 praedicat,
1468 2500 1559 2570 qui
1594 2498 1869 2554 Christum

284 2595 602 2665 adoptivum
648 2591 892 2647 nominat
914 2589 1109 2644 Filium
1147 2590 1260 2653 Dei,
1296 2605 1453 2659 quem
1484 2589 1569 2644 ille
1593 2591 1870 2659 proprium

282 2690 486 2746 Filium
504 2686 598 2742 Dei
623 2685 934 2740 nominavit.
987 2684 1156 2737 Aliter
1175 2683 1451 2752 praedicat,
1482 2684 1572 2752 qui
1596 2681 1871 2736 Christum

282 2782 474 2838 Jesum
486 2780 657 2835 Deum
676 2777 1092 2845 nuncupativum
1119 2775 1380 2839 nominat,
1405 2789 1566 2843 quem
1591 2773 1678 2827 ille
1701 2772 1870 2826 Deum

285 2891 455 2946 super
490 2872 670 2929 omnia
698 2870 1035 2927 benedictum
1095 2868 1410 2923 nominavit.
1485 2865 1550 2920 Et
1587 2866 1678 2935 qui
1717 2865 1875 2919 aliter

286 2968 569 3039 praedicat,
620 2965 806 3018 timeat
844 2961 1150 3030 apostolicae
1176 2959 1514 3014 auctoritatis
1554 2959 1870 3023 anathema;

286 3076 402 3117 non
432 3058 605 3113 solum
629 3054 874 3125 apostoli,
914 3052 1007 3107 sed
1034 3052 1199 3106 etiam
1248 3051 1343 3105 Dei
1366 3049 1588 3113 Christi,
1627 3065 1784 3117 quem
1820 3050 1874 3103 in

289 3166 354 3207 se
374 3151 611 3204 locutum
636 3161 755 3202 esse
802 3152 1049 3208 testatur,
1081 3141 1174 3196 ubi
1199 3142 1305 3195 ait:
1362 3140 1443 3193 An
1465 3142 1873 3211 experimentum

286 3204 408 3313 eius
434 3239 693 3310 quieritis,
730 3236 819 3306 qui
862 3236 917 3288 in
956 3204 1045 3287 me
1087 3231 1318 3302 loquitur
1363 3204 1600 3285 Christus
1634 3229 1718 3301 (II
1750 3229 1873 3283 Cor.
1904 3204 1949 3266 Ο

290 3348 411 3391 χιιι,
445 3330 529 3402 3)?
563 3327 840 3395 Quomodo
861 3324 1116 3395 quislibet
1143 3323 1428 3378 temeraria
1459 3322 1878 3391 praesumptione

290 3423 582 3479 Dominum
606 3429 851 3475 nostrum
898 3415 1080 3473 Jesum
1122 3414 1395 3471 Christum
1446 3416 1751 3484 ad0ptivum
1782 3413 1876 3468 Dei

289 3515 490 3571 Filium
511 3514 791 3569 nominare
841 3510 1020 3574 audet,
1053 3523 1212 3577 quem
1235 3515 1417 3561 tantus
1444 3506 1787 3574 praedicator,
1819 3512 1879 3558 ut

292 3609 551 3671 diximus,
591 3604 868 3675 proprium
895 3602 989 3657 Dei
1038 3600 1232 3655 Filium
1285 3599 1601 3664 nominavit,
1652 3598 1739 3653 ubi
1772 3599 1874 3653 ait:

298 3700 404 3767 Qui
428 3699 637 3770 proprio
667 3695 805 3749 Filio
852 3711 946 3749 suo
978 3710 1080 3748 non
1124 3693 1345 3763 pepercit
1388 3691 1556 3762 (Rom.
1591 3707 1709 3756 vni,
1737 3692 1829 3763 55)
1856 3693 1879 3745 ?

296 3791 391 3845 Vel
409 3804 514 3858 qua
543 3786 767 3842 audacia
790 3786 1036 3840 eumdem
1064 3783 1348 3838 Dominum
1360 3788 1415 3834 et
1442 3781 1610 3835 Deum
1636 3791 1879 3835 nostrum

292 3883 418 3951 quis
445 3878 722 3949 prmsumit
748 3876 1025 3931 nominare
1054 3874 1471 3941 nuncupativum
1498 3873 1687 3934 Deum,
1716 3888 1877 3942 quem

293 3974 441 4029 idem
470 3970 741 4042 apostolus
763 3968 1103 4023 benedictum
1153 3981 1314 4035 super
1358 3966 1533 4019 omnia
1560 3965 1747 4030 Deum,
1795 3965 1877 4018 vel

290 4065 461 4121 etiam
489 4075 739 4131 magnum
763 4060 932 4113 Deum
957 4073 1062 4111 non
1089 4057 1353 4111 dubitavit
1381 4055 1525 4111 clara
1575 4070 1708 4109 voce
1750 4070 1879 4108 con-

294 4154 445 4210 ﬁtcri
468 4161 521 4208 et
544 4151 851 4207 nominare?
894 4149 983 4202 Ait
1004 4150 1184 4216 itaque
1222 4147 1287 4201 ad
1319 4145 1530 4200 Titum:
1560 4146 1879 4215 Easpertan-

292 4257 372 4301 tes
414 4246 615 4298 beatam
668 4258 809 4312 spem
848 4240 916 4292 et
974 4239 1250 4291 adventum
1276 4236 1457 4307 gloria»
1504 4236 1677 4305 magni
1706 4234 1801 4287 Dei
1830 4244 1875 4289 et

298 4334 592 4392 Saluatoris
622 4332 782 4385 nostri
808 4329 937 4384 Iesu
968 4330 1182 4392 Christi,
1255 4328 1344 4398 qui
1378 4327 1517 4380 dedit
1546 4329 1875 4407 semetipsum

291 4445 391 4500 pro
415 4427 582 4491 nobis,
610 4434 665 4478 ut
688 4441 779 4478 nos
803 4424 1069 4478 redimeret
1102 4422 1165 4475 ab
1190 4422 1329 4475 omni
1359 4422 1632 4491 iniquitate
1655 4421 1781 4490 (Tit.
1814 4438 1873 4487 ιι,

298 4522 385 4583 15,
420 4519 528 4587 l-l).
576 4517 824 4585 Magnum
868 4517 1052 4583 utique
1074 4514 1242 4566 Deum
1272 4528 1394 4565 eum
1422 4513 1736 4577 nominavit,
1783 4513 1871 4581 qui

293 4619 561 4665 venturus
579 4616 664 4663 est
683 4606 927 4675 judicare
952 4606 1105 4660 vivos
1132 4613 1188 4658 et
1216 4613 1474 4667 mortuos,
1504 4620 1608 4658 non
1634 4607 1874 4659 dcuncu-

295 4706 409 4758 lum
434 4702 743 4771 quemdam,
785 4698 997 4768 qualem
1024 4713 1161 4752 nova
1183 4697 1537 4766 quorumdam
1568 4696 1716 4767 ﬁngit
1740 4714 1878 4766 pra:-

298 4792 559 4861 sumptio.
612 4789 670 4843 Si
697 4790 819 4857 quis
857 4788 1063 4843 dubitet
1098 4788 1161 4842 de
1190 4802 1296 4856 quo
1318 4786 1542 4841 dixisset
1567 4787 1873 4856 Apostolus,

294 4886 447 4955 legat
461 4884 771 4937 Tractatum
794 4880 935 4935 beati
950 4879 1260 4950 Hieronymi
1274 4891 1321 4944 α,
1338 4894 1498 4948 quem
1521 4878 1575 4932 in
1601 4878 1739 4933 hanc
1750 4879 1879 4933 fecit

298 4978 618 5049 Epistolam.

372 5068 441 5123 Χ.
478 5065 938 5121 Considerandum
992 5073 1076 5118 est
1098 5063 1423 5135 diligentius,
1476 5071 1531 5117 et
1551 5063 1727 5117 omnis
1762 5062 1879 5132 pie-

297 5162 433 5218 tatis
472 5159 745 5214 intellectu
799 5156 1200 5227 percipiendum
1233 5196 1247 5220 ,
1308 5154 1451 5224 quod
1496 5154 1585 5208 ille
1621 5152 1884 5207 mirabilis

296 5249 633 5321 evangelista
661 5250 768 5303 ait:
834 5246 1057 5301 Verbum
1109 5263 1232 5299 caro
1288 5245 1487 5315 factum
1532 5255 1624 5310 est,
1684 5245 1735 5299 id
1778 5250 1879 5308 est,

299 5342 451 5398 Deus
488 5342 653 5395 homo
682 5339 855 5394 factus
879 5345 980 5393 est.
1029 5337 1107 5390 Ex
1147 5337 1326 5391 carnis
1350 5338 1529 5405 itaque
1556 5336 1770 5390 nomine
1798 5342 1880 5388 to-

299 5442 420 5488 tum
446 5432 719 5487 hominem
743 5428 1073 5500 signiﬁcans,
1128 5436 1185 5481 ut
1214 5428 1269 5481 in
1298 5443 1362 5482 eo
1389 5427 1505 5482 loco
1540 5427 1880 5497 intelligitur:

311 5520 523 5577 Videbit
546 5523 713 5575 omnis
740 5537 861 5574 caro
892 5518 1122 5573 salutare
1152 5517 1247 5570 Dei
1285 5516 1432 5588 (Luc.
1460 5535 1542 5582 ιιι,
1574 5517 1651 5588 6),
1701 5515 1755 5569 id
1783 5524 1884 5581 est,

373 5668 401 5696 ι
436 5654 496 5710 S.
520 5654 667 5709 Hier.
696 5656 769 5710 in.
788 5654 862 5709 cit
884 5654 1060 5709 locum
1086 5653 1244 5722 epist.
1276 5652 1342 5705 ad
1372 5651 1580 5704 Titum:
1621 5669 1641 5722 ι
1664 5650 1885 5721 Magnus

298 5728 450 5782 Deus
474 5724 632 5780 Iesus
657 5724 906 5779 Christus
921 5721 1169 5778 Salvator
1190 5721 1405 5786 dicitur,
1431 5737 1535 5774 non
1566 5721 1885 5790 primogeni-

302 5812 394 5854 ‘ms
430 5797 607 5851 omnis
640 5804 923 5860 creatum,
958 5809 1066 5850 non
1089 5792 1322 5848 Verbum
1350 5792 1446 5845 Dei
1502 5798 1555 5845 et
1600 5792 1879 5861 sapientia,

1906 4556 1955 4615 Ι)

1968 1965 2125 2005 versa
2162 1953 2277 2006 vice
2299 1952 2365 2005 de
2381 1952 2696 2022 adoptione:
2744 1956 2788 2009 si
2834 1956 2953 2010 ideo
2998 1955 3086 2010 ille
3111 1957 3292 2022 homo,
3345 1958 3437 2027 qui
3465 1973 3555 2013 as-

1968 2051 2212 2111 sumptus
2244 2052 2345 2107 est,
2391 2044 2673 2113 adoptivus
2718 2053 2801 2099 est
2825 2044 2965 2100 ﬁlius
2989 2047 3118 2111 Deo,
3150 2047 3275 2115 quia
3325 2048 3431 2102 alia
3447 2064 3550 2102 na-

1969 2140 2087 2187 tura
2144 2140 2226 2186 est
2277 2132 2651 2198 humanitatis,
2698 2135 2803 2189 alia
2831 2136 3146 2202 divinitatis,
3188 2136 3429 2205 sequitur
3459 2138 3553 2193 illa

1968 2224 2275 2280 necessaria
2305 2226 2606 2291 conversio,
2666 2235 2725 2280 ut
2754 2227 2915 2292 Deus,
2947 2229 3037 2297 qui
3059 2222 3131 2282 ex'
3154 2228 3373 2299 Virgine
3395 2236 3555 2284 natus

1969 2325 2072 2383 est,
2102 2318 2173 2371 sit
2193 2318 2476 2387 adoptivus
2503 2318 2662 2383 Deus,
2710 2328 2765 2375 et
2801 2335 2908 2375 non
2937 2320 3009 2375 sit
3055 2320 3211 2375 beata
3236 2322 3421 2391 Virgo,
3477 2337 3557 2376 se-

1970 2412 2201 2465 cundum
2231 2409 2603 2466 Nestorianam
2627 2412 2979 2482 impietatem,
3005 2427 3131 2467 vera
3162 2413 3407 2468 Genitrix
3434 2414 3554 2479 Dei,

1971 2501 2063 2555 sed
2089 2518 2185 2571 per
2213 2504 2519 2572 quamdam,
2573 2504 2619 2557 si
2649 2505 2765 2559 ﬁeri
2795 2507 2985 2575 possit,
3018 2507 3358 2576 adoptionem
3386 2514 3559 2561 mater

1973 2591 2086 2644 Dei.
2152 2591 2304 2659 Quod
2335 2608 2497 2661 quam
2548 2591 2700 2665 [Cod.
2739 2593 2881 2661 Vat.,
2933 2597 3213 2670 quantum]
3256 2597 3555 2653 nefandum

1972 2684 2063 2748 sit,
2114 2692 2168 2736 et
2191 2699 2353 2752 quam
2388 2685 2627 2755 impium,
2679 2695 2735 2740 et
2763 2689 2829 2741 ab
2862 2688 3008 2742 omni
3030 2690 3259 2745 veritate
3297 2690 3554 2755 alienum,

1973 2776 2218 2845 quisquis
2238 2777 2324 2845 pie
2350 2777 2415 2832 de
2440 2777 2654 2832 Christo
2694 2780 2885 2846 sentit,
2933 2783 3194 2851 agnoscit.
3260 2782 3370 2836 Has
3422 2798 3553 2839 vero
3600 2768 3607 2779 ’

1974 2868 2240 2922 novitates
2272 2883 2478 2931 vocum,
2512 2870 2813 2924 charissimi
2842 2878 2898 2925 et
2939 2872 3251 2926 clarissima:
3278 2872 3556 2943 dignitatis

1974 2960 2100 3023 viri,
2153 2961 2372 3015 omnino
2400 2960 2655 3030 abjicite,
2718 2970 2775 3016 et
2822 2971 3180 3019 consentanea
3232 2964 3559 3034 evangelicis

1975 3049 2143 3120 868
2170 3051 2379 3121 paginis
2425 3058 2479 3104 et
2515 3050 2824 3119 apostolicis
2864 3053 3240 3109 traditionibus
3270 3055 3474 3109 credite
3503 3064 3561 3109 et

1978 3141 2298 3211 praelicate;
2344 3142 2702 3213 intelligentes
2728 3144 2832 3196 alia
2864 3144 3079 3199 nomina
3131 3145 3187 3199 in
3214 3145 3430 3201 Christo
3448 3146 3560 3203 Deo

1980 3234 2197 3303 propria
2223 3249 2364 3299 esse,
2419 3235 2522 3289 alia
2568 3236 2923 3307 signiﬁcativa
2963 3257 2974 3291 :
3023 3246 3079 3293 et
3106 3239 3397 3295 discernite
3430 3240 3562 3310 quid

1981 3325 2067 3378 cui
2122 3321 2272 3395 [Cod.
2308 3324 2511 3391 Paris,
2542 3328 2669 3396 quid
2693 3328 2908 3401 cuique]
2950 3329 3026 3383 rei
3052 3330 3356 3385 conveniat.
3426 3330 3563 3386 Pro-

1979 3418 2097 3486 pria
2129 3418 2343 3472 nomina
2370 3427 2492 3472 sunt
2521 3419 2574 3472 in
2600 3419 2834 3483 Christo,
2871 3418 3200 3491 Unigenitus,
3233 3419 3565 3493 Primogeni—

1979 3518 2085 3574 tus,
2116 3509 2277 3574 Deus,
2312 3509 2403 3563 Dei
2422 3508 2616 3576 Filius,
2644 3521 2688 3565 et
2710 3528 2845 3567 unus
2869 3510 3019 3584 [Cod.
3043 3513 3187 3579 Vat.,
3214 3522 3263 3566 et
3279 3512 3558 3586 Dominus]

1979 3601 2133 3655 Jesus
2189 3599 2446 3655 Christus.
2523 3601 2886 3672 Signiﬁcativa
2926 3603 3141 3657 nomina
3190 3612 3315 3658 sunt
3340 3614 3562 3674 propter

1979 3694 2236 3762 quasdam
2268 3694 2527 3757 actiones,
2553 3708 2671 3762 qum
2688 3694 2966 3765 completze
2984 3703 3107 3749 sunt
3132 3695 3187 3749 in
3214 3693 3327 3760 illo,
3354 3694 3455 3762 leo,
3479 3695 3563 3751 la-

1975 3785 2080 3854 pis,
2108 3785 2235 3849 ovis,
2258 3784 2471 3849 vitulus,
2497 3785 2773 3850 vermis,et
2796 3786 2924 3840 talia
2940 3786 3190 3856 plurima,
3216 3802 3337 3857 quae
3351 3788 3561 3843 ratione

1979 3875 2333 3931 discernenda
2356 3885 2500 3931 sunt.
2942 3930 2957 3939 ,

2049 3964 2137 4018 XI.
2167 3965 2303 4019 Dicit
2330 3966 2586 4034 praefatus
2607 3965 2927 4020 venerabilis
2953 3965 3101 4020 Felix
3133 3967 3180 4030 ι’,
3237 3985 3255 4017 ι
3291 3966 3562 4035 Hispaniae

1980 4058 2228 4112 doctores
2242 4055 2513 4111 Christum
2529 4056 2835 4125 adoptiVum
2853 4057 3038 4111 solitos
3051 4072 3174 4112 esse
3197 4058 3509 4124 nominare;
3534 4076 3555 4110 ι

1977 4150 2071 4205 sed
2094 4150 2210 4206 illos
2272 4150 2520 4204 doctores
2566 4166 2664 4204 nos
2709 4164 2814 4203 non
2844 4150 3102 4220 legimus,
3147 4165 3320 4220 neque
3349 4150 3415 4205 ad
3462 4166 3563 4207 nos

1978 4242 2192 4296 illorum
2206 4243 2406 4311 scripta
2436 4244 2828 4311 pervenerunt:
2855 4249 2910 4295 et
2929 4242 2973 4295 si
2992 4241 3244 4306 dixerint,
3273 4240 3411 4296 forte
3433 4242 3565 4296 sim-

1976 4332 2100 4401 plex
2133 4332 2432 4401 ignorantia
2461 4346 2555 4385 eos
2580 4331 2818 4385 defendit
2845 4348 2874 4385 a
2900 4346 3156 4385 mucrone
3178 4332 3561 4398 anathematis,

1977 4439 2085 4478 non
2110 4423 2357 4491 pertinax
2374 4422 2575 4476 erroris
2591 4421 2832 4479 defensio
2855 4422 3429 4477 excommunicationis
3441 4438 3561 4491 per-

1978 4516 2115 4570 cutit
2137 4515 2312 4584 gladio
2337 4512 2489 4586 [Cod.
2522 4514 2664 4577 Vat.,
2690 4514 2941 4587 gladius].
2969 4512 3137 4583 Major
3152 4529 3362 4584 quoque
3377 4523 3565 4569 aucto-

1981 4607 2115 4660 ritas
2143 4606 2422 4659 doctorum
2454 4604 2617 4659 totius
2644 4604 2829 4658 mundi
2863 4604 3020 4658 debet
3060 4618 3199 4667 esse,
3249 4619 3410 4674 quam
3431 4620 3565 4674 pau-

1982 4712 2168 4751 corum
2194 4697 2248 4749 in
2283 4695 2556 4766 Hispania.
2602 4695 2769 4765 Igitur
2798 4698 2987 4751 beatus
3014 4695 3270 4762 lsidorus,
3306 4698 3392 4751 cui
3424 4698 3561 4753 nihil

1984 4788 2239 4857 Hispania
2263 4788 2459 4843 clarius
2489 4788 2697 4852 habuit,
2726 4787 2891 4841 multa
2921 4788 3140 4842 nomina
3173 4788 3325 4857 ponit
3355 4789 3420 4844 de
3449 4789 3562 4847 Deo

1982 4881 2198 4957 Christo
2234 4880 2287 4933 iu
2317 4879 2687 4950 Etymologiis,
2715 4878 2798 4932 vel
2824 4877 2944 4932 aliis
2974 4879 3257 4949 scripturis
3307 4880 3437 4946 suis,
3467 4880 3564 4936 sed

1985 4972 2038 5025 in
2062 4972 2205 5027 nullo
2233 4971 2351 5025 loco
2374 4971 2676 5024 invenimus
2695 4985 2817 5023 eum
2847 4969 3157 5038 adoptivum
3180 4969 3264 5025 vel
3278 4986 3562 5041 nuncupa-

1988 5063 2155 5116 tivum
2180 5062 2367 5124 Deum,
2420 5058 2516 5113 Dei
2547 5059 2740 5112 Filium
2773 5058 3048 5113 Christum
3091 5060 3419 5126 nominasse,
3464 5060 3563 5122 sed

1986 5165 2199 5220 semper
2221 5150 2537 5223 universalis
2558 5158 2759 5204 sanetae
2802 5149 2899 5204 Dei
2920 5150 3175 5205 Ecclesiae
3212 5151 3266 5205 in
3293 5150 3561 5206 catholica

1992 5242 2093 5296 ﬁde
2116 5258 2239 5296 eum
2270 5240 2574 5295 consentire
2602 5240 2921 5295 invenimus.

2060 5333 2172 5389 XII.
2214 5333 2271 5387 Si
2299 5341 2476 5387 vestra
2514 5345 2643 5384 vero
2661 5332 2832 5400 pietas
2856 5338 2913 5384 et
2938 5331 3079 5386 bona
3101 5330 3369 5395 voluntas,
3389 5344 3556 5400 quam

1992 5428 2204 5483 habetis
2240 5427 2293 5480 in
2320 5425 2519 5480 Christi
2551 5425 2834 5488 charttate,
2890 5425 3028 5478 hanc
3054 5422 3332 5492 epistolam
3382 5421 3559 5491 perle-

1986 5533 2110 5588 gere
2139 5517 2429 5581 curaverit,
2459 5524 2515 5570 et
2535 5515 2686 5570 vobis
2709 5515 2972 5584 placuerit
2995 5512 3407 5568 communicatio
3434 5526 3563 5568 sane

1984 5655 2078 5709 sed
2102 5653 2257 5709 Jesus
2284 5652 2557 5709 Christus:
2617 5667 2734 5721 qua:
2762 5650 3017 5706 vocabula
3040 5649 3299 5718 assumpti
3325 5650 3562 5710 hominis

1984 5734 2258 5850 SUELVide
2280 5809 2441 5865 supra
2461 5794 2557 5849 lib.
2588 5809 2664 5848 vn
2696 5792 2954 5847 adversus
2981 5790 3215 5846 Felicem
3232 5785 3399 5847 'num.
3430 5792 3519 5848 l5.
