4030 6358
515 338 621 396 24⁸5

1377 336 1441 392 Β.
1482 333 1547 392 F.
1590 332 1818 391 ALBlNI
1855 331 1990 392 SEU
2028 332 2303 392 ALCUINI
2351 332 2637 394 OPERUM
2671 332 2852 391 PARS
2889 322 2975 391 ill.

3694 342 3793 403 ειι

514 462 617 510 ctze
641 448 766 509 ﬁdei
809 451 1113 522 nobiscum,
1162 460 1218 509 et
1246 458 1310 509 ut
1357 467 1667 510 sermonem
1705 452 1901 523 saepius
1940 451 2105 507 facia-
2129 462 2182 521 Α
2209 451 2262 506 in
2292 452 2558 507 charitate
2579 450 2781 506 Christi
2806 451 2898 505 Dei
2938 448 3204 520 proﬁcere
3234 458 3508 522 Optamus,
3570 454 3794 518 dilectis-

510 560 637 605 mus
663 548 805 605 inter
830 566 931 606 nos
953 538 1297 616 familiarem,
1332 549 1491 620 plura
1512 547 1665 604 vobis
1692 549 1759 603 de
1791 549 1999 603 ratione
2018 563 2108 603 οι·-

510 640 765 711 thodosre
788 640 933 708 ﬁdei,
967 650 1022 697 et
1058 641 1427 698 ecclesiastica
1471 656 1629 712 pace,
1669 649 1724 695 et
1755 648 1945 697 sancta
1987 640 2110 695 uni-

512 742 649 799 tate,
673 735 964 791 miserante
994 736 1106 791 Deo
1122 736 1338 792 Christo
1363 751 1493 791 vero
1515 737 1626 791 Deo
1647 742 1701 792 et
1730 734 1949 807 proprio
1970 733 2108 790 Filio

510 825 879 899 Bch-dirigere
901 828 1293 883 curaverimus.
1319 827 1445 882 Haec
1466 828 1682 883 interim
1699 842 1871 897 pauca
1898 841 1963 882 ex
1986 827 2113 881 cha-

510 918 691 975 ritatis
712 917 859 975 l‘onte
884 920 1512 991 dictavimus,-optantes
1533 932 1629 974 vos
1653 920 1853 991 ubique
1879 919 1932 973 in
1958 916 2106 973 omni

511 1008 790 1064 sanctitati
814 1017 867 1064 et
887 1010 1099 1064 unitate
1133 1009 1361 1080 paciﬁca
1385 1012 1649 1080 proﬁcere
1699 1026 1881 1065 coram
1910 1009 2021 1065 Deo
2050 1016 2105 1064 et

509 1099 837 1156 hominibus.
913 1102 1022 1157 Vos
1066 1116 1195 1157 vero
1231 1101 1593 1157 communiter
1616 1101 1842 1156 obsecro
1873 1100 1927 1154 in
1957 1100 2106 1155 calce

509 1190 672 1262 hujus
702 1191 967 1265 epistolae,
1021 1194 1391 1250 sacratissima
1440 1193 1644 1248 lumina
1690 1193 1992 1265 Hispaniae,
2044 1202 2105 1248 ut

508 1286 827 1342 memoriam
854 1286 1025 1341 nostri
1056 1286 1111 1341 in
1136 1286 1500 1342 sacrosanctis
1543 1286 1740 1341 vestris
1766 1285 2105 1342 orationibus

507 1380 713 1437 habere
757 1380 1073 1454 dignemini.
1143 1383 1247 1438 Vos
1291 1398 1421 1438 vero
1454 1424 1469 1447 ,
1508 1383 1839 1438 sanctissimi
1884 1383 2096 1452 Patres,

508 1487 645 1545 quos
697 1474 839 1529 Deus
890 1482 1129 1530 rectores
1153 1476 1335 1547 populi
1367 1475 1449 1530 sui
1480 1476 1781 1540 constituit,
1808 1492 1904 1546 per
1959 1476 2101 1531 dona

508 1568 684 1624 sancti
715 1566 948 1641 Spiritus
977 1570 1033 1624 in
1058 1569 1205 1626 omni
1237 1569 1501 1640 sapientia
1524 1569 1803 1625 catholicm
1824 1569 1995 1642 pacis,
2047 1577 2101 1624 et

2213 545 2560 612 simiPatres,
2574 545 2796 600 Fratres
2815 553 2871 600 et
2883 544 3009 600 Filii
3036 547 3088 600 in
3110 546 3328 601 Christo
3345 548 3573 604 Domino
3595 563 3789 615 nostro.

2211 640 2401 696 Valete
2429 642 2483 696 in
2510 651 2850 713 perpetuum.
2908 641 3009 709 Qui
3057 641 3218 714 legat,
3260 642 3491 701 feliciter
3527 646 3712 720 legat,
3745 661 3796 709 et

2212 735 2481 790 veraciter
2510 734 2863 805 intelligat,et
2877 735 3108 790 ﬁdeliter
3123 737 3331 802 credat,
3349 754 3469 811 quae
3491 739 3633 795 dicta
3656 751 3793 810 sunt,

2214 838 2481 900 quatenus
2504 828 2835 883 :elernaliter
2885 843 3116 901 regnare
3143 836 3415 885 mereatur
3443 847 3564 886 cum
3594 847 3679 900 eo,
3738 835 3796 892 de

2213 937 2322 993 quo
2350 922 2505 977 nobis
2531 936 2710 976 sermo
2747 929 2850 987 cst,
2902 920 3183 977 Salvatore
3228 933 3413 981 nostro
3459 924 3569 983 Deo
3598 942 3729 986 vero
3747 935 3796 986 et

2215 1014 2356 1080 vivo,
2390 1012 2620 1070 Domino
2644 1022 2831 1069 nostro
2856 1011 2987 1069 Jesu
3013 1014 3251 1071 Christo.

2666 1153 3003 1212 EPISTOLA
3040 1155 3357 1214 ELIPANDI

2824 1286 2891 1325 Αι)
2941 1288 3197 1340 ΑιιιιΝυιι,

2422 1382 2804 1457 Responsiones
2830 1386 3100 1441 continens
3130 1385 3324 1458 prioris
3350 1386 3599 1461 epistolae.

2210 1497 2366 1554 Hanc
2387 1497 3233 1575 epistglamridesisinteLQpera
3272 1499 3545 1575 Elipandi,
3588 1503 3802 1575 hujusce

2496 1565 2816 1641 Patrologire
2847 1579 2984 1623 (omo
3010 1565 3214 1638 XCVI,
3248 1565 3510 1628 col.'870.

511 1687 3787 1722 ——————————_———————-——_—————~

1033 1785 1203 1859 οη
1222 1785 1649 1849 SADVERSUS
1690 1785 2162 1850 ELIPANDUM
2207 1786 2706 1849 TOLETANUM
2750 1787 2987 1850 LIBER
3030 1789 3348 1853 PRIMUS.

568 2010 616 2071 ι.
655 2012 915 2070 Paratum
968 2028 1060 2067 cor
1084 2028 1256 2067 meum
1286 2012 1453 2079 Deus,
1506 2020 1753 2083 paratum
1795 2029 1886 2066 cor
1928 2029 2099 2065 meum
2129 2014 2177 2074 B
2207 2008 2341 2066 duos
2393 2006 2554 2073 ﬁlios,
2606 2006 2885 2078 pr0prium
2933 2016 3097 2079 atque
3154 2007 3497 2079 adoptivum;
3550 2027 3674 2091 qu
3729 2014 3804 2070 dt-

503 2099 680 2178 (Psal.
716 2119 825 2170 Lv1,
850 2104 928 2176 8).
968 2102 1229 2159 Paratum
1255 2102 1436 2158 divina
1469 2102 1771 2173 inspirante
1808 2106 1983 2175 gratia
2034 2102 2102 2157 ad

501 2198 887 2271 proferendam
912 2200 1159 2255 veritatis
1178 2188 1513 2264 doctrinam;
1566 2207 1817 2269 paratum
1849 2199 1917 2251 ad
1966 2198 2102 2252 resi-

502 2292 753 2348 SIendum
777 2291 1025 2346 falsitatis
1046 2290 1352 2357 erroribus;
1391 2299 1661 2361 paratum,
1693 2290 1917 2345 Domine
1947 2288 2097 2355 Jesu,

500 2392 558 2439 te
602 2400 805 2449 amare,
838 2383 1058 2439 laudare
1095 2391 1150 2438 et
1179 2383 1504 2453 przedicare;
1558 2393 1806 2453 paratum
1837 2392 1889 2437 te
1911 2398 2099 2437 verum

501 2470 693 2541 Deum,
724 2492 1022 2546 verumque
1051 2477 1145 2531 Dei
1176 2475 1372 2530 Filium
1405 2476 1725 2548 intelligere,
1786 2492 1907 2529 cuni
1940 2475 2099 2529 beato

500 2569 833 2640 evangelista
857 2568 951 2638 qui
975 2556 1043 2621 ile
1070 2567 1438 2623 sacratissima
1488 2569 1565 2621 tui
1605 2568 1841 2637 pectoris
1866 2566 2099 2636 plenitu-

500 2660 627 2715 dine
650 2658 929 2715 catholicze
958 2659 1204 2715 veritatis
1228 2661 1488 2715 hauriens
1518 2659 1679 2715 ﬁdem
1702 2662 1779 2715 ait
1809 2679 1819 2713 ε
1849 2660 1979 2714 "rec
2003 2679 2099 2714 au-

500 2756 604 2804 tem
631 2752 823 2821 scripta
864 2758 1004 2815 sunt,
1038 2760 1094 2804 ut
1133 2750 1359 2804 credatis
1388 2752 1512 2821 quia
1546 2750 1705 2805 Jesus
1757 2761 1831 2805 est
1860 2749 2097 2805 Christus

499 2844 679 2900 Filius
712 2846 805 2900 Dei
833 2845 1015 2918 (Joan.
1047 2861 1141 2911 xx,
1171 2846 1285 2919 5i).
1315 2846 1543 2916 Moxque
1565 2847 1727 2917 hujus
1752 2846 1875 2900 ﬁdei
1900 2862 2096 2918 perpe-

499 2948 651 2995 tuam
690 2941 979 2995 ostendens
1008 2941 1333 3003 mercedem,
1366 2940 1669 3010 subjnnxit:
1705 2939 1772 2995 Et
1798 2951 1854 2993 ut
1881 2940 2098 2994 creden-

499 3041 574 3087 tes
602 3034 758 3087 vitam
784 3042 1034 3086 aeternam
1056 3031 1289 3087 habeatis
1318 3033 1371 3085 in
1402 3033 1609 3087 nomine
1651 3032 1796 3103 ejus;
1848 3033 2094 3086 eumdem

501 3123 813 3193 evangelica
843 3122 1170 3178 auctoritate
1209 3123 1301 3178 Di-i
1333 3122 1531 3177 Filium
1567 3124 1891 3193 praedicans,
1935 3139 2095 3194 quem

498 3213 719 3271 Gabriel
747 3216 1123 3288 arcliangelus,
1166 3226 1457 3286 antequam
1486 3217 1884 3288 conciperetur,
1926 3218 2096 3271 beatae

498 3306 711 3382 Virgini
736 3310 919 3367 Jesum
943 3309 1245 3381 Filiumque
1277 3309 1539 3367 Altissimi
1593 3310 1937 3365 vocitandum
1976 3323 2095 3363 esse

2194 2830 2321 2898 Filii
2353 2885 2367 2909 ,

2203 2102 2344 2157 visio
2365 2101 2594 2155 duarum
2643 2101 2848 2172 absque
2899 2100 3235 2157 dubitatione
3262 2117 3623 2173 personarum
3686 2120 3804 2163 esse

2204 2198 2527 2269 intelligitur

2271 2288 2357 2344 Ill.
2390 2288 2542 2343 Sicut
2556 2288 2815 2359 possibile
2836 2304 2960 2346 esse
2975 2289 3086 2345 Deo
3104 2306 3210 2346 non
3228 2295 3621 2364 estnegandum
3637 2304 3698 2350 ut
3713 2295 3806 2353 Fi-

2199 2378 2306 2434 lius
2322 2380 2579 2445 hominis,
2600 2381 2726 2434 dum
2754 2381 2943 2446 voluit,
2970 2382 3246 2452 perlectus
3268 2390 3321 2438 et
3344 2387 3601 2457 proprius
3624 2384 3802 2455 ﬁeret,

2201 2473 2280 2528 sic
2320 2490 2423 2528 non
2446 2481 2527 2528 est
2549 2474 2660 2527 Deo
2688 2476 3171 2531 contradicendum
3230 2485 3292 2532 ut
3320 2478 3613 2534 humanam
3645 2492 3807 2537 natu-

2202 2581 2342 2630 ram,
2389 2582 2552 2637 quam
2580 2566 2632 2620 in
2670 2566 2986 2637 dignitatem
3043 2582 3153 2623 suae
3201 2582 3447 2638 personae
3476 2574 3803 2643 assumpsit,

2200 2658 2255 2712 iu
2285 2659 2673 2729 proprietatem
2701 2658 2822 2713 Filii
2847 2658 2941 2713 Dei
2968 2660 3210 2714 exaltare
3236 2661 3525 2730 potuisset,
3570 2672 3630 2716 ut
3655 2673 3804 2719 esset

2199 2753 2388 2808 eadem
2409 2768 2641 2823 persona
2670 2767 2792 2807 cum
2814 2760 3092 2823 assumpto
3121 2753 3341 2809 homine
3381 2755 3434 2809 in
3462 2756 3804 2826 pr0prietate

2427 2860 2547 2914 quae
2602 2843 2702 2897 fuit
2733 2852 2862 2897 ante
2910 2844 3092 2898 omnia
3136 2844 3332 2899 s:ecula
3383 2846 3437 2899 in
3493 2847 3804 2902 substantia

2198 2933 2444 2990 Deitatis.
2504 2935 2647 3006 Ergo
2677 2935 2730 2988 in
2763 2934 2909 2988 omni
2961 2935 3101 2990 serie
3123 2945 3433 2991 sanctarum
3472 2936 3793 3007 Scriptura-

2199 3043 2320 3082 rum
2350 3042 2624 3096 nunquam
2650 3042 2846 3082 nomen
2876 3025 3183 3097 adeptionis
3220 3027 3439 3083 Christo
3490 3029 3698 3099 imponi
3730 3031 3805 3087 le-

2198 3118 2363 3191 gitur,
2396 3119 2489 3173 sed
2520 3134 2619 3172 nos
2644 3134 2741 3189 per
2769 3128 2893 3173 eum
2935 3119 3242 3189 adoptionis
3265 3121 3538 3191 accepisse
3568 3125 3802 3193 gratiam

2199 3218 2488 3266 testantur.
2548 3210 2625 3265 De
2670 3227 2776 3283 qua
2821 3213 3110 3281 adoptione
3134 3212 3186 3265 in
3212 3227 3311 3267 nos
3356 3212 3500 3269 facta
3539 3214 3806 3287 prmtatus

2198 3301 2529 3371 evangelista
2557 3300 2664 3356 ait:
2739 3300 2806 3356 In
2844 3305 3059 3374 propria
3095 3303 3253 3369 venit,
3290 3314 3339 3357 et
3385 3306 3469 3359 sui
3511 3323 3631 3360 eum
3697 3325 3803 3361 non

498 3379 847 3474 pnedixerat.
885 3401 1024 3457 Nulli
1050 3379 1270 3458 dubium
1300 3411 1386 3456 est
1415 3402 1543 3470 quin
1570 3401 1635 3456 ad
1651 3402 1942 3456 htunanam
1969 3416 2092 3470 per-
2114 3379 2162 3441 ο
2195 3403 2495 3463 receperunt
2531 3412 2548 3447 :
2577 3403 2830 3468 quotquot
2890 3404 3063 3447 autem
3111 3406 3415 3467 receperunt
3471 3414 3612 3463 eum,
3655 3399 3805 3453 dedit

499 3492 698 3547 tineret
728 3500 979 3547 naturam
1002 3509 1197 3548 nomen
1221 3491 1371 3558 Jesu,
1420 3493 1473 3547 in
1514 3509 1621 3564 quo
1660 3493 1897 3558 nomine,
1934 3492 2096 3547 beato

500 3582 723 3641 doctore
747 3586 987 3659 gentium
1025 3593 1334 3650 attestante,
1367 3602 1518 3639 omne
1550 3591 1701 3657 genu'
1718 3586 1968 3658 ﬂectitur,
1999 3602 2097 3639 ca:-

500 3676 731 3744 lestium,
759 3678 1107 3744 terrestrium,
1141 3688 1189 3732 et
1214 3678 1541 3749 infernarum
1563 3720 1576 3745 ,
1610 3688 1659 3733 et
1700 3680 1866 3733 omnis
1913 3679 2096 3750 lingua

500 3771 799 3841 conﬁtetur,
846 3772 969 3842 quia
1000 3770 1255 3825 Dominus
1298 3769 1454 3825 Jesus
1480 3772 1535 3824 in
1561 3770 1729 3842 gloria
1758 3781 1829 3825 est
1862 3771 1956 3825 Dei
1982 3769 2094 3827 Pa-

502 3863 597 3917 tris
627 3860 849 3933 (Philip.
881 3879 942 3928 11,
976 3861 1082 3931 10).
1145 3862 1309 3934 Cujus
1335 3878 1548 3933 quoque
1582 3864 1815 3918 nominis
1856 3873 2098 3935 potesta-

2197 3485 2272 3540 eis
2297 3495 2599 3557 potestatem
2629 3487 2769 3556 filios
2798 3487 2897 3541 Dei
2926 3488 3042 3559 fieri
3084 3486 3263 3560 (Joan.
3300 3505 3339 3553 1,
3394 3489 3506 3559 ii).
3563 3488 3683 3543 Non
3715 3498 3805 3546 est

2196 3580 2315 3637 haac
2335 3589 2579 3652 potestas
2605 3582 2907 3654 adoptionis
2950 3600 2981 3637 a
3009 3584 3252 3657 quolibet
3278 3585 3534 3659 adoptivo
3564 3587 3619 3640 in
3670 3602 3804 3642 san-

2197 3682 2313 3730 ctos
2341 3674 2554 3742 collata,
2602 3676 2693 3733 sed
2719 3676 2785 3731 ab
2811 3693 2897 3745 eo,
2945 3693 3104 3751 quem
3128 3679 3280 3751 quasi
3311 3680 3661 3751 unigenitum,
3695 3680 3804 3750 ple—

2198 3786 2322 3823 num
2351 3770 2522 3839 gratia
2558 3779 2606 3825 et
2631 3770 2843 3823 veritate
2868 3785 2991 3824 mox
3014 3771 3067 3823 in
3088 3769 3330 3841 sequenti
3364 3772 3630 3829 sententia
3654 3771 3802 3827 idem

2199 3869 2426 3915 testatur
2470 3861 2822 3933 evangelista.
2878 3860 2943 3914 Et
2971 3860 3131 3934 paulo
3162 3868 3314 3931 post:
3363 3860 3441 3914 De
3469 3859 3802 3933 plenitudine

3951 87 3953 223 ι

3954 236 3955 331 ψ

499 3961 612 4010 tem
640 3954 831 4009 beatus
860 3954 1051 4010 Petrus
1080 3956 1331 4026 princeps
1357 3954 1724 4028 apostolorum
1777 3956 1833 4012 iu
1865 3957 2097 4012 sanitate
2195 3952 2311 4024 ejus
2328 3968 2418 4006 nos
2442 3969 2617 4006 omnes
2640 3952 2953 4024 accepimus,
2973 3961 3019 4006 et
3043 3954 3273 4025 gratiam
3292 3969 3387 4025 pro
3411 3953 3584 4024 gratia
3602 3951 3798 4025 (Ibid.,

504 4050 704 4117 claudi,
749 4052 840 4122 qui
888 4048 955 4104 ad
996 4047 1308 4120 Speciosam
1358 4050 1541 4120 templi
1591 4058 1804 4121 portam
1853 4050 2091 4120 jacebat,
2198 4042 2308 4116 16).
2353 4043 2419 4097 Ει
2448 4043 2769 4114 Apostolus:
2824 4042 2889 4097 In
2926 4062 3028 4117 quo
3077 4044 3277 4099 habitat
3321 4046 3494 4099 omnis
3522 4043 3800 4116 plenitudo

503 4148 762 4213 οειρηάίι,
786 4148 911 4202 dum
945 4145 1048 4200 ait;
1083 4145 1149 4199 ιη
1177 4145 1382 4199 nomine
1407 4143 1535 4197 ,Ῑρειι
1569 4144 1839 4198 Nazareni
1866 4160 2019 4214 surge
2046 4154 2095 4200 ει
2196 4134 2487 4188 divinitatis
2517 4134 2859 4206 corporaliter
2881 4133 3018 4209 (Col.
3050 4152 3111 4201 11,
3143 4135 3220 4208 9).
3278 4133 3332 4190 Si
3359 4136 3577 4207 adoptio
3627 4146 3717 4192 est
3743 4137 3802 4193 in

505 4241 719 4296 ambula
752 4241 890 4312 (Act.
930 4239 1121 4311 111,6);
1161 4238 1253 4308 qui
1275 4236 1560 4293 confestim
1592 4243 1812 4289 sanatus
1840 4234 2096 4291 exsiliens
2196 4224 2430 4291 Christo.
2477 4242 2582 4280 non
2630 4234 2714 4281 est
2741 4228 2917 4283 omnis
2942 4226 3217 4299 plenitudo
3256 4227 3555 4283 nobilitatis
3606 4228 3662 4282 in
3692 4244 3794 4297 eo;

503 4343 559 4389 et
596 4332 880 4386 ambulans
901 4331 1159 4386 laudabat
1194 4331 1383 4385 Deum.
1456 4328 1676 4384 Addidit
1712 4342 1925 4399 quoque
1952 4328 2093 4385 idem
2196 4318 2323 4389 quia
2354 4316 2568 4389 ὓάοῐηίο
2629 4318 2693 4373 de
2719 4317 2954 4388 quadam
2985 4326 3242 4372 extranea
3294 4334 3528 4389 persona
3583 4320 3798 4375 assumi

499 4426 694 4483 beatus
745 4423 1023 4495 apostolus
1072 4422 1231 4493 hujus
1259 4420 1495 4476 nominis
1529 4419 1922 4485 excellentiam,
1967 4420 2095 4477 dum
2196 4410 2332 4466 solet
2372 4410 2427 4465 in
2452 4408 2545 4463 ﬁlii
2572 4424 2799 4475 nomen;
2830 4426 2929 4463 nec
2961 4409 3249 4481 quisquam
3281 4409 3672 4483 apostolorum,
3701 4412 3799 4483 qui

499 4536 535 4576 a
589 4518 788 4575 Judieis
844 4516 1101 4589 prohibiti
1164 4522 1291 4570 sunt
1342 4514 1573 4585 apostoli
1631 4516 1686 4571 in
1751 4532 1816 4572 eo
1874 4516 2095 4573 nomine
2197 4509 2322 4555 sunt
2353 4500 2555 4554 lumina
2597 4509 2649 4555 et
2674 4500 2922 4555 doctores
2965 4503 3129 4556 totius
3166 4500 3370 4564 mundi,
3422 4499 3549 4556 Jesu
3585 4504 3797 4558 nomini

500 4609 823 4685 pmdicane,
875 4609 1102 4664 dicens:
1168 4605 1280 4662 Nec
1310 4607 1450 4662 enim
1489 4617 1564 4662 est
1603 4606 1751 4662 aliud
1784 4625 1970 4663 nomen
1996 4608 2092 4664 sub

502 4700 631 4763 caelo
651 4702 835 4756 datum
860 4698 1176 4765 hominibus,
1204 4699 1259 4755 in
1280 4714 1383 4771 quo
1413 4707 1647 4770 oporteat
1680 4714 1774 4755 nos
1792 4698 1964 4755 salvos
1975 4699 2095 4769 ﬁeri

500 4798 643 4953 (All:
672 4797 1017 4950 absidem
1045 4889 1154 4943 Deo
1176 4885 1467 4942 miserante
1491 4886 1620 4942 mihi
1671 4894 1753 4941 est
1776 4899 1939 4940 causa
1963 4892 2092 4940 con-

500 4998 586 5051 tra
609 4997 661 5044 te
693 4986 984 5051 scribendi,
1033 4992 1089 5039 et
1126 4989 1248 5039 tuas
1276 4980 1588 5037 destruendi
1637 4977 2007 5041 inﬁdelitates,
2059 4993 2092 5032 ο

2119 4744 2175 4803 D

2196 4592 2537 4663 adOptioncm
2566 4591 2764 4646 addere
2790 4591 2976 4646 voluit.
3032 4590 3233 4663 Nempe
3260 4592 3405 4647 inter
3425 4592 3711 4666 adOptivos
3741 4602 3801 4647 et

2196 4686 2445 4758 proprios
2492 4684 2629 4738 ﬁlios
2696 4684 2888 4740 beatus
2940 4683 3271 4755 Augustinus
3310 4685 3365 4738 in
3421 4682 3799 4754 disputatione

2196 4794 2358 4850 quam
2411 4776 2598 4833 habuit
2639 4792 2760 4830 cum
2789 4774 3062 4830 Feliciano
3086 4775 3319 4847 quodam
3366 4773 3584 4833 Arianae
3628 4785 3798 4831 secta:

2194 4870 2479 4926 defensore
2513 4868 2789 4931 discrevit,
2848 4867 2918 4920 ita
2942 4865 3128 4921 dicens
3151 4878 3176 4905 α
3213 4884 3225 4918 :
3276 4885 3294 4917 ‹
3329 4864 3592 4919 Filiorum
3635 4881 3795 4921 nam-

2192 4978 2299 5035 que
2318 4961 2554 5033 adoptivi
2598 4960 2687 5013 alii
2710 4966 2855 5021 sunt,
2907 4957 3183 5012 naturales
3213 4957 3325 5013 alii.
3403 4957 3468 5012 lli
3524 4957 3652 5029 quia
3692 4972 3796 5029 ge-

498 5081 666 5142 Pater
690 5080 969 5150 Elipande,
1010 5095 1131 5150 quae
1166 5078 1270 5135 fuit
1304 5079 1463 5135 beato
1510 5072 1705 5130 Joanni
1745 5070 2091 5143 evangelista:
2192 5055 2291 5150 niti
2320 5055 2387 5150 ab
2418 5052 2728 5150 initioLﬁ-lii
2756 5068 2971 5122 semper
2993 5067 3054 5105 ac
3085 5051 3295 5150 proprii
3322 5058 3477 5150 sunt:
3506 5051 3581 5150 illi
3608 5051 3796 5150 primo

500 5184 750 5231 sanctum
780 5188 945 5229 causa
983 5172 1251 5229 scribendi
1272 5168 1649 5241 Evangelium,
1692 5173 1752 5221 ut
1779 5173 2089 5221 sanctarum

501 5262 906 5335 Scripturarum
926 5262 1250 5318 auctoritate
1294 5268 1348 5316 et
1372 5257 1655 5315 catholica:
1680 5254 1803 5310 ﬁdei
1858 5253 2087 5308 veritate

499 5357 804 5420 ostendam,
833 5353 1015 5411 Iesum
1053 5352 1330 5410 Christum
1372 5364 1562 5406 verum
1587 5362 1709 5402 esse
1735 5344 1929 5400 Filium
1968 5343 2083 5409 Dei,

500 5449 666 5521 877
696 5463 807 5505 non
825 5448 1002 5505 solum
1045 5448 1099 5501 in
1146 5462 1212 5503 ea
1243 5452 1438 5499 natura
1482 5456 1602 5509 quin
1646 5437 1975 5493 aaternaliter
2017 5450 2084 5491 ex

501 5538 615 5597 Deo
641 5540 803 5597 Patre
829 5541 1011 5614 genita
1034 5545 1138 5603 est,
1169 5549 1358 5591 verum
1385 5533 1548 5586 etiam
1589 5539 1644 5585 et
1690 5546 1754 5584 ex
1784 5544 1847 5583 ea
1876 5526 2079 5599 [Forte,

501 5628 563 5689 in
588 5631 675 5704 ea]
722 5650 842 5705 quae
863 5631 1234 5704 temporaliter
1258 5644 1325 5682 ex
1348 5633 1521 5679 matre
1551 5622 1771 5693 Virgine
1798 5620 1938 5676 facta
1965 5627 2080 5689 est;

2193 5146 2375 5212 alieni,
2416 5154 2537 5216 post
2581 5144 2694 5207 ﬁlii,
2750 5159 2870 5199 cum
2903 5159 2999 5212 per
3034 5142 3378 5217 adoptionem
3430 5143 3484 5198 in
3524 5142 3794 5198 familiam

2194 5238 2447 5297 videntur
2476 5235 2725 5290 adscisci.
2764 5255 2781 5288 i
2845 5234 3073 5304 Quando
3100 5235 3263 5290 homo
3289 5233 3540 5293 Christus
3571 5250 3639 5289 ex
3668 5232 3798 5293 Vir-

2192 5331 2315 5403 gine
2337 5338 2494 5385 natus
2512 5328 2721 5382 alienus
2742 5326 2845 5382 fuit
2870 5326 2980 5381 Dco
3011 5327 3170 5381 Patre
3198 5324 3417 5400 [Patri],
3435 5332 3493 5381 ut
3514 5341 3579 5379 ex
3610 5324 3795 5381 alieno

2192 5425 2425 5499 quodam
2453 5439 2551 5498 per
2580 5420 2923 5493 adoptionem
2942 5420 3337 5475 adscisceretur
3365 5417 3419 5473 in
3445 5416 3539 5473 ﬁlii
3562 5434 3789 5477 nomen.

2192 5517 2381 5572 Nonne
2430 5517 2486 5571 in
2535 5516 2649 5586 ipso
2695 5522 2979 5583 conceptu,
3031 5520 3291 5581 operante
3326 5520 3515 5565 sancto
3555 5508 3791 5578 Spiritu,

2190 5612 2438 5671 exbeata
2496 5610 2717 5685 Virgine
2762 5608 2908 5664 Deus
2947 5621 3127 5673 verus,
3183 5614 3239 5661 et
3267 5605 3364 5661 Dei
3391 5604 3562 5660 Filius
3622 5618 3794 5662 verus

501 5739 577 5787 no
626 5696 769 5784 uim;
825 5696 993 5785 iam;
1027 5722 1199 5781 Filius
1248 5717 1345 5777 Dei
1401 5714 1651 5775 Christ
1702 5712 1976 5772 dividatur
2029 5711 2084 5766 in
2192 5716 2481 5783 conceptus
2516 5712 2618 5767 esi.
2664 5711 2721 5763 et
2748 5711 2992 5777 tempore
3039 5709 3345 5777 opportuno
3370 5697 3568 5759 natus?
3612 5696 3687 5755 At
3738 5697 3793 5754 si

558 5840 604 5890 θα
645 5846 704 5905 S.
730 5846 870 5908 Aug.
900 5842 1081 5906 potius
1106 5838 1330 5908 Vigilius
1352 5834 1641 5907 Tapsensis
1681 5831 1807 5887 libr.
1844 5828 1911 5886 de
1936 5826 2151 5885 Unitate
2177 5823 2482 5891 Trinitatis,
2512 5836 2632 5892 cap.
2666 5819 2720 5887 6,
2754 5827 2885 5876 tom.
2912 5816 3027 5875 Vill
3046 5816 3209 5890 Oper.
3243 5816 3301 5873 S.
3332 5814 3472 5886 Aug.
3497 5809 3751 5885 Append.
