4030 6358
295 323 411 386 848

1022 325 1445 386 DOGMATICA.
1480 355 1551 369 α·-
1582 324 1742 383 ADV.
1786 325 1893 380 ELI

1998 324 2184 382 NDUM
2221 326 2406 383 LIBRI
2439 326 2530 385 IV.
2567 354 2638 372 --
2673 327 2803 386 LIB.
2845 326 2888 383 I.

3486 326 3592 389 246

298 460 596 515 nunquam
625 445 855 510 alienus,
909 460 1183 516 nunquam
1210 445 1377 516 igitur
1400 444 1715 514 adoptivus:
1757 445 1906 512 quia,
1936 446 1987 506 Α
2016 443 2229 497 nomina
2262 460 2396 499 mea:
2426 446 2726 516 imposuisti
2751 460 3019 517 personae,
3067 461 3299 517 quorum
3327 449 3594 521 imagines

296 546 367 593 ut
387 538 587 592 beatus
604 537 942 607 Augustinus
964 537 1059 601 ait,
1106 551 1173 590 ex
1212 536 1390 591 alieno
1429 536 1665 606 quodam
1690 536 1902 604 adopti-

295 645 405 687 vus
434 630 575 686 solet
623 628 782 691 edici.
841 630 1033 685 Restat
1072 646 1201 703 ergo
1247 639 1305 685 ut
1346 630 1527 685 statim
1569 630 1725 685 ﬁeret
1746 628 1903 683 Chri-

292 734 425 779 atus
461 725 720 794 proprius
758 722 929 778 Filius
975 723 1072 778 Dei
1122 724 1192 778 ab
1243 723 1359 793 ipso
1407 730 1671 791 conceptu
1701 761 1716 786 ,
1776 721 1902 790 quia

294 830 588 886 nunquam
649 816 862 871 alienus
922 814 1039 870 fuit.
1115 816 1405 887 Nunquam
1470 831 1602 872 vero
1672 816 1898 880 alienus,

294 907 435 977 quia
492 922 774 977 nunquam
827 915 977 962 vetus
1022 907 1187 963 homo
1230 908 1371 962 fuit:
1432 908 1560 962 licet
1598 908 1653 963 in
1714 920 1903 962 errore

298 1009 526 1066 vestro,
586 1008 777 1056 contra
807 1000 969 1056 tidem
1009 1001 1334 1057 catholicam
1388 1001 1601 1056 dicatur
1652 999 1902 1057 Christus

300 1088 473 1148 homo
503 1101 683 1148 vetus.

369 1184 464 1239 IV.
508 1184 643 1240 Nam
668 1185 859 1240 beatus
886 1185 1249 1257 Hieronymus
1305 1186 1383 1241 ait
1424 1186 1478 1241 in
1512 1194 1748 1241 tractatu
1776 1185 1903 1255 Epi—

300 1278 461 1333 stula:
488 1278 559 1333 ad
588 1277 882 1348 Ephesios:
931 1297 948 1328 ‹
980 1277 1120 1345 Quid
1173 1280 1316 1333 enim
1348 1278 1403 1333 in
1450 1279 1689 1343 hornine,
1731 1278 1823 1347 qui
1870 1294 1901 1333 a

298 1369 595 1426 Salvatore
624 1378 812 1427 nostro
850 1383 1162 1440 assumptus
1211 1380 1314 1437 est,
1357 1388 1466 1427 non
1510 1387 1707 1427 novum
1754 1371 1902 1426 fuit?

294 1462 636 1534 Conceptus,
665 1465 943 1528 nativitas,
970 1474 1181 1534 partus,
1209 1465 1458 1531 infantia,
1476 1467 1745 1529 doctrina,
1770 1466 1899 1530 vita,

295 1556 572 1612 virtutes:
620 1564 676 1611 et
712 1556 780 1611 ad
808 1564 1109 1611 extremum
1137 1573 1271 1611 crux
1316 1568 1371 1612 et
1416 1559 1618 1627 passio,
1666 1557 1903 1627 Spolialts

296 1662 359 1703 In
394 1662 462 1702 ca
507 1648 846 1718 principatus
883 1657 937 1704 et
962 1650 1267 1704 contrarias
1285 1648 1634 1704 fortitudines
1666 1649 1903 1704 ostentui

296 1741 548 1798 habens:
600 1743 927 1798 resurrectio
969 1760 1183 1813 quoque
1231 1752 1286 1799 et
1308 1746 1554 1800 ascensio
1599 1746 1654 1800 in
1682 1746 1898 1801 omium.

2006 545 2062 589 et
2104 545 2403 605 potestates
2433 540 2484 592 in
2511 541 2731 596 civitate
2782 556 2881 596 sua
2903 539 3165 599 Dominus
3194 542 3338 598 Deus
3362 543 3493 600 olim
3522 544 3595 604 ad

2003 629 2229 684 nihilum
2260 630 2498 701 redegit?
2534 648 2641 688 non
2676 649 2986 691 memorans
3024 636 3153 705 quid
3179 636 3246 693 de
3281 637 3389 693 tuis
3408 635 3596 695 simili-

2001 723 2103 779 bus
2118 724 2404 781 Psalmista
2428 737 2664 791 caneret,
2688 728 2907 785 dicens:
2942 727 3207 789 Venenum
3234 732 3475 803 aspidum
3495 731 3591 789 sub

1998 814 2158 871 labiis
2184 834 2384 880 eorum,
2409 835 2634 888 quorum
2662 836 2719 874 os
2747 819 3113 877 maledictione
3157 831 3205 876 et
3235 823 3592 881 amaritudine

2001 909 2210 981 plenum
2241 919 2315 963 est
2349 909 2518 982 (Psal.
2544 927 2664 976 xui,
2691 911 2767 980 5).
2836 912 2901 965 Et
2928 913 3043 982 ipsa
3076 913 3289 971 Veritas
3326 913 3383 969 in
3410 912 3591 969 Evan-

2003 1003 2147 1071 gelia
2171 1001 2372 1057 Iudaeis
2398 1004 2771 1073 improperans
2808 1018 2907 1073 pro
2940 1005 3237 1061 benefactis
3284 1006 3397 1062 suis
3423 1004 3593 1061 male—

2002 1096 2145 1152 dicta
2168 1110 2378 1161 eorum,
2406 1096 2509 1151 ait:
2567 1093 2851 1167 Progenies
2874 1097 3185 1167 viperarum,
3214 1098 3473 1169 quomodo
3492 1114 3591 1170 ρο-

2003 1190 2148 1242 testis
2169 1188 2304 1243 bona
2327 1187 2489 1258 loqui,
2512 1205 2630 1245 cum
2652 1190 2765 1244 sitis
2794 1187 2963 1243 mali?
2993 1188 3079 1242 Ea:
3099 1190 3424 1245 abundantia
3449 1191 3592 1247 enim

2002 1281 2173 1335 cordis
2209 1297 2267 1336 os
2298 1279 2546 1350 loquitur.
2605 1281 2674 1335 Et
2700 1282 2925 1336 iterum:
2972 1280 3152 1336 Bonus
3178 1282 3330 1337 homo
3350 1284 3413 1337 de
3447 1284 3582 1339 bona

2002 1374 2245 1427 thesauro
2274 1374 2446 1428 cordis
2472 1376 2556 1428 sui
2602 1376 2801 1444 profert
2851 1374 3005 1439 bona,
3051 1384 3100 1429 et
3126 1374 3296 1429 malus
3321 1376 3472 1429 homo
3521 1374 3587 1430 de

2000 1462 2142 1516 malo
2164 1464 2408 1517 thesauro
2434 1464 2605 1519 cordis
2628 1465 2709 1519 sui
2732 1464 2931 1534 profert
2971 1463 3114 1518 mala
3146 1462 3359 1533 (Matth.
3377 1481 3471 1527 xu,
3494 1464 3587 1530 54,

2000 1555 2112 1627 55).
2173 1555 2359 1611 Simile
2387 1555 2557 1627 [Leg.,
2608 1555 2667 1612 Si
2694 1554 2858 1628 mala]
2905 1564 2988 1611 est
3030 1554 3352 1618 maledictio,
3401 1554 3590 1625 utique

2002 1664 2067 1703 ex
2089 1649 2211 1702 mali
2242 1649 2419 1705 cordis
2450 1650 2703 1705 thesauro
2736 1649 3018 1718 processit.
3075 1647 3305 1703 Omnino
3340 1646 3480 1703 maia
3504 1653 3593 1703 est

2005 1738 2333 1803 maledictio,
2369 1739 2688 1809 prohibente
2739 1754 2859 1795 eam
2884 1737 3168 1808 Apostolo:
3225 1734 3403 1790 Nolite
3427 1775 3443 1801 ,
3490 1735 3590 1803 ait,

296 1832 405 1888 ilic
426 1847 563 1903 ergo
590 1848 718 1888 vere
738 1842 956 1889 creatus
971 1841 1056 1889 est
1084 1835 1137 1889 in
1155 1834 1363 1905 iustitia
1387 1843 1443 1891 et
1467 1836 1754 1891 sanctitate
1770 1836 1906 1890 veri-
1934 1826 1983 1886 B
2011 1830 2319 1884 maledicere
2350 1830 2526 1900 (Rom.
2559 1847 2657 1895 xu,
2690 1828 2802 1898 ii).
2860 1829 3025 1900 Igitur
3072 1829 3159 1900 qui
3199 1826 3493 1894 maledicit,
3522 1841 3593 1883 ex

298 1923 460 1988 satis,
482 1925 614 1992 quia
634 1923 780 1979 Deus
800 1941 982 1991 verus,
1006 1926 1103 1979 Dei
1129 1942 1256 1980 vere
1274 1926 1409 1997 (AL,
1430 1928 1566 1999 veri]
1584 1927 1751 1983 Filius
1774 1928 1897 1989 fuit,

294 2025 361 2071 at
386 2024 503 2070 tota
526 2017 583 2071 in
612 2015 704 2072 illo
724 2017 913 2089 religio
943 2027 1107 2087 atque
1136 2017 1348 2086 iustitia
1376 2018 1472 2074 Dei
1500 2020 1727 2075 veritate
1749 2036 1897 2076 com-

294 2106 444 2177 pleta
467 2112 572 2161 est.
612 2124 632 2159 ι
676 2108 886 2162 Videtis
921 2123 1084 2177 quam
1110 2108 1434 2164 ﬁduciaiiter
1463 2109 1566 2164 iste
1594 2110 1900 2179 praecipuus

296 2195 356 2251 in
383 2198 629 2252 Ecclesia
672 2194 764 2251 Dei
786 2199 974 2252 doctor
994 2197 1267 2253 Christum
1296 2199 1631 2269 prmdicavit,
1686 2216 1901 2270 semper

294 2304 504 2345 novum
532 2288 828 2353 hominem,
872 2302 1170 2359 verumque
1195 2289 1385 2352 Deum,
1429 2303 1663 2358 vereque
1689 2289 1783 2343 Dei
1807 2290 1897 2343 Fi-

296 2383 431 2441 lium
456 2389 703 2438 creatum
733 2394 874 2447 esse,
906 2391 1069 2453 atque
1096 2385 1150 2439 in
1176 2398 1243 2439 eo
1271 2399 1486 2439 omnem
1526 2384 1795 2453 justitiam
1843 2384 1897 2438 in

297 2473 398 2530 Dei
426 2474 662 2528 veritate
686 2474 1009 2543 mmpietam
1033 2488 1153 2529 esse
1184 2473 1432 2528 afﬁrmat.
1491 2472 1617 2529 11ωο
1643 2489 1749 2526 una
1775 2487 1898 2527 scn-

297 2568 493 2629 tcutia,
531 2567 577 2621 si
604 2566 929 2624 ﬁduciaiiter
950 2568 1158 2639 legatur
1182 2576 1239 2621 et
1255 2567 1518 2621 veraciter
1543 2566 1897 2635 intelligatur,

298 2661 570 2731 pessimas
596 2661 765 2715 vestri
788 2661 990 2716 erroris
1016 2658 1619 2716 evacuatassertiones:
1646 2659 1772 2712 dum
1800 2672 1897 2712 vos

300 2752 485 2807 dicitis
532 2748 813 2807 Christum
842 2759 1080 2813 veterem
1136 2752 1434 2817 hominem,
1476 2753 1897 2821 nuncupativum

302 2843 498 2909 Deum,
529 2843 844 2913 adoptivum
882 2844 1072 2899 ﬁlium.
1123 2843 1231 2898 Iste
1257 2858 1389 2899 vero
1411 2843 1776 2899 nobilissimus
1806 2845 1899 2901 do—

298 2944 423 2992 ctor
445 2935 787 2991 Saivatorem
823 2945 1069 2991 nostrum
1120 2951 1318 2992 novum
1364 2937 1659 3001 hominem,
1709 2952 1897 2991 verum

301 3026 570 3092 Deum,ct
596 3042 724 3082 vere
737 3026 835 3082 Dei
859 3026 1078 3092 Filium,
1100 3028 1419 3098 absququa
1447 3028 1721 3085 dubietate
1746 3043 1905 3107 creag

298 3130 416 3174 tum
438 3125 700 3174 testatur.

368 3210 438 3265 Ὗ.
481 3211 628 3266 Ecce
673 3211 893 3280 quidam
941 3210 1125 3268 fervor
1148 3211 1499 3266 testiﬁcanda:
1532 3211 1777 3266 veritatis
1807 3226 1893 3264 me
1923 3182 1973 3246 α

298 3303 483 3371 rapuit
514 3302 582 3357 ab
622 3301 812 3357 ordine
858 3302 1247 3372 responsionis.
1283 3302 1388 3357 Sed
1418 3303 1740 3374 incipiamus
1766 3320 1897 3358 ame

298 3394 518 3469 (Forte,
555 3394 707 3467 ante]
740 3396 1037 3452 sententias
1076 3397 1154 3452 tui
1197 3396 1471 3453 discutere
1498 3396 1663 3452 libelli
1692 3416 1703 3450 :
1731 3405 1786 3450 et
1818 3398 1897 3452 ia-

302 3485 555 3557 teiligant
581 3486 674 3556 qui
702 3486 903 3557 legant,
940 3488 1043 3557 pia:
1085 3488 1478 3545 exhortationis
1506 3489 1897 3558 charitatisque

299 3578 534 3643 calamo,
588 3594 623 3634 ο
645 3579 804 3635 Pater
831 3580 1114 3649 Elipande,
1136 3581 1474 3649 conscriptos
1517 3582 1584 3637 ad
1616 3590 1764 3636 tuam
1816 3597 1899 3636 rc-

300 3671 607 3725 verentiam
627 3672 832 3742 apices,
869 3673 955 3726 vel
982 3674 1161 3744 impia:
1190 3672 1609 3735 maledictionis,
1638 3689 1777 3743 quos
1805 3690 1896 3729 ve-

300 3774 510 3819 nenosa
530 3778 630 3819 ore
645 3764 948 3832 procaciter
962 3765 1135 3835 873
1165 3779 1288 3819 meo
1314 3764 1519 3819 nomini
1534 3766 1765 3833 dirigere
1785 3774 1898 3821 stu-

301 3854 509 3922 duisti,
557 3855 644 3910 vel
670 3871 739 3910 ex
786 3870 894 3927 quo
929 3857 1121 3927 spiritu
1172 3857 1227 3911 in
1267 3857 1441 3927 prima
1467 3855 1649 3912 fronte
1679 3868 1893 3913 tuarum

300 3943 610 4001 litterarum
632 3947 815 4003 statim
841 3949 1003 4003 verba
1028 3947 1315 4004 dirissima:
1342 3948 1736 4005 maledictionis
1764 3966 1893 4020 pro-

303 4035 451 4092 lbrre
468 4037 763 4095 voluisses.
808 4039 922 4110 Ego
950 4055 1179 4111 prorsus
1211 4040 1441 4109 simplici
1469 4041 1735 4097 charitate
1761 4058 1894 4098 mea:

304 4127 612 4183 devotionis
634 4144 824 4198 preces
866 4139 969 4184 tua:
1000 4131 1170 4184 direxi
1202 4132 1537 4199 reverentiae,
1579 4133 1893 4188 desiderans

303 4205 639 4274 senectutem
663 4227 810 4275 tuam
846 4236 944 4290 per
963 4221 1236 4277 Christum
1262 4223 1482 4290 salvari,
1520 4231 1577 4278 et
1617 4225 1684 4278 ad
1706 4227 1894 4281 catho-

302 4306 423 4363 lica:
450 4309 604 4379 pacis
628 4311 970 4367 concordiam
998 4312 1260 4377 revocari,
1292 4313 1410 4369 sine
1448 4331 1555 4384 qua
1583 4315 1734 4381 nihil,
1794 4333 1894 4372 nec

306 4397 423 4467 ipsa
449 4400 702 4471 martyrii
725 4401 917 4472 gloria,
950 4402 1060 4458 Deo
1082 4405 1410 4473 acceptante
1458 4420 1580 4462 esse
1605 4405 1760 4477 [ϐοά.
1786 4405 1893 4462 Ρα-

307 4489 424 4555 ris.,
450 4505 551 4546 nec
574 4491 744 4560 ipsam
850 4492 1076 4562 gloriam
1181 4494 1565 4562 acccptabiiem
1590 4496 1729 4567 esse]
1762 4497 1890 4551 bea-

304 4590 392 4635 tus
435 4581 639 4638 Paulus
686 4583 973 4653 Apostolus
1024 4592 1388 4653 protestatur:
1446 4585 1525 4639 Tu
1573 4596 1792 4641 econtra
1837 4589 1892 4643 in

306 4673 469 4728 verba
496 4672 740 4729 nefandae
769 4674 1088 4731 invectionis
1108 4675 1424 4744 prosiluisti,
1469 4676 1621 4745 juxta
1651 4675 1894 4731 Salomo-

305 4765 721 4823 nis-veridican
737 4768 1091 4823 sententiam:
1142 4767 1209 4823 In
1236 4768 1496 4831 ore,stulti
1522 4787 1669 4823 arma
1711 4780 1758 4823 et
1786 4770 1896 4840 gla-

306 4857 427 4913 dius
454 4854 642 4929 (Prov.
668 4874 800 4920 uti,
832 4858 910 4928 5).
960 4858 1129 4915 Item:
1172 4861 1343 4928 Argue
1377 4860 1613 4924 stultum,
1645 4872 1693 4915 et
1726 4861 1891 4916 oderit

306 4946 577 5016 καθίει,
614 4964 690 5013 IX,
724 4948 800 5017 7).
870 4947 1020 5004 Unde
1065 4949 1493 5004 ntaledictionem
1534 4950 1890 5006 benedictioni

308 5052 443 5094 mea:
491 5038 811 5107 opposuisti,
864 5038 993 5107 quid
1037 5039 1091 5093 in
1140 5039 1301 5095 corde
1342 5040 1570 5095 haberes
1595 5080 1611 5103 ,
1660 5040 1781 5110 quis
1839 5049 1890 5094 te

308 5136 483 5185 totum
525 5129 749 5199 spiritus
781 5130 1083 5200 possideret
1114 5130 1421 5186 ostendens.
1483 5132 1590 5187 Sed
1610 5131 1888 5197 Dominus,

310 5224 400 5293 qui
434 5223 706 5278 illuminat
751 5237 943 5288 caecos,
985 5231 1039 5277 et
1079 5230 1234 5279 sanat
1261 5223 1524 5279 contritus
1563 5224 1745 5289 curde,
1772 5223 1893 5277 iliu-

311 5314 481 5369 minet
540 5314 795 5369 tenebras
854 5314 1171 5384 ignorantiae
1220 5321 1343 5380 tuae,
1387 5321 1444 5370 et
1485 5323 1640 5370 sanet
1667 5315 1893 5370 inﬁdeli-

311 5408 438 5463 tatis
462 5406 689 5463 vulnera
744 5406 799 5461 in
834 5407 998 5462 corde
1031 5414 1144 5473 tuo,
1190 5414 1351 5477 teque
1390 5416 1667 5478 pastorem
1692 5406 1890 5461 alliciat

313 5499 494 5571 populi
528 5500 633 5568 sui,
678 5499 1025 5570 prudentem,
1069 5499 1237 5569 pium,
1292 5499 1580 5569 paciﬁcum
1607 5506 1664 5555 et
1708 5498 1895 5555 catho-

318 5587 500 5647 ticum.

384 5684 473 5742 VI.
511 5684 655 5754 Quid
679 5691 787 5753 est,
810 5684 899 5743 vi:
918 5682 1110 5751 frater,
1157 5682 1303 5757 quod
1331 5689 1482 5741 tanta
1514 5682 1893 5741 hereticorum

2001 1919 2130 1975 mali
2164 1920 2346 1975 cordis
2375 1922 2631 1975 thesauro
2657 1920 3091 1975 maledictionem
3114 1919 3340 1989 profert.
3413 1917 3470 1973 Si
3502 1932 3592 1975 me

1999 2026 2183 2066 errare
2214 2013 2529 2076 aestimares,
2561 2027 2741 2069 nonne
2757 2011 3050 2083 apostolico
3070 2018 3337 2081 praecepto
3359 2024 3445 2065 me
3473 2025 3593 2067 cor-

2001 2104 2176 2174 rigere
2205 2104 2485 2160 debuisses
2521 2105 2572 2159 in
2617 2096 2808 2174 spiritu
2847 2104 3298 2169 mansuetudinis,
3344 2103 3591 2161 conside-

2001 2212 2128 2251 rans
2151 2204 2201 2251 te
2224 2198 2419 2267 ipsum,
2455 2214 2522 2251 ne
2550 2208 2605 2252 et
2632 2206 2687 2252 tu
2720 2198 2977 2253 tenteris?
3019 2196 3165 2251 Alter
3184 2196 3401 2252 alterius
3430 2212 3593 2253 onera

1998 2301 2226 2361 portate,
2257 2301 2306 2344 et
2330 2292 2404 2345 sic
2438 2290 2786 2361 adimplebitis
2817 2290 2979 2361 legem
3011 2288 3203 2345 Christi
3230 2287 3373 2361 (Gal.
3400 2304 3479 2355 Vt,
3508 2288 3589 2361 2).

2000 2384 2183 2440 Facile
2198 2392 2280 2439 est
2299 2386 2443 2441 enim
2467 2399 2531 2439 ex
2552 2386 2733 2440 verbis
2771 2385 2915 2439 beati
2942 2384 3130 2439 Jacobi
3158 2382 3409 2454 apostoli,
3448 2382 3593 2439 unde

1999 2475 2073 2531 sit
2097 2475 2358 2543 sapientia
2379 2484 2488 2539 tua,
2513 2490 2837 2544 agnoscere;
2867 2476 2954 2530 ubi
2979 2475 3044 2529 de
3066 2472 3477 2528 mansuetudine
3498 2486 3595 2527 ve-

2000 2580 2075 2620 rae
2104 2565 2405 2634 sapientia},
2456 2574 2510 2619 et
2542 2570 2605 2619 de
2635 2567 2993 2620 amaritudine
3021 2565 3197 2633 impiae
3232 2562 3591 2619 annulationis

2000 2656 2323 2726 disputavit;
2350 2657 2425 2710 ait
2453 2657 2625 2710 enim:
2666 2657 2816 2723 Quod
2831 2658 2876 2710 si
2906 2657 3075 2711 selum
3098 2672 3342 2710 amarum
3362 2656 3588 2720 habetis,

1998 2757 2047 2803 et
2076 2749 2424 2802 contentiones
2456 2749 2510 2802 in
2556 2747 2800 2801 cordibus
2852 2748 3057 2812 vestris,
3105 2746 3263 2800 nolite
3291 2746 3511 2817 gloriari
3540 2755 3590 2801 et

2000 2841 2276 2894 mendaces
2303 2856 2411 2893 esse
2438 2838 2685 2893 adversus
2716 2839 2980 2893 veritatem
3012 2835 3152 2909 (Jac.
3184 2852 3269 2902 tn,
3302 2836 3412 2907 14).
3468 2834 3590 2891 Non

2000 2945 2084 2992 est
2110 2936 2213 2990 ista
2235 2935 2497 3004 sapientia
2528 2934 2810 2989 desursum
2842 2932 3197 2997 descendens,
3220 2930 3315 2984 sed
3345 2937 3587 2993 terrena,

1999 3029 2272 3094 animalis,
2295 3028 2580 3083 diabolica.
2643 3026 2744 3080 Ubi
2772 3024 2909 3081 enim
2939 3023 3082 3079 zelus
3129 3033 3177 3076 et
3210 3022 3488 3087 contentio;
3518 3021 3591 3074 ibi

2000 3125 2352 3181 inconstantia
2369 3133 2416 3177 et
2443 3138 2594 3177 omne
2606 3138 2733 3191 opus
2753 3135 2993 3192 pravum.
3043 3116 3173 3183 Quae
3203 3125 3376 3170 autem
3405 3115 3591 3170 deatur-'-

1999 3233 2115 3272 sunt
2151 3226 2223 3271 est
2246 3215 2524 3284 sapientia,
2546 3214 2773 3283 primum
2794 3210 3002 3283 quidem
3035 3209 3227 3281 pudica
3257 3216 3355 3273 est,
3400 3205 3587 3261 deinde

1997 3309 2244 3381 pacifica,
2271 3306 2524 3369 modesta,
2565 3303 2860 3369 suadibilis,
2891 3301 3039 3365 bonis
3064 3300 3413 3364 consentiam,
3432 3296 3591 3369 plena

1998 3399 2360 3459 misericordia
2385 3407 2432 3453 et
2460 3395 2714 3467 fructibus
2736 3394 2883 3449 bonis
2913 3391 3101 3466 (Ibid.,
3128 3391 3213 3451 i6,
3254 3388 3365 3462 i7).

2070 3492 2180 3548 VII.
2221 3493 2335 3562 Ego
2359 3506 2572 3546 ramum
2597 3489 2750 3544 oliva:
2791 3485 3097 3543 columbino
3126 3500 3222 3539 ore
3247 3482 3447 3547 ferens,
3468 3478 3589 3536 vul—
3690 3532 3707 3549 ι

1998 3600 2102 3641 nus
2129 3583 2205 3637 tui
2229 3582 2407 3636 cordis
2436 3579 2639 3634 mederi
2664 3584 2887 3648 optans:
2922 3588 2947 3614 ⁸
2978 3583 3035 3630 tu
3061 3589 3091 3629 e
3118 3573 3333 3626 diverso
3359 3583 3586 3638 serpen-

2001 3673 2115 3727 tina
2158 3672 2338 3742 lingua
2372 3667 2712 3722 mortiferum
2750 3664 3037 3723 cvomuisti
3083 3677 3369 3725 venenum,
3405 3674 3591 3730 prom-

1996 3764 2140 3835 ptior
2168 3763 2235 3816 ad
2260 3761 2686 3817 maledicendum
2713 3775 2874 3830 quam
2910 3760 2977 3812 ad
3001 3754 3445 3812 benedicendum.
3475 3751 3588 3821 Ego

1998 3867 2123 3909 eum
2152 3851 2396 3915 Nicoiao,
2443 3849 2529 3905 cui
2578 3863 2664 3903 me
2692 3845 3042 3918 comparasti,
3101 3843 3368 3915 nuptiales
3423 3842 3589 3895 cedas

1996 3960 2109 3999 non
2125 3942 2442 4012 exstinguo;
2499 3940 2592 3994 sed
2640 3954 2761 3994 cum
2787 3939 2945 3994 beato
2974 3935 3249 4009 Stephano
3283 3940 3589 4004 protomar-

1999 4043 2117 4106 tyre
2157 4033 2351 4088 utentis
2400 4030 2595 4085 intuitu
2646 4030 2801 4083 video
2830 4026 3012 4082 Iesum
3064 4032 3295 4081 stantem
3325 4040 3355 4077 a
3381 4022 3588 4078 dextris

1996 4126 2118 4192 Dei,
2148 4142 2247 4196 pro
2272 4125 2354 4179 sui
2375 4123 2608 4179 nominis
2637 4122 2911 4177 nobilitate
2940 4119 3272 4174 certantibus
3311 4114 3583 4171 auxiliari.

1997 4218 2110 4288 Ego
2130 4233 2250 4272 cum
2272 4216 2437 4286 impio
2483 4214 2709 4268 Datiano
2752 4210 3000 4282 praeclari
3030 4209 3285 4280 martyris
3314 4207 3585 4263 Vincentii

1997 4326 2103 4364 non
2132 4324 2251 4363 sum
2284 4314 2632 4377 persecutor;
2691 4303 2785 4359 sed
2830 4301 3097 4357 haeretica:
3146 4299 3434 4373 pravitatis
3484 4313 3585 4368 pro

1994 4401 2192 4456 virium
2229 4413 2473 4454 mearum
2511 4395 2781 4467 portione,
2831 4391 3117 4461 adjuvante
3156 4390 3266 4445 Deo
3296 4431 3310 4453 ,
3362 4389 3589 4445 devotus

1996 4492 2339 4560 exstirpator.
2403 4489 2516 4560 Ego
2537 4503 2658 4543 cum
2687 4485 2903 4540 Ruftino
2930 4486 3146 4539 beatum
3177 4483 3408 4539 Felicem
3438 4499 3584 4538 mar-

1921 4551 1973 4613 θ
1999 4595 2173 4657 tyrem
2203 4600 2309 4639 non
2338 4580 2472 4647 feci;
2506 4583 2601 4636 sed
2623 4578 2859 4633 Felicem
2885 4576 3010 4630 olim
3041 4576 3195 4630 vestri
3220 4577 3414 4631 erroris
3442 4592 3586 4629 com-

1991 4677 2194 4748 plicem,
2240 4675 2349 4729 Deo
2374 4676 2670 4738 miserante,
2697 4669 3009 4724 catholicum
3034 4669 3214 4739 effeci:
3252 4684 3586 4739 persequens

1994 4768 2049 4823 in
2095 4783 2161 4821 eo
2190 4766 2333 4822 illius
2371 4765 2587 4834 impiam
2612 4762 3020 4826 dubitationem,
3059 4762 3151 4830 qui
3183 4761 3439 4817 tentando
3488 4762 3584 4816 Dci

1994 4859 2192 4914 Filium
2223 4859 2462 4913 dixerat:
2523 4853 2582 4909 Si
2613 4852 2786 4906 Filius
2808 4851 2905 4905 Dei
2927 4868 2999 4915 es,
3054 4850 3139 4905 die
3184 4860 3238 4904 ut
3266 4850 3464 4922 lapides
3494 4851 3583 4906 isti

1994 4968 2155 5022 panes
2178 4951 2308 5019 ﬁant
2335 4947 2547 5015 (Matth.
2584 4944 2750 5016 tv,5).
2790 4945 2855 4998 Et
2876 4944 3073 4998 iterum
3090 4960 3187 5014 per
3219 4942 3435 5001 Judatos
3461 4946 3583 5015 ipso

2000 5040 2054 5094 in
2092 5054 2252 5094 cruce
2291 5038 2556 5108 pendente
2585 5035 2868 5088 clamavit:
2920 5032 2979 5089 Si
3026 5034 3198 5089 Filius
3220 5035 3317 5091 Dei
3354 5046 3450 5103 est,
3483 5037 3582 5093 de-

1998 5131 2211 5187 scendat
2242 5147 2375 5184 nunc
2401 5130 2463 5183 de
2493 5146 2666 5195 cruce,
2694 5139 2741 5183 et
2771 5128 3028 5183 credimus
3054 5131 3103 5183 ei
3158 5130 3374 5203 (Matth.
3408 5146 3579 5196 xxvu,

1998 5224 2113 5296 42).
2190 5223 2439 5293 Nunquid
2488 5237 2593 5278 non
2642 5222 2791 5295 pejor
2850 5232 2934 5279 est
2979 5232 3158 5282 vestra
3212 5224 3559 5282 incredulitas

1999 5332 2164 5388 quam
2186 5316 2450 5372 diabolica
2484 5317 2767 5372 dubietas?
2847 5316 2938 5372 Ille
2962 5318 3247 5389 explorare
3301 5317 3486 5375 volens
3531 5319 3584 5374 si

1996 5408 2167 5463 Filius
2187 5408 2283 5463 Dei
2319 5418 2481 5473 esset,
2528 5423 2688 5477 quem
2710 5407 2942 5473 esurire,
2987 5407 3139 5463 sitire
3183 5416 3236 5461 et
3285 5407 3584 5463 lassescere

1998 5504 2288 5568 cernebat;
2317 5517 2413 5557 vos
2442 5507 2758 5572 regnantem
2787 5500 2841 5553 in
2865 5499 3014 5554 caelis
3045 5515 3231 5556 verum
3265 5498 3358 5552 Dei
3378 5497 3578 5555 Filium

1996 5609 2193 5665 negare
2240 5609 2347 5650 non
2388 5591 2610 5658 timetis,
2660 5591 2938 5645 vincentes
2974 5597 3152 5643 vestra
3206 5588 3585 5646 incredulitate

1997 5685 2318 5743 diabolicam
2337 5684 2727 5742 inﬁdelitatem.
2784 5684 2939 5741 Illum
2962 5696 3094 5741 vero
3113 5681 3368 5753 Felicem,
3417 5699 3583 5762 quem

387 5797 1317 5870 αιίααωημιίιιαυιῶωι
1363 5795 1743 5871 adquam
1778 5796 1898 5867 Eiip

1998 5795 2447 5857 BadAquinum.
