4030 6358
458 332 566 393 247

1324 323 1387 377 Β.
1428 321 1491 377 F.
1532 317 1757 375 ALBINI
1794 313 1925 373 SEU
1961 310 2238 372 ALCUINI
2276 311 2560 372 OPERUM
2596 309 2776 369 PARS
2815 309 2897 368 Ill.

3630 310 3745 374 248

456 454 519 500 tu
548 438 815 498 charitate
834 448 1105 492 summum
1130 474 1146 502 ,
1179 435 1451 503 pudicum,
1499 431 1851 500 moribusque
1887 444 2051 484 orna-
2078 426 2130 487 Δ
2154 442 2315 482 sensu
2343 442 2464 482 mea
2489 428 2557 483 ad
2583 442 2679 482 vos
2722 435 2777 482 et
2815 441 2914 496 pro
2939 423 3093 480 vobis
3117 424 3338 495 pietatis
3364 426 3532 483 verba
3560 426 3746 501 legere

455 547 573 593 tum
607 529 828 595 asseris,
886 543 987 584 nos
1010 528 1276 583 habemus
1300 526 1355 580 in
1392 524 1587 580 castris
1614 521 1847 577 Christi:
1879 529 2041 591 atque

454 628 665 685 utinam
687 634 742 681 et
758 630 814 677 tu
842 638 966 678 cum
988 621 1095 676 tuis
1119 608 1446 691 sequacibus
1474 618 1616 673 illius
1647 615 1893 686 exemplo
1918 615 2047 671 edo-

454 729 593 786 ctus,
622 719 691 775 ad
719 732 861 773 vera:
879 715 1006 771 ﬁdei
1037 712 1398 786 cognitionem
1422 709 1734 781 pervenias,
1768 710 1885 780 ipso
1910 723 2049 778 prte-

452 818 655 878 stante,
698 824 859 879 quem
912 822 1011 863 nos
1033 804 1392 878 praedicamus
1416 817 1608 860 verum
1634 801 1803 857 Deum
1833 807 1890 855 et
1915 814 2043 871 pro-

449 904 632 975 prium
657 902 751 956 Dei
775 900 994 954 Filium.

524 993 657 1050 VIII.
696 992 873 1048 Dicis:
931 1010 950 1043 ι
983 990 1187 1044 Fatuus
1218 988 1367 1042 fatua
1397 986 1659 1057 loquitur.
1700 1004 1720 1038 ι
1790 983 2046 1054 Nunquid

448 1085 599 1141 fatua
624 1084 882 1154 loquitur,
904 1082 996 1152 qui
1021 1081 1305 1135 veritatem
1325 1079 1605 1150 praedicat,
1628 1086 1683 1132 et
1704 1092 1811 1132 non
1828 1076 1917 1131 ille
1932 1091 2046 1130 ma-

449 1180 535 1251 gis
561 1178 741 1233 fatuus
764 1185 867 1244 est,
890 1177 982 1246 qui
1004 1183 1087 1231 est
1111 1173 1363 1229 falsitatis
1406 1173 1682 1228 assertor?
1712 1170 1883 1251 _Ponis
1907 1185 2044 1240 quo-

448 1244 557 1344 que
586 1273 753 1344 879
781 1244 1106 1326 sententiam
1145 1267 1422 1338 Apostoli:
1455 1244 1721 1321 Animaliar
1756 1266 1911 1319 homo
1940 1279 2046 1318 non

445 1365 667 1437 percipit
698 1380 759 1416 ea
786 1378 903 1433 quw
929 1358 1157 1431 Spiritus
1177 1365 1297 1411 sunt
1321 1356 1420 1411 Dei
1436 1355 1488 1429 (I
1503 1355 1626 1411 Cor.
1647 1372 1707 1423 ιι,
1734 1354 2045 1427 14),νοιειιε

446 1471 539 1510 me
558 1453 847 1508 animalem
870 1450 1188 1519 intelligere,
1219 1456 1274 1504 et
1299 1457 1354 1504 te
1372 1448 1688 1518 spiritalem.
1735 1446 1927 1503 Videat
1953 1445 2046 1515 qui

446 1546 594 1617 legat
616 1545 825 1599 litteras
852 1550 1085 1606 nostras,
1120 1541 1207 1595 cui
1227 1549 1471 1596 nostrum
1499 1540 1616 1594 haec
1645 1540 1909 1594 sententia
1930 1554 2046 1593 ma-

447 1636 532 1709 gis
570 1635 879 1701 conveniat,
928 1650 994 1688 an
1018 1632 1172 1701 mihi,
1210 1633 1305 1703 qui
1331 1631 1660 1703 evangelicis
1708 1632 2047 1702 apostolicis-

446 1748 574 1803 que,
604 1748 703 1788 nec
722 1747 830 1786 non
862 1739 917 1786 et
946 1730 1189 1799 paternis
1216 1730 1503 1785 roboratus
1532 1716 1857 1782 testimoniis
1885 1724 2043 1780 Chri-

445 1794 592 1882 stum
621 1823 857 1893 pratdico
885 1794 1073 1877 verum
1120 1820 1314 1888 Deum,
1360 1829 1417 1875 et
1449 1834 1639 1874 verum
1669 1818 1769 1873 Dei
1813 1818 2041 1884 Filium;
2075 1794 2124 1854 Β

446 1924 543 1971 aut
565 1915 704 1970 forte
730 1915 845 1981 tibi,
880 1915 974 1984 qui
1013 1914 1307 1983 Hispanico
1338 1927 1526 1969 errore
1565 1913 1892 1981 depravatus
1918 1928 2048 1967 con-

443 2015 531 2062 tra
580 2007 738 2062 ﬁdem
765 2006 1086 2061 catholicam
1113 2005 1308 2079 canina
1332 2003 1483 2058 rabie
1512 2002 1714 2058 latrare
1734 2019 1843 2058 non
1863 2004 2043 2068 times,

440 2115 676 2155 renuens
720 2100 775 2153 in
805 2097 1023 2154 Christo
1047 2112 1235 2153 veram
1259 2096 1498 2151 ﬁlietatis
1530 2095 1893 2161 nobilitatem,
1950 2096 2047 2151 sed

440 2200 761 2245 extraneam
807 2190 1188 2245 nominetenus
1228 2196 1443 2243 tantum
1470 2189 1525 2243 in
1555 2188 1649 2242 illo
1672 2204 1793 2243 esse
1822 2203 2049 2259 genero-

440 2285 662 2340 sitatem
691 2281 999 2337 afﬁrmans:
1042 2282 1136 2353 qui
1166 2282 1448 2353 adjuratus
1486 2296 1517 2334 a
1538 2280 1794 2351 pontifice
1828 2279 2047 2336 ιιιιὸωο-

439 2389 566 2430 rum
594 2390 693 2445 per
722 2388 921 2429 nomen
942 2374 1141 2430 summi
1169 2374 1287 2440 Dei,
1327 2390 1395 2428 an
1416 2371 1589 2429 Filias
1616 2374 1711 2429 Dei
1742 2384 1910 2441 esset,
1962 2388 2048 2429 ιθ-

440 2469 661 2538 spondit
702 2468 894 2537 plane:
945 2466 1061 2538 Ego
1084 2484 1222 2521 sum.
1301 2465 1405 2533 Qui
1453 2474 1508 2523 et
1562 2482 1706 2522 (εωεο
1744 2467 2047 2524 illuminato

440 2562 803 2633 interroganti
858 2561 982 2632 quis
1030 2570 1177 2617 esset
1202 2559 1373 2615 Filius
1421 2560 1539 2625 Dei,
1594 2568 1647 2616 et
1692 2562 1939 2617 crederet
1990 2563 2047 2617 in

438 2668 588 2719 eum,
640 2654 806 2708 dixit:
858 2652 927 2706 Et
973 2652 1152 2708 vidisti
1191 2669 1333 2719 eum,
1379 2660 1427 2705 et
1450 2653 1541 2722 qui
1568 2651 1804 2723 loquitur
1847 2662 2042 2720 tecum,

437 2749 551 2820 ipse
568 2757 641 2802 est
683 2745 867 2819 (Joan.
887 2763 965 2813 rx,
996 2746 1110 2817 57).
1162 2744 1301 2813 Quid
1330 2744 1419 2800 ille
1466 2743 1579 2814 jam
1606 2745 1940 2802 illuminatus
1961 2746 2046 2800 vi-

441 2840 556 2896 dit?
593 2839 813 2909 Absque
843 2839 1185 2895 dubitatione
1237 2839 1589 2894 humanitatis
1619 2848 1893 2906 naturam,
1937 2857 2045 2897 non

426 2933 743 2989 divinitatis
768 2932 1152 2997 substantiam,
1208 2948 1329 3001 qua:
1358 2933 1670 2988 carnalibus
1708 2932 1880 2988 videri
1910 2949 2043 2989 ocu-

437 3024 510 3081 lis
537 3042 644 3081 non
672 3032 870 3094 potest.
914 3025 1031 3079 Duo
1057 3025 1193 3080 dixit
1217 3026 1267 3079 ei
1289 3024 1578 3081 Dominus:
1610 3027 1677 3081 Et
1706 3027 1878 3081 vidisti
1904 3044 2042 3094 eum,

439 3131 490 3176 et
514 3119 605 3191 qui
630 3117 863 3189 loquitur
884 3125 1054 3170 tecum
1081 3133 1099 3180 ;
1144 3133 1265 3187 quae
1299 3118 1515 3188 proprie
1542 3119 1609 3174 ad
1640 3120 1931 3173 humanam
1956 3118 2040 3172 in-
2072 3156 2121 3218 ο

439 3213 761 3283 telliguntur
777 3209 1057 3280 pertinere
1084 3218 1369 3277 naturam;
1401 3218 1456 3265 et
1485 3219 1684 3277 tamen,
1727 3226 1846 3280 qua:
1873 3210 2045 3265 videri

440 3304 619 3375 potuit
666 3312 719 3357 et
763 3302 940 3357 audiri
969 3302 1213 3372 loquens,
1266 3302 1514 3358 eamdem
1545 3312 1792 3357 naturam
1846 3303 2045 3358 Filium

441 3396 539 3450 Dei
591 3410 711 3450 esse
733 3392 1029 3450 fatebatur.
1073 3394 1219 3449 Dicis
1257 3410 1470 3465 quoque
1499 3411 1565 3449 ex
1588 3394 1857 3450 versiculo
1899 3393 2048 3449 Psal-

442 3488 732 3559 migraphi,
773 3504 854 3542 me
900 3487 1228 3558 defensorem
1283 3497 1331 3542 et
1380 3488 1652 3542 inimicum
1699 3506 1829 3543 esse.
1882 3488 2048 3544 Forte

443 3579 635 3635 nolens
655 3594 847 3634 verum
875 3578 942 3635 de
970 3594 1057 3634 me
1084 3579 1358 3649 protulisti
1387 3579 1774 3634 testimonium.
1847 3578 2047 3634 Fateor

443 3671 710 3740 siquidem
734 3686 821 3726 me
850 3670 1189 3727 defensorem
1218 3687 1339 3727 esse
1374 3671 1498 3727 ﬁdei
1519 3670 1823 3735 catholicae,
1864 3678 1918 3725 et
1946 3672 2050 3726 ini-

443 3763 647 3819 micum
688 3776 809 3818 esse
855 3763 1200 3821 inimicorum
1227 3764 1456 3830 Christi,
1498 3765 1592 3835 qui
1622 3765 1883 3819 honorem
1913 3764 2048 3820 divi-

442 3856 635 3913 nitatis
676 3864 732 3912 et
757 3856 1096 3912 nobilitatem
1126 3857 1408 3929 dignitatis
1442 3856 1522 3911 illi
1551 3856 1791 3910 adimere
1820 3863 2047 3911 conten-

444 3951 600 4016 dunt,
647 3964 810 4020 quem
854 3965 1097 4021 paganus
1118 3950 1369 4005 centurio
1420 3950 1559 4004 mori
1606 3964 1855 4013 cernens,
1890 3949 2049 4003 terri-

444 4053 538 4109 tus
554 4042 947 4097 elementorum
974 4041 1296 4106 mutatione,
1331 4055 1520 4095 verum
1552 4039 1645 4093 Dei
1688 4039 1885 4094 Filium
1918 4053 2050 4093 con-

442 4133 623 4189 fessus
648 4140 733 4188 est
768 4132 985 4187 dicens:
1041 4130 1175 4185 Vere
1223 4131 1319 4185 Dei
1366 4128 1540 4183 Filius
1578 4138 1691 4183 erat
1750 4129 1902 4182 homo
1950 4130 2048 4183 iste

447 4221 665 4291 (Matth.
690 4238 860 4288 xxvii,
884 4221 986 4286 54;
1027 4219 1199 4274 Marc.
1228 4236 1309 4283 ιιι,
1345 4220 1433 4285 Η,
1469 4217 1578 4289 12).
1628 4217 1741 4272 Imo
1769 4218 2049 4273 diabolica:

447 4316 764 4381 potestates,
826 4309 967 4363 sicut
987 4310 1042 4361 in
1087 4309 1379 4379 Evangelio
1423 4308 1635 4379 legitur,
1685 4308 1752 4363 de
1813 4308 2050 4364 obsessis

449 4402 749 4457 clamantes
774 4400 1114 4469 corporibus,
1137 4399 1412 4454 Christum
1445 4399 1541 4454 Dei
1568 4398 1764 4454 Filium
1790 4399 2052 4455 confessae

2149 525 2205 572 et
2236 517 2538 589 intelligere
2564 518 2747 574 vultis.
2788 517 3105 573 Certissima
3135 535 3221 576 me
3253 522 3450 579 scitote
3481 525 3615 581 duas
3640 542 3745 584 na-

2150 623 2320 680 turas,
2349 614 2490 670 sicut
2518 616 2765 685 superius
2792 616 2935 680 dixi,
2975 623 3032 669 et
3061 631 3224 670 unam
3253 632 3547 687 personam
3569 621 3742 676 conﬁ-

2149 711 2252 766 teri
2279 710 2335 764 in
2357 710 2599 767 Christo.
2630 711 2887 766 Firmiter
2914 726 3149 781 namque
3176 713 3381 782 absque
3410 714 3557 769 omni
3587 716 3746 770 dubi-

2151 805 2351 861 latione
2393 807 2721 861 credendum
2765 815 2848 862 est
2896 814 2951 862 et
2992 807 3394 876 praedicandum
3420 848 3435 872 ,
3485 807 3739 863 eumdem

2147 911 2269 952 esse
2296 897 2387 967 qui
2419 905 2578 952 natus
2607 906 2689 952 est
2723 913 2791 952 ex
2819 898 3059 968 Virgine,
3093 899 3263 953 Deum
3293 915 3483 954 verum
3515 901 3571 954 in
3601 900 3737 955 dua-

2147 990 2249 1046 bus
2276 992 2504 1055 naturis,
2541 988 2597 1045 et
2623 1006 2814 1046 verum
2841 991 3037 1046 Filium
3066 991 3203 1047 Dei:
3256 993 3332 1047 ita
3378 1001 3439 1047 ut
3479 1010 3620 1049 unus
3661 994 3735 1048 sit

2147 1084 2418 1151 Christus,
2446 1094 2501 1139 ct
2528 1100 2666 1140 unus
2696 1084 2860 1149 Deus,
2908 1094 2961 1139 et
2992 1100 3131 1139 unus
3156 1085 3251 1139 Dei
3282 1084 3469 1147 Filius,
3504 1094 3560 1139 et
3590 1101 3732 1141 unus

2147 1190 2277 1241 rex,
2322 1184 2377 1230 et
2415 1192 2554 1229 unus
2587 1175 2754 1229 totius
2779 1174 2966 1230 mundi
2997 1174 3264 1240 Salvator,
3295 1159 3578 1230 divinitate
3603 1191 3734 1231 con-

2148 1270 2519 1325 substantialis
2544 1269 2710 1333 Patri,
2743 1269 3077 1324 humanitate
3107 1268 3584 1324 consubstantialis
3616 1285 3733 1323 lna-

2149 1366 2238 1430 tri,
2268 1374 2328 1419 ut
2352 1365 2422 1418 sit
2450 1364 2589 1418 idem
2616 1379 2779 1419 verus
2809 1364 2952 1418 Deus
2977 1371 3033 1418 et
3058 1379 3220 1418 verus
3250 1364 3413 1417 homo
3444 1362 3499 1415 in
3530 1362 3743 1416 unitate

2146 1471 2409 1528 personm,
2440 1471 2599 1524 quem
2628 1472 2723 1511 vos
2753 1456 2871 1511 sine
2900 1455 3063 1510 dubio
3088 1470 3211 1509 cum
3241 1454 3492 1510 Nestorio
3522 1455 3575 1508 in
3603 1455 3744 1510 duos

2148 1548 2387 1602 dividitis
2417 1547 2575 1614 ﬁlios,
2604 1555 2660 1602 ct
2688 1548 2742 1602 in
2767 1549 2901 1603 duas
2922 1562 3205 1617 personas,
3230 1562 3326 1616 per
3346 1547 3742 1616 proprietatem

2147 1647 2201 1695 et
2246 1640 2612 1709 adoptionem.
2674 1639 2792 1695 Non
2842 1640 3007 1710 igitur
3050 1640 3194 1694 idem
3246 1639 3509 1709 magister
3555 1648 3743 1694 vester

2148 1732 2431 1789 Nestorius
2461 1734 2733 1789 invenitur
2761 1735 2893 1789 duas
2927 1750 3189 1804 personas
3225 1734 3401 1804 palam
3441 1735 3497 1788 in
3521 1733 3745 1789 Christo

2148 1826 2413 1896 proﬁteri,
2438 1832 2701 1895 quantum
2723 1824 2792 1879 ad
2816 1841 2915 1881 nos
2942 1824 3137 1878 litterae
3163 1823 3309 1878 illius
3335 1824 3621 1894 pervenire
3645 1840 3745 1894 po-

2149 1927 2407 1974 tuerunt:
2446 1918 2543 1973 sed
2567 1917 2749 1972 omnia
2776 1932 2895 1986 quae
2923 1916 3132 1972 duabus
3173 1931 3399 1972 necesse
3436 1924 3522 1971 est
3560 1915 3747 1972 inesse

2147 2010 2415 2082 personis,
2456 2008 2705 2080 proferre
2732 2009 2799 2063 de
2823 2007 3040 2063 Christo
3068 2007 3360 2077 reperitur,
3391 2007 3747 2075 adoptionem

2149 2103 2290 2158 sicut
2317 2110 2372 2156 et
2397 2116 2494 2155 vos
2523 2098 2853 2155 humanitati
2880 2098 3216 2165 adscribens,
3240 2107 3294 2154 et
3321 2097 3591 2153 divinitati
3615 2113 3749 2169 pro-

2148 2194 2436 2263 prietatem
2465 2192 2559 2246 ﬁlii
2587 2192 2895 2262 designans.

2222 2287 2288 2341 X.
2332 2287 2412 2341 Tu
2442 2301 2593 2350 vero,
2624 2284 2795 2339 frater
2822 2284 3102 2355 Elipande,
3121 2286 3284 2341 homo
3314 2283 3585 2349 animalis,
3619 2284 3749 2340 ani-

2149 2380 2374 2435 malium
2404 2394 2557 2435 more
2585 2378 2997 2449 generationem
3021 2376 3148 2432 Filii
3168 2377 3266 2432 Dei
3296 2377 3623 2447 intelligens,
3648 2378 3752 2433 mi-

2148 2488 2253 2528 nus
2278 2482 2331 2527 te
2356 2474 2532 2543 ipsum
2557 2471 2928 2537 considerans,
2956 2487 3026 2525 an
3051 2479 3196 2526 totus
3223 2471 3404 2525 anima
3430 2479 3486 2527 et
3514 2486 3751 2541 corpore
3777 2465 3793 2481 '

2149 2566 2226 2621 sis
2252 2566 2506 2636 proprius
2534 2564 2676 2618 filius
2702 2564 2877 2633 patris
2903 2562 2983 2617 tui
3008 2571 3064 2618 et
3086 2563 3280 2617 matris
3308 2571 3433 2629 tua},
3466 2563 3593 2617 dum
3624 2577 3750 2617 cer-

2149 2664 2265 2710 tam
2292 2664 2407 2720 est,
2452 2654 2621 2711 solam
2663 2669 2884 2709 carnem
2926 2667 2996 2707 ex
3037 2654 3420 2724 conjunctione
3450 2662 3747 2723 parentum

2149 2755 2366 2803 tuorum
2394 2755 2734 2817 procreatam
2767 2761 2907 2810 esse,
2955 2745 3149 2801 animae
3175 2761 3305 2801 vero
3335 2754 3645 2801 creaturam
3676 2762 3750 2802 ex

2150 2839 2321 2909 nihilo
2352 2839 2446 2893 Dei
2480 2838 2723 2908 potentia
2753 2838 3049 2904 conditam,
3081 2847 3137 2892 et
3163 2838 3595 2909 coagulationem
3624 2854 3753 2894 car-

2150 2931 2237 2986 nis
2263 2932 2316 2985 in
2340 2940 2496 2986 utero
2519 2931 2710 2985 matris
2736 2929 3080 2999 coniunctam
3103 2930 3456 2986 viviﬁcatrice
3475 2931 3749 3001 potentia,

2149 3030 2211 3076 ut
2235 3022 2418 3077 vivum
2447 3029 2764 3077 nasceretur
2785 3022 2967 3076 anima
2994 3022 3259 3077 rationale
3286 3030 3449 3091 atque
3477 3021 3746 3077 mortale:

2151 3122 2205 3170 et
2232 3116 2376 3185 quod
2416 3114 2469 3168 in
2508 3114 2657 3169 omni
2701 3115 2921 3169 homine
2949 3113 3065 3168 ﬁeri
3095 3128 3255 3184 posse
3291 3114 3505 3178 cernis,
3549 3113 3605 3167 in
3647 3112 3753 3168 Dei

2151 3207 2291 3262 Filio
2320 3207 2435 3261 ﬁeri
2464 3215 2727 3276 operante
2754 3215 2943 3263 sancto
2975 3206 3181 3277 Spiritu
3212 3207 3459 3262 conﬁteri
3493 3206 3750 3274 dubitas;

2150 3308 2209 3355 ut
2237 3301 2381 3355 Deus
2410 3300 2776 3369 omnipotens,
2820 3300 2911 3369 qui
2955 3300 3137 3354 omnia
3182 3298 3312 3354 facit
3359 3314 3479 3368 qum
3526 3298 3641 3352 vult
3691 3299 3754 3354 in

2150 3390 2287 3446 caelo
2316 3398 2372 3445 et
2407 3391 2462 3444 in
2489 3398 2655 3456 terra,
2685 3392 2790 3446 hoc
2817 3391 3015 3456 solum,
3051 3398 3104 3444 te
3133 3390 3369 3453 nolente,
3396 3404 3504 3443 non
3533 3389 3753 3459 potuis-

2150 3490 2254 3547 set,
2294 3489 2355 3535 ut
2382 3480 2550 3536 Filius
2594 3481 2697 3535 sibi
2740 3481 2994 3550 proprius
3018 3481 3186 3552 880
3209 3496 3277 3536 ex
3304 3480 3555 3550 virginali
3587 3488 3752 3535 utero

2150 3578 2487 3624 nasceretur.
2523 3568 2632 3623 Aut
2659 3577 2713 3624 te
2742 3569 2918 3639 ipsum
2960 3584 3098 3640 nega
3138 3570 3419 3640 proprium
3446 3569 3615 3623 ﬁlium
3642 3586 3751 3640 pa-

2152 3661 2397 3715 rentibus
2429 3661 2537 3716 tuis
2580 3661 2683 3716 nisi
2729 3660 2844 3717 sola
2872 3676 3059 3727 carne,
3092 3669 3187 3715 aut
3218 3662 3263 3717 si
3292 3662 3393 3717 hoc
3430 3663 3527 3716 tibi
3555 3664 3759 3718 absur-

2152 3752 2281 3807 dum
2310 3752 2579 3819 videatur,
2626 3752 2939 3809 conﬁtearis
2982 3768 3207 3809 necesse
3250 3763 3336 3810 est
3375 3755 3431 3809 in
3478 3754 3619 3811 Filio
3650 3756 3754 3811 Dei

2152 3845 2295 3901 hanc
2334 3845 2725 3915 proprietatem
2768 3845 2885 3899 fieri
2924 3860 3084 3915 posse
3115 3844 3263 3917 (licet
3293 3847 3518 3903 alterius
3548 3856 3755 3903 natura

2152 3937 2223 3992 sit
2252 3946 2455 3993 aeterna
2492 3937 2783 4005 divinitas,
2825 3938 3052 3995 alterius
3088 3955 3153 3995 ex
3192 3949 3434 4011 tempore
3465 3940 3607 3997 facta
3640 3943 3754 3997 hu-

2152 4032 2408 4103 manitas)
2430 4048 2591 4101 quam
2614 4032 2669 4087 in
2694 4040 2747 4087 te
2769 4033 2885 4103 ipso
2906 4032 3042 4100 fore,
3069 4033 3179 4089 imo
3200 4035 3332 4089 etin
3356 4036 3505 4089 omni
3528 4036 3757 4092 homine

2153 4140 2353 4196 negare
2378 4142 2485 4182 non
2512 4127 2613 4182 vis.

2222 4216 2313 4272 XI.
2357 4217 2439 4273 Me
2480 4218 2648 4289 igitur
2684 4219 2963 4275 recordari
2988 4220 3150 4290 jubes
3175 4220 3462 4275 Dominum
3503 4220 3709 4276 dixisse
3741 4243 3753 4276 :

2154 4308 2290 4364 Lata
2335 4319 2384 4364 et
2427 4310 2662 4380 spatiosa
2700 4311 2783 4364 via
2818 4319 2917 4376 est,
2964 4327 3083 4381 qua:
3113 4312 3257 4364 ducit
3289 4310 3358 4364 ad
3397 4320 3655 4377 mortem,
3705 4323 3757 4367 et

2152 4400 2305 4454 multi
2343 4409 2483 4464 sunt,
2517 4401 2607 4471 qui
2639 4401 2838 4454 intrant
2876 4416 2970 4470 per
2999 4417 3135 4454 eam.
3177 4399 3349 4465 Quam
3379 4410 3527 4453 arcta
3566 4410 3615 4454 et
3655 4418 3760 4456 an-

448 4500 598 4548 sunt.
675 4489 788 4545 Nec
816 4490 919 4544 hoc
946 4489 1089 4554 dico,
1125 4490 1269 4558 quod
1298 4489 1511 4544 illorum
1558 4489 1866 4544 testimonio
1908 4489 2048 4543 indi-
2078 4504 2133 4564 D
2155 4502 2309 4563 gusta
2338 4494 2422 4546 via
2450 4502 2549 4558 est,
2576 4510 2694 4564 qum
2723 4493 2867 4546 ducit
2895 4492 2963 4546 ad
2991 4493 3172 4557 vitam,
3205 4503 3253 4546 et
3280 4493 3434 4563 pauci
3482 4500 3603 4545 sunt
3657 4493 3756 4562 qui

450 4598 642 4655 geam,
683 4580 892 4635 habens
930 4587 1099 4634 testes
1136 4580 1301 4634 totius
1352 4578 1646 4649 Scriptura:
1673 4586 1875 4633 sanctae
1897 4578 2045 4648 pagi-

450 4688 589 4739 nas;
629 4672 723 4729 sed
748 4672 817 4726 ad
838 4669 1211 4727 confusionem
1237 4669 1571 4726 inﬁdelitatis
1608 4677 1802 4724 vestra:
1832 4668 2048 4723 illorum

449 4763 609 4820 vobis
660 4762 892 4835 prtefero
932 4762 1115 4829 ﬁdem,
1148 4762 1240 4832 qui
1291 4763 1392 4818 soli
1440 4763 1516 4817 ita
1556 4760 1797 4831 perversi
1827 4761 1958 4815 estis
1993 4761 2050 4815 in

451 4858 584 4924 ﬁde,
616 4867 677 4914 ut
706 4858 974 4914 diabolica
1002 4858 1155 4915 vobis
1180 4857 1340 4930 digne
1364 4857 1686 4930 praeferatur
1719 4854 2009 4910 confessio.

527 4950 619 5006 IX.
658 4950 811 5019 Quod
835 4967 964 5007 vero
998 4967 1085 5007 me
1113 4953 1312 5007 asseris
1346 4951 1741 5005 humanitatem
1768 4966 1955 5005 veram
1996 4950 2051 5004 in

455 5043 678 5101 Christo
717 5060 947 5116 negare,
994 5046 1217 5100 omnino
1254 5044 1449 5100 falsum
1494 5050 1611 5109 est;
1660 5059 1763 5099 nec
1805 5044 1860 5099 in
1905 5043 2053 5099 omni

453 5138 764 5195 litterarum
808 5154 1051 5193 mearum
1094 5138 1233 5193 serie
1277 5152 1365 5191 me
1403 5136 1507 5192 hoc
1548 5136 1730 5192 dicere
1758 5135 1843 5191 vel
1871 5136 2052 5208 credi-

459 5233 604 5289 disse
628 5235 863 5304 probare
888 5233 1112 5303 poteris.
1162 5230 1269 5286 Sed
1296 5230 1351 5284 in
1379 5245 1465 5296 eo,
1496 5232 1700 5301 absque
1727 5231 1838 5285 ulla
1867 5230 2056 5286 dubie-

458 5334 570 5382 tate
594 5326 680 5382 vel
721 5326 999 5397 scrupulo,
1047 5326 1183 5381 duas
1223 5323 1486 5380 conﬁteor
1518 5335 1747 5379 naturas
1782 5324 2056 5394 perfectas

459 5426 516 5474 et
546 5419 805 5490 integras,
842 5418 1143 5473 divinitatis
1185 5417 1395 5472 scilicet
1420 5426 1581 5488 atque
1611 5419 1969 5474 humanitatis
2001 5420 2057 5474 in
2096 5466 2099 5471 ,

460 5527 569 5568 una
621 5528 853 5583 persona
905 5521 959 5568 et
999 5512 1056 5567 in
1091 5527 1200 5566 uno
1228 5511 1352 5566 Filii
1382 5513 1479 5567 Dei
1504 5513 1766 5569 nomine:
1816 5515 1957 5570 sicut
1999 5515 2056 5570 in

416 5586 425 5675 ί
461 5603 689 5672 epistola
718 5620 880 5675 quam
912 5602 1197 5658 charitatis
1236 5600 1413 5658 oﬁicio
1456 5615 1510 5659 et
1554 5604 1744 5660 salutis
1775 5613 1882 5660 tua:
1914 5606 2057 5661 desi-

416 5674 441 5691 ’
466 5691 617 5749 derio
658 5695 925 5750 catholico
969 5695 1178 5751 calamo
1223 5698 1541 5752 reverentiae
1584 5706 1781 5754 vestra:
1827 5713 2057 5753 exarare

467 5788 798 5857 curavimus,
839 5790 1123 5860 perspicue
1155 5788 1455 5860 intelligere
1482 5791 1744 5862 potestis,
1789 5791 1834 5848 si
1875 5791 2058 5849 sobrio

2152 4584 2416 4637 inveniunt
2446 4600 2559 4637 eam
2590 4582 2806 4655 (Matth.
2834 4598 2934 4647 vn,
2965 4582 3052 4646 15,
3086 4581 3173 4654 14)
3200 4583 3211 4635 !
3258 4580 3568 4636 Recordare
3607 4591 3663 4635 et
3697 4592 3759 4635 tu

2153 4674 2480 4745 Prophetam
2539 4675 2780 4730 dixisse:
2840 4672 3135 4727 Pascentur
3186 4675 3309 4745 agni
3365 4673 3420 4727 in
3474 4672 3761 4727 latitudine

2106 4786 2109 4789 ‘
2156 4766 2572 4839 (Osewiv,16).
2630 4767 2698 4824 Et
2724 4766 3068 4821 Psalmistam
3114 4766 3179 4820 de
3216 4765 3460 4836 potentia
3487 4765 3637 4834 ejus,
3686 4765 3761 4820 de

2155 4874 2263 4929 quo
2290 4859 2446 4914 nobis
2477 4874 2657 4914 sermo
2692 4866 2807 4925 est,
2854 4858 3025 4913 multo
3054 4866 3179 4912 ante
3205 4858 3582 4928 prmcecinisse
3612 4874 3627 4909 :
3677 4856 3759 4911 Et

2155 4949 2513 5004 dominabitur
2539 4969 2572 5004 a
2609 4952 2745 5004 mari
2776 4967 2938 5021 usque
2966 4950 3035 5004 ad
3064 4967 3237 5015 mare,
3284 4960 3332 5004 et
3374 4969 3406 5004 a
3441 4948 3758 5020 ﬂuminibus

2156 5061 2319 5115 usque
2344 5044 2413 5099 ad
2443 5046 2689 5099 terminos
2717 5044 2855 5099 orbis
2885 5056 3039 5100 terra:
3061 5044 3233 5117 (Psal.
3258 5061 3406 5111 LXXI,
3432 5045 3511 5117 8).
3544 5045 3762 5115 Ipsum-

2157 5149 2265 5205 que
2310 5151 2434 5191 cum
2481 5137 2760 5207 triumpho
2809 5137 2996 5208 gloria:
3046 5138 3428 5193 ascendentem
3480 5137 3535 5191 in
3581 5136 3762 5195 ccelos

2157 5230 2473 5285 mandatum
2498 5230 2713 5286 dedisse
2733 5229 3007 5302 Apostolis
3035 5231 3165 5295 suis,
3197 5239 3255 5284 ut
3279 5230 3538 5286 docerent
3562 5244 3762 5287 omnes

2159 5330 2383 5393 gentes,
2428 5321 2650 5376 dicens:
2702 5320 2815 5387 Ite,
2863 5321 3041 5376 docete
3091 5339 3267 5377 omnes
3315 5331 3488 5393 gentes
3528 5320 3756 5394 (Matth.

2159 5427 2351 5479 xxvm,
2385 5411 2493 5484 l9).
2533 5410 2672 5467 Olim
2702 5414 2755 5467 in
2784 5412 2968 5469 Iudaea
2999 5422 3162 5470 notus
3191 5414 3566 5471 tantummodo
3606 5414 3755 5470 Deus

2160 5505 2334 5579 (Psal.
2363 5523 2527 5573 Lxxv,
2556 5508 2633 5582 2),
2693 5525 2838 5564 nunc
2884 5524 3013 5564 vero
3063 5510 3317 5565 omnibus
3362 5509 3616 5581 gentibus
3645 5525 3758 5564 vox

2160 5616 2267 5655 una
2310 5609 2394 5656 est
2417 5600 2691 5668 Christus,
2724 5618 2883 5673 quem
2912 5618 3007 5659 vos
3056 5603 3199 5658 intra
3245 5603 3536 5674 Pyrenaeos
3575 5602 3758 5659 saltus

2160 5710 2269 5751 non
2296 5710 2569 5765 regnasse,
2597 5694 2691 5750 sed
2719 5697 2991 5766 captivum
3017 5695 3262 5753 latitasse
3289 5695 3587 5752 aastimatis.

2235 5787 2348 5845 XII.
2387 5787 2548 5847 Aliud
2580 5802 2797 5859 quoque
2831 5789 2897 5845 de
2930 5788 3222 5862 Evangelio
3255 5788 3470 5861 profers
3502 5787 3761 5849 testium.
