4030 6358
250 290 358 348 949

965 276 1384 338 DOGMATICA.
1420 306 1492 319 —
1528 277 1689 335 ADV.
1727 276 2127 336 ELIPANDUM
2165 278 2349 337 LIBRI
2384 280 2478 341 Iv.
2517 310 2588 325 -
2623 282 2755 341 LIB.
2791 262 2853 342 ι.’

252 426 440 483 nium,
488 413 585 469 ubi
628 409 744 480 ipsa
770 402 987 462 Veritas
1030 403 1097 458 de
1141 398 1522 458 communione
1551 395 1837 451 charitatis
1863 403 1918 464 Α
1942 402 2025 449 est
2058 395 2114 449 in
2144 398 2344 453 nostris
2366 439 2380 463 ,
2430 399 2569 455 sicut
2600 407 2746 459 totus
2772 409 2855 459 est
2881 402 2939 460 in
2964 404 3079 462 suis
3100 446 3117 472 ,
3162 415 3361 479 praeter
3388 410 3525 469 deli-

255 523 570 575 sanctorum
602 507 715 561 ait:
751 499 852 556 Ubi
893 506 1013 553 sunt
1051 496 1155 550 duo
1197 492 1273 548 vel
1315 502 1419 547 tres
1448 491 1746 561 congregati
1784 490 1840 542 in

258 610 468 666 nomine
495 618 633 665 meo,
676 597 746 651 ibi
788 610 903 648 sum
943 593 1000 645 in
1029 589 1200 643 medio
1229 602 1407 641 eorum
1437 584 1654 657 (Matth.
1683 598 1838 647 xvm,

256 699 370 767 20).
404 697 474 751 Et
504 691 680 748 credis
706 690 811 742 hoc
838 684 905 740 de
929 682 1108 737 Felice
1136 687 1344 734 tantum
1373 677 1592 767 suisque
1620 673 1843 742 compli-

257 765 414 848 cibus
441 788 646 843 dictum
675 796 815 845 esse,
846 776 1022 847 qualis
1047 774 1178 829 olim
1206 770 1348 825 idem
1376 769 1528 824 Felix
1553 765 1686 831 fuit,
1717 767 1842 820 dum

255 880 427 937 vestri
454 874 660 932 erroris
691 870 898 927 catenis
920 867 1198 922 vobiscum
1229 862 1511 933 colligatus
1538 858 1667 912 fuit:
1700 872 1844 911 nunc

258 988 388 1028 vero
432 970 545 1023 Deo
588 966 881 1021 miserante
922 957 1229 1014 rationabili
1263 954 1625 1024 disputatione
1656 951 1845 1006 convi-

258 1078 399 1128 ctus,
439 1072 494 1116 ct
524 1060 801 1115 absolutus
832 1056 898 1109 ab
924 1067 1111 1108 errore
1136 1057 1337 1113 vestro,
1370 1058 1424 1101 et
1470 1047 1520 1099 in
1566 1044 1845 1099 catholica:

258 1156 412 1226 pacis
436 1150 851 1207 unanimitatem
881 1144 1151 1198 reductus.
1186 1140 1251 1193 Et
1276 1153 1436 1206 quem
1459 1151 1553 1189 vos
1579 1134 1844 1189 habuistis

260 1248 417 1318 quasi
465 1252 681 1298 scutum
722 1236 961 1308 perﬁdia:
1003 1241 1216 1294 vestrae,
1264 1244 1407 1281 nunc
1444 1226 1681 1280 Ecclesia
1720 1239 1843 1277 eum

260 1313 427 1393 habet
457 1334 711 1404 sagittam
739 1334 1013 1397 potentem
1045 1332 1099 1377 et
1128 1329 1343 1375 acutam
1370 1332 1491 1373 cum
1520 1313 1846 1370 carbonibus

258 1424 604 1482 desolatoriis
634 1418 806 1493 (Psal.
836 1434 981 1480 cxrx,
1011 1414 1088 1486 4).
1122 1414 1234 1467 Vos
1266 1425 1396 1465 vero
1440 1410 1491 1463 in
1534 1408 1731 1477 quibus
1760 1420 1844 1458 re-

258 1519 509 1589 frigescit
541 1513 804 1575 charitas,
836 1504 1237 1578 congregamini
1273 1504 1325 1557 in
1362 1500 1578 1555 nomine
1604 1496 1843 1589 adoptivi

258 1588 376 1675 ﬁlii,
412 1610 467 1663 in
494 1606 711 1661 nomine
740 1600 936 1670 captivi
968 1599 1128 1663 servi,
1161 1598 1215 1651 in
1248 1594 1465 1650 nomine
1492 1588 1843 1659 nuncupativi

260 1701 358 1755 Dei
386 1719 398 1752 :
431 1714 531 1753 nos
558 1706 950 1765 congregamur
978 1690 1034 1743 in
1063 1688 1279 1742 nomine
1308 1682 1570 1755 unigeniti
1598 1679 1720 1735 Filii
1746 1678 1841 1733 Dei

1941 484 2118 537 ctum?
2137 504 2155 535 ι
2195 485 2413 541 Utinam
2434 489 2626 545 melius
2647 492 3004 549 intellexisses
3024 503 3336 554 sanctorum
3353 501 3525 559 verba

1942 574 2259 630 doctorum!
2298 576 2455 632 Totus
2496 581 2550 634 in
2591 586 2804 650 nostris,
2835 585 2890 641 id
2914 594 3017 653 est,
3054 595 3198 644 totus
3224 589 3395 647 Filius
3423 593 3525 650 lio-

1943 666 2133 730 minis;
2177 676 2225 720 et
2259 676 2397 722 totus
2424 671 2478 723 in
2503 674 2638 736 suis,
2683 674 2737 729 id
2766 683 2875 741 est,
2924 685 3067 734 totus
3092 679 3263 736 Filius
3290 681 3418 748 Dei,
3464 683 3524 742 in

1943 765 2171 826 utraque
2192 757 2324 830 [Cod
2332 802 2342 813 .
2362 759 2566 828 Paris.,
2592 765 2645 818 in
2666 769 2916 841 utroque]
2939 771 3128 841 plenus
3150 781 3204 828 et
3225 774 3521 845 perfectus.

1945 849 2023 902 Tu
2064 866 2193 904 vero
2238 854 2638 920 particulariter
2684 860 2765 913 vis
2812 875 2934 916 eum
2982 880 3102 921 esse
3148 866 3342 922 Filium
3392 869 3523 937 Dei,

1944 943 2140 1010 partim
2169 959 2311 1009 vere,
2344 954 2397 999 et
2428 948 2622 1015 partim
2650 951 2998 1009 nominative.
3028 958 3189 1027 881
3219 958 3334 1014 Hoc
3358 960 3523 1016 velim

1947 1035 2272 1101 respondeas
2317 1037 2489 1102 mihi,
2540 1039 2585 1092 si
2631 1046 2777 1096 totus
2823 1056 2905 1097 est
2953 1045 3007 1099 in
3055 1056 3283 1119 utraque
3328 1060 3523 1108 natura

1945 1124 2190 1180 Christus
2219 1143 2343 1183 vero
2372 1139 2425 1183 et
2452 1133 2668 1201 proprie
2696 1136 3020 1193 beatissimos
3048 1142 3283 1211 Virginis
3311 1144 3523 1202 Filius?

1944 1215 2051 1268 Aut
2080 1217 2122 1269 si
2153 1234 2276 1272 verc
2306 1220 2472 1275 Deum
2504 1225 2687 1293 genuit
2724 1237 2908 1282 sancta
2938 1230 3090 1300 virgo
3132 1232 3299 1288 Maria
3319 1275 3335 1300 ,
3383 1237 3526 1292 sicut

1945 1322 2133 1361 omnes
2162 1310 2411 1365 catholici
2443 1312 2535 1366 Dei
2566 1330 2685 1368 eam
2715 1318 3033 1387 genitricem
3061 1322 3287 1377 credunt
3313 1334 3368 1379 et
3396 1341 3529 1382 con-

1946 1388 2208 1451 ﬁtentur?
2243 1401 2308 1454 Et
2335 1410 2514 1456 utrum
2540 1415 2776 1462 aeternus
2801 1408 2893 1462 Dei
2923 1409 3092 1465 Filius
3112 1427 3239 1467 vere
3263 1415 3333 1469 sit
3354 1416 3528 1473 beata

1948 1488 2181 1557 Virginis
2210 1490 2397 1558 Filius,
2433 1502 2527 1548 aut
2554 1498 2843 1565 adoptive?
2874 1498 2930 1553 Si
2962 1500 3215 1571 adoptive
3244 1504 3398 1570 dicis,
3428 1519 3527 1560 ne—

1945 1597 2213 1650 quaquam
2256 1599 2381 1639 vcre
2432 1584 2531 1640 fuit
2578 1588 2672 1643 Dei
2716 1591 2949 1661 genitrix
2991 1595 3336 1650 sanctissima
3375 1597 3529 1669 virgo

1946 1674 2132 1730 Maria.
2171 1676 2229 1731 Si
2246 1693 2376 1733 vero
2400 1680 2662 1736 catholico
2684 1699 2777 1738 ore
2798 1700 2923 1739 vere
2949 1701 3067 1741 eam
3090 1687 3186 1742 Dei
3211 1688 3527 1758 genitricem
3578 1728 3579 1731 η

262 1790 562 1848 Salvatoris
592 1784 776 1840 mundi
795 1823 811 1848 ,
847 1783 903 1837 in
929 1779 1147 1835 nomine
1174 1776 1376 1833 Christi
1406 1772 1646 1836 Domini,
1680 1784 1842 1840 quem
1871 1769 1920 1830 Β
1947 1768 2192 1823 conﬁteri
2221 1770 2323 1835 vis,
2354 1772 2483 1839 quid
2512 1782 2681 1829 restat
2711 1776 2816 1830 nisi
2849 1786 2906 1831 ut
2932 1793 2996 1832 ea
3027 1780 3253 1833 veritate
3283 1788 3428 1836 totus
3457 1780 3532 1837 sit

260 1887 487 1959 angelus
512 1880 822 1954 pastoribus
849 1884 1034 1931 natum
1058 1870 1392 1959 praedicavit,
1414 1869 1598 1959 dicens
1624 1884 1651 1959 ;Δ
1668 1864 1843 1959 Natus

259 1955 507 2033 est'robis
533 1972 687 2026 hodie
713 1966 979 2032 Salvator,
1014 1964 1103 2035 qui
1132 1971 1204 2016 est
1233 1958 1473 2014 Christus
1499 1956 1754 2010 Dominus
1788 1955 1845 2007 in

262 2071 465 2125 civitate
494 2064 663 2118 David
691 2051 841 2133 (Luc.
870 2076 933 2123 ιι,
962 2056 1071 2127 li).
1104 2055 1212 2110 Vos
1239 2051 1437 2106 ﬂectite
1464 2064 1637 2120 genua
1668 2048 1722 2100 in
1748 2060 1847 2100 no-

261 2165 411 2218 mine
441 2156 710 2227 adoptivi;
760 2166 857 2206 nos
893 2148 1157 2203 ﬂectimus
1189 2158 1363 2216 genua
1390 2156 1512 2196 cum
1544 2137 1747 2208 angelis
1792 2144 1847 2191 et

261 2246 628 2318 archangelis,
670 2258 793 2298 cum
833 2238 976 2294 omni
1021 2236 1212 2291 militia
1254 2232 1491 2296 caelesti,
1534 2229 1589 2283 in
1630 2227 1847 2282 nomine

260 2342 412 2404 Jesu,
438 2340 504 2393 de
530 2351 637 2406 quo
662 2324 866 2389 dictum
891 2336 976 2384 est
1000 2346 1013 2381 :
1048 2326 1117 2380 Et
1146 2324 1365 2379 adorent
1398 2337 1516 2376 eum
1545 2334 1722 2373 omnes
1750 2335 1848 2371 an-

259 2432 363 2505 geli
396 2431 488 2484 Dei
513 2425 701 2499 (Hebr.
729 2440 767 2489 t,
794 2422 870 2493 6).

334 2521 470 2575 λιιι.
502 2514 803 2573 Pervenisti
827 2512 1041 2568 tandem
1065 2511 1131 2566 ad
1154 2507 1567 2579 promissionem
1590 2502 1709 2569 Dei,
1727 2516 1847 2571 qua:

260 2615 408 2670 dicta
435 2621 519 2666 est
542 2609 610 2664 ad
636 2606 835 2660 David:
864 2602 994 2658 Cum
1018 2601 1316 2662 dormieris,
1338 2597 1514 2667 inquit
1537 2595 1701 2659 Deus,
1728 2609 1846 2646 cum

261 2706 501 2777 patribus
521 2683 649 2766 tuis,
671 2697 932 2754 suscitabo
956 2696 1018 2749 de
1043 2694 1231 2747 lumbis
1258 2692 1363 2746 tuis
1383 2691 1472 2762 qui
1493 2689 1669 2744 sedeat
1691 2705 1847 2759 super

262 2796 513 2849 thronum
532 2790 723 2847 Israel.
748 2789 860 2860 Ego
882 2804 970 2843 ero
991 2788 1037 2841 ei
1060 2787 1115 2839 in
1139 2784 1369 2847 Patrem,
1405 2791 1453 2837 et
1472 2784 1580 2853 ipse
1599 2781 1728 2834 mihi
1748 2782 1844 2834 erit

262 2887 325 2940 in
348 2884 393 2937 F
397 2886 548 2939 ilium
571 2883 655 2955 (II
679 2882 808 2952 Reg.
830 2896 926 2945 vii,
944 2879 1032 2944 12,
1052 2876 1160 2949 14).
1195 2876 1237 2931 Ο
1264 2876 1427 2930 Pater
1454 2874 1731 2944 Elipaude,
1752 2873 1845 2928 ubi

258 2980 551 3052 perdidisti
584 2976 767 3031 oculos
794 2974 953 3029 tuos?
999 2972 1176 3039 Quare
1208 2969 1437 3039 posuisti
1475 2966 1843 3022 testimonium

263 3084 460 3130 contra
477 3082 528 3127 te
543 3066 930 3125 fortissimum?
952 3064 1112 3119 Forte
1128 3070 1348 3133 propter
1364 3059 1651 3115 sacerdotii
1672 3058 1842 3127 digni-

262 3172 440 3221 tatem
465 3179 587 3219 cum
613 3161 812 3230 Caipha
836 3160 1091 3229 ignorans
1105 3155 1387 3209 veritatem
1418 3151 1712 3222 protulisti.
1748 3151 1846 3205 Pa-

267 3267 423 3312 terna
442 3254 728 3326 promissio
757 3260 870 3316 est,
902 3259 957 3305 et
982 3258 1203 3319 paterna
1242 3244 1571 3308 testiﬁcatio,
1606 3244 1747 3298 sicut
1790 3251 1845 3298 tu

263 3349 386 3417 ipse
417 3344 628 3400 dixisti:
657 3343 761 3396 Ero
787 3343 834 3395 ei
862 3341 918 3394 in
945 3337 1241 3403 Patrem,et
1262 3338 1371 3406 ipse
1391 3335 1487 3388 erit
1515 3333 1642 3386 mihi
1673 3334 1728 3386 in
1750 3330 1847 3386 Fi-

264 3444 421 3496 lium.
452 3439 591 3494 Nihil
611 3439 695 3492 his
719 3435 899 3490 verbis
928 3432 1231 3503 ad0ptionis
1252 3430 1305 3484 in
1325 3437 1551 3500 paterna
1573 3428 1845 3498 reperitur

264 3533 645 3605 promissione.
683 3528 911 3583 Multum
938 3534 1022 3581 est
1048 3525 1188 3580 inter
1215 3540 1323 3588 ero,
1365 3530 1419 3576 et
1443 3522 1609 3575 dicor.
1644 3520 1845 3574 Verum

264 3642 370 3697 per
389 3641 445 3679 se
466 3632 549 3679 est
565 3624 765 3691 absque
786 3619 893 3673 ulla
910 3616 1321 3687 imaginatione;
1346 3613 1627 3683 adoptivus
1648 3610 1848 3666 dicitur

267 3736 379 3776 non
418 3735 448 3771 a
470 3717 726 3778 veritate,
760 3714 855 3768 sed
885 3713 951 3767 ab
981 3710 1367 3780 imaginatione
1392 3706 1621 3761 volentis
1655 3704 1844 3758 animi.

265 3809 498 3866 Multum
540 3806 765 3861 interest
804 3803 947 3857 inter
972 3808 1152 3855 vestra
1206 3797 1483 3853 mendacia
1513 3804 1568 3851 et
1596 3795 1692 3850 Dei
1721 3810 1848 3864 pro-

263 3905 459 3960 missa.
516 3901 634 3971 ipse
670 3897 841 3953 dixit:
890 3895 1007 3950 Erit
1054 3892 1180 3946 mihi
1223 3889 1438 3955 Filius;
1494 3904 1591 3943 vos
1635 3887 1844 3952 dicitis,

261 4002 612 4065 nuncupatur
633 3999 863 4055 tantum,
885 3988 979 4043 sed
1004 4002 1111 4041 non
1133 3994 1215 4040 est
1236 3982 1469 4053 proprie.
1498 3981 1847 4051 Prophetiam

263 4102 487 4159 quoque
534 4084 683 4138 Isaia:
727 4083 792 4136 de
834 4079 1051 4135 Christo
1083 4076 1137 4130 in
1166 4074 1402 4130 medium
1434 4072 1724 4136 deduxisti,
1754 4070 1846 4125 ubi

262 4181 385 4235 ait:
436 4177 611 4230 Radix
650 4173 816 4237 Iesse,
866 4171 954 4242 qui
1002 4179 1103 4223 stat
1151 4169 1207 4221 in
1257 4168 1462 4237 signum
1510 4163 1843 4235 populorum,

260 4278 443 4345 ipsum
481 4281 655 4342 gentes
692 4269 1129 4340 deprecabuntur,
1176 4274 1223 4319 et
1262 4265 1358 4317 erit
1396 4261 1689 4333 sepulcrum
1730 4260 1846 4331 ejus

262 4365 558 4436 gloriosum
588 4360 742 4431 (1εαὶ.
770 4374 847 4424 χι,
880 4358 989 4428 l0).
1041 4356 1249 4423 Quibus
1274 4352 1486 4424 populis
1526 4359 1633 4405 stat
1673 4351 1727 4403 in
1770 4348 1845 4403 si-

1945 1861 2002 1915 in
2029 1862 2237 1917 duabus
2277 1866 2485 1921 naturis
2512 1867 2758 1922 Christus
2786 1885 2909 1924 vere
2940 1870 3037 1925 Dei
3066 1871 3256 1937 Filius,
3304 1889 3407 1943 qua
3446 1881 3532 1930 est

1946 1953 2001 2007 in
2016 1954 2224 2009 duabus
2241 1957 2449 2012 naturis
2462 1973 2590 2013 vere
2600 1960 2698 2013 bea
2708 1960 3167 2033 tissimieVirginis
3180 1964 3383 2021 Filius?
3399 1966 3470 2021 At
3482 1966 3531 2022 si

1947 2045 2257 2101 humanitas
2300 2048 2417 2117 ejus
2442 2049 2690 2118 adoptiva
2708 2058 2803 2104 est
2834 2051 2944 2107 Deo
2979 2052 3158 2120 Patri,
3195 2070 3532 2125 consequens

1946 2152 2066 2192 esse
2091 2139 2335 2203 videtur,
2380 2150 2439 2193 ut
2461 2141 2713 2196 divinitas
2746 2144 2996 2213 adoptiva
3018 2145 3090 2199 sit
3113 2146 3275 2199 matri
3299 2145 3529 2216 Virgini.

1948 2230 2102 2297 Quod
2116 2248 2279 2300 quam
2308 2233 2531 2302 impium
2548 2235 2620 2288 sit
2634 2235 2831 2301 dicere,
2851 2238 3028 2292 nullus
3049 2238 3530 2311 ﬁdeliumignorat.

2020 2321 2158 2376 XlV.
2199 2322 2434 2393 Flagitas
2480 2340 2567 2379 me
2613 2334 2776 2381 testes
2821 2328 2980 2391 dare,
3031 2346 3049 2378 ‹
3094 2331 3238 2399 quod
3276 2330 3419 2386 nulla
3464 2331 3538 2386 sit

1946 2411 2164 2481 adoptio
2190 2412 2244 2465 in
2269 2428 2430 2468 carne
2452 2414 2686 2482 Christi;
2720 2439 2737 2469 ›
2772 2420 2917 2488 quod
2945 2428 3186 2492 tempore
3208 2430 3530 2493 opportuno,

1949 2510 2147 2557 sancto
2178 2501 2382 2572 Spiritu
2423 2507 2718 2563 catholicos
2758 2512 2965 2578 pectori
3007 2521 3194 2567 nostro
3236 2513 3534 2583 inspirante

1948 2607 2159 2659 sensus,
2180 2594 2420 2650 facturus
2441 2612 2581 2663 sum,
2601 2600 3044 2671 abundanterque
3065 2603 3121 2656 in
3141 2604 3261 2659 aliis
3281 2603 3536 2661 litterulis

1947 2688 2150 2741 nostris
2172 2700 2221 2753 α,
2268 2705 2402 2757 quas
2443 2698 2630 2744 contra
2675 2706 2919 2747 errorem
2944 2704 3186 2749 vestrum
3219 2696 3409 2763 edidi,
3446 2711 3534 2753 me

1949 2776 2143 2832 fecisse
2174 2778 2451 2849 intelligit,
2497 2782 2589 2849 qui
2631 2789 2845 2838 nostras
2880 2785 3160 2854 paginulas
3204 2786 3383 2856 legere
3422 2803 3535 2845 non

1948 2869 2262 2923 contemnit.
2312 2869 2387 2923 De
2426 2884 2491 2925 eo
2517 2884 2664 2936 vero,
2711 2873 2853 2940 quod
2891 2874 3126 2943 postulas
3163 2875 3533 2935 testimonium

1946 2962 2045 3016 tibi
2070 2962 2206 3028 dari,
2233 2982 2252 3012 ι
2281 2947 2423 3032 quod
2444 2981 2551 3019 non
2576 2966 2646 3020 sit
2669 2982 2796 3021 vera
2818 2968 3125 3024 humanitas
3151 2971 3203 3024 in
3227 2970 3475 3027 Christo:
3504 2992 3525 3026 ι

1949 3054 2108 3124 huius
2140 3055 2349 3111 rei‘tibi
2387 3056 2696 3111 testimonia
2731 3074 2840 3113 non
2868 3060 3038 3127 dabo;
3080 3061 3207 3130 quia
3233 3062 3532 3120 catholicus

1948 3160 2104 3212 sum,
2150 3146 2207 3199 in
2250 3146 2513 3201 catholica
2552 3155 2707 3203 natus
2748 3159 2802 3203 et
2842 3152 3078 3205 nutritus
3104 3151 3386 3208 Ecclesia:
3435 3155 3535 3211 sed

1946 3239 2086 3295 dabo
2117 3240 2212 3294 tibi
2244 3249 2407 3295 testes
2446 3241 2750 3297 litterarum
2781 3260 3025 3299 mearum
3052 3247 3244 3312 series,
3276 3247 3322 3302 si
3354 3247 3534 3318 legere

1947 3333 2208 3403 digneris,
2237 3348 2421 3388 veram
2458 3334 2793 3390 divinitatem
2830 3344 2886 3390 et
2912 3352 3096 3392 veram
3136 3340 3531 3396 humanitatem

1948 3423 2268 3480 conﬁtentes
2298 3424 2353 3477 in
2380 3423 2595 3480 Christo
2623 3425 2753 3482 Deo.
2802 3425 2870 3480 Et
2896 3428 3065 3483 miror
3094 3444 3193 3483 cur
3224 3429 3358 3484 mihi
3396 3430 3534 3500 obii-

1948 3530 2073 3571 cere
2092 3515 2226 3570 velis
2234 3556 2247 3585 λ
2270 3517 2412 3587 quod
2437 3533 2712 3588 nunquam
2739 3533 2824 3573 me
2850 3519 3030 3575 dicere
3056 3520 3251 3591 legisti.
3283 3521 3533 3577 Hortaris

1948 3623 2036 3663 me
2056 3608 2246 3662 Arium
2286 3623 2391 3662 non
2434 3623 2570 3674 esse,
2616 3610 2709 3679 qui
2746 3609 3039 3664 multorum
3061 3626 3157 3665 sua
3176 3613 3536 3682 perversitate

1948 3700 2235 3770 maculavit
2264 3700 2446 3766 corda,
2472 3708 2532 3754 ut
2558 3708 2705 3756 recte
2735 3716 2842 3756 non
2870 3702 3172 3757 crederent.
3207 3703 3339 3775 Ego,
3366 3704 3536 3775 gloria

1948 3790 2059 3845 Deo
2080 3788 2229 3855 Jcsu,
2251 3805 2525 3859 nunquam
2549 3790 2603 3844 in
2624 3792 2939 3845 barathrum
2962 3792 3079 3847 Arii
3102 3792 3352 3863 delapsus
3378 3810 3530 3860 sum;

1948 3881 2042 3935 sed
2074 3889 2130 3935 tu
2156 3880 2239 3933 vel
2269 3881 2432 3935 Arius
2461 3896 2581 3935 esse
2608 3882 2952 3951 probaberis,
2981 3882 3067 3937 vel
3096 3891 3245 3937 tuam
3274 3885 3535 3939 damnare

1949 3970 2273 4025 sententiam
2302 3968 2541 4039 cogeris;
2582 3970 2674 4040 qui
2703 3971 2901 4026 asseris
2929 3971 3124 4026 Filium
3154 3971 3255 4027 Dei
3288 3973 3531 4041 unicum,

1947 4063 2297 4133 unigenitum,
2329 4063 2593 4133 uniusque
2617 4063 2805 4134 procul
2835 4064 2997 4120 dubio
3025 4080 3288 4135 personae,
3321 4067 3532 4137 adopti-

1947 4170 2074 4210 vum
2096 4171 2233 4210 esse.
2265 4154 2516 4224 Nunquid
2539 4170 2644 4209 non
2670 4165 2725 4209 tu
2746 4155 2802 4209 in
2823 4156 3011 4211 eadem
3037 4170 3268 4225 persona
3290 4157 3536 4228 adoptio-

1948 4263 2073 4304 nem
2100 4263 2220 4303 esse
2246 4246 2502 4311 alIirmas,
2533 4262 2693 4315 quam
2722 4246 2883 4303 Arius
2921 4247 3049 4302 olim
3092 4248 3397 4303 detestabili
3427 4249 3534 4304 im-

1947 4341 2148 4412 pietate
2192 4341 2499 4411 adoptivani
2526 4354 2647 4395 esse
2679 4340 2949 4395 asseruit?
2993 4340 3100 4395 Aut
3132 4341 3179 4397 si
3211 4342 3353 4398 hanc
3381 4341 3529 4399 blas-

264 4432 457 4528 gnuni,
489 4462 544 4508 et
567 4470 686 4524 ψιω
712 4460 895 4521 gentes
926 4465 1049 4505 eum
1078 4448 1531 4519 deprecabuntur,
1564 4445 1609 4499 si
1641 4444 1695 4498 in
1735 4443 1848 4498 sola
1874 4475 1929 4536 Β
1950 4434 2221 4503 phemiam
2269 4433 2538 4488 declinare
2579 4432 2791 4499 niteris,
2825 4448 2949 4487 mox
2976 4433 3169 4488 incidis
3199 4433 3255 4488 in
3280 4434 3534 4505 laqueum

264 4524 530 4616 llispania
559 4543 813 4614 perpauci
840 4541 1187 4595 musitatores
1213 4552 1336 4593 eum
1365 4536 1627 4591 catholice
1656 4534 1847 4604 depre—
1874 4524 1924 4536 "
1951 4527 2207 4591 Nestorii,
2240 4526 2293 4579 in
2323 4526 2457 4580 duas
2482 4524 2758 4580 Christum
2787 4525 3032 4579 dividens
3056 4539 3336 4595 personas,
3367 4540 3530 4581 unam

263 4638 505 4697 cantur?
551 4636 655 4703 Qui
695 4634 994 4690 certissime
1025 4631 1224 4685 nullius
1251 4630 1446 4699 accipit
1482 4642 1700 4697 preces,
1741 4628 1847 4681 nisi

265 4734 325 4786 in
360 4730 627 4784 charitate
656 4726 935 4782 catholica:
962 4725 1112 4793 pacis
1136 4722 1507 4792 proferantur;
1549 4718 1643 4773 sed
1673 4726 1726 4772 et
1764 4733 1848 4772 se—

265 4823 520 4895 pulcrum
550 4819 725 4884 illius,
769 4834 926 4888 quem
957 4831 1053 4871 vos
1082 4815 1368 4886 ignobilem
1399 4812 1609 4876 dicitis,
1653 4810 1850 4881 glorio—

265 4929 393 4968 sum
416 4926 538 4966 esse
557 4910 825 4979 Propheta
847 4908 1113 4977 praedixit.
1145 4906 1201 4960 Si
1228 4905 1529 4977 sepulcrum
1556 4902 1847 4973 gloriosum

265 5016 377 5071 est,
406 5016 610 5077 quanto
636 5005 807 5074 magis
835 5003 1099 5073 gloriosus
1124 5008 1226 5065 est,
1254 4999 1344 5068 qui
1372 5000 1425 5052 in
1453 4996 1699 5066 sepulcro
1724 4996 1849 5050 dor-

263 5101 456 5161 mivit,
488 5115 553 5153 ex
584 5098 738 5166 cujus
764 5109 993 5165 persona
1018 5092 1284 5161 Propheta
1311 5090 1439 5143 olim
1464 5088 1659 5143 cecinit
1688 5106 1699 5140 :
1734 5086 1847 5157 Ego

263 5193 495 5247 dormivi
526 5200 575 5244 et
604 5205 843 5244 somnum
875 5186 1022 5258 ccepi,
1060 5195 1107 5239 et
1144 5183 1403 5238 resurrexi
1431 5179 1603 5253 (Psal.
1636 5197 1720 5245 ιιι,
1750 5178 1848 5248 6)?

259 5283 532 5354 Adjungis
580 5295 810 5351 namque
851 5281 1075 5334 Patrum
1122 5276 1440 5331 catholicam
1484 5273 1842 5329 sententiam:

271 5394 292 5427 ι
325 5376 497 5430 Totus
526 5377 581 5429 in
612 5375 745 5436 suis,
776 5381 831 5427 et
854 5380 1001 5426 totus
1031 5370 1086 5424 in
1107 5369 1346 5432 .nostris,
1374 5387 1391 5419 ι
1428 5367 1629 5421 addens
1658 5380 1725 5419 ex
1756 5372 1847 5418 tuo

262 5485 436 5527 sensu
462 5487 473 5523 :
507 5488 525 5519 ι
557 5468 735 5535 Quare
765 5483 872 5521 non
902 5466 1113 5520 dicatur
1137 5462 1437 5531 ad0ptivus,
1470 5461 1562 5529 qui
1593 5459 1669 5512 ita
1705 5465 1850 5512 totus

344 5626 452 5681 ³1η
489 5627 642 5681 libris
670 5642 745 5681 vn
788 5626 1048 5680 adversus
1075 5623 1345 5688 Felicem;
1388 5622 1472 5677 vel
1498 5621 1676 5691 potius
1707 5620 1759 5675 in
1789 5618 1851 5673 li-

264 5696 417 5760 bello
444 5699 513 5753 ad
540 5699 833 5754 monachos
857 5697 1067 5752 Cothia:
1093 5696 1277 5752 misso.

1952 4621 2246 4690 propriam,
2276 4629 2331 4674 et
2359 4619 2585 4674 alteram
2614 4620 2941 4689 adoptivam.
2974 4618 3111 4674 Nam
3135 4620 3414 4677 Nestorius
3437 4636 3535 4691 pa-

1952 4711 2060 4765 lam
2089 4713 2221 4765 duas
2246 4727 2353 4766 non
2380 4712 2678 4765 nominavit
2716 4726 2974 4781 personas
3003 4712 3059 4765 in
3084 4711 3320 4778 Christo,
3349 4713 3534 4768 omnia

1952 4811 2153 4870 tamen,
2178 4819 2297 4874 quae
2321 4804 2528 4858 duabus
2550 4804 2726 4857 inesse
2748 4803 2996 4873 personis
3016 4819 3238 4859 necesse
3264 4813 3346 4859 est
3365 4820 3534 4874 pravo

1954 4912 2134 4961 sensu,
2164 4897 2217 4950 id
2247 4903 2350 4961 est,
2378 4895 2764 4965 pr0prietatem
2792 4904 2845 4950 et
2875 4896 3217 4968 adoptionem
3247 4897 3367 4953 Filii
3395 4897 3535 4953 allir-

1953 4990 2121 5065 mavit
2167 4989 2221 5041 in
2259 4987 2494 5042 Christo.
2547 4986 2605 5039 ln
2651 4985 2767 5055 ejus
2795 5002 2924 5041 vero
2970 4987 3088 5042 sine
3134 4987 3297 5043 dubio
3340 4978 3536 5043 litteris

1955 5081 2258 5150 adoptionis
2297 5093 2488 5134 nomen
2531 5080 2596 5135 de
2623 5079 2838 5134 Christo
2868 5079 3179 5135 invenitur:
3214 5081 3379 5136 verba
3405 5094 3534 5133 vero

1953 5180 2078 5227 sunt
2106 5169 2344 5239 ejusdem
2370 5168 2600 5225 Nestorii
2632 5177 2755 5238 post
2783 5170 3043 5226 obscuros
3070 5186 3262 5226 sensus
3304 5178 3359 5225 et
3398 5168 3533 5223 cali-

1953 5264 2169 5333 ginosas
2199 5262 2495 5316 sententias
2534 5269 2588 5315 et
2625 5260 2818 5330 impias
2847 5259 3192 5316 inﬁdelitates
3227 5258 3532 5329 hujusmodi

1952 5356 2020 5411 de
2045 5354 2378 5409 humanitate
2406 5352 2628 5408 Christi.
2677 5353 2766 5407 Ait
2791 5354 2936 5409 enim
2960 5355 2986 5394 h
3014 5372 3026 5407 :
3062 5372 3079 5405 ι
3114 5354 3266 5409 Unde
3293 5360 3348 5407 et
3374 5350 3530 5409 multi

1957 5448 2250 5504 secundum
2287 5448 2504 5502 beatum
2544 5446 2772 5501 Paulum
2809 5447 3039 5503 dicimur
3070 5444 3166 5498 lilii
3188 5482 3204 5509 ,
3252 5443 3347 5500 sed
3386 5443 3534 5499 solus

2031 5616 2057 5654 b
2082 5613 2363 5668 Nestorius
2388 5612 2528 5681 apud
2552 5610 2894 5683 Agobardum
2937 5608 3059 5663 libr.
3087 5614 3274 5683 contra
3298 5607 3533 5683 Felicem

1960 5701 2079 5756 cap.
2104 5686 2155 5739 7.
2207 5684 2357 5740 Unde
2398 5678 2624 5751 integer
2641 5689 2820 5738 textus
2860 5681 2934 5735 ita
2975 5678 3315 5735 restituitur:
3349 5697 3367 5731 ι
3396 5682 3534 5747 hoc,
