4030 6358
1233 263 1238 268 ’
1335 264 1396 325 Β.
1430 270 1494 326 F.
1534 263 1760 324 ALBINI
1798 263 1932 324 SEU
1968 263 2244 324 ALCUINI
2280 261 2562 324 OPERUM
2599 261 2777 320 PARS
2809 263 2898 321 Ill.

494 389 826 464 pnncipuum
857 382 1063 444 habens
1095 385 1219 451 hoc,
1247 383 1456 454 quod...
1484 383 1650 444 Verbi
1679 381 2072 452 eopulationem
2103 390 2150 446 Α
2176 376 2398 440 Christi,
2439 377 2532 446 qui
2566 393 2634 431 ex
2672 376 2901 432 diversis
2938 371 3218 432 christiani
3257 372 3473 444 imperii
3507 374 3758 446 partibus

499 479 839 549 adoptionem
865 478 1210 546 participans.
1243 497 1261 528 ι

571 569 687 626 ιν.
727 568 953 633 Videte,
996 569 1098 624 viri
1143 567 1374 633 fratres,
1420 567 1598 622 videte
1639 565 1938 636 periculum
1979 577 2073 617 ve-

501 673 677 722 strum
701 705 714 726 ,
761 671 820 718 et
861 662 1078 716 tandem
1119 662 1406 732 aliquando
1446 661 1745 730 resipiscite
1787 660 1854 714 ab
1894 671 2076 712 errore

503 755 851 820 inﬁdelitatis,
892 753 1191 808 devitantes
1228 753 1528 808 doctrinam
1567 751 1838 806 duaiitatis
1872 751 1937 803 de
1975 749 2079 802 Re-

505 847 784 917 demptoris
828 853 1032 900 nostro.
1097 844 1202 898 Aut
1253 845 1299 898 si
1353 860 1417 898 ex
1467 844 1729 898 catholica
1771 851 2079 896 sanctorum

505 938 728 994 Patrum
782 937 1164 1006 prastilcatione
1212 951 1319 990 non
1361 936 1524 991 vultis
1551 977 1566 1002 ,
1615 936 1698 990 vel
1739 951 1804 990 ex
1847 933 2081 988 Nestorii

507 1028 670 1098 impia
711 1027 1121 1090 incredulitate,
1180 1034 1236 1081 et
1277 1026 1423 1094 justa
1467 1028 1808 1081 damnatione
1847 1034 2083 1080 vestram

507 1118 760 1190 corrigite
800 1119 1123 1174 sententiam
1149 1157 1162 1183 ,
1211 1119 1456 1172 eamdem
1501 1118 1842 1187 adoptionem
1887 1117 1938 1168 in
1986 1115 2085 1169 bu-

509 1212 771 1268 Inanitate
806 1211 1008 1266 Christi
1048 1210 1366 1265 afﬁrmautis
1408 1209 1563 1281 (Cod.
1589 1207 1791 1273 Paris.,
1817 1208 2085 1262 afﬁrman-

511 1301 613 1374 tes]
639 1343 652 1366 ,
707 1303 848 1357 sicut
888 1303 940 1356 in
987 1302 1128 1357 illius
1165 1303 1343 1358 verbis
1382 1303 1568 1356 audire
1609 1301 1834 1372 potestis
1859 1341 1872 1364 ,
1925 1315 2086 1370 quam

512 1401 693 1447 vestra
735 1393 986 1462 pertinax
1041 1393 1342 1464 ignorantia
1395 1392 1663 1446 afﬁrmare
1713 1391 1922 1444 nititur.
1967 1390 2088 1443 Dis-

512 1483 696 1553 perdat
727 1486 862 1538 enim
896 1483 1100 1556 (Forte,
1130 1486 1270 1557 eum]
1305 1485 1580 1552 Dominus,
1628 1485 1756 1538 dicit
1795 1483 2086 1552 Propheta,

513 1573 822 1642 magistrum
847 1585 895 1628 et
923 1573 1238 1645 discipulum
1266 1575 1545 1630 docentem
1589 1574 1713 1628 talia
1743 1572 2000 1644 (Malach.
2027 1587 2087 1635 II,

2172 475 2566 531 convenerant,
2607 475 2808 524 aeterno
2840 465 3183 522 anathemate
3221 465 3517 520 damnata:
3563 466 3675 524 imo
3700 476 3760 522 et

2174 572 2206 611 a
2238 557 2408 611 beata:
2441 557 2714 612 memoriae
2747 556 2983 612 Adriano
3020 571 3176 626 papa,
3213 556 3305 626 qui
3333 565 3461 612 tunc
3495 557 3760 628 temporis

2176 655 2375 703 sanctas
2435 645 2690 701 Romanu:
2751 647 3006 702 Ecclesiae
3068 647 3366 716 apostolica
3426 649 3761 705 auctoritate

2178 746 2397 795 rexerat
2433 736 2634 801 sedem,
2677 736 2920 794 funditus
2958 740 3354 796 exterminata:
3397 741 3570 798 donec
3612 742 3761 798 idem

2177 830 2326 886 Felix
2366 827 2654 884 infeliciter
2693 829 2760 884 ad
2801 838 3008 886 vestras
3049 829 3324 902 refugiens
3345 842 3526 904 partes
3551 833 3765 904 sopitos

2181 919 2513 976 infidelitatis
2539 921 2768 986 cineres,
2793 922 2944 978 vobis
2969 923 3406 992 exhortantibus,
3429 907 3764 984 resuscitare

2183 1013 2429 1068 intendit.
2477 1012 2574 1068 Cui
2606 1028 2705 1084 ego
2731 1014 2785 1068 in
2818 1015 2916 1070 has
2948 1016 3237 1076 adveniens
3265 1028 3448 1088 partes
3478 1019 3772 1076 eharitatis

2184 1105 2392 1162 calamo
2437 1107 2718 1175 epistolam
2765 1109 3228 1176 exhortatoriam,
3276 1115 3336 1164 ut
3379 1125 3439 1166 se
3481 1110 3768 1166 catholica:

2177 1195 2425 1268 jungeret
2465 1199 2678 1264 unitati,
2721 1199 2955 1270 dirigere
2994 1200 3199 1258 curavi.
3243 1199 3343 1258 Cui
3382 1201 3471 1260 ille
3504 1217 3610 1258 non
3646 1203 3766 1272 cpio

2187 1292 2372 1346 stolari
2415 1293 2696 1356 brevitate,
2743 1293 2838 1348 sed
2877 1293 3042 1350 libelli
3090 1294 3396 1364 prolixitate
3433 1296 3773 1366 respondere-

2188 1385 2338 1441 nisus
2377 1393 2478 1451 est,
2507 1392 2666 1455 atque
2701 1386 2756 1440 in
2788 1402 2854 1441 eo
2888 1401 3075 1441 omnes
3097 1385 3336 1456 perfidiae
3357 1393 3553 1442 vestras
3579 1385 3770 1442 foveas

2189 1482 2423 1536 maxime
2463 1481 2693 1551 aperuit,
2735 1495 2981 1536 asserens
3018 1481 3294 1538 Christum
3326 1489 3382 1537 et
3403 1487 3644 1536 veterem
3669 1480 3773 1535 ho-

2191 1573 2392 1628 minem
2429 1587 2568 1638 esse,
2611 1578 2666 1626 et
2698 1573 3120 1643 nuncupativum
3149 1572 3340 1636 Deum,
3375 1579 3433 1630 et
3457 1571 3776 1641 adoptivum

514 1662 626 1734 ti).
671 1662 780 1718 Sed
809 1671 866 1719 et
894 1665 1114 1736 angelus
1146 1665 1356 1720 Domini
1379 1667 1558 1719 vibrat
1588 1664 1823 1736 gladium
1845 1664 2093 1717 vindicta:
2195 1663 2386 1728 filium,
2429 1673 2485 1719 et
2521 1665 2754 1720 secunda
2794 1665 3088 1735 indiguisse
3129 1663 3560 1734 regeneratione,
3587 1669 3642 1718 et
3665 1661 3778 1718 alia

512 1765 676 1824 super
711 1763 873 1825 caput
895 1765 1156 1818 vestrum,
1185 1766 1244 1810 ut
1283 1756 1485 1810 dividat
1507 1771 1622 1819 vos,
1657 1756 1702 1810 si
1725 1770 1819 1808 vos
1853 1754 2092 1808 dividitis
2121 1738 2169 1803 Β
2194 1756 2423 1827 plurima
2465 1757 2845 1812 ecclesiasticas
2879 1756 3136 1812 doctrinae
3173 1755 3626 1812 inconvenientia.
3671 1753 3779 1810 Cui

515 1847 791 1906 Christum
839 1849 892 1902 in
937 1851 1213 1920 proprium
1257 1849 1425 1903 tilium
1470 1857 1524 1902 et
1562 1851 1871 1920 adeptivum
1897 1889 1911 1914 ,
1963 1864 2091 1918 par-

515 1945 732 2010 temque
761 1939 928 1995 vestri
969 1949 1133 2009 ponat
1173 1955 1296 1994 cum
1337 1941 1654 2010 hypocritis,
1688 1941 1778 1994 ubi
1807 1941 1912 1994 erit
1939 1939 2094 1994 fletus

513 2041 573 2086 et
593 2032 793 2092 stridor
814 2032 1076 2090 dentium.
1101 2031 1168 2085 Et
1199 2040 1277 2097 tu,
1301 2033 1604 2088 venerande
1629 2031 1788 2088 Pater
1815 2031 2090 2101 Elipande,

515 2131 708 2180 caveto
747 2136 817 2177 ne
853 2123 1096 2191 juniores
1140 2123 1288 2177 tutati
1349 2131 1454 2176 tua:
1513 2123 1774 2176 insultent
1823 2133 1876 2177 et
1915 2124 2095 2177 dicant

515 2227 642 2270 cum
675 2214 932 2272 Danieie:
975 2214 1266 2268 Inceterate
1303 2215 1508 2268 dierum
1547 2214 1830 2279 malorum,
1853 2231 1987 2272 nunc
2011 2231 2097 2270 vs-

517 2316 706 2361 uertmt
738 2315 949 2377 peccata
981 2316 1091 2370 tua,
1130 2323 1244 2377 qum
1277 2307 1578 2376 operabaris
1616 2307 1761 2376 prius
1787 2305 1949 2376 (Dan.
1976 2324 2093 2372 Ill],

515 2397 625 2468 5i),
673 2397 993 2458 subverteus
1033 2397 1148 2451 vias
1187 2397 1575 2459 innocentium,
1621 2413 1730 2451 non
1775 2405 1923 2450 recte
1961 2413 2098 2467 prm-

519 2488 708 2544 dieans
745 2490 813 2544 de
847 2487 1129 2542 Salvatore
1170 2488 1376 2548 mundi.
1423 2486 1840 2558 Octogenarium
1872 2497 1923 2542 te
1947 2489 2098 2542 audi-

518 2578 694 2634 vimus
714 2579 907 2634 essein
929 2579 1152 2648 epistola
1165 2621 1177 2644 ,
1191 2595 1351 2649 quam
1369 2579 1592 2650 praelato
1607 2581 1772 2636 Felici
1790 2582 2094 2635 direxistil.

519 2665 658 2730 Audi
687 2668 965 2724 Christum
996 2670 1321 2725 clamantem
1348 2671 1445 2725 tibi
1473 2689 1486 2724 :
1517 2672 1701 2725 Adhuc
1727 2673 1991 2728 modicum
2019 2670 2101 2724 ln-

517 2776 638 2816 men
662 2761 718 2818 in
743 2769 792 2820 te
819 2771 917 2826 est,
946 2778 1116 2826 curre,
1161 2762 1286 2816 dum
1321 2761 1488 2816 lucem
1523 2763 1735 2826 habeas,
1776 2779 1838 2817 ne
1878 2763 2100 2816 tenebrat

517 2859 569 2915 te
590 2851 1062 2921 comprehendant:
1087 2854 1211 2923 quia
1231 2855 1320 2922 qui
1344 2853 1576 2908 ambulat
1599 2854 1654 2907 in
1674 2851 1916 2918 tenebris,
1940 2855 2100 2908 nescit

519 2957 624 3011 quo
667 2940 829 2998 vadit.
871 2941 1011 2996 Dum
1040 2941 1206 2995 lucem
1248 2942 1461 3008 habeas,
1510 2943 1660 2997 crede
1704 2945 1758 2998 in
1804 2943 1991 3009 lucem,
2044 2951 2101 2997 ut

519 3033 661 3104 [ilius
685 3036 757 3088 sis
783 3033 916 3090 lucis
938 3033 1119 3105 (Joan.
1139 3051 1232 3098 xu,
1253 3036 1340 3101 55,
1360 3036 1472 3106 56).
1503 3037 1772 3108 Quidquid
1791 3037 1851 3092 in
1876 3039 2100 3107 epistola

2195 1848 2372 1903 libello
2397 1847 2512 1916 ejus
2535 1858 2740 1918 septem
2780 1856 2979 1904 nostris
3003 1849 3302 1908 devotionis
3327 1847 3524 1904 libellis
3549 1861 3779 1918 respon-

2196 1937 2395 2004 dimus,
2421 1955 2611 1994 omnes
2635 1947 2825 1994 vestra:
2859 1940 3142 2009 pravitatis
3175 1953 3442 1998 evacuatus
3475 1937 3778 1994 doctrinas.

2195 2029 2297 2096 Qui
2336 2030 2498 2084 etiam
2535 2039 2734 2086 nostris
2764 2031 3066 2087 devotionis
3097 2044 3376 2090 sermones
3411 2029 3537 2086 lecti
3570 2037 3699 2084 sunt
3725 2037 3785 2086 et

2195 2121 2406 2190 probati
2458 2122 2510 2175 in
2557 2124 2841 2190 praasentio
2894 2123 3078 2178 domui
3131 2123 3275 2191 regis
3327 2128 3381 2176 et
3433 2123 3784 2180 sacerdotum

2195 2214 2420 2269 Christi.
2481 2213 2588 2270 Sed
2632 2223 2686 2270 et
2731 2215 2873 2270 idem
2917 2215 3068 2270 Felix
3113 2230 3256 2270 anno
3301 2215 3512 2285 prmfati
3556 2215 3785 2288 gloriosi

2195 2312 2456 2381 principis
2514 2311 2786 2366 tricesimo
2839 2311 3077 2366 secundo
3129 2312 3424 2366 advocatus
3472 2309 3787 2368 voluntarie

2196 2401 2420 2454 veniens
2470 2401 2535 2454 ad
2578 2400 2747 2470 Aquis
2798 2398 3097 2465 Palatium,
3161 2399 3342 2468 ibique
3393 2399 3446 2456 in
3490 2399 3786 2468 praesentia

2198 2489 2380 2546 domui
2407 2492 2548 2560 regis
2571 2501 2626 2544 et
2646 2490 2968 2560 optimatum
3007 2491 3150 2545 illius
3183 2491 3296 2545 sive
3319 2491 3661 2548 sacerdotum
3683 2490 3786 2548 Dei

2199 2582 2596 2637 rationabiliter
2635 2583 2866 2646 auditus,
2911 2591 2966 2637 et
2996 2583 3261 2638 veraciter
3289 2583 3589 2650 convictus,
3616 2593 3790 2654 atque

2201 2674 2312 2728 Deo
2355 2674 2489 2727 dans
2527 2672 2788 2740 gloriam,
2835 2687 3123 2742 veramque
3162 2671 3441 2730 confessus
3481 2673 3679 2740 fidem,
3727 2675 3787 2732 in

2201 2776 2388 2832 pacem
2423 2763 2702 2820 catholicae
2732 2763 3105 2817 unanimitatis
3130 2777 3379 2820 reversus
3413 2771 3498 2820 est
3520 2781 3644 2821 cum
3669 2767 3790 2825 suis

2202 2854 2494 2923 discipulis,
2543 2855 2634 2923 qui
2673 2854 2744 2908 ibi
2790 2862 2915 2908 tunc
2957 2855 3214 2924 temporis
3253 2863 3410 2921 erant
3446 2863 3787 2930 prasente“
3867 2928 3872 2930 _

2201 2947 2356 3016 cujus
2398 2956 2451 3002 te
2492 2963 2613 3001 cum
2654 2949 2763 3001 tuis
2799 2946 3100 3016 discipulis,
3133 2947 3438 3004 venerande
3474 2948 3656 3015 Pater,
3685 2949 3794 3010 itu—-

2205 3041 2487 3096 mllitatem
2515 3039 2712 3094 sectari
2742 3041 2967 3096 suadeo.

520 3093 687 3194 ξεί
717 3133 808 3179 tua
841 3123 907 3185 de
943 3093 1228 3180 tenebroso
1264 3093 1447 3181 cordis
1475 3093 1552 3181 tu~i
1593 3093 1751 3183 sensu
1779 3093 2098 3198 produxisti,
2124 3093 2174 3157 α
2474 3132 2719 3202 Aggrega
2740 3093 2969 3200 teipsum
2995 3145 3117 3186 cum
3141 3129 3332 3188 ovibus
3360 3130 3458 3190 tibi
3479 3131 3794 3194 commissis

521 3221 696 3274 totum
729 3230 800 3272 ex
831 3215 1222 3273 maledictionis
1244 3218 1326 3274 vel
1355 3217 1610 3274 falsitatis
1641 3220 1763 3274 felle
1798 3221 2100 3275 derivatum

520 3320 646 3368 esse
686 3307 1040 3378 dignoscitur.
1082 3308 1188 3364 Sed
1224 3309 1363 3364 forte
1396 3311 1650 3381 ignorans
1672 3312 1978 3377 veritatem,
2004 3311 2101 3372 i‘al-

520 3396 739 3460 sltatetu
777 3399 1066 3468 protulisti.
1113 3399 1265 3456 Disce
1307 3401 1477 3470 prius,
1517 3410 1572 3457 et
1611 3411 1798 3471 postea
1840 3405 1990 3466 doce,
2033 3419 2100 3458 ne

524 3487 782 3558 magister
818 3488 1068 3550 ciliciaris
1107 3492 1328 3546 erroris.
1377 3491 1564 3546 Melior
1603 3501 1686 3548 est
1722 3493 1996 3550 humilitas
2020 3493 2104 3548 di-

525 3580 749 3646 scandi,
791 3596 953 3650 quam
997 3582 1273 3638 temeritas
1311 3581 1558 3642 docendi.
1622 3583 1740 3637 Noli
1783 3584 1836 3636 in
1877 3584 2103 3638 scientia

526 3678 620 3728 tua
644 3671 851 3733 extolli.
894 3671 1128 3728 Scientia
1156 3673 1334 3742 inﬂat,
1370 3673 1597 3728 Charitas
1627 3673 1854 3742 aediﬁcat
1895 3673 1946 3744 (1
1976 3673 2098 3728 Cor.

525 3781 646 3832 VIII,
677 3765 753 3838 1).
790 3765 858 3828 Ει
883 3768 970 3838 qui
999 3783 1052 3820 se
1078 3765 1293 3828 exultat,
1327 3765 1705 3828 lauiniliabitur.
1736 3776 1784 3820 et
1811 3767 1896 3839 qui
1924 3783 1978 3820 se
2005 3767 2106 3820 hu-

524 3857 718 3925 miliat,
743 3857 1060 3914 excitabitur
1085 3858 1298 3930 (Matth.
1325 3875 1481 3923 mu,
1508 3858 1616 3930 η).

595 3948 735 4004 XVI.
774 3947 1044 4004 Admones
1083 3965 1172 4004 me
1211 3965 1318 4004 non
1358 3950 1466 4018 pio,
1514 3959 1574 4004 ut
1609 3951 1842 4016 videtur,
1884 3952 2100 4016 animo,

527 4041 623 4096 sed
648 4054 835 4098 severa
858 4040 1178 4096 iuvectiouis
1199 4041 1572 4108 castigatione,
1602 4042 1894 4112 gloriosum
1921 4057 2104 4112 regem

527 4129 780 4187 Catulum
818 4147 925 4186 non
961 4145 1326 4199 corrumpere.
1371 4129 1488 4184 Non
1527 4145 1625 4200 ego
1666 4131 1814 4185 illum
1855 4147 2102 4186 corrum-

525 4238 656 4292 pere
691 4224 816 4278 veni
859 4224 913 4278 in
951 4223 1255 4286 Franciam,
1302 4223 1396 4291 qui
1437 4223 1712 4292 corrumpi
1754 4238 1860 4277 non
1905 4232 2100 4292 potest,

528 4315 624 4371 sed
657 4313 910 4383 adjuvare
943 4315 999 4368 in
1033 4315 1134 4369 fide
1157 4314 1441 4379 catholica,
1470 4315 1525 4368 in
1549 4331 1655 4384 qua
1681 4314 1769 4368 ille
1794 4316 1860 4369 ab
1886 4315 2106 4372 ineunte

530 4415 690 4462 astate
740 4405 977 4460 nutritus
1015 4405 1154 4469 fuit,
1215 4415 1266 4460 et
1309 4406 1510 4475 optime
1558 4421 1589 4460 a
1629 4405 2106 4463 Christianissimis

529 4497 844 4568 parentibus
885 4504 940 4551 et
979 4495 1252 4565 magistris
1295 4495 1576 4550 catholicis
1613 4495 1853 4550 edoctus.
1901 4497 2107 4567 Impos-

531 4588 687 4650 sibile
727 4595 812 4644 est
847 4587 1014 4652 enim,
1053 4595 1112 4644 ut
1152 4596 1528 4657 corrumpatur
1569 4605 1600 4644 a
1643 4604 1932 4658 quoquam,
1978 4591 2106 4660 quia

529 4680 832 4742 catholicus
872 4688 956 4735 est
997 4679 1052 4738 in
1095 4679 1235 4746 fide,
1281 4695 1374 4735 rex
1417 4681 1472 4736 in
1516 4690 1814 4750 potestate,
1864 4682 2107 4751 pontifex

531 4774 586 4829 in
620 4773 1020 4844 prtndicatione,
1058 4772 1222 4843 judex
1263 4774 1317 4834 in
1359 4776 1628 4843 aequitate,
1669 4776 2016 4846 philosophus
2052 4777 2107 4832 in

532 4866 846 4924 liberalibus
887 4866 1080 4926 studiis
1105 4907 1118 4930 ,
1168 4866 1398 4937 inclytus
1442 4869 1494 4923 in
1538 4870 1819 4935 moribus,
1867 4879 1921 4924 et
1959 4871 2107 4925 omni

534 4957 816 5014 honestate
839 4958 1160 5028 przecipuus.
1204 4958 1505 5030 Antequam
1536 4977 1656 5032 ego,
1681 4962 1870 5016 eodem
1897 4963 2111 5032 sapien-

533 5049 745 5105 tissimo
781 5065 908 5119 rege
937 5049 1129 5104 Carolo
1159 5048 1397 5118 iubente,
1425 5053 1692 5107 venissem
1719 5053 1774 5106 in
1797 5037 2107 5119 Franciam,

536 5143 653 5199 hinc
698 5143 886 5198 eadem
927 5144 1095 5198 vestri
1141 5145 1343 5199 erroris
1390 5153 1536 5200 secta
1560 5186 1575 5210 ,
1634 5147 1821 5201 eodem
1875 5127 2110 5216 glorioso

531 5234 776 5304 principe
817 5233 1160 5301 praesidente,
1185 5243 1449 5303 prmsente
1472 5234 1670 5298 Felice,
1696 5251 1856 5304 quem
1883 5236 2110 5296 multum

535 5324 755 5380 laudare
795 5324 970 5389 soles,
1019 5335 1214 5380 vestra:
1251 5327 1419 5395 partis
1459 5333 1586 5380 tune
1625 5325 1886 5393 temporis
1921 5324 2109 5384 defen-

535 5429 678 5481 sore,
713 5417 970 5472 ventilata
1011 5426 1095 5472 est
1138 5417 1191 5472 in
1229 5417 1580 5471 celeberrimo
1619 5416 1755 5481 loco,
1790 5418 1884 5485 qui
1917 5417 2116 5476 dicitur

538 5505 975 5582 Raiginis-Burg,
1024 5517 1079 5564 et
1121 5508 1363 5578 synodali
1407 5507 1728 5562 auctoritate
1769 5510 2110 5563 sacerdotum

537 5621 681 5705 quod
717 5621 788 5705 ad
829 5621 925 5688 Dei
953 5622 1117 5688 Verbi
1158 5619 1553 5692 copulatiouem
1594 5625 1648 5682 et
1690 5619 2112 5686 dominationem

538 5699 885 5764 participans.
918 5712 937 5745 ι

2204 3227 2260 3280 in
2289 3225 2430 3279 ovile
2451 3225 2773 3279 Christiania
2801 3223 3100 3289 charitatis,
3129 3238 3228 3293 per
3252 3238 3376 3280 eum
3407 3224 3497 3292 qui
3523 3225 3639 3282 ait:
3668 3224 3794 3296 Ego

2204 3331 2320 3369 sum
2347 3316 2557 3380 ostium,
2599 3332 2690 3386 per
2726 3331 2808 3372 me
2846 3315 2892 3369 si
2923 3315 3040 3385 quis
3066 3315 3355 3382 intrauerit,
3387 3315 3692 3381 satiabitur,
3741 3301 3797 3372 et
3855 3377 3866 3383 _

2204 3407 2524 3476 ingredietur
2552 3415 2602 3460 et
2632 3406 2924 3477 egredietur
2953 3405 3136 3475 (Iona.
3165 3421 3220 3472 x,
3249 3405 3326 3478 9).
3374 3407 3795 3466 Prsevidendum

2203 3510 2288 3556 est
2320 3500 2416 3554 tibi
2442 3507 2599 3554 cauta
2626 3500 3004 3564 sollicitudine,
3033 3515 3103 3556 ne
3129 3499 3204 3556 sis
3231 3515 3298 3556 ex
3323 3512 3509 3558 eorum
3533 3516 3794 3569 numero,

2207 3591 2274 3643 de
2314 3590 2511 3659 quibus
2557 3589 2670 3658 ipsa
2701 3589 2916 3646 Veritas
2959 3589 3016 3646 in
3061 3590 3249 3646 eodem
3299 3589 3577 3660 subjunxit
3621 3591 3791 3648 loco:

2210 3680 2422 3746 Omnes,
2453 3681 2718 3750 inquiens,
2770 3689 3019 3752 quotquot
3066 3690 3333 3747 venerunt,
3383 3681 3524 3751 fures
3568 3691 3692 3736 sunt
3733 3691 3796 3738 et

2206 3770 2436 3825 latrones
2464 3771 2650 3841 (Ibid.,
2680 3769 2768 3840 8);
2821 3773 2914 3842 qui
2940 3780 3224 3836 venerunt,
3253 3773 3349 3838 ait,
3378 3788 3483 3828 non
3512 3773 3607 3843 qui
3635 3774 3798 3830 missi

2207 3873 2351 3920 sunt.
2386 3863 2456 3918 Et
2480 3863 2805 3932 Apostolus:
2841 3864 3111 3928 Quomodo
3135 3866 3515 3936 prrrdicabunt,
3547 3867 3650 3930 nisi
3676 3870 3802 3924 mit-

2207 3965 2390 4012 tantur
2410 3955 2583 4026 (Rom.
2609 3972 2662 4021 It,
2687 3956 2813 4026 t5)?
2841 3956 2973 4022 Quis
2998 3964 3072 4021 te,
3095 3972 3128 4012 ο
3149 3955 3310 4016 Pater
3335 3957 3617 4028 Elipande,
3641 3959 3799 4015 misit

2207 4048 2504 4116 praedicare
2533 4047 2874 4114 adoptionem
2906 4047 2961 4104 in
2987 4046 3206 4104 Christo
3232 4048 3328 4104 Dei
3353 4047 3528 4103 Filio?
3565 4049 3712 4118 Ergo
3747 4049 3799 4104 si

2207 4139 2354 4193 nullo
2379 4139 2625 4194 mittente
2649 4153 2747 4208 per
2771 4146 2823 4192 te
2854 4139 3046 4196 venisti
3081 4147 3136 4200 et
3162 4139 3491 4209 przedicasti,
3518 4139 3606 4198 fur
3633 4148 3687 4194 et
3716 4141 3805 4198 la-

2208 4241 2296 4288 tro
2321 4233 2657 4290 convinceris
2685 4245 2825 4292 esse.
2879 4230 2994 4288 Fur
3018 4249 3122 4290 non
3147 4233 3312 4299 venit,
3352 4233 3451 4287 nisi
3475 4242 3533 4286 ut
3563 4232 3799 4302 furatur,

2209 4333 2398 4380 mactet
2429 4332 2478 4379 et
2503 4323 2706 4393 perdat.
2737 4322 2975 4380 Caveant
3004 4323 3252 4393 discipuli
3276 4323 3374 4388 tui,
3400 4337 3466 4378 ne
3493 4338 3592 4393 per
3621 4331 3674 4378 te
3701 4339 3803 4380 oc-

2133 4450 2185 4512 υ
2210 4417 2462 4472 cidantur
2495 4425 2550 4473 et
2588 4423 2831 4484 pereant.
2886 4415 3073 4478 Melius
3100 4423 3184 4472 est
3213 4415 3322 4470 illis
3353 4415 3570 4472 oculum
3599 4430 3805 4472 eruere

2211 4510 2311 4564 sibi
2337 4510 2587 4564 dextrum
2607 4549 2620 4572 ,
2657 4523 2820 4578 quam
2851 4507 3057 4576 integro
3085 4521 3311 4576 corpore
3337 4505 3476 4561 mitti
3502 4506 3559 4560 in
3585 4507 3804 4575 gehen-

2211 4619 2336 4659 nam
2386 4602 2545 4672 ignis.
2588 4600 2776 4658 Caacus
2806 4601 2852 4656 si
2880 4615 3080 4656 crucum
3108 4600 3286 4664 ducit,
3321 4599 3522 4656 cadunt
3545 4599 3708 4654 ambo
3743 4598 3804 4654 in

2212 4692 2422 4747 foveam
2450 4692 2664 4764 (Matth.
2694 4708 2788 4756 xv,
2811 4691 2920 4762 i4).
2959 4690 3096 4746 Audi
3127 4690 3291 4746 etiam
3319 4691 3537 4746 beatum
3563 4687 3809 4760 Aposto-

2213 4783 2323 4838 lum
2365 4783 2506 4838 inter
2543 4783 2778 4852 Moysem
2817 4788 2872 4836 et
2907 4779 3182 4836 Christum
3217 4780 3636 4846 discernentem,
3656 4793 3808 4850 quiis

2215 4883 2272 4930 tu
2296 4859 2496 4928 similes
2516 4873 2736 4936 asseris,
2760 4871 2851 4926 ubi
2877 4869 3115 4925 exeellen
3124 4870 3251 4924 tiam
3275 4869 3572 4940 maiestatis
3593 4867 3810 4926 Christi

2211 4964 2447 5034 prmtulit
2483 4963 2685 5018 famulo
2723 4978 2818 5017 suo
2847 4961 3034 5032 Moysi.
3090 4959 3295 5032 Moyses
3323 4970 3499 5014 autem
3520 5001 3536 5026 ,
3581 4961 3807 5030 inquit,

2211 5064 2460 5126 tanquam
2483 5054 2712 5124 lautulus
2733 5053 2902 5122 ﬁdelis
2923 5053 3020 5123 fuit
3041 5052 3094 5106 in
3116 5062 3223 5106 tota
3244 5052 3398 5106 domo
3419 5051 3811 5117 sua,Christus

2213 5156 2385 5204 autem
2420 5157 2672 5217 tanquam
2699 5145 2844 5214 ﬁlius
2879 5143 2934 5198 in
2968 5144 3121 5198 domo
3157 5160 3254 5198 sua
3283 5141 3470 5215 (Hebr.
3497 5159 3579 5206 In,
3612 5143 3664 5206 5,
3699 5142 3762 5212 6)
3790 5159 3807 5196 :

2213 5237 2430 5307 Moysen
2476 5235 2733 5292 famulum
2780 5235 3105 5302 nominans,
3154 5243 3210 5290 et
3252 5234 3532 5290 Christum
3572 5233 3811 5292 Filium.

2216 5312 2494 5396 Quantum.
2513 5335 2597 5382 est
2623 5327 2767 5382 inter
2791 5327 3048 5382 famulum
3075 5324 3481 5396 patrisfamilias
3509 5331 3563 5378 et
3590 5323 3774 5378 ﬁlium
3793 5361 3816 5390 ,

2217 5427 2422 5476 tantum
2443 5426 2527 5473 est
2548 5418 2690 5474 inter
2712 5418 2932 5490 Moysen
2951 5425 3007 5472 et
3025 5416 3317 5471 Christum.
3341 5414 3628 5484 Nunquam
3651 5413 3816 5470 enim

2216 5513 2280 5567 de
2322 5511 2503 5581 Moyse
2544 5510 2684 5565 idem
2718 5509 3028 5580 Apostolus,
3075 5509 3170 5563 sed
3214 5509 3280 5563 de
3313 5506 3533 5563 Christo
3573 5504 3765 5574 inquit
3795 5520 3816 5561 :

2285 5637 2324 5728 ei
2335 5625 2470 5682 Vide
2493 5625 2637 5682 hanc
2660 5624 2944 5697 epistolam
2969 5621 3171 5686 Petrei.
3209 5631 3250 5680 t.
3279 5617 3466 5688 XC",
3491 5618 3596 5676 col.
3623 5617 3764 5676 880.
