4030 6358
391 328 501 390 953

1063 326 1481 391 DOGMATICA.
1505 308 1592 375 ’ζ-
1627 329 1789 392 Αυν.
1831 329 2230 392 ELIPANDUM
2265 337 2468 400 LIBRI.
2508 339 2598 400 Iv.
2639 318 2710 382 ‘—'—'
2746 339 2877 400 LIB.
2911 322 2966 398 ιζ

3557 342 3668 404 εει

389 457 674 516 Eacelsior
691 425 833 516 eisiis
860 455 1032 527 factus
1049 457 1235 528 (Hebr.
1259 475 1360 526 vn,
1386 457 1494 530 26).
1524 474 1683 529 quem
1725 458 1779 514 in
1819 457 1971 528 prin-
1999 453 2053 517 A
2076 456 2363 518 Jeroboam
2398 478 2495 520 rex
2525 479 2556 520 a
2582 463 2699 522 veri
2745 465 2841 524 Dei
2871 464 3018 524 cultu
3063 463 3324 524 recedens
3350 479 3518 522 novos
3560 467 3665 526 sibi

386 553 535 625 eipio
572 567 788 624 quoque
825 551 1065 620 ejusdem
1108 552 1362 622 Epistolae
1405 553 1609 624 angelis
1633 553 1797 624 883
1827 569 1968 621 pme-

387 645 536 704 ferre
562 661 673 703 non
700 645 1002 701 dubitavit:
1039 645 1205 702 Tanto
1233 647 1369 703 enim
1399 647 1600 710 melior,
1635 647 1738 711 ait,
1772 645 1970 717 angelis

383 741 622 810 effectus,
652 749 849 812 quanto
874 739 1202 810 differentias
1239 758 1349 811 pra:
1384 741 1490 796 illis
1529 757 1714 796 nomen
1749 740 1971 796 fueredi-

383 832 537 886 tenit.
588 829 690 886 Cui
727 833 869 886 enim
906 832 1040 886 dixit
1083 831 1387 903 angelorum
1429 832 1754 904 aliquando:
1796 831 1968 886 Filius

381 939 530 978 meus
557 937 612 978 es
641 930 723 990 tu,
754 939 846 994 ego
872 922 1024 977 hodie
1050 925 1206 993 genui
1234 925 1326 978 te?
1363 924 1430 978 Et
1455 939 1704 978 rursum:
1736 923 1850 993 Ego
1879 940 1968 977 ero

380 1016 462 1073 illi
501 1018 559 1072 in
586 1016 804 1073 Patrem
823 1058 838 1081 ,
880 1025 930 1071 et
963 1018 1073 1088 ipse
1103 1019 1202 1072 erit
1229 1018 1356 1072 mihi
1396 1018 1450 1071 in
1479 1015 1698 1071 Filium.
1749 1017 1818 1070 Et
1847 1035 1967 1071 cum

378 1109 574 1170 iterum
594 1109 880 1164 introducit
901 1109 1304 1179 primogenitum
1332 1110 1388 1163 in
1412 1108 1584 1163 orbem
1608 1119 1782 1173 teme,
1803 1109 1964 1163 dicit:

378 1199 452 1256 Et
492 1201 714 1258 adorent
753 1216 872 1255 eum
913 1216 1091 1255 omnes
1131 1199 1302 1270 angeli
1333 1199 1428 1253 Dei
1457 1198 1643 1271 (Hebr.
1672 1215 1715 1265 ι,
1745 1198 1778 1252 4
1807 1197 1960 1271 seq.).
1999 1243 2018 1258 .

377 1289 458 1347 De
496 1306 564 1348 eo
605 1292 752 1346 enim
792 1291 958 1347 dicit:
992 1289 1166 1346 Filius
1192 1307 1338 1346 meus
1367 1307 1420 1345 es
1447 1301 1527 1356 tu,
1563 1291 1628 1345 de
1655 1307 1763 1361 quo
1796 1290 1852 1346 in
1881 1305 1964 1345 se-

377 1383 566 1453 quenti
606 1383 876 1439 versiculo
913 1383 1152 1450 addidit,
1200 1385 1340 1440 sicut
1381 1393 1438 1438 tu
1482 1383 1596 1453 ipse
1636 1384 1798 1452 paulo
1837 1393 1963 1438 ante

372 1475 686 1546 protulisti:
720 1473 845 1530 Pete
871 1493 906 1530 a
927 1492 1028 1541 me,
1053 1485 1101 1530 et
1127 1475 1261 1530 dabo
1289 1475 1381 1530 tibi
1406 1484 1578 1546 gentes
1605 1475 1960 1529 hereditatem

373 1575 522 1619 tuam
553 1564 727 1637 (Paul.
756 1581 820 1631 ιι,
846 1566 924 1639 8).
957 1567 1037 1622 Illi
1079 1568 1246 1622 dicit:
1278 1567 1452 1621 Filius
1482 1584 1626 1621 meus
1672 1584 1726 1621 es
1769 1576 1844 1632 tu,
1873 1565 1959 1621 cui

370 1657 488 1712 ait:
529 1654 661 1714 Pete
693 1675 726 1711 α
755 1674 856 1723 me,
897 1668 948 1712 et
977 1659 1118 1712 dabo
1157 1659 1252 1713 tibi
1289 1669 1482 1730 gentes.
1533 1659 1640 1714 Sed
1679 1666 1732 1713 et
1768 1658 1958 1713 beatus

368 1745 668 1816 Gregorius
693 1749 882 1804 doctor
902 1750 1152 1814 eximius,
1183 1757 1240 1806 et
1268 1751 1520 1806 omnibus
1541 1749 1744 1805 Christi
1771 1749 1958 1806 Eccle-

2074 549 2229 607 linxit
2259 554 2418 620 deos,
2451 565 2510 612 ut
2551 558 2792 628 perditus
2822 558 3123 629 subjectum
3150 559 3250 614 sibi
3284 559 3537 630 perderet
3561 575 3662 632 po-

2070 641 2287 712 pulum;
2325 644 2390 698 de
2413 660 2522 714 quo
2549 648 2715 702 multo
2745 659 2869 704 ante
2899 651 3220 722 prazdictum
3242 661 3327 706 est
3352 651 3407 706 in
3431 650 3659 710 Cantico

2073 733 2474 790 Dcuteronomii
2525 755 2536 788 :
2580 737 2869 811 Dere.’iquit
2901 741 3070 795 Deum
3105 741 3354 812 [actorem
3395 743 3662 808 suum,'et

2071 826 2279 880 recessit
2302 845 2333 882 a
2353 825 2463 880 Deo
2486 826 2711 884 salutari
2740 848 2834 884 suo
2867 831 3043 903 (Deut.
3077 849 3251 900 xxx",
3282 832 3397 906 l6);
3431 834 3510 890 sic
3538 845 3594 892 tu
3626 851 3660 891 a

2068 931 2198 972 vero
2227 917 2337 974 Deo
2365 928 2420 974 et
2446 922 2665 991 proprio
2708 921 2841 978 Filio
2871 923 2965 980 Dei
3003 927 3295 992 recedens,
3336 929 3660 998 nuncupati-

2069 1023 2195 1066 vum
2246 1010 2416 1066 Deum
2457 1022 2512 1067 et
2543 1013 2848 1084 adoptivum
2902 1015 3069 1074 lilium
3116 1019 3514 1092 redemptorem
3558 1019 3657 1075 tibi

2069 1099 2246 1171 lingis,
2294 1117 2452 1171 quem
2483 1118 2591 1157 non
2633 1113 2898 1158 noverunt
2949 1115 3130 1176 patres
3157 1110 3349 1164 nostri.
3399 1109 3478 1166 Tu
3525 1125 3658 1168 vero

2068 1187 2236 1244 Deum
2261 1193 2353 1262 qui
2392 1199 2446 1246 te
2469 1192 2740 1260 liberavit,
2767 1194 3124 1265 dereliquisti,
3157 1206 3210 1252 et
3237 1198 3437 1255 oblitus
3469 1215 3528 1254 es
3553 1195 3654 1254 Dei

2068 1279 2445 1351 Redemptoris
2471 1283 2566 1336 tui.
2599 1283 2657 1337 lu
2686 1282 2822 1340 libro
2844 1283 2969 1341 Jesu
2995 1285 3086 1339 lilii
3118 1284 3273 1342 Sirae
3295 1288 3408 1344 hare
3431 1289 3655 1358 prmiata

2065 1373 2332 1426 sententia
2383 1372 2597 1444 legitur,
2643 1391 2804 1444 quem
2850 1375 3045 1430 librum
3076 1376 3266 1432 beatus
3295 1375 3654 1452 Hieronymus

2065 1478 2224 1539 atque
2245 1470 2482 1526 Isidorus
2512 1472 2653 1528 inter
2680 1473 3038 1545 apocryphas,
3074 1473 3126 1528 id
3153 1480 3258 1538 est,
3288 1472 3482 1527 dubias
3506 1471 3652 1528 Scri-

2062 1569 2269 1632 pturas,
2311 1563 2625 1632 deputatum
2666 1579 2785 1619 esse
2832 1565 3037 1636 absque
3068 1561 3405 1618 dubitatione
3441 1571 3649 1618 testan—

2064 1659 2150 1704 tur
2174 1652 2224 1704 δ.
2277 1652 2380 1719 Qui
2426 1654 2588 1708 etiam
2641 1653 2778 1710 liber
2818 1670 2925 1708 non
2964 1661 3206 1723 tempore
3234 1654 3647 1726 prophetarum,

2062 1744 2157 1799 sed
2192 1745 2555 1810 sacerdotum,
2587 1745 2756 1819 885.
2778 1746 2878 1802 sub
2899 1747 3119 1802 Simone
3147 1747 3401 1816 pontiﬁce
3425 1763 3644 1818 magno,

367 1835 467 1893 siis
483 1811 862 1907 aweptabilis,
906 1839 1050 1893 inter
1089 1811 1403 1894 sanctorum
1447 1849 1502 1894 et
1526 1839 1726 1894 Christi
1760 1839 1958 1894 divini-
1986 1811 2034 1872 Β
2062 1847 2319 1908 regnante
2352 1811 2973 1908 Ptolounevavergete,
3001 1811 3340 1909 conscriptus
3375 1845 3459 1894 est
3493 1811 3649 1896 {nec

363 1926 536 1982 tatem
557 1927 889 1992 discernens,
907 1928 962 1983 in
979 1929 1201 1986 homllia
1223 1931 1454 1999 quadam
1478 1946 1641 2000 super
1657 1931 1956 1986 Ezechielis

361 2019 643 2088 propheta:
670 2020 901 2089 primam
930 2030 1144 2089 partem
1181 2022 1256 2076 ita
1290 2022 1398 2085 ait,
1427 2023 1553 2077 dum
1585 2023 1650 2078 de
1679 2039 1953 2093 nuncupa-

361 2113 474 2167 tiva
495 2121 810 2169 sanctorum
838 2123 1105 2184 potestate
1132 2123 1188 2171 ct
1205 2116 1426 2186 propria
1447 2116 1646 2171 Christi
1671 2118 1950 2174 divinitate
2021 2177 2024 2180 _

360 2203 730 2273 disputavi":
763 2223 785 2258 s
815 2205 988 2272 Unde,
1012 2207 1209 2276 inquit,
1237 2206 1440 2264 Paulus
1466 2208 1742 2276 apostolus
1763 2209 1949 2264 volens

357 2296 784 2366 nuncupatin
821 2296 918 2352 Dei
957 2313 1153 2354 nomen
1194 2299 1261 2353 ab
1300 2299 1572 2354 essentiali
1611 2300 1943 2366 discernere,

355 2385 426 2443 de
449 2387 815 2458 Redemptore
843 2397 1032 2444 nostro
1062 2389 1275 2446 locutus
1298 2398 1380 2445 est
1397 2430 1412 2456 ,
1443 2391 1627 2446 dicens
1652 2410 1666 2442 :
1708 2389 1945 2455 Quorum

357 2477 572 2546 Patres,
611 2489 662 2535 et
695 2497 762 2535 ea:
785 2481 972 2552 quibus
998 2481 1240 2538 Christus
1269 2485 1553 2538 secundum
1592 2501 1825 2551 carnem,
1855 2485 1945 2556 qui

352 2579 430 2626 est
449 2588 611 2642 super
629 2573 808 2630 omnia
820 2573 962 2628 Deus
983 2575 1277 2630 benedictus
1297 2577 1352 2630 in
1373 2557 1566 2630 sa’cula
1583 2576 1752 2648 (Rom.
1771 2593 1848 2642 lx,
1863 2577 1941 2648 5).

354 2662 458 2729 Qui
483 2663 634 2720 enim
663 2667 1026 2736 nuncupativc
1047 2667 1245 2722 dicitur
1261 2667 1425 2736 Deus,
1447 2669 1590 2723 inter
1613 2669 1794 2724 omnia
1825 2681 1937 2736 est;

351 2754 446 2826 qui
469 2769 602 2810 vero
629 2756 989 2812 essentialiter
1005 2757 1168 2828 Deus,
1191 2773 1352 2827 super
1375 2760 1557 2814 omnia
1583 2771 1683 2815 est.
1722 2763 1790 2817 Ut
1813 2779 1941 2834 ergo

348 2845 670 2900 ostenderet
704 2845 980 2902 Christum
1021 2849 1344 2904 naturaliter
1382 2849 1552 2906 Deum
1579 2893 1593 2917 ,
1651 2867 1758 2907 non
1797 2856 1941 2910 hunc

350 2934 524 2992 Deum
555 2941 954 3004 tantummodo,
977 2939 1071 2994 sed
1098 2939 1267 2995 Deum
1296 2957 1457 3012 super
1481 2945 1663 2999 omnia
1688 2959 1808 3000 esse
1834 2963 1940 3000 mc-

347 3027 623 3084 Inoravit:
657 3029 782 3098 quia
809 3036 865 3084 et
889 3029 1092 3087 electus
1117 3033 1362 3103 quisque,
1391 3035 1532 3090 sicut
1555 3038 1936 3106 praemisimus,

299 3187 302 3189 _
347 3116 434 3172 vel
459 3119 516 3172 in
540 3119 789 3189 exemplo
807 3117 1032 3187 iustitiae
1051 3125 1403 3195 prmrogando
1428 3127 1639 3194 pos'itus
1663 3129 1766 3184 dici
1796 3130 1936 3184 Deus

247 3215 252 3218 ’
343 3218 552 3282 potest,
583 3211 678 3266 sed
702 3211 842 3266 inter
864 3213 1066 3278 omnia,
1091 3216 1346 3284 quoniam
1372 3219 1734 3288 nuncupative
1759 3219 1931 3286 Deus;

343 3299 600 3358 Christus
629 3310 811 3358 autem
848 3303 994 3360 Deus
1032 3321 1195 3376 super
1221 3308 1426 3373 omnia,
1457 3310 1582 3379 quia
1613 3312 1936 3366 naturaliter

347 3393 555 3456 Deus.)
583 3396 840 3452 Eumdem
863 3399 1184 3454 naturaliter
1194 3401 1364 3456 Deum
1385 3418 1493 3456 non
1515 3403 1934 3459 dubitavitall‘tr-

346 3485 698 3556 mare,un
724 3489 912 3546 doctor
935 3490 1175 3560 gentium
1189 3507 1255 3546 ex
1270 3501 1578 3549 sanctorum
1602 3497 1803 3552 semine
1825 3497 1929 3552 Pa-

343 3581 493 3628 trum
517 3577 813 3632 secundum
849 3591 1070 3634 carnem
1093 3583 1439 3650 procreatum
1462 3599 1583 3638 esse
1609 3586 1926 3640 testabatur.

413 3657 598 3721 XVIII.
629 3667 767 3723 Dum
793 3676 897 3723 tuae
919 3673 1259 3739 perversitati
1289 3674 1600 3730 defecerunt
1619 3677 1672 3730 in
1693 3679 1926 3746 prophe-

343 3757 416 3814 tis
436 3759 530 3814 Dei
549 3761 856 3818 testimonia
879 3763 1050 3820 errori
1080 3771 1173 3820 tuo
1198 3769 1592 3834 convenientia,
1610 3771 1807 3826 tinxisti
1829 3771 1927 3826 tibi

338 3865 542 3908 novum
570 3853 855 3922 quemdam
896 3854 1215 3926 prophetam
1243 3856 1445 3914 dixisse
1473 3873 1488 3912 :
1520 3859 1790 3928 Miserere,
1818 3862 1928 3920 Do-

337 3943 498 4012 mine,
517 3942 653 4013 plebi
675 3953 800 4011 tuaz,
815 3963 1137 4018 superquam
1151 3949 1446 4006 invocatum
1457 3962 1532 4006 est
1556 3971 1739 4009 nomen
1753 3965 1922 4024 tuum,

334 4041 386 4086 et
433 4029 642 4096 Israel,
689 4049 841 4106 quem
869 4039 1150 4108 corequasti
1196 4040 1540 4117 primogenita
1593 4053 1682 4098 tuo
1729 4043 1920 4117 (Eccli.

335 4137 524 4188 xxxvi,
577 4123 686 4196 id).
736 4125 1001 4184 Addidisti
1033 4145 1248 4206 quoque
1288 4112 1414 4190 huic
1442 4112 1922 4197 sententiae‘talem

332 4211 839 4288 interpretationem
867 4237 880 4273 :
918 4238 937 4272 ί
974 4219 1310 4294 Aiqualitas,
1339 4225 1548 4298 inquis,
1575 4230 1678 4285 ista
1703 4247 1810 4288 non
1839 4241 1925 4289 est

333 4304 391 4366 iu
425 4306 722 4378 divinitate,
766 4311 859 4367 sed
913 4311 965 4368 in
1011 4313 1126 4372 sola
1175 4315 1528 4386 humanitate,
1561 4327 1616 4375 et
1656 4321 1711 4376 in
1758 4339 1920 4379 carne

330 4397 607 4467 adaptiva,
635 4416 797 4472 quam
823 4406 1032 4478 accepit
1058 4407 1123 4462 de
1147 4407 1388 4482 Virgine.
1420 4431 1439 4464 ι
1469 4411 1608 4468 Ecce
1635 4411 1842 4471 falsitas
1863 4417 1920 4472 in

331 4490 555 4579 nomine
579 4494 881 4566 prophetae!
939 4497 1076 4554 Ecce
1119 4501 1449 4570 perversitas
1499 4503 1553 4558 in
1598 4504 1920 4579 interpreta-

331 4577 483 4634 tione
535 4584 845 4641 sententiaal
891 4585 963 4644 Et
1005 4604 1111 4644 non
1153 4589 1353 4648 frustra
1398 4595 1680 4666 oportebat
1719 4577 1920 4654 novum

329 4669 634 4744 doctorem,
681 4693 878 4737 novum
935 4680 1036 4738 sibi
1086 4682 1330 4744 invenire
1374 4687 1714 4760 prophetam.
1765 4689 1919 4750 Sicut

399 4817 431 4878 ξ
469 4805 532 4878 ξ.
559 4805 720 4878 Greg.
747 4809 904 4872 Hom.
929 4814 962 4869 8
982 4815 1036 4868 in
1060 4815 1256 4872 Ezech.
1293 4833 1444 4874 num.
1474 4821 1526 4876 5.

397 4874 753 4964 ξῌίεξὶιειῐὶι
789 4883 962 4964 plane
1023 4885 1320 4954 Alcuinus,
1369 4874 1524 4964 num;
1573 4894 1709 4950 liber
1761 4895 1917 4954 Sirae

326 4941 629 5037 Scripturis
665 4941 834 5010 sacris
881 4955 1072 5037 debeat
1101 4941 1722 5037 vaccens'erivrq'ua-iuvis

323 5025 874 5106 Etet_nonnpnqttam
916 5026 1058 5106 illius
1081 5037 1267 5106 utatur
1301 5025 1638 5106 testimoniis.
1691 5036 1746 5091 In
1786 5025 1908 5106 poe-

319 5091 775 5176 aauteﬂquidemn
831 5097 975 5176 quod
1028 5099 1128 5153 sub
1188 5116 1338 5154 num.
1397 5102 1430 5156 6
1487 5091 1901 5176 collocavinius',

317 5155 708 5241 {inrumu'illutp
819 5155 1130 5241 catalogum
1161 5155 1441 5228 sacrorum
1489 5155 1904 5234 librorum-"una

319 5240 448 5286 cum
497 5227 638 5285 libro
667 5227 952 5306 Sapientia:
979 5227 1161 5294 r‘étulit
1184 5243 1270 5298 his
1302 5227 1482 5302 verbis
1514 5227 1526 5298 ὲ

445 5315 509 5394 ξι
533 5321 623 5394 tria
645 5323 842 5394 paciﬁci
848 5324 1118 5394 Salomonis
1147 5331 1378 5394 Opuscula
1403 5335 1556 5393 regis.

443 5377 679 5441 Iungitur
704 5383 778 5433 his
811 5385 1023 5450 Sophim,
1051 5377 1168 5438 Jesu
1181 5377 1728 5454 Bimhi'iom‘é'iinenus.

291 5457 592 5538 "inuitem
629 5474 808 5538 tamen
841 5469 940 5524 sub
977 5487 1124 5524 num.
1155 5473 1342 5528 eodem
1375 5476 1495 5532 illos
1533 5479 1666 5533 duos
1695 5479 1904 5538 libellos

313 5531 540 5622 reliquis
573 5537 741 5622 sacris
774 5554 880 5594 non
917 5541 1021 5596 nisi
1057 5559 1150 5614 per
1185 5531 1495 5618 paradigma
1515 5531 1670 5622 jungi
1705 5531 1902 5608 aés'é‘r'ii

311 5601 373 5659 in
399 5601 487 5659 his
505 5609 757 5666 versibus
789 5626 803 5663 ι

439 5693 815 5780 TrgsLSglompn
830 5701 992 5780 libros
1015 5705 1247 5761 mirabilis
1261 5659 1422 5780 erudit
1443 5717 1630 5780 auctor,

497 5757 592 5812 His
619 5762 718 5814 duo
736 5757 1006 5826 junguntur
1024 5757 1121 5829 per
1134 5757 1428 5834 patuerant:
1445 5757 1558 5826 libri

2057 1933 2266 1982 tantum
2295 1929 2626 1998 prophetias,
2674 1938 2939 1998 quantum
2971 1927 3204 1985 murales
3248 1929 3559 2000 disciplinas
3593 1937 3648 1984 et

2020 2086 2022 2089 ι
2053 2021 2240 2077 laudes
2269 2023 2545 2091 sapientia:
2569 2022 2814 2094 proferre
2835 2022 3051 2078 videtur
3075 2039 3088 2076 :
3118 2029 3171 2076 et
3197 2021 3390 2078 melius
3416 2021 3645 2096 intelligi

2051 2125 2230 2186 potest
2274 2117 2665 2187 primogenitus
2709 2117 2830 2183 iste,
2871 2118 2936 2172 de
2962 2132 3069 2188 quo
3115 2115 3203 2172 hic
3235 2116 3387 2182 dicit,
3416 2115 3644 2186 populus

2049 2206 2145 2268 Dei
2176 2209 2241 2262 de
2273 2207 2508 2279 ngypto
2531 2209 2778 2274 eductus,
2804 2209 2870 2264 de
2896 2224 3002 2278 quo
3024 2208 3282 2266 Dominus
3315 2207 3380 2264 ad
3403 2207 3643 2266 Pharao—

2049 2315 2172 2354 nem
2200 2299 2367 2372 Moysi
2397 2299 2595 2354 famulo
2619 2315 2716 2356 suo
2737 2301 3052 2355 tuaudatum
3075 2299 3242 2363 dedit,
3271 2298 3457 2358 dicens
3477 2317 3488 2352 :
3511 2297 3641 2358 Han:

2049 2392 2177 2448 dicit
2231 2391 2487 2446 Dominus
2541 2405 2558 2442 :
2612 2389 2788 2448 Filius
2829 2407 2976 2448 meus
3021 2391 3396 2464 primogenitus
3444 2388 3634 2446 Israel.

2046 2480 2174 2536 Dixi
2197 2480 2288 2536 tibi
2313 2495 2330 2532 :
2358 2480 2570 2536 Dimitte
2593 2481 2762 2549 ﬁlium
2796 2498 2967 2536 meum
2998 2481 3421 2556 primogenitum,
3452 2489 3507 2534 ut
3531 2495 3640 2536 ser-

2047 2573 2149 2630 viat
2179 2574 2325 2638 mihi,
2362 2584 2407 2628 et
2432 2574 2642 2628 noluisti
2667 2575 2926 2630 dimittere
2955 2588 3114 2630 eum:
3159 2591 3274 2630 ecce
3313 2592 3432 2648 ergo
3474 2575 3640 2630 inter-

2043 2663 2222 2734 ﬁciant
2244 2664 2412 2732 ﬁlium
2440 2673 2586 2718 tuum
2612 2666 3018 2736 primogenitum
3049 2663 3244 2736 (Exod.
3282 2680 3358 2729 tv,
3387 2664 3476 2728 22,
3503 2661 3594 2736 25)
3618 2681 3632 2718 :

2043 2756 2131 2811 cui
2166 2756 2504 2826 aquuatum
2537 2771 2657 2811 esse
2693 2756 2951 2828 populum
2997 2756 3225 2814 duarum
3257 2755 3494 2812 tribuum
3524 2770 3632 2814 non

2045 2849 2214 2905 multo
2242 2859 2367 2904 ante
2406 2851 2470 2904 de
2509 2847 2820 2918 captivitate
2858 2847 3166 2919 Babyloniae
3194 2847 3289 2906 Dei
3318 2848 3632 2904 misericor-

2043 2941 2129 2996 dia
2187 2941 2472 2996 deductum
2499 2982 2514 3008 ,
2566 2942 2668 2996 iste
2714 2939 2814 3006 vir,
2863 2940 2954 3012 qui
2998 2941 3115 2996 haec
3158 2937 3320 3010 hujus
3371 2938 3634 2996 orationis

2041 3033 2204 3086 verba
2248 3033 2574 3103 composuit,
2614 3033 2805 3098 voluit,
2850 3038 2908 3084 ut
2951 3031 3206 3098 arbitror,
3241 3029 3496 3098 intelligi;
3528 3044 3631 3086 nec

2042 3123 2243 3193 aliquid
2265 3125 2328 3178 de
2354 3123 2591 3190 Christo,
2616 3137 2676 3183 ut
2704 3133 2759 3180 tu
2786 3139 2926 3180 novo
2953 3138 3113 3178 sensu
3140 3123 3361 3185 asseris.
3387 3123 3472 3182 his
3501 3137 3623 3180 ver-

2038 3215 2122 3272 bis
2156 3217 2506 3286 prophetasse
2531 3226 2769 3287 putatur.

2107 3308 2248 3363 XIX.
2291 3308 2493 3366 Deinde
2522 3326 2672 3366 more
2703 3318 2794 3365 tuo
2819 3309 3064 3382 vagando
3090 3307 3243 3364 vadis
3270 3322 3514 3379 quaerere
3541 3314 3625 3366 te-

2037 3402 2292 3460 stimonia
2318 3418 2416 3472 per
2438 3403 2776 3460 latitudinem
2801 3412 3003 3460 sanctae
3034 3402 3350 3472 Scripturae,
3383 3402 3513 3472 quid
3545 3401 3626 3456 di-

2033 3495 2244 3556 vinitati
2276 3495 2477 3552 Christi
2513 3503 2566 3550 et
2593 3496 2723 3568 quid
2755 3495 3078 3552 humanitati
3119 3494 3421 3550 conveniat.
3457 3493 3624 3562 Quasi

2033 3588 2228 3660 aliquis
2271 3600 2516 3646 nostrum
2551 3604 2754 3662 negare
2804 3589 3050 3644 videatur
3093 3601 3276 3642 veram
3321 3586 3374 3644 in
3405 3584 3623 3642 Christo

2032 3679 2442 3745 humanitatem,
2469 3694 2762 3750 veramque
2784 3680 3141 3736 divinitatem.
3176 3676 3244 3732 Et
3267 3676 3442 3746 primo
3463 3675 3621 3748 ponis

2029 3767 2126 3824 Dei
2151 3769 2344 3825 Filium
2366 3769 2661 3824 secundum
2685 3769 3023 3826 divinitatem
3053 3751 3273 3824 diceret:
3301 3763 3620 3820 Potestatem

2029 3858 2192 3912 habeo
2217 3859 2440 3927 ponendi
2465 3860 2695 3911 animam
2719 3876 2907 3922 meam,
2936 3867 2984 3910 et
3007 3867 3312 3927 potestatem
3334 3855 3498 3910 habeo
3524 3856 3620 3910 ite-

2029 3951 2396 4007 mnaeumendi
2412 3967 2523 4006 eam
2543 3949 2724 4022 (Joan.
2751 3967 2803 4017 χ,
2832 3949 2943 4022 l8),
2973 3949 3156 4006 minus
3177 3948 3462 4004 attendens
3487 3945 3617 4016 quid

2024 4046 2220 4106 beatus
2247 4045 2578 4118 Augustinus
2602 4045 2668 4099 de
2692 4045 2794 4101 hac
2811 4043 3092 4100 sententia
3123 4040 3500 4106 intellexisset,
3522 4039 3615 4114 qui

2025 4140 2104 4198 sic
2128 4141 2243 4196 inec
2263 4140 2424 4196 verba
2451 4139 2659 4196 Domini
2685 4140 2736 4194 in
2762 4138 2994 4195 homiliis
3017 4136 3616 4210 evangelicisinterpre-

2024 4233 2127 4292 tari
2151 4233 2315 4288 voluit
2341 4248 2354 4285 :
2390 4251 2407 4283 ι
2432 4231 2563 4298 Quis
2584 4231 2754 4304 ponit,
2783 4229 3020 4304 inquitC,
3049 4229 3308 4294 animam,
3336 4235 3391 4284 et
3417 4227 3614 4286 iterum

2023 4325 2187 4382 sumit
2216 4325 2486 4380 animam?
2506 4323 2774 4387 Christus,
2809 4338 2876 4378 ex
2905 4338 2971 4377 eo
2985 4323 3126 4392 quod
3154 4320 3415 4387 Verbum,
3445 4334 3514 4376 an
3543 4335 3611 4374 ex

2022 4432 2088 4476 eo
2116 4419 2260 4488 quod
2289 4420 2466 4476 anima
2497 4419 2732 4476 humana
2765 4419 2882 4490 ipsa
2911 4433 2968 4473 se
2991 4417 3162 4488 ponit,
3195 4425 3248 4472 et
3273 4415 3470 4472 iterum
3494 4415 3608 4486 ipsa

2023 4523 2084 4564 se
2119 4510 2316 4564 sumit?
2346 4511 2426 4566 An
2449 4526 2515 4568 ex
2542 4527 2606 4566 eo
2629 4511 2774 4581 quod
2802 4526 2930 4566 caro
2955 4519 3058 4576 est,
3083 4508 3320 4566 animam
3352 4507 3523 4576 ponit,
3555 4513 3611 4566 et

2024 4599 2221 4658 iterum
2247 4601 2448 4656 sumit?
2478 4602 2601 4658 Tria
2634 4603 2790 4674 posui
2823 4617 2836 4655 :
2867 4602 3048 4658 omnia
3086 4607 3482 4672 pertractemus
3503 4638 3518 4663 ,
3553 4604 3608 4656 et

2020 4697 2127 4756 hoc
2170 4695 2430 4766 eligamus
2475 4695 2617 4764 quod
2664 4695 2950 4752 conveniat
2986 4693 3186 4764 regula:
3230 4693 3497 4752 veritatis.
3547 4689 3606 4752 Si

2143 4831 2358 4889 Quorum
2379 4831 2561 4890 quippe
2585 4831 2715 4891 prior
2740 4827 2990 4890 Sapientia
3009 4828 3189 4880 dicitur
3209 4828 3354 4890 alma,

2202 4892 2408 4944 Notatur
2431 4892 2550 4942 Jesu
2575 4893 2770 4944 nomine
2795 4893 3055 4954 posterior.
3083 4907 3087 4910 ’

2013 4999 2288 5056 Fortassis
2335 5015 2462 5054 vero
2507 5003 2564 5056 τὸ
2605 5017 2697 5068 per
2751 5001 3064 5071 paradigma
3115 5015 3224 5055 non
3275 5001 3349 5056 ita
3403 4998 3602 5071 intelli-

2013 5073 2268 5142 gendum,
2312 5071 2456 5142 quod
2485 5071 2693 5140 praelati
2723 5069 2827 5128 duo
2856 5069 3020 5128 libelli
3050 5071 3223 5128 solum
3252 5072 3322 5130 ob
3351 5069 3598 5128 similitu-

2015 5141 2193 5196 dinem
2227 5141 2688 5214 quamdaminter
2719 5157 2903 5198 sacras
2934 5142 3243 5214 Scripturas
3271 5154 3591 5214 recenseati-

2013 5218 2133 5282 tur;
2171 5208 2264 5264 sed
2308 5213 2449 5281 quod
2483 5213 2573 5266 hic
2612 5214 2787 5266 tribus
2811 5208 3079 5282 prioribus
3115 5208 3597 5282 Salomonislibris

2005 5279 2302 5350 junguntur
2324 5279 2392 5336 ob
2415 5285 2658 5336 materiae
2678 5291 2732 5337 et
2753 5279 3140 5338 sententiarum
3165 5280 3592 5342 similitudinem,

2049 5353 2359 5430 uamvisilli
2397 5351 2642 5420 ejusdem
2667 5355 2902 5410 auctoris
2932 5369 3051 5430 esse
3094 5368 3204 5430 non_
3248 5356 3592 5430 censeantur.

2049 5365 2258 5410 uamvts
2286 5365 2359 5406 nu
2397 5365 2642 5420 ejusdem
2667 5365 2902 5410 auctons
2932 5369 3051 5410 esse
3094 5368 3200 5406 non
3248 5365 3592 5406 censeantur.

2009 5365 2278 5494 guidquid
2315 5425 2403 5488 sit,
2435 5433 2616 5478 nostra
2643 5433 2788 5479 certe
2817 5433 2974 5479 :etate
3000 5426 3064 5494 de
3097 5421 3372 5494 authenti_a
3401 5419 3596 5494 praedi-

1997 5489 2214 5547 ctorum
2257 5494 2536 5554 librorum,
2581 5494 2866 5564 Sapientia:
2911 5505 2966 5550 et
3008 5493 3161 5564 Sirae
3205 5507 3299 5545 seu
3325 5489 3594 5564 Ecclesia-

2001 5564 2148 5627 Stici,
2180 5565 2428 5620 dubitare
2465 5567 2605 5620 ii'aud
2637 5559 2791 5628 licet,
2839 5567 2907 5620 ob
2939 5562 3310 5620 deﬁnitionem
3336 5559 3592 5618 Ecclesiae

2001 5635 2283 5696 catholicae
2305 5635 2359 5690 in
2395 5636 2626 5694 concilio
2652 5636 2991 5692 Tridentino.

2073 5717 2099 5780 °_
2140 5705 2196 5762 S.
2227 5705 2391 5780 Aug._,
2425 5714 2590 5780 tract.
2621 5722 2764 5780 xnvn
2794 5705 2848 5760 in
2875 5705 3054 5780 Joanz,
3087 5720 3237 5780 num.
3261 5703 3355 5780 ll),
3379 5703 3464 5769 ll,
3499 5697 3586 5780 ιι

1997 5775 2103 5841 Ubi
2131 5773 2341 5838 testus'
2363 5777 2520 5838 initio
2545 5778 2625 5838 ita
2665 5777 2862 5834 habet:
2889 5793 2906 5825 ι
2935 5773 3066 5847 Quis
3095 5774 3248 5848 ponit
3269 5777 3509 5843 animam
3532 5779 3591 5834 et
