4030 6358
431 330 539 394 255

1276 337 1337 391 Β.
1379 335 1442 392 F.
1482 336 1708 393 ALBINI
1748 334 1879 392 SEU
1920 333 2197 392 ALCUINI
2235 332 2521 392 OPERUM
2563 335 2746 392 PARS
2782 335 2862 392 ΙΙΙ.

433 443 578 498 enim
623 414 920 497 dixerimus
965 444 1091 514 quia
1134 444 1373 503 Verbum
1419 449 1516 503 Dei
1556 451 1735 519 posuit
1779 449 2018 503 animam
2042 448 2094 504 Α
2119 442 2296 500 Patris
2325 446 2393 500 de
2440 444 2575 500 οωιο
2621 444 2847 513 clamat,
2893 462 3041 501 ἠεαδ
3066 460 3085 499 ε
3116 456 3173 503 ιιι
3198 450 3264 506 de
3295 462 3443 508 lem
3476 451 3709 523 Clamas.

434 550 588 591 suam
631 542 685 589 et
734 534 928 591 iterum
977 540 1206 609 sumpsit
1244 557 1385 606 eam,
1435 544 1779 598 metuendum
1829 551 1912 597 est
1948 557 2017 597 ne

435 625 705 680 subintret
747 641 915 695 prava
966 628 1240 697 cogitatio,
1293 638 1349 684 et
1388 632 1599 687 dicatur
1645 633 1799 687 nobis
1829 651 1841 685 :
1876 632 2016 703 Ergo

436 716 772 791 [aliquando]
818 720 996 774 anima
1027 721 1117 775 illa
1157 731 1405 792 separata
1428 732 1511 780 est
1549 741 1577 778 a
1618 726 1812 789 Verbo,
1843 736 1896 779 et
1923 725 2018 779 ali-

436 811 652 880 quando
677 810 910 865 Verbum
932 811 1078 875 illud,
1108 828 1175 867 ex
1199 830 1306 882 quo
1333 816 1568 884 suscepit
1590 815 1734 869 illam
1759 816 2013 881 animam,

436 900 540 955 fuit
566 902 681 957 sine
715 902 915 956 anima.
956 904 1124 959 Video
1165 907 1308 961 enim
1340 907 1505 962 fuisse
1548 909 1661 963 sine
1705 911 1882 963 anima
1912 912 2015 964 hu-

436 1009 593 1049 mana
627 995 891 1063 Verbum;
939 997 1032 1051 sed
1066 1014 1187 1053 cum
1232 1002 1283 1054 in
1324 1002 1588 1071 principio
1618 1014 1736 1057 erat
1760 1006 2016 1071 Verbum,

436 1092 489 1138 et
517 1084 751 1140 Verbum
781 1099 901 1141 erat
935 1090 1075 1157 apud
1104 1091 1292 1158 Deum,
1336 1102 1389 1148 et
1438 1095 1579 1149 Deus
1617 1106 1733 1149 erat
1758 1099 2015 1152 Verbum.

434 1176 514 1230 Ex
558 1192 664 1246 quo
712 1187 889 1233 autem
929 1179 1112 1251 [Aug.,
1161 1198 1224 1236 ex
1267 1200 1372 1252 quo
1410 1186 1576 1258 enim]
1610 1189 1844 1243 Verbum
1890 1206 2041 1246 (Ἠιο-

430 1266 637 1324 factum
670 1278 771 1335 est,
806 1281 865 1326 ut
890 1274 1159 1328 habitaret
1189 1276 1244 1330 in
1275 1280 1449 1344 nobis,
1488 1289 1543 1334 et
1566 1291 1846 1352 susceptus
1876 1295 1959 1340 est
1986 1303 2017 1341 a

431 1361 608 1417 Verbo
629 1363 813 1429 homo,
842 1366 894 1418 id
924 1375 1007 1421 est
1037 1375 1180 1421 totus
1209 1371 1387 1435 homo,
1417 1374 1595 1427 anima
1623 1384 1675 1427 et
1698 1391 1857 1439 caro;
1890 1380 2019 1447 quid

431 1449 559 1506 fecit
584 1456 786 1522 passio,
830 1458 960 1525 quid
1005 1458 1133 1513 fecit
1163 1477 1329 1527 mors,
1369 1464 1473 1517 nisi
1507 1482 1700 1536 corpus
1743 1469 1809 1521 ab
1838 1472 2016 1525 anima

430 1546 722 1613 separavit,
765 1549 1000 1602 animam
1034 1567 1163 1605 vero
1207 1568 1237 1605 a
1263 1553 1442 1609 Verbo
1474 1572 1580 1610 non
1609 1562 1914 1626 separavit?
1960 1561 2017 1616 Si

430 1635 577 1689 enim
609 1646 851 1691 mortuus
888 1649 970 1693 est
1000 1641 1286 1704 Dominus,
1332 1644 1440 1698 imo
1467 1648 1593 1714 quia
1640 1657 1883 1727 mortuus
1916 1649 2019 1705 Do-

428 1724 609 1780 minus
642 1726 911 1795 (mortuus
937 1740 1019 1785 est
1059 1734 1200 1787 enim
1229 1751 1326 1804 pro
1359 1739 1513 1791 nobis
1559 1739 1614 1791 iu
1655 1741 1859 1811 cruce),
1896 1743 2014 1797 sine

2117 550 2226 589 non
2253 543 2396 591 tuus.
2428 536 2559 604 Quae
2586 538 2683 593 tibi
2712 538 2858 593 salus
2884 540 3151 609 speranda
3187 551 3310 609 est,
3349 544 3397 600 si
3426 544 3522 601 Dei
3549 546 3712 605 testi-

2121 626 2299 681 monio
2326 642 2431 681 non
2462 628 2677 682 credis?
2706 627 2818 683 Nec
2853 630 2945 684 tibi
2979 631 3156 687 adhuc
3185 632 3276 688 hic
3304 634 3455 691 locus
3489 652 3717 708 separa-

2118 716 2282 771 tionis
2323 718 2513 784 datur;
2572 720 2639 774 de
2690 734 2795 774 uno
2842 721 2981 776 Filio
3028 722 3187 789 dixit,
3234 739 3402 780 unum
3446 732 3709 800 ostendit,

2118 808 2271 876 quasi
2296 808 2518 863 dixisset
2543 824 2557 862 :
2586 808 2696 865 Nec
2716 810 2881 865 alium
2906 828 3149 881 quaeras;
3175 830 3276 870 nec
3296 816 3440 873 hunc
3458 835 3567 875 non
3585 836 3712 879 esse

2119 898 2329 951 credas.
2380 898 2488 954 Aut
2520 900 2565 953 si
2594 899 2734 954 forte
2764 902 2861 956 tibi
2888 903 3154 959 dubitatio
3184 907 3273 973 sit,
3302 908 3347 962 si
3369 910 3434 974 de
3465 911 3711 969 humana

2120 988 2324 1041 Christi
2368 997 2560 1045 natura
2610 992 2724 1046 haec
2768 993 2911 1047 dicta
2950 995 3078 1061 sint,
3112 995 3420 1067 legebeati
3454 1002 3711 1075 Gregorii

2119 1080 2330 1150 praefati
2363 1080 2541 1136 Patris
2570 1081 2623 1136 in
2654 1084 2892 1139 homiliis
2920 1086 3223 1144 Ezechielis
3254 1091 3319 1146 de
3352 1094 3453 1149 hac
3477 1104 3712 1166 paterna

2121 1186 2253 1223 voce
2291 1186 2504 1237 sensus,
2538 1174 2630 1242 qui
2667 1184 2791 1243 post
2829 1176 3060 1245 plurima
3110 1174 3464 1241 humanitatis
3504 1187 3714 1245 Christi

2123 1272 2461 1317 sacramenta
2493 1273 2548 1317 et
2593 1266 2923 1335 prophetiae
2952 1271 3177 1326 visionis
3216 1278 3478 1345 mysteria
3499 1319 3514 1343 ,
3549 1279 3714 1349 hujus

2120 1360 2360 1420 paterna:
2420 1353 2568 1408 vocis
2627 1355 3000 1412 excellentiam
3051 1360 3316 1417 subinl‘ert
3375 1366 3560 1423 dicens
3611 1382 3639 1410 ιι
3692 1387 3710 1427 :

2128 1463 2145 1493 ι
2184 1446 2293 1499 Vox
2316 1486 2329 1510 ,
2362 1447 2569 1515 inquit,
2602 1464 2765 1517 super
2802 1450 3203 1508 ﬁrmamentum
3253 1455 3397 1512 facta
3436 1470 3547 1524 est,
3589 1477 3715 1531 qua:

2121 1550 2283 1603 super
2305 1538 2638 1605 baptizatum
2666 1539 2951 1594 Dominum
2981 1543 3046 1595 de
3084 1546 3222 1599 caalo
3261 1549 3441 1603 sonuit
3478 1550 3664 1607 dicens
3694 1570 3711 1606 :

2127 1623 2199 1676 Tu
2222 1643 2275 1679 es
2302 1625 2471 1680 Filius
2499 1645 2641 1682 meus
2662 1628 2911 1697 dilectus,
2944 1633 2999 1685 in
3026 1642 3073 1687 te
3108 1636 3402 1706 complaeui
3434 1638 3585 1710 (Luc.
3618 1658 3712 1709 ιιι,

2122 1714 2244 1784 22);
2274 1717 2359 1769 vel
2390 1718 2529 1772 sicut
2556 1735 2653 1788 per
2680 1722 3078 1791 Evangelistam
3116 1726 3281 1782 alium
3318 1730 3519 1785 dicitur
3550 1747 3565 1785 :
3607 1732 3719 1789 Hic

428 1815 592 1873 dubio
618 1833 745 1873 eam
768 1819 936 1889 ipsius
963 1824 1257 1893 exspiravit
1282 1828 1546 1893 animum;
1574 1831 1640 1883 ad
1659 1808 1868 1900 lampas
1892 1834 2012 1887 cxi_
2042 1814 2089 1873 Β
2119 1818 2192 1861 est
2218 1808 2392 1863 Filius
2416 1828 2561 1865 meus
2583 1812 2822 1881 dilectus,
2849 1816 3021 1885 inquo
3038 1819 3165 1872 mihi
3193 1820 3320 1874 bene
3340 1823 3656 1887 complacuit
3684 1845 3710 1881 ι

427 1921 590 1975 guum
618 1908 795 1962 anima
820 1910 1060 1967 deseruit
1083 1929 1320 1980 carnem,
1351 1928 1405 1972 et
1435 1919 1690 1975 redeunte
1722 1923 1898 1978 anima
1931 1939 2017 1979 re-

426 1998 666 2051 surrexit
691 1996 872 2070 [Aug.,
907 2008 1386 2080 resurrecturum].
1418 2009 1461 2063 A
1488 2012 1666 2066 Verbo
1694 2024 1875 2069 autem
1899 2018 2017 2071 ani-

424 2099 570 2140 mam
598 2100 907 2158 separatam
945 2109 1066 2148 esse
1092 2112 1196 2150 non
1237 2099 1472 2154 dico.....
1517 2102 1715 2158 Omnes
1748 2107 1893 2160 enim
1919 2109 2016 2163 ho-

424 2174 619 2242 mines,
648 2181 865 2247 quando
892 2185 1217 2251 moriuntur,
1247 2200 1453 2258 ponunt
1484 2194 1755 2261 animam;
1786 2199 1879 2252 sed
1905 2215 2015 2253 non

423 2277 614 2321 omnes
640 2283 740 2337 pro
768 2268 984 2327 Christo
1021 2284 1248 2343 ponunt.
1292 2279 1360 2333 Et
1389 2298 1547 2336 nemo
1576 2286 1741 2339 habet
1774 2296 2015 2357 potesta-

421 2358 537 2408 tem
605 2372 861 2425 sumere,
921 2366 1064 2433 quod
1119 2372 1377 2437 posuerit.
1411 2372 1661 2430 Christus
1721 2389 1899 2435 autem
1961 2392 2017 2440 et

420 2463 522 2521 pro
570 2450 727 2509 nobis
782 2459 996 2526 posuit,
1050 2469 1105 2516 et
1159 2467 1374 2534 quando
1429 2470 1633 2536 voluit,
1685 2475 1902 2541 posuit,
1959 2486 2014 2533 et

422 2544 641 2613 quando
676 2546 876 2613 voluit,
916 2555 1165 2622 sumpsit.
1200 2557 1407 2614 Ponere
1433 2576 1562 2631 ergo
1603 2566 1837 2621 animam
1876 2571 2013 2625 mori

420 2640 525 2690 est.
579 2634 670 2691 Sic
713 2638 907 2696 Petrus
956 2643 1184 2701 Domino
1224 2650 1402 2705 dixit:
1436 2654 1679 2709 Animam
1718 2669 1927 2730 propter
1965 2673 2013 2716 te

421 2741 614 2796 ponam
643 2726 826 2797 (Joan.
860 2747 998 2799 xm,
1023 2734 1136 2806 57),
1162 2737 1215 2791 id
1246 2748 1329 2793 est
1354 2782 1367 2805 ,
1404 2759 1502 2810 pro
1536 2753 1587 2798 te
1613 2726 1822 2801 moriar
1847 2766 2015 2807 carne

423 2814 571 2888 [Vox
595 2832 760 2875 carne
781 2822 922 2877 deest
945 2826 1087 2896 apud
1108 2828 1291 2902 Aug.].
1307 2852 1324 2883 ι
1357 2833 1426 2887 Ει
1452 2835 1612 2904 paulo
1638 2846 1759 2907 post
1785 2860 1795 2892 :
1824 2860 1840 2891 ι
1864 2840 2012 2907 Quo-

419 2908 580 2964 modo
610 2909 861 2969 Christus
886 2916 1123 2972 animam
1149 2923 1367 2990 posuit?
1392 2924 1509 2979 Non
1531 2929 1675 2981 enim
1703 2946 1830 2985 caro
1858 2931 2013 2988 Chri-

417 3000 570 3054 stus?
619 3000 696 3055 lta
741 3003 901 3071 plane
953 3022 1080 3063 caro
1124 3010 1307 3083 [Aug.,
1352 3024 1407 3069 et
1454 3018 1605 3090 caro]
1648 3019 1913 3087 Christus,
1958 3032 2012 3079 et

421 3093 600 3148 anima
640 3094 909 3164 Christus,
961 3111 1015 3155 et
1064 3104 1300 3159 Verbum
1328 3107 1576 3166 Christus
1625 3131 1637 3165 :
1687 3130 1787 3168 nec
1828 3123 2009 3171 tamen

421 3187 525 3242 tria
557 3190 673 3244 haec
712 3200 824 3247 tres
853 3193 1077 3263 Christi,
1118 3202 1210 3253 sed
1240 3215 1380 3257 unus
1424 3204 1691 3272 Christus,
1736 3228 1752 3259 ι
1789 3217 1845 3262 et
1871 3225 2010 3265 unus

417 3463 692 3532 cogitatio,
716 3469 860 3536 quod
879 3471 1060 3526 anima
1084 3473 1285 3532 Christi
1316 3490 1566 3550 separata
1585 3491 1729 3539 esset
1758 3501 1789 3539 a
1806 3486 2006 3553 Verbo,

417 3552 545 3607 dum
569 3554 735 3623 dicis,
782 3563 1075 3618 secundum
1105 3566 1440 3625 divinitatem
1474 3574 1587 3629 haec
1626 3576 1817 3630 eadem
1843 3578 2007 3636 verba

415 3645 704 3703 Dominum
738 3653 1062 3720 protulisse?
1099 3660 1241 3727 quod
1286 3661 1444 3717 valde
1491 3666 1836 3721 metuendum
1885 3684 2006 3724 esse

418 3735 515 3791 tibi
556 3737 659 3794 iste
686 3743 990 3813 praecipuus
1021 3747 1212 3804 doctor
1242 3753 1552 3811 rationabili
1585 3759 1789 3828 pietate
1819 3764 2007 3821 admo-

417 3826 552 3880 nuit.

483 3915 603 3970 XX.
648 3918 820 3977 Simili
850 3940 1065 3996 quoque
1088 3934 1447 3998 perversitate
1475 3939 1718 3999 dividere
1746 3945 1829 4001 vis
1851 3945 2007 4002 Chri-

413 4014 554 4062 stum
584 4010 639 4064 in
670 4027 734 4067 ea
762 4030 917 4083 voce,
954 4034 1117 4087 quam
1148 4021 1309 4080 Pater
1338 4026 1394 4080 in
1415 4041 1597 4086 monte
1626 4045 1816 4091 sancto
1842 4038 2003 4095 disci-

410 4100 554 4168 pulis
606 4107 950 4166 audientibus
1000 4117 1225 4183 protulit
1278 4121 1504 4179 dicens:
1550 4126 1651 4181 Hie
1697 4140 1774 4183 est
1829 4130 2001 4188 Filius

410 4207 555 4246 meus
606 4196 848 4266 dilectus,
893 4202 949 4256 in
984 4222 1088 4274 quo
1119 4208 1247 4263 mihi
1288 4212 1413 4267 bene
1438 4218 1755 4287 complacuit
1783 4235 1800 4272 .'
1828 4223 2000 4292 ipsum

410 4282 591 4336 audite
619 4284 833 4355 (Matth.
861 4306 999 4359 xvu,
1033 4295 1123 4368 5);
1160 4304 1315 4368 quasi
1347 4304 1451 4361 hoc
1479 4282 1855 4368 de'divinitate'
1883 4322 1999 4371 tan-

404 4554 662 4623 aastimas,
695 4560 937 4617 dividere
965 4567 1047 4622 vis
1074 4569 1371 4642 Christum,
1417 4587 1471 4632 et
1512 4590 1763 4639 naturam
1791 4588 1990 4645 divini-

402 4645 532 4701 tatis
570 4655 943 4711 tantummodo
980 4673 1100 4714 esse
1136 4662 1363 4733 Filium;
1413 4673 1557 4739 quod
1584 4690 1745 4743 quam
1774 4695 1995 4748 perver-

400 4750 522 4794 sum
546 4739 637 4806 sit,
665 4744 842 4801 nullus
868 4748 1082 4819 ignorat
1102 4756 1418 4815 catholicus.
1633 4739 1806 4839 Super
1828 4789 1992 4829 unum

398 4823 597 4883 FiliUm
628 4830 769 4889 facta
798 4846 883 4891 est
922 4840 1038 4895 haec
1065 4858 1165 4898 vox
1206 4845 1382 4903 Patris
1405 4823 1665 4920 devcvaﬁo,
1703 4823 1759 4912 et
1797 4862 1863 4914 de
1902 4863 1993 4918 illo

399 4933 510 4976 uno
532 4920 671 4979 Filio
695 4926 896 4983 dicitur
923 4949 937 4985 :
973 4932 1076 4987 Hic
1096 4946 1171 4989 est
1194 4935 1368 4993 Filius
1390 4959 1536 4999 meus
1560 4946 1799 5004 dilectus.
1834 4951 1995 5018 Quid«

398 5012 529 5080 quid
560 5014 615 5070 in
645 5016 861 5077 Christo
888 5032 988 5090 est,
1021 5036 1075 5081 et
1104 5029 1226 5083 Filii
1255 5048 1450 5091 nomen
1477 5038 1659 5105 habet,
1695 5042 1791 5116 [et]
1820 5012 1991 5116 ipsius

396 5100 578 5161 Patris
606 5109 947 5182 testimonio,
976 5115 1163 5176 Filius-
1184 5140 1327 5181 meus
1356 5127 1577 5185 dilectus
1609 5100 1986 5210 dicitui',lrion,

397 5202 456 5248 ut
498 5204 553 5250 tu
594 5204 816 5271 asseris,
853 5207 1157 5279 adoptivus.
1204 5216 1329 5272 Tria
1364 5235 1493 5276 vero
1523 5223 1578 5276 in
1607 5241 1738 5283 voce
1762 5240 1989 5298 paterna

394 5285 579 5342 audita
605 5299 731 5345 sunt
757 5311 769 5347 :
802 5292 998 5364 Filius,
1029 5310 1084 5357 et
1112 5320 1281 5372 meus,
1313 5317 1368 5362 et
1405 5310 1627 5367 dilectus
1655 5285 1876 5375 dicitur.
1920 5325 1991 5378 Et

394 5375 572 5436 adhuc
615 5385 866 5441 addidit:
915 5391 983 5446 In
1025 5412 1126 5465 quo
1158 5400 1284 5453 mihi
1324 5401 1448 5457 bene
1491 5408 1824 5469 complacuit.
1870 5415 1985 5470 Vox

392 5510 591 5612 Ltqrum
634 5514 799 5612 sumit
844 5531 1003 5583 eam?
1035 5531 1291 5612 Christus
1321 5554 1385 5592 ex
1431 5554 1515 5606 eo,
1556 5548 1699 5612 quod
1746 5549 1982 5608 Verbum

392 5592 677 5709 θειόἐιοιιίι
708 5595 963 5665 animam,
994 5609 1048 5656 et
1076 5606 1241 5658 sumit
1269 5621 1391 5662 eam
1417 5592 1647 5668 iterum?
1672 5592 1977 5689 ,ιη’ἔὲἴὲἱζ

392 5666 469 5709 (ΠΙ
586 5662 762 5709 anima
812 5667 1041 5709 hllnltlnq
1085 5683 1158 5709 ορι
1234 5677 1346 5709 ἰιιυη
1395 5697 1450 5709 ι...
1496 5687 1639 5709 ...ωτι
1704 5699 1748 5709 -.
1785 5690 1849 5709 ειμ

392 5662 1043 5752 iuga-animabumana
1085 5683 1185 5738 est,
1234 5677 1348 5746 ipsa
1495 5687 1665 5752 ponit,
1698 5699 1751 5743 et
1784 5662 1980 5749 iterum

394 5728 517 5793 Ipsa
541 5742 601 5786 se
627 5735 836 5789 sumit?
880 5740 961 5794 An
987 5758 1053 5797 ex
1098 5728 1184 5810 eo,
1229 5728 1371 5816 (11.33
1400 5728 1525 5810 car;
1554 5728 1665 5825 est?

2122 1897 2336 1969 (Matth.
2388 1919 2469 1966 ιιι,
2506 1902 2615 1973 l7).
2686 1905 2752 1958 Et
2805 1916 2927 1976 post
2982 1925 3197 1978 pauca:
3235 1931 3254 1962 ι
3291 1912 3350 1966 In
3380 1915 3495 1970 solo
3525 1927 3719 1974 autem

2120 1991 2221 2044 sibi
2252 1993 2529 2063 unigenito
2554 1996 2782 2053 Domino
2822 2002 2932 2056 Deo
2959 2012 3147 2059 nostro
3174 2004 3301 2061 Jesu
3326 2006 3541 2066 Christo
3563 2027 3721 2069 θοιιιιι

2120 2082 2348 2149 placuit,
2382 2087 2508 2153 quia
2535 2088 2680 2142 hunc
2712 2090 2856 2143 inter
2900 2092 3146 2149 homines
3190 2097 3465 2153 hominem
3493 2116 3721 2160 creasse

2118 2189 2242 2229 eum
2273 2193 2380 2232 non
2419 2180 2671 2249 paenituit
2696 2222 2710 2245 ,
2760 2182 2816 2235 in
2852 2201 2959 2254 quo
2988 2196 3274 2256 peccatum
3302 2192 3509 2247 nullum
3538 2196 3721 2253 omni-

2117 2266 2278 2320 modo
2304 2268 2544 2333 invenit,
2580 2271 2721 2326 sicut
2748 2274 2815 2328 de
2844 2275 2936 2330 illo
2962 2292 3061 2347 per
3085 2279 3428 2337 Psalmistam
3461 2285 3662 2342 dicitur
3694 2303 3714 2343 :

2116 2354 2326 2410 Juravit
2354 2358 2631 2424 Dominus,
2666 2372 2713 2416 et
2744 2381 2849 2418 non
2872 2369 3138 2436 paenitebit
3163 2388 3281 2425 cum
3305 2390 3322 2427 :
3350 2374 3427 2428 Tu
3453 2393 3507 2430 es
3534 2395 3721 2433 sacer-

2116 2442 2211 2497 dos
2260 2447 2314 2499 in
2381 2458 2634 2504 a'ternum
2681 2456 2970 2511 secundum
3033 2461 3268 2516 ordinem
3329 2464 3718 2524 Melchisedech

2118 2533 2292 2604 (Psul.
2324 2556 2434 2605 crx,
2465 2542 2542 2612 4).
2586 2544 2643 2598 In
2684 2547 2798 2602 solo
2824 2565 2955 2620 ergo
2988 2553 3093 2607 sibi
3132 2554 3495 2627 Redemptore
3522 2570 3718 2619 nostro

2116 2630 2414 2698 cumplacet
2441 2633 2620 2701 Pater,
2653 2640 2779 2707 quia
2809 2641 2865 2695 in
2894 2643 3009 2698 solo
3032 2660 3141 2699 non
3168 2647 3376 2703 invenit
3408 2652 3640 2723 culpam.
3682 2675 3707 2708 ι

2113 2717 2248 2773 Item
2279 2722 2333 2774 in
2362 2726 2550 2780 eadem
2593 2729 2812 2785 humilia
2858 2751 2869 2785 :
2930 2753 2948 2785 ι
2981 2734 3116 2790 Cum
3163 2754 3289 2805 vox,
3315 2740 3511 2812 inquit,
3544 2761 3719 2816 super

2116 2810 2514 2870 ﬁrmamentum
2544 2820 2633 2885 sit,
2666 2831 2811 2877 stant
2841 2826 3095 2881 animalia
3114 2870 3128 2894 ,
3163 2840 3218 2883 et
3245 2810 3570 2889 submittunt
3592 2836 3720 2895 alas

2117 2920 2265 2967 suas,
2302 2908 2428 2973 quia
2459 2912 2631 2965 sancti
2661 2914 2860 2983 quique
2901 2932 3023 2971 cum
3060 2920 3235 2989 ipsum
3275 2939 3490 2994 quoque
3522 2929 3720 3000 unige-

2116 2993 2290 3047 nitum
2316 2995 2641 3067 ﬂagellatum
2670 3002 2725 3055 in
2753 3003 2855 3057 hoc
2884 3008 3086 3062 mundo
3127 2993 3497 3081 conspiciunt,
3545 2993 3720 3088 depo-

2114 3092 2271 3149 nunt,
2303 3085 2348 3138 si
2379 3086 2506 3155 quid
2533 3089 2596 3143 de
2633 3090 2745 3146 suis
2789 3094 3002 3149 meritis
3045 3113 3402 3167 priesumunt.
3441 3124 3460 3157 ι
3504 3085 3719 3165 Certis-

2034 3172 2083 3234 C
2116 3173 2252 3227 sime
2284 3176 2422 3230 hanc
2454 3193 2643 3232 vocem
2671 3196 2832 3250 super
2860 3185 3198 3255 baptizatum
3228 3190 3515 3250 Dominum
3543 3198 3721 3256 emis-

2114 3280 2228 3318 sam
2270 3282 2388 3321 esse
2417 3267 2516 3323 iste
2549 3271 2782 3328 eximius
2804 3276 2992 3332 doctor
3016 3280 3300 3338 intellexit.
3326 3284 3523 3343 Procul
3544 3290 3719 3349 dubio

2112 3356 2421 3413 humanitas
2450 3360 2714 3430 baptizari
2757 3368 2931 3434 potuit
2957 3410 2970 3434 ,
3002 3386 3109 3425 non
3150 3373 3404 3431 divinitas
3430 3396 3441 3431 :
3471 3394 3721 3452 eumque

2111 3447 2201 3516 qui
2253 3449 2368 3503 sine
2411 3461 2634 3519 peccato
2659 3457 2825 3522 venit,
2851 3466 2907 3512 et
2931 3458 3139 3532 ﬂagella
3176 3479 3276 3533 pro
3314 3469 3516 3525 nostris
3543 3447 3719 3529 susti-

2109 3537 2226 3591 nuit
2266 3542 2537 3622 peccatis‘,
2571 3546 2907 3616 unigenitum
2952 3553 3235 3610 nominare
3262 3573 3371 3612 non
3405 3561 3603 3617 timuit.
3636 3562 3709 3622 Si

2108 3627 2417 3696 unigenitus
2441 3617 2543 3699 est,
2578 3650 2918 3708 nequaquam
2945 3641 3231 3713 adoptivus
3257 3658 3360 3704 est.

2178 3762 2317 3818 XXI.
2343 3764 2558 3824 Scimus
2582 3770 2801 3827 beatum
2819 3773 3086 3831 lsidorum
3108 3779 3291 3837 dicere
3313 3784 3379 3838 de
3397 3784 3613 3844 Christo
3629 3790 3658 3831 δ
3690 3808 3710 3847 :

2111 3870 2130 3903 ι
2169 3852 2491 3926 Unigenitus
2519 3860 2571 3914 in
2605 3861 2909 3931 divinitate,
2943 3868 3337 3941 primogenitus
3366 3875 3422 3931 in
3451 3878 3715 3937 humani-

2106 3952 2217 4000 tate
2258 3964 2270 3999 :
2316 3964 2422 4003 non
2472 3960 2652 4007 tamen
2700 3953 2928 4025 legimus
2970 3974 3095 4014 eum
3138 3966 3514 4025 contradicere
3553 3975 3707 4040 quod

2103 4036 2498 4109 primogenitus
2541 4058 2754 4113 quoque
2780 4056 2924 4101 esset
2951 4048 3005 4102 in
3030 4050 3335 4122 divinitate,
3366 4066 3421 4112 et
3450 4061 3707 4131 unigeni-

2102 4136 2190 4183 tus
2216 4130 2272 4184 iu
2301 4134 2657 4202 humanitate,
2683 4154 2749 4192 ne
2778 4139 2894 4208 ipse
2920 4142 3126 4213 aliquid
3158 4158 3348 4204 contra
3377 4130 3709 4222 Scripturas

2102 4231 2322 4277 sanctas
2349 4224 2620 4281 allirmare
2656 4229 2952 4288 videretur.
2991 4234 3289 4308 Utrumque
3316 4240 3575 4299 Dominus
3602 4261 3711 4302 uo-

2102 4318 2215 4364 ster
2241 4311 2397 4367 Jesus
2424 4314 2671 4372 Christus
2698 4320 2753 4373 in
2780 4329 3009 4393 utraque
3040 4336 3236 4383 natura
3268 4330 3388 4399 fuit,
3422 4342 3478 4388 et
3505 4336 3709 4408 unige-

2099 4407 2267 4474 nitus,
2294 4417 2349 4463 et
2375 4409 2786 4481 primogenitus.
2819 4416 3141 4488 Unigenitus
3163 4423 3218 4475 in
3243 4424 3544 4493 divinitate,
3568 4407 3709 4498 quia

2100 4502 2247 4555 solus
2278 4504 2493 4572 genitus
2521 4519 2587 4559 ex
2614 4507 2855 4578 ingenito
2883 4512 3043 4569 Patre
3080 4533 3092 4570 :
3141 4517 3273 4573 item
3299 4520 3353 4575 in
3383 4523 3573 4579 eadem
3599 4543 3709 4583 na-

2098 4598 2215 4644 tura
2238 4593 2650 4665 primogenitus,
2680 4599 2821 4654 sicut
2842 4602 3129 4673 Apostolus
3155 4609 3232 4663 ait
3256 4629 3269 4664 :
3302 4609 3705 4686 Primogem'tus

2095 4684 2263 4738 omnis
2307 4696 2564 4742 creatura:
2598 4689 2735 4761 (Col.
2765 4710 2805 4759 ι,
2837 4695 2946 4768 15).
3002 4698 3133 4753 Item
3163 4718 3231 4756 ex
3263 4714 3438 4762 matre
3475 4684 3706 4782 Virgine

2096 4775 2487 4847 primogenitus
2513 4790 2675 4850 atque
2726 4786 3039 4856 unigenitus
3072 4810 3083 4845 :
3117 4794 3529 4867 primogenitus,
3564 4775 3705 4872 quia

2096 4866 2256 4922 beata
2284 4870 2446 4942 Virgo
2472 4873 2679 4928 nullum
2698 4887 2823 4933 ante
2849 4895 2973 4936 eum
2999 4866 3425 4959 habuitFilium;
3452 4866 3704 4967 unigeni-

2097 4968 2201 5027 tus,
2219 4964 2343 5033 quia
2370 4966 2572 5021 nullum
2591 4979 2715 5037 post
2736 4987 2857 5026 eum
2874 4978 3061 5046 genuit
3078 4979 3293 5038 Filium.
3323 4964 3577 5059 Idemque
3598 4994 3703 5062 qui

2095 5066 2163 5106 ex
2181 5052 2402 5125 Virgine
2420 5066 2579 5113 natus
2601 5068 2703 5125 est,
2734 5065 3044 5135 unigenitus
3066 5079 3150 5125 est
3173 5071 3271 5127 Dei
3298 5052 3699 5151 Patris-Filius,

2094 5144 2231 5196 utin
2264 5145 2560 5217 Evangelia
2586 5149 2701 5219 ipse
2732 5152 2994 5212 Dominus
3025 5161 3091 5214 de
3117 5177 3176 5217 se
3206 5164 3323 5233 ipso
3350 5168 3487 5224 dixit
3531 5189 3544 5224 :
3595 5144 3699 5228 Sic;

2092 5236 2229 5289 enim
2257 5237 2442 5293 dilexit
2464 5240 2608 5296 Deus
2641 5247 2915 5317 mundum,
2944 5262 2999 5306 ut
3033 5252 3235 5311 Filium
3265 5277 3420 5316 suum
3446 5266 3703 5336 unigeni-

2091 5334 2201 5379 tum
2226 5328 2374 5382 daret
2402 5329 2583 5401 (Joan.
2609 5351 2691 5401 ιιι,
2720 5336 2828 5408 16).
2856 5339 2957 5407 Qui
2980 5343 3136 5401 datus
3156 5355 3241 5403 est
3260 5351 3330 5405 ad
3351 5328 3690 5426 passionem,

2090 5420 2400 5491 unigenitus
2440 5424 2658 5495 dicitur,
2703 5429 2843 5485 sicut
2886 5434 3015 5489 olim
3064 5441 3326 5509 propheta
3352 5420 3690 5509 “Zachariam

2090 5576 2231 5616 mam
2228 5565 2423 5688 genit,
2450 5576 2504 5622 et
2527 5568 2719 5653 iterum
2746 5576 2952 5629 sumit?
2982 5578 3107 5634 Tria
3129 5586 3406 5655 proposui,
3438 5582 3549 5647 etc;
3580 5605 3609 5648 ι

2159 5645 2183 5672 α
2274 5634 2474 5688 .Greu.
2506 5639 2700 5688 Homil-
2731 5645 2783 5688 Ω-
2818 5661 2943 5688 nnm
2998 5648 3058 5688 94
3087 5660 3138 5688 at
3162 5653 3232 5688 oo

2159 5645 2183 5672 α
2228 5634 2284 5688 S.
2310 5634 2474 5708 Greg.
2505 5639 2700 5695 Homil.
2731 5645 2785 5710 8,
2818 5661 2964 5700 num.
2998 5648 3061 5703 21
3087 5634 3402 5708 θῖἒέἷτ--Ἶ

2158 5704 2184 5743 ι)
2226 5704 2283 5760 S.
2312 5706 2566 5778 Isidorus,
2593 5711 2716 5769 libr.
2747 5731 2786 5769 ιι
2817 5715 3119 5790 Dill‘erent.,
3143 5724 3317 5782 diﬂ‘er.
3347 5725 3402 5785 5.
