4030 6358
350 410 468 470 257
1035 404 1452 469 DOGMATICA.
1490 441 1561 453 —
1595 408 1757 468 ADV.
1799 406 2198 469 ELIPANDUM
2235 406 2416 471 LIBRI
2454 415 2544 471 IV.
2578 442 2653 458 —
2686 408 2817 470 LIB.
2857 412 2924 471 ll.
3516 414 3622 480 258

349 527 616 603 pmdixit
642 544 658 583 :
702 523 969 597 Aspicieut
1018 526 1087 581 ad
1132 543 1235 592 me,
1282 543 1435 597 quem
1477 527 1805 596 conﬁxerunt
1833 541 1851 579 :
1890 533 1936 579 et
1964 526 2017 588 Α
2040 524 2156 581 Non
2185 532 2363 595 potest
2385 526 2633 596 proprius
2655 541 2775 582 esse
2802 533 2856 581 et
2886 523 3189 596 adoptivus.
3223 524 3332 581 Aut
3361 533 3507 584 totus
3536 540 3623 587 est

352 623 607 695 plangant
637 637 754 675 eum
782 618 997 691 planctu
1024 620 1176 690 quasi
1201 635 1357 689 super
1383 619 1709 689 unigenitum
1732 635 1751 684 ;
1780 625 1828 670 et
1850 616 1944 671 do-

352 714 536 769 lebant
585 730 745 779 eum,
812 722 866 767 ut
917 711 1084 766 doleri
1126 711 1252 766 solet
1292 712 1347 765 in
1401 721 1565 766 morte
1615 709 1945 783 primogeniti

357 803 549 874 (Zach.
581 821 680 868 xu,
717 803 827 873 10).
878 802 1050 870 Quem
1096 803 1359 873 propheta
1409 813 1570 873 atque
1617 802 1945 874 evangelista

354 898 698 969 unigenitum
753 897 1188 960 nominaverunt,
1244 898 1388 951 hunc
1430 896 1718 968 Apostolus
1755 896 1945 951 doctor

358 990 603 1061 gentium
634 989 911 1060 proprium
949 988 1145 1045 Filium
1172 990 1375 1060 absque
1401 989 1734 1044 dubitatione
1772 988 1948 1043 nomi-

358 1099 496 1137 nare
522 1082 690 1137 voluit
720 1083 905 1136 dicens
938 1099 949 1134 :
983 1080 1086 1146 Qui
1107 1082 1316 1152 proprio
1347 1080 1489 1135 Filio
1520 1099 1615 1135 suo
1637 1098 1739 1135 non
1766 1097 1948 1151 peper-

359 1176 451 1239 cit,
487 1175 577 1228 sed
619 1191 713 1244 pro
760 1173 907 1226 nobis
950 1171 1169 1225 tradidit
1199 1189 1316 1225 eum
1344 1171 1582 1226 omnibus
1610 1169 1788 1242 (Rom.
1823 1186 1943 1236 vm,

360 1268 476 1338 52).
522 1268 691 1321 Datus
729 1275 783 1321 et
824 1265 1052 1320 traditus
1080 1280 1245 1318 unum
1296 1263 1581 1334 signiﬁcat.
1629 1262 1947 1333 Unigenitus

361 1362 524 1417 datus
549 1368 632 1415 est
657 1374 757 1428 pro
792 1357 977 1412 mundi
1006 1356 1199 1422 salute,
1229 1365 1283 1411 et
1309 1356 1562 1427 proprius
1584 1354 1752 1410 Filius
1783 1354 1949 1409 tradi-

358 1463 451 1509 tus
478 1452 544 1505 ad
576 1459 826 1505 mortem.
858 1449 1005 1503 Idem
1046 1448 1388 1519 unigenitus,
1439 1448 1533 1517 qui
1572 1455 1628 1501 et
1670 1447 1944 1516 proprius,

358 1544 504 1599 idem
534 1541 809 1613 passibilis
834 1553 889 1595 et
915 1539 1279 1609 impassihilis,
1310 1539 1451 1593 idem
1492 1538 1634 1593 Deus
1672 1546 1726 1592 et
1763 1538 1943 1603 homo,

358 1651 503 1688 unus
527 1634 699 1687 Filius
726 1640 781 1687 et
803 1648 944 1686 unus
969 1630 1216 1685 Christus
1246 1630 1299 1683 iu
1329 1645 1434 1684 una
1461 1645 1713 1700 persona.
1740 1649 1758 1681 ι

434 1724 599 1780 XXI].
641 1725 758 1789 Dic,
808 1723 896 1778 dic
937 1722 1149 1777 auditor
1194 1737 1501 1776 sermonum
1544 1721 1663 1786 Dei,
1694 1721 1787 1791 qui
1825 1736 1947 1776 cum

360 1816 582 1871 Baalam
615 1815 805 1870 oculos
833 1814 998 1869 habes
1027 1823 1268 1883 apertos,
1297 1824 1351 1867 ct
1379 1830 1484 1867 non
1514 1814 1662 1868 vides
1687 1830 1700 1878 ;
1735 1828 1830 1867 cor
1854 1828 1946 1866 ra-

364 1904 653 1969 tionabile,
682 1913 737 1959 et
764 1919 871 1958 non
900 1903 1177 1974 intelligis,
1207 1920 1325 1973 quae
1349 1904 1420 1958 sit
1444 1919 1675 1973 persona
1698 1902 1791 1957 Dei
1821 1902 1944 1957 Filii
1978 1887 2020 1946 Β

361 1996 695 2052 mternaliter
718 2011 784 2050 ex
831 1995 941 2049 Deo
968 1994 1129 2049 Patre
1169 1996 1303 2060 nati,
1334 2012 1403 2050 an
1430 1996 1649 2066 prOpria
1673 1995 1757 2049 vel
1783 1996 1948 2065 adop-

361 2089 495 2142 tiva.
529 2087 644 2142 Non
669 2088 879 2142 aestimo
908 2088 983 2141 ita
1009 2096 1061 2141 te
1096 2102 1125 2140 a
1180 2087 1282 2142 ﬁde
1309 2103 1559 2143 aversum
1591 2102 1732 2152 esse,
1762 2095 1821 2140 ut
1848 2102 1947 2140 au-

362 2178 495 2233 deas
532 2179 715 2233 dicere
750 2178 1053 2248 adoptiVam
1088 2192 1207 2232 esse
1234 2193 1520 2247 personam
1547 2186 1764 2231 aeterna:
1802 2176 1946 2229 nati-

359 2272 547 2326 vitatis
572 2270 741 2341 886
777 2268 899 2323 Filii
930 2270 1022 2324 Dei
1052 2270 1332 2339 unigeniti,
1368 2286 1433 2324 ne
1464 2278 1516 2323 te
1542 2277 1688 2323 totus
1715 2268 1949 2322 mundus

362 2364 584 2419 damnet
633 2378 755 2417 cum
803 2362 955 2417 Ario.
1002 2361 1315 2417 Certissime
1357 2364 1524 2426 scito,
1578 2370 1633 2416 et
1666 2361 1947 2416 verissime

362 2452 544 2517 crede,
575 2453 719 2521 quod
742 2454 799 2507 in
826 2453 970 2506 illam
995 2466 1282 2521 personam
1307 2452 1544 2513 omnino,
1576 2464 1737 2520 quam
1760 2448 1948 2502 habuit

364 2552 492 2599 ante
527 2543 759 2608 saecula,
805 2543 1095 2613 assumpsit
1130 2552 1379 2597 naturam
1422 2544 1711 2596 humanam
1739 2540 1832 2594 Dei
1856 2539 1947 2593 Fi-

362 2632 489 2699 lius,
524 2642 583 2687 ut
629 2642 773 2688 esset
820 2641 963 2689 totus
988 2650 1095 2688 una
1142 2649 1371 2704 persona
1407 2643 1463 2688 et
1489 2634 1705 2702 propria
1735 2640 1788 2687 et
1827 2646 1949 2701 per—

363 2721 506 2778 fecta
558 2723 613 2777 in
649 2722 769 2777 Filii
800 2723 1091 2794 dignitate,
1126 2723 1262 2777 nihil
1307 2722 1613 2791 adoptionis
1649 2723 1855 2785 habens
1894 2720 1949 2773 in

364 2818 654 2873 divinitate
676 2818 762 2874 vel
802 2818 1159 2883 humanitate,
1194 2833 1332 2872 unus
1369 2815 1537 2870 Filius
1561 2816 1719 2870 unius
1746 2814 1946 2868 Patris.

2046 620 2313 690 proprius,
2362 628 2456 674 aut
2499 628 2643 675 totus
2680 629 2764 677 est
2807 620 3108 691 adoptivus.
3155 619 3265 676 Aut
3309 622 3442 678 duos
3483 623 3626 681 ﬁlios

2044 710 2317 767 Christum
2344 728 2462 767 esse
2494 725 2715 768 necesse
2740 721 2824 768 est
2848 711 3070 768 fatearis
3106 712 3162 767 in
3188 714 3397 770 duabus
3440 730 3631 787 perso-

2044 804 2150 869 nis,
2194 803 2543 873 proprietatis
2582 812 2638 858 et
2683 804 3009 873 adoptionis,
3050 807 3342 861 secundum
3389 807 3629 864 Nestorii

2046 898 2377 967 impietatem
2410 913 2424 951 :
2458 905 2551 951 aut
2576 897 2623 951 si
2666 896 2942 951 Christum
2973 914 3139 953 unum
3170 901 3475 967 consentis,
3500 916 3629 971 pro-

2044 990 2224 1059 prium
2264 988 2459 1043 Filium
2488 1003 2607 1043 esse
2650 988 2705 1041 in
2735 1004 2841 1041 una
2890 1004 3121 1059 persona
3168 1005 3291 1045 cum
3322 991 3629 1060 catholicis,

2044 1095 2266 1135 necesse
2291 1088 2374 1134 est
2395 1079 2491 1133 tibi
2516 1087 2685 1133 totum
2724 1080 3004 1149 proprium
3028 1080 3273 1135 conﬁteri
3307 1082 3501 1136 Filium
3529 1081 3627 1138 Dei

2046 1173 2101 1228 in
2131 1190 2236 1227 una
2262 1188 2491 1243 persona
2518 1189 2741 1228 summae
2767 1174 3031 1239 veritatis,
3062 1175 3185 1244 quia
3216 1177 3394 1231 omnis
3421 1177 3628 1233 veritas

2045 1264 2101 1319 iu
2128 1281 2193 1319 eo
2220 1273 2321 1330 est,
2350 1274 2404 1321 et
2433 1266 2562 1321 nihil
2592 1267 3015 1337 imaginatiouis,
3043 1268 3185 1323 sicut
3209 1268 3264 1321 in
3296 1268 3422 1326 ﬁliis
3458 1270 3627 1341 adop-

2047 1355 2213 1411 tionis
2253 1356 2387 1411 solet
2424 1372 2563 1412 esse.
2619 1356 2837 1413 Naturae
2877 1366 3077 1414 nostra:
3107 1360 3397 1430 assumpsit
3432 1363 3633 1418 verita-

2047 1455 2174 1511 tem,
2220 1462 2328 1501 non
2357 1449 2665 1519 adoptionis
2693 1457 2893 1505 nostrae
2917 1465 3207 1520 personam
3239 1469 3253 1504 :
3282 1466 3390 1507 non
3416 1460 3633 1510 mutans

2045 1545 2298 1592 naturam
2336 1539 2689 1595 humanitatis
2739 1547 2936 1596 nostra:
2964 1542 3021 1597 in
3054 1549 3305 1598 naturam
3335 1543 3631 1599 divinitatis

2045 1645 2176 1694 suco,
2224 1630 2316 1684 sed
2364 1631 2593 1685 mutavit
2634 1646 2922 1701 personam
2969 1633 3277 1703 adoptionis
3324 1641 3525 1690 nostrae
3571 1635 3627 1690 in

2045 1735 2333 1790 personam
2361 1723 2707 1792 proprietatis
2745 1740 2855 1780 sua:
2880 1764 2896 1791 ,
2948 1740 3046 1781 sua
3081 1740 3190 1781 non
3218 1725 3500 1792 minuens,
3537 1724 3633 1782 sed

2049 1823 2233 1870 nostra
2263 1830 2484 1884 augens.
2519 1815 2825 1871 Permansit
2857 1816 3002 1888 quod
3028 1826 3164 1882 erat,
3192 1819 3319 1873 dum
3343 1819 3638 1889 assumpsit

2048 1905 2193 1975 quod
2220 1921 2325 1959 non
2352 1914 2487 1959 erat.
2516 1905 2573 1959 Si
2595 1914 2815 1975 propter
2843 1903 3286 1977 assumptionem,
3320 1909 3631 1980 adoptivam

2048 1997 2252 2067 putatis
2275 1996 2687 2062 humanitatem,
2720 2005 2781 2050 ut
2805 1998 3108 2054 audivimus
3130 2014 3160 2053 a
3189 1997 3390 2064 Felice,
3421 2001 3550 2056 dum
3580 2001 3635 2055 in

2051 2088 2364 2145 defensione
2393 2098 2587 2145 vestrae
2618 2089 2953 2146 inﬁdelitatis
2974 2090 3234 2162 perstitit,
3265 2107 3396 2163 ergo
3421 2092 3636 2161 adopti-

2050 2195 2151 2235 vus
2179 2187 2262 2234 est
2294 2180 2438 2235 illius
2469 2195 2735 2250 personae,
2771 2182 2862 2250 qui
2895 2182 3285 2237 humanitatem
3324 2182 3637 2253 assumpsit,

2051 2278 2108 2325 et
2160 2280 2243 2325 est
2290 2288 2458 2341 nepos
2505 2272 2682 2326 Patris
2726 2286 2824 2341 per
2874 2273 3217 2341 adoptionem
3268 2272 3392 2328 Filii
3428 2290 3443 2329 :
3492 2272 3639 2344 quod

2051 2375 2215 2431 quam
2258 2361 2551 2416 nefandum
2581 2362 2652 2417 sit
2690 2363 2978 2429 mstimare,
3014 2379 3173 2419 nemo
3198 2372 3460 2430 vestrum,
3491 2379 3635 2431 reor,

2050 2454 2283 2523 ignorat.
2333 2454 2439 2509 Sed
2482 2470 2548 2509 ue
2578 2454 2861 2524 prolixitas
2911 2457 3178 2511 sermonis
3225 2456 3329 2511 mei
3363 2454 3639 2511 fastidium

2050 2553 2272 2616 generet
2300 2546 2518 2616 legenti,
2564 2547 2654 2601 hic
2682 2545 2841 2615 hujus
2880 2544 3045 2602 libelli
3076 2546 3340 2603 faciamus
3370 2545 3553 2611 ﬁnem,
3582 2552 3640 2600 et

2049 2638 2340 2707 resumptis
2365 2653 2462 2707 per
2488 2638 2579 2692 Dei
2608 2640 2835 2709 gratiam
2867 2640 3070 2694 viribus
3090 2680 3104 2704 ,
3151 2640 3218 2694 ab
3247 2639 3354 2694 alio
3391 2638 3637 2704 exordio,

2055 2744 2173 2800 quae
2204 2730 2428 2785 dicenda
2455 2738 2600 2793 sunt,
2633 2729 2856 2785 liberius
2882 2732 3223 2801 incipiamus.

1645 2998 1881 3059 LIBER
1900 2986 1907 2992 ’
1934 2991 2335 3055 SECUNDUS

442 3198 486 3255 l.
512 3197 652 3255 Olim
680 3196 864 3263 itaque
884 3191 941 3246 in
962 3188 1157 3261 populo
1176 3188 1271 3243 Dei
1292 3186 1513 3241 fuerunt
1532 3184 1706 3239 sancti
1731 3186 1955 3254 prophe-
1979 3187 2026 3251 ο
2055 3184 2269 3239 tholica:
2329 3183 2451 3238 ﬁdei
2510 3192 2818 3239 sanctarum
2887 3187 3184 3243 sententias
3240 3187 3641 3258 Scripturarum

371 3300 463 3358 tae,
477 3292 531 3346 in
550 3289 746 3360 quibus
760 3296 814 3341 et
832 3300 929 3356 per
940 3299 1076 3354 quos
1097 3282 1330 3353 Spiritus
1350 3280 1446 3334 Dei
1465 3280 1798 3349 loquebatur.
1823 3277 1953 3333 Fue-

372 3390 502 3438 runt
524 3390 579 3435 et
612 3375 1110 3451 pseudOprophetae,
1147 3374 1240 3442 qui
1272 3370 1551 3441 arreptitio
1591 3369 1784 3439 spiritu
1817 3368 1952 3423 falsa

372 3473 841 3533 vaticinaverunt;
878 3478 1107 3537 quorum
1134 3461 1542 3518 similitudinem
1570 3467 1764 3529 gerunt
1794 3458 1954 3513 modo

373 3577 641 3619 novarum
669 3558 910 3630 magistri
937 3564 1227 3620 sectarum,
1257 3552 1348 3622 qui
1378 3551 1610 3621 speciem
1632 3550 1851 3619 pietatis
1880 3550 1956 3603 in-

378 3656 571 3719 duunt,
588 3653 684 3709 sed
712 3652 967 3707 virtutem
995 3647 1112 3716 ejus
1142 3648 1428 3717 abnegant,
1463 3644 1770 3699 scindentes
1794 3643 1953 3696 desu-

375 3763 475 3820 per
485 3754 797 3804 contextam
808 3743 1008 3800 Christi
1024 3742 1395 3805 tunicam,nec
1406 3736 1839 3807 cruciﬁgentinm
1858 3735 1955 3790 Dei

302 3863 307 3866 ί
376 3838 575 3893 Filium
590 3850 740 3891 more
754 3834 1002 3899 militum,
1012 3840 1212 3887 norunt
1222 3836 1423 3885 sortem
1436 3828 1560 3882 ﬁdei
1574 3827 1784 3883 mittere
1797 3841 1959 3895 super

377 3946 526 3996 eam,
552 3927 708 3998 cujus
736 3928 837 3993 sit;
870 3927 965 3982 sed
994 3924 1156 3995 impia
1182 3922 1488 3979 temeritate
1513 3934 1723 3975 sacram
1759 3916 1959 3973 Christi

379 4022 628 4093 corporis
652 4020 912 4074 unitatem
940 4015 1267 4072 schismatici
1296 4012 1498 4068 erroris
1525 4009 1739 4081 ungulis
1762 4007 1959 4063 discin-

380 4115 512 4170 dere
541 4112 888 4176 contendunt,
919 4117 1081 4178 atque
1110 4108 1164 4161 in
1191 4121 1255 4161 eo
1284 4106 1428 4176 quod
1454 4112 1727 4160 auctorem
1749 4102 1875 4157 vita:
1903 4101 1960 4156 in

381 4203 538 4267 duas,
566 4200 914 4272 proprietatis
938 4197 1187 4253 videlicet
1214 4204 1376 4267 atque
1414 4193 1732 4263 adoptionis,
1772 4206 1959 4263 perso-

383 4309 484 4349 nas
530 4292 767 4348 dividere
798 4289 1006 4355 volunt,
1039 4288 1243 4359 seipsos
1278 4302 1309 4340 a
1352 4284 1618 4340 catholica
1648 4297 1798 4352 pace,
1846 4280 1962 4335 sine

385 4403 493 4457 qua
519 4384 652 4440 nihil
683 4383 792 4437 Deo
827 4381 1081 4452 placitum
1110 4394 1229 4435 esse
1264 4377 1479 4447 poterit,
1512 4376 1849 4445 disrumpere
1874 4372 1962 4425 ni—

387 4484 578 4533 tuntur
615 4494 629 4529 :
663 4490 770 4529 non
799 4472 1179 4543 intelligentes,
1211 4485 1311 4524 nec
1338 4483 1458 4537 quae
1483 4467 1685 4538 legunt,
1719 4479 1818 4520 nec
1845 4480 1963 4534 quze

2053 3285 2301 3332 avertere
2344 3286 2653 3345 prmsumat.
2688 3279 2978 3335 Videamus
3020 3281 3313 3350 siquidem,
3345 3283 3447 3337 iste
3474 3297 3644 3338 novus

2055 3371 2323 3441 interpres
2360 3372 2595 3440 qualiter
2634 3372 2982 3441 propheticos
3014 3372 3079 3426 de
3110 3371 3327 3429 Christo
3363 3390 3641 3430 sermones

2054 3462 2461 3533 interpretetur.

2125 3555 2361 3619 ll.,Dum
2390 3555 2556 3607 multa
2596 3555 2836 3609 cucurrit
2874 3555 3180 3624 quaerendo,
3217 3557 3394 3610 subito
3421 3554 3644 3609 offendit

2055 3647 2110 3701 in
2145 3645 2468 3700 versiculum
2522 3646 2715 3715 psalmi
2768 3660 2935 3711 van,
2980 3645 3033 3699 in
3085 3660 3201 3714 quo,
3221 3644 3489 3715 Propheta
3524 3642 3640 3716 glo-

2055 3738 2191 3792 riam
2222 3737 2555 3792 ascensionis
2596 3737 2808 3792 Domini
2843 3737 3016 3791 nostri
3053 3734 3181 3792 Jesu
3211 3736 3413 3792 Christi
3444 3737 3642 3792 decan-

2058 3838 2179 3883 tans
2206 3829 2335 3884 dicit
2366 3848 2377 3882 :
2404 3829 2700 3882 Ascendens
2730 3830 2784 3882 in
2812 3828 2977 3882 altum
3006 3830 3265 3899 captivam
3293 3828 3445 3883 duxit
3476 3829 3643 3898 capti-

2056 3918 2264 3972 vitatem
2307 3915 2478 3987 (Psal.
2526 3933 2691 3982 vau,
2731 3916 2841 3987 i9).
2890 3915 3146 3986 Adiungit
3179 3932 3391 3986 quoque
3438 3932 3505 3971 ex
3543 3931 3642 3973 suo

2059 4024 2219 4064 sensu
2251 4027 2264 4062 :
2303 4027 2321 4058 ‹
2361 4009 2501 4063 Ecce
2529 4007 2777 4076 captivus
2816 4007 3014 4063 dicitur
3042 4021 3195 4071 esse,
3238 4016 3292 4062 et
3330 4022 3500 4078 quare
3535 4022 3645 4063 non

2060 4098 2271 4155 dicatur
2300 4114 2461 4153 carne
2504 4098 2823 4167 adoptivus?
2860 4118 2880 4151 ι
2933 4095 3098 4166 Cujus
3127 4095 3381 4153 versiculi
3420 4111 3642 4153 sensum

2058 4192 2215 4263 longe
2258 4192 2417 4247 aliter
2442 4191 2615 4246 sancti
2656 4191 2844 4245 Patres
2873 4189 3215 4259 interpretati
3259 4195 3403 4244 sunt.
3443 4187 3643 4244 Beatus

2059 4280 2390 4351 Augustinus
2435 4280 2510 4333 ita
2568 4280 2713 4334 hunc
2758 4278 2925 4350 887
2979 4293 3198 4333 versum
3257 4279 3507 4347 exposuit
3557 4289 3583 4318 ι
3626 4291 3644 4331 :

2068 4389 2086 4422 ι
2116 4372 2254 4437 Quid
2283 4378 2386 4435 est,
2406 4370 2602 4439 inquit,
2627 4370 2772 4440 quod
2800 4369 2949 4436 dicit,
2984 4370 3256 4439 captivasti
3273 4369 3646 4440 captivitatem,

2062 4462 2167 4516 nisi
2192 4462 2318 4531 quia
2350 4461 2547 4530 captivi
2573 4502 2587 4527 ,
2621 4460 2714 4531 qui
2741 4461 2842 4515 sub
2869 4459 3084 4516 diabolo
3114 4460 3453 4525 tenebantur,
3487 4460 3649 4515 abso-

386 4569 643 4639 leguntur
671 4564 827 4638 [Cod.
873 4536 1072 4627 Paris”
1102 4576 1278 4631 neque
1319 4536 1600 4624 locuntur;
1654 4558 1788 4627 forte
1833 4556 1957 4625 leg.,
1993 4536 2159 4609 [διυιί
2186 4561 2312 4607 sunt
2330 4553 2397 4606 ab
2426 4552 2524 4606 eo?
2550 4571 2568 4604 ι
2605 4550 2738 4605 Item
2770 4551 2961 4605 beatus
2990 4548 3356 4620 Hieronymus
3379 4548 3407 4587 ι)
3436 4563 3451 4602 :
3498 4566 3518 4600 ‹
3545 4548 3649 4604 As-

387 4677 493 4717 nec
524 4676 646 4732 quae
668 4656 1004 4729 loquuntur].
1036 4654 1240 4721 Quibus
1260 4654 1449 4709 melius
1476 4659 1620 4708 esset
1640 4650 1793 4719 juxta
1822 4650 1967 4705 beati

385 4755 537 4812 Petri
557 4753 819 4826 principis
828 4749 1192 4820 apostolorum
1210 4763 1415 4811 vocem,
1434 4747 1577 4800 viam
1597 4744 1842 4799 veritatis
1863 4757 1968 4797 non

390 4860 711 4920 agnoscere,
755 4858 915 4913 quam
964 4848 1084 4912 post
1132 4839 1460 4909 agnitionem
1502 4845 1799 4891 retrorsum
1841 4848 1971 4888 con-

388 4941 551 4995 verti.
594 4936 785 4992 Melius
810 4942 955 4990 esset
980 4931 1130 4986 Judae
1163 4927 1426 5000 proditori
1455 4940 1726 4995 nunquam
1752 4933 1969 4996 aposto-

386 5031 557 5086 licum
586 5042 782 5083 nomen
813 5024 1087 5088 habuisse,
1116 5035 1277 5091 quam
1324 5018 1418 5072 Dei
1447 5016 1640 5072 Filium
1671 5016 1851 5085 impiis
1874 5013 1970 5069 Ju-

391 5122 635 5178 daeorum
665 5119 914 5175 manibus
940 5115 1261 5172 vendidisse.
1309 5112 1401 5166 Sic
1434 5111 1617 5180 pravis
1664 5108 1975 5164 doctoribus

392 5213 568 5269 satius
594 5220 739 5267 esset
768 5223 1042 5279 nunquam
1065 5204 1285 5261 honoris
1314 5217 1529 5268 nomen,
1560 5202 1645 5256 vel
1674 5202 1854 5256 sedem
1878 5201 1973 5255 do-

393 5303 567 5359 ctoris
583 5302 860 5370 possidere
887 5300 940 5352 in
963 5296 1225 5361 Ecclesia,
1240 5309 1400 5364 quam
1425 5308 1604 5363 pravae
1621 5292 1742 5346 ﬁdei
1763 5291 1979 5361 dogma-

398 5394 544 5447 tibus
571 5393 781 5461 seipsos
825 5404 947 5444 cum
994 5386 1192 5457 populo
1231 5384 1334 5439 sibi
1381 5380 1621 5451 subjecto
1658 5380 1976 5450 perdidisse.

398 5483 558 5539 Patet
582 5485 767 5553 itaque
788 5490 1004 5536 nostras
1024 5478 1109 5533 vel
1134 5478 1346 5531 illorum
1366 5475 1667 5547 legentibus
1693 5472 1979 5538 litterulas,

401 5577 527 5646 quis
551 5582 800 5631 nostrum
828 5571 1123 5629 catholicos
1153 5578 1463 5623 sanctorum
1494 5567 1716 5620 Patrum
1744 5564 1796 5617 in
1837 5562 1983 5619 Scri-

478 5797 505 5825 ι
550 5783 610 5838 S.
641 5783 775 5854 Aug.
810 5783 1038 5837 Enarrat
1083 5780 1136 5854 in
1160 5776 1305 5854 Psa‘l.
1336 5790 1501 5835 van,
1532 5789 1583 5827 v.
1617 5773 1701 5854 19..
1734 5772 1833 5854 Hic
1856 5787 1987 5829 vero

356 5918 359 5919 ν
404 5852 671 5915 Διιοιιίιιιιε
712 5843 931 5927 sensum
974 5852 1148 5923 magis
1192 5847 1360 5906 refert
1396 5860 1560 5917 quam
1581 5843 1749 5903 verba
1772 5843 1912 5915 Aug.

2068 4644 2313 4709 eondisti,
2339 4643 2536 4711 inquit,
2562 4643 2618 4697 in
2653 4640 2839 4705 caelos,
2871 4640 3155 4710 captivasti
3178 4652 3295 4703 nos,
3333 4638 3424 4707 qui
3450 4638 3650 4708 captivi

2068 4735 2384 4789 tenebamur
2409 4749 2439 4786 a
2466 4731 2698 4787 diabolo.
2743 4731 2846 4798 Qui
2869 4731 3142 4799 quondam
3171 4731 3225 4784 in
3251 4729 3401 4784 Sinai
3430 4730 3655 4784 descen-

2071 4824 2201 4880 dens
2230 4824 2400 4895 legem
2429 4823 2626 4892 populo
2652 4822 2947 4887 distribuit,
2970 4822 3087 4892 ipse
3106 4836 3251 4877 nunc
3280 4822 3336 4877 in
3364 4830 3569 4887 sancto,
3602 4820 3657 4877 id

2071 4923 2175 4981 est,
2210 4916 2265 4969 in
2315 4923 2590 4983 assumpto
2639 4913 2878 4979 homine,
2913 4914 2979 4968 de
3026 4929 3133 4983 quo
3181 4913 3405 4984 angelus
3448 4913 3517 4967 ad
3548 4912 3658 4967 Ma-

2073 5009 2209 5063 riam
2242 5025 2255 5058 :
2290 4992 2443 5072 Quod
2473 5014 2714 5061 nascetur
2735 5023 2799 5060 ea:
2824 5014 2872 5060 te
2900 5014 3160 5072 sanctum,
3189 5005 3459 5061 vocabitur
3486 5002 3535 5056 F
3538 4991 3660 5057 ilius

2075 5100 2171 5154 Dei
2201 5100 2351 5171 (Luc.
2383 5116 2423 5166 ι,
2450 5100 2563 5173 55),
2592 5115 2709 5165 eos,
2738 5100 2829 5170 qui
2859 5100 2912 5154 in
2939 5100 3252 5170 captivitate
3281 5096 3480 5154 diaboli
3513 5104 3661 5150 tene—

2075 5193 2293 5259 bantur,
2336 5193 2583 5256 absolvit,
2612 5208 2675 5249 ac
2707 5200 2830 5263 post
2858 5207 2917 5249 se
2941 5201 3202 5264 tanquam
3226 5190 3467 5260 captivos
3496 5186 3663 5241 dedu-

2076 5293 2193 5341 ctos
2237 5292 2451 5341 aeternae
2503 5285 2629 5340 vitae
2681 5285 2939 5340 restituit.
2985 5305 3004 5338 ι
3058 5281 3413 5339 Cassiodorus
3463 5274 3597 5331 dicit
3646 5292 3661 5327 :

2086 5396 2104 5429 ‹
2133 5376 2289 5432 Jesus
2332 5378 2478 5433 enim
2526 5376 2784 5432 Dominus
2820 5376 2965 5433 Deus
3005 5384 3190 5431 noster
3228 5368 3521 5427 cruciﬁxus
3572 5364 3667 5420 de-

2081 5466 2290 5523 scendit
2319 5466 2387 5521 ad
2416 5465 2641 5532 inferos,
2673 5473 2728 5521 et
2750 5466 3009 5522 liberatas
3037 5479 3070 5519 a
3110 5458 3423 5531 captivitate
3467 5451 3669 5510 diaboli

2082 5562 2295 5616 animas
2342 5560 2595 5630 perduxit
2643 5562 2711 5615 ad
2759 5559 2944 5614 ctelos.
3003 5576 3021 5609 ι
3076 5554 3247 5621 Quem
3303 5562 3361 5606 tu
3409 5560 3668 5620 perversa

358 5690 363 5695 '
400 5640 583 5743 pturis
611 5667 809 5724 divinis
835 5666 1080 5735 sequitur
1101 5676 1313 5727 sensus,
1336 5658 1423 5713 vel
1446 5658 1570 5727 quis
1591 5672 1622 5710 a
1651 5655 1867 5710 tramite
1891 5670 1983 5710 ca-
2083 5665 2284 5711 mente.
2324 5652 2492 5707 frater
2533 5652 2823 5723 Elipande,
2865 5648 3136 5719 captivum
3168 5643 3336 5700 audes
3360 5640 3667 5707 nominare,

2155 5771 2185 5810 δ
2225 5770 2283 5824 S.
2307 5768 2457 5824 Hier.
2489 5767 2768 5824 Breviario
2796 5766 2853 5819 in
2868 5758 3215 5818 Psalterium.
