4030 6358
369 349 478 415 259

1227 344 1288 401 B.
1327 343 1391 400 F.
1430 335 1656 397 ALBINI
1696 332 1828 394 SEU
1862 327 2138 392 ALCUINI
2176 325 2458 386 OPERUM
2495 321 2675 381 PARS
2710 313 2798 378 III.

3543 305 3652 366 260

371 475 518 530 hunc
542 466 831 526 Psalmista
856 481 923 522 ex
943 464 1026 521 sui
1049 462 1220 533 ipsius
1242 473 1489 532 personae
1517 456 1696 511 verbis
1732 454 1964 508 liberum
1991 452 2039 516 Α
2064 464 2174 502 non
2202 447 2476 517 intelligis,
2506 444 2562 498 in
2583 441 2800 499 Christo
2829 439 3170 533 personas‘te
3195 429 3490 533 adiuuare,
3519 427 3652 485 dum

374 579 496 622 esse
519 569 768 626 testatur,
785 558 874 616 ubi
891 559 968 612 ait
995 575 1007 610 :
1037 551 1237 608 Factus
1265 569 1381 608 sum
1407 549 1540 604 sicut
1556 549 1710 602 homo
1731 543 1842 600 sine
1869 541 1964 596 ad-

369 657 570 730 jutorio
601 656 738 708 inter
763 660 996 706 mortuos
1024 643 1341 718 liber(Psal.
1378 658 1620 705 Lxxxvn,
1639 639 1712 712 6).
1739 639 1966 694 lterum-

291 774 300 783 -
370 727 482 822 que
513 749 567 804 in
588 746 692 803 alio
719 743 924 817 psalmo
944 761 956 795 :
976 739 1117 795 Deus
1139 737 1396 792 ultionum
1419 734 1698 796 Dominus,
1726 731 1866 785 Deus
1889 727 1969 783 ul-

379 845 582 898 tionum
611 839 768 894 libere
793 836 894 907 egit
927 831 1272 904 (Psal.xcm,
1295 827 1369 900 l).
1395 827 1461 884 Et
1491 828 1603 898 ipse
1625 825 1884 880 Dominus
1915 822 1968 877 in

380 932 673 1003 Evangelia
697 949 710 961 -
751 926 807 983 Si
842 925 1013 980 Filius
1063 941 1167 989 vos,
1202 923 1297 988 ait,
1343 917 1657 982 liberaverit,
1701 926 1824 970 tunc
1856 930 1969 969 vere

381 1023 532 1080 liberi
555 1024 700 1078 eritis
724 1019 1033 1092 (Joan.vm,
1055 1014 1168 1086 '56).
1193 1012 1324 1082 Quae
1344 1021 1426 1066 est
1454 1011 1678 1065 libertas
1698 1017 1906 1071 nostra,
1925 1004 1971 1059 si

382 1117 644 1172 liberator
673 1121 860 1168 noster
890 1109 1136 1180 captivus
1163 1121 1282 1162 esse
1311 1104 1562 1175 putatur?
1587 1101 1680 1156 ille
1706 1097 1971 1170 siquidem

381 1210 616 1282 pessima
641 1205 956 1277 captivitate
978 1201 1225 1272 captivus
1247 1206 1349 1260 est,
1383 1196 1474 1266 qui
1505 1193 1676 1250 credit
1698 1191 1974 1248 Christum

385 1301 661 1372 captivum
690 1312 830 1361 esse,
877 1295 930 1349 in
962 1291 1115 1362 cujus
1142 1289 1480 1346 vestimentis
1526 1285 1788 1356 scriptum
1827 1281 1974 1336 vide—

384 1394 480 1450 bat
505 1389 793 1464 Apostolus
825 1407 838 1442 :
875 1385 985 1442 Rex
1013 1392 1276 1457 regum,et
1303 1379 1561 1434 Dominus
1590 1374 1974 1430 dominantium

388 1483 444 1562 (Ι
478 1483 612 1538 Tim.
645 1500 716 1546 Vl,
751 1480 860 1553 15).
897 1477 1008 1533 Nec
1055 1477 1170 1548 ipse
1205 1475 1376 1529 Adam
1404 1467 1772 1542 [It‘OlOpiaSl-US
1801 1465 1974 1562 capti:

385 1555 486 1636 vus
536 1587 752 1634 creatus
795 1583 904 1642 est,
939 1571 1033 1627 sed
1077 1571 1216 1625 liber
1248 1579 1303 1622 et
1352 1565 1638 1636 ingenuus,
1663 1569 1869 1630 utpote
1909 1555 1978 1612 ad

388 1667 679 1738 imaginem
709 1675 762 1721 et
787 1661 1196 1720 similitudinem
1226 1657 1323 1713 Dei
1369 1675 1382 1711 :
1429 1673 1529 1710 nec
1572 1661 1696 1708 ante
1733 1652 1978 1722 captivus

389 1757 690 1817 credendus
719 1765 837 1820 est,
885 1769 1046 1824 quam
1075 1770 1105 1806 a
1144 1750 1357 1806 diabolo
1389 1748 1645 1815 deceptus
1675 1759 1794 1797 esse
1831 1741 1978 1810 lega-

2068 541 2222 606 dicis,
2252 541 2298 595 ei
2327 549 2375 594 et
2407 537 2530 594 illi?
2567 534 2732 606 Quasi
2761 533 2899 590 alius
2925 531 2998 589 sit
3022 527 3114 602 qui
3141 541 3210 585 ex
3233 523 3348 583 Deo
3375 523 3536 580 Patre
3560 535 3657 594 περ

2068 631 2214 688 nitus
2239 639 2343 698 est,
2394 637 2448 686 et
2479 628 2614 686 alius
2641 627 2733 700 qui
2771 644 2839 684 ex
2863 625 3086 696 Virgine
3115 629 3292 678 matre
3337 617 3512 676 factus
3545 624 3653 684 est,

2069 723 2194 780 dum
2235 723 2559 794 evangelista
2589 721 2720 778 dicit
2751 739 2763 774 :
2803 715 3029 775 Verbum
3055 733 3178 772 caro
3205 717 3404 787 factum
3431 717 3526 768 est.
3558 709 3659 768 Illa

2070 831 2200 870 vero
2245 816 2407 869 verba
2453 813 2605 870 lsaize
2652 811 2956 884 prophetae,
3014 822 3134 882 qua!
3184 815 3242 863 tu
3297 805 3536 862 aestimas
3588 799 3660 858 de

2071 905 2286 961 Christo
2329 918 2450 960 esse
2496 903 2788 958 vaticinata
2814 943 2830 968 ,
2889 899 2954 954 de
3001 897 3144 971 Cyro
3193 911 3320 969 rege
3365 893 3661 952 Persarum

2072 997 2328 1070 praedicta
2371 1003 2514 1060 sunt,
2565 995 2656 1066 qui
2703 992 2956 1064 populum
2987 989 3083 1047 Dei
3121 989 3187 1046 de
3210 985 3534 1061 Babylonica
3567 1003 3664 1045 ea-

2072 1091 2319 1162 ptivitate
2368 1087 2423 1146 in
2460 1088 2691 1160 patriam
2735 1085 2960 1152 remisit,
3008 1099 3116 1140 non
3149 1082 3214 1138 de
3240 1079 3480 1147 Christo,
3509 1089 3572 1136 ut
3600 1089 3662 1135 tu

2075 1186 2232 1239 reris.
2283 1181 2438 1250 Quod
2469 1197 2535 1235 ex
2571 1177 3053 1235 circumstantibus
3100 1173 3339 1244 ejusdem
3383 1171 3666 1245 prophetae

2074 1277 2256 1335 verbis
2283 1275 2536 1332 facillime
2579 1273 2802 1346 intelligi
2840 1275 3034 1342 potest,
3065 1269 3157 1324 ubi
3186 1270 3264 1324 ait
3294 1285 3308 1323 :
3340 1267 3558 1322 Accinxi
3587 1275 3664 1334 te,

2077 1380 2124 1426 et
2153 1387 2256 1424 non
2295 1367 2466 1440 888
2503 1365 2786 1438 cognovisti
2813 1379 2894 1418 me
2937 1357 3120 1436 (lsaiw
3147 1373 3271 1426 XLV,
3297 1355 3373 1436 5).
3414 1355 3568 1426 Quod
3598 1357 3669 1413 de

2079 1461 2296 1519 Christo
2344 1464 2546 1533 absque
2591 1459 2756 1516 dubio
2798 1456 2905 1514 dici
2939 1472 3046 1512 non
3081 1461 3283 1528 potest.
3335 1449 3671 1526 Hieronymo

2079 1569 2295 1624 quoque
2342 1559 2478 1608 teste
2520 1551 2740 1622 probari
2782 1548 2947 1615 valet,
2991 1547 3136 1619 quod
3184 1544 3514 1602 omnimodis
3550 1541 3674 1602 huic

2080 1644 2364 1720 prophetia
2406 1643 2475 1700 ad
2521 1641 2797 1699 Christum
2841 1659 2948 1698 non
2991 1639 3250 1712 pertinet.
3297 1637 3441 1696 Dicit
3485 1633 3671 1700 enim:

2090 1760 2110 1793 ι
2145 1739 2270 1796 Scio
2300 1740 2354 1795 in
2384 1741 2488 1795 hoc
2517 1737 2754 1809 capitulo
2788 1753 2894 1793 non
2925 1735 3096 1792 solum
3123 1732 3461 1801 Latinorum,
3497 1731 3592 1790 sed
3618 1741 3679 1790 et

388 1859 496 1906 tur.
525 1847 593 1905 Et
619 1817 886 1920 quomodo
903 1817 1160 1901 Christus
1184 1842 1430 1912 captivus
1459 1838 1562 1894 dici
1601 1844 1809 1908 potest,
1849 1833 1976 1887 dum
2010 1817 2056 1878 Β
2082 1833 2393 1890 Graecorum
2439 1831 2701 1904 plurimos
2740 1833 3094 1887 vehementer
3135 1847 3346 1899 errare,
3386 1827 3675 1887 aestiman-

389 1941 479 1998 ille
529 1937 648 2014 ipse
701 1941 753 1996 iu
802 1937 1094 2009 Evangelio
1147 1937 1224 1990 ait
1272 1953 1284 1988 :
1345 1931 1498 1988 Venit
1538 1931 1777 2002 princeps
1816 1926 1975 1996 hujus

389 2035 594 2098 mundi,
620 2043 666 2088 et
696 2033 751 2086 in
781 2049 860 2086 me
893 2049 996 2086 non
1023 2029 1172 2084 habet
1199 2027 1486 2099 quidquam
1511 2023 1694 2095 (Joan.
1729 2036 1841 2085 xw,
1861 2018 1974 2090 50).

392 2127 449 2184 Si
480 2129 534 2182 in
559 2127 777 2183 Christo
798 2125 1090 2196 quidquam
1121 2120 1363 2176 invenire
1385 2134 1492 2172 non
1524 2115 1696 2186 potuit
1725 2111 1981 2181 antiquus

390 2215 584 2285 hostis,
616 2219 760 2290 quod
789 2232 945 2272 suum
976 2223 1141 2280 esset,
1173 2214 1314 2268 unde
1337 2228 1459 2266 eum
1493 2209 1766 2279 captivum
1797 2215 1982 2260 tenere

392 2312 606 2384 potuit?
657 2311 764 2366 Sed
812 2310 901 2365 ille
943 2309 1116 2378 magis
1159 2311 1446 2376 superatus
1492 2311 1546 2356 et
1591 2301 1788 2370 ligatus
1831 2306 1915 2353 est
1952 2313 1983 2351 a

393 2395 632 2470 Christo,
663 2403 754 2473 qui
794 2412 848 2456 et
877 2401 1248 2456 fortitudinem
1279 2412 1456 2460 suam,
1487 2410 1604 2462 qua:
1633 2391 1784 2464 [qua]
1811 2391 1983 2460 ipsum

395 2494 623 2560 vicerat,
663 2494 716 2546 in
753 2491 1066 2562 evangelica
1105 2486 1363 2560 parabola
1393 2485 1684 2540 ostendens
1708 2483 1784 2535 ait
1810 2500 1822 2534 :
1852 2475 1986 2533 Cum
2023 2495 2030 2503 ο

394 2585 548 2660 fortis
575 2593 812 2640 armatus
841 2581 1067 2637 custodit
1099 2577 1294 2634 atrium
1319 2593 1495 2641 suum,
1536 2576 1592 2628 in
1615 2590 1742 2645 pace
1771 2581 1892 2626 sunt
1925 2587 1987 2624 ea

395 2663 514 2753 qua:
547 2678 794 2749 possidet.
821 2673 878 2730 Si
902 2684 1077 2730 autem
1103 2671 1295 2742 fortior
1324 2669 1417 2723 illo
1462 2665 1824 2738 superveniens
1855 2663 1991 2717 vice-

396 2751 470 2827 rit
493 2787 641 2836 eum,
672 2769 913 2823 universa
957 2765 1070 2835 ejus
1100 2779 1248 2816 arma
1290 2760 1498 2827 aufert,
1532 2759 1588 2811 in
1613 2755 1798 2828 quibus
1826 2751 1992 2821 conﬁ-

399 2865 589 2930 debat,
637 2874 687 2920 et
716 2861 882 2933 spolia
913 2859 1028 2930 ejus
1058 2857 1324 2912 distribuit
1369 2853 1518 2926 (Luc.
1560 2869 1646 2916 χι,
1688 2850 1802 2922 21).
1837 2849 1994 2904 Chri-

399 2965 518 3016 stus
539 2971 669 3011 vero
689 2955 866 3009 victor
886 2968 1009 3006 cum
1034 2950 1200 3021 gloria
1227 2947 1486 3016 triumphi
1509 2945 1675 3000 coelos
1698 2941 1994 2998 ascendens

402 3057 717 3108 sanctorum
740 3046 950 3100 animas
977 3045 1138 3114 longo
1175 3040 1366 3096 exsilio
1395 3038 1655 3107 captivas,
1697 3044 1750 3090 et
1779 3051 1809 3089 a
1836 3049 1994 3104 para-

401 3143 506 3200 disi
535 3141 744 3212 gaudiis
780 3145 1068 3194 extraneas
1098 3152 1191 3192 sua
1223 3133 1538 3188 fortitudine
1581 3128 1892 3199 captivavit,
1937 3135 1991 3182 et
2017 3173 2065 3240 ϐ

401 3237 462 3298 in
490 3233 727 3292 caelestis
757 3232 908 3304 regni
935 3229 1127 3301 gaudia
1157 3241 1342 3282 secum
1365 3222 1601 3279 advexit.

473 3327 559 3384 ΙΙΙ.
599 3326 779 3380 Alium
801 3339 1017 3394 quoque
1039 3317 1429 3388 Psalmigraphi
1456 3314 1784 3385 proposuisti
1816 3312 1991 3367 versi-

405 3419 608 3484 culum,
633 3433 794 3488 quem
821 3414 1127 3483 hujusmodi
1156 3409 1502 3482 perstruxisti
1532 3407 1734 3470 verbis,
1771 3407 1988 3462 dicens:

401 3509 486 3566 Ad
513 3511 701 3580 ipsum,
733 3508 932 3576 inquis,
959 3505 1054 3558 Dei
1075 3502 1274 3556 Filium
1297 3518 1395 3556 vox
1417 3500 1597 3554 Patris
1621 3499 1784 3556 dicit:
1813 3497 1938 3553 Pete
1962 3517 1995 3552 a

403 3619 507 3666 me,
533 3611 580 3656 et
603 3601 737 3654 dabo
760 3599 850 3652 tibi
873 3607 1050 3668 gentes
1073 3595 1429 3650 luereditatem
1453 3602 1621 3658 tuam,
1646 3602 1691 3648 et
1714 3591 1996 3662 possessio-

407 3709 525 3750 nem
551 3702 697 3746 tuam
731 3691 976 3744 terminos
1018 3699 1172 3743 terra:
1197 3685 1368 3759 (Psal.
1394 3699 1458 3752 ιι,
1479 3688 1568 3757 8):
1605 3693 1661 3740 et
1685 3691 1805 3755 post
1825 3698 1995 3755 pauca

408 3783 730 3856 subjungis:
764 3801 782 3834 ι
815 3782 932 3838 Non
974 3791 1056 3837 est
1096 3781 1238 3835 idem
1277 3789 1478 3849 petere,
1525 3788 1579 3833 et
1618 3779 1747 3831 dare
1774 3794 1786 3830 :
1813 3786 1998 3846 petere

408 3887 496 3936 est
537 3877 703 3943 servi,
752 3876 882 3930 dare
929 3873 1154 3929 domini.
1190 3892 1209 3925 ›
1265 3872 1453 3927 Nonne
1499 3871 1699 3925 oblitus
1726 3886 1788 3924 es
1814 3870 1866 3924 in
1896 3869 1999 3924 hoc

405 3969 532 4032 loco
573 3968 882 4040 adoptionis
923 3981 1142 4031 nomen,
1189 3966 1317 4020 dum
1359 3965 1519 4035 plane
1568 3978 1692 4018 eum
1722 3963 1999 4018 conﬁteris

410 4061 510 4120 Dei
539 4062 758 4130 Filium,
790 4062 856 4117 ad
899 4076 1061 4132 quem
1108 4061 1225 4115 haec
1263 4075 1368 4114 vox
1415 4069 1640 4130 paterna
1690 4058 1833 4112 facta
1879 4066 1994 4112 est:

411 4153 542 4214 Pete
567 4167 616 4212 et
643 4156 778 4212 dabo
807 4155 898 4210 tibi
920 4163 1094 4226 gentes
1113 4154 1138 4208 7
1157 4153 1349 4222 utique
1373 4154 1670 4208 secundum
1699 4160 1844 4205 tuam
1878 4166 2002 4205 sen-

412 4250 656 4311 tentiam,
685 4249 778 4320 qui
809 4249 962 4317 petit,
996 4249 1108 4317 ipse
1138 4255 1223 4302 est
1248 4247 1342 4302 Dei
1376 4247 1564 4302 Filius.
1597 4245 1698 4300 Hic
1727 4245 1916 4300 uolens
1946 4246 2001 4300 iu

413 4339 562 4400 viam
585 4337 833 4392 veritatis
868 4338 1184 4405 pervenisti,
1217 4339 1285 4392 de
1312 4354 1416 4406 qua
1455 4339 1635 4393 statim
1667 4339 2003 4393 errabundus

417 4427 706 4491 divertisti,
751 4433 806 4480 et
833 4425 1111 4482 salebrosa
1147 4427 1366 4482 tramite
1395 4444 1520 4482 mox
1567 4428 1620 4482 in
1669 4429 1746 4483 tui
1799 4429 2004 4484 erroris

416 4521 628 4579 foveam
673 4521 873 4576 iterum
909 4519 1184 4584 corruisti,
1223 4521 1613 4590 arreptitioque
1646 4521 2004 4590 spiritu'duas

416 4613 570 4670 lsaiae
616 4611 894 4682 propheta:
935 4609 1232 4666 sententias
1276 4609 1344 4664 de
1393 4610 1610 4665 Christo
1660 4611 2004 4680 interpretari

419 4706 658 4776 coepisti,
702 4720 838 4776 quas
887 4705 1140 4760 catholici
1192 4712 1515 4761 tractatores
1565 4706 1786 4761 omnino
1828 4708 1894 4762 de
1939 4721 2004 4761 eo

420 4801 744 4857 vaticinatas
776 4813 897 4854 esse
945 4807 1207 4865 renuunt,
1237 4801 1432 4870 quibus
1477 4799 1607 4854 talia
1638 4801 1802 4855 verba
1846 4806 2003 4853 ante-

419 4893 689 4966 posuisti:
727 4911 746 4945 ε
783 4892 860 4948 De
895 4892 1030 4962 ipso,
1066 4892 1264 4962 inquis,
1309 4909 1412 4947 vox
1438 4891 1616 4946 Patris
1661 4891 1794 4946 dicit
1825 4907 1841 4946 :
1872 4889 2006 4944 Ecce

421 5004 515 5058 ego
546 4995 667 5041 ante
698 4994 746 5040 te
770 4985 876 5052 ibo,
907 4995 955 5040 et
983 4985 1237 5056 gloriosos
1273 4996 1429 5041 terra:
1467 4986 1774 5040 humiliabo.
1816 4985 1884 5040 Et
1907 4985 2009 5040 ite-

423 5093 583 5134 rum:
612 5076 748 5132 Ecce
785 5093 878 5148 ego
914 5086 1034 5132 ante
1065 5087 1116 5132 te
1151 5077 1451 5142 ambulabo,
1494 5086 1541 5132 et
1582 5085 1781 5132 montes
1823 5077 2008 5149 planos

428 5169 642 5237 faciam,
667 5178 718 5224 et
745 5185 892 5224 seras
923 5170 1122 5240 ferreas
1147 5170 1501 5240 confringam,
1528 5177 1574 5224 et
1605 5170 1741 5224 dabo
1769 5169 1862 5225 tibi
1891 5171 2009 5225 the-

426 5278 612 5317 sauros
637 5261 898 5329 occultos,
929 5271 987 5316 ut
1009 5263 1146 5316 scias
1165 5262 1414 5333 quoniam
1437 5261 1696 5316 Dominus
1717 5262 1860 5316 Deus
1889 5271 2011 5317 tuus

425 5369 522 5427 ego
545 5370 665 5411 sunt
692 5373 713 5410 s
767 5355 952 5427 (Isaiae
983 5371 1106 5420 XLV,
1133 5355 1188 5420 2,
1212 5353 1293 5426 5).
1345 5353 1636 5425 Subjungis
1681 5369 1898 5424 quoque
1927 5354 2014 5410 his

425 5445 611 5501 verbis
657 5453 805 5501 tuam
851 5445 1354 5516 interpretationem
1391 5462 1403 5498 :
1437 5461 1456 5495 ι
1496 5444 1656 5510 Ecce,
1693 5445 1892 5516 inquis,
1921 5445 2010 5500 cui

423 5535 564 5595 dicit
606 5537 972 5594 PaterzDeus
1028 5548 1149 5592 tuus
1205 5553 1298 5606 ego
1355 5537 1512 5590 sum?
1557 5536 1674 5590 Non
1725 5537 1794 5600 ei,
1827 5535 1881 5591 id
1905 5543 2009 5602 est,

429 5631 634 5696 Verbo,
659 5632 752 5700 qui
789 5639 916 5686 ante
952 5629 1148 5686 saecula
1191 5644 1259 5684 ex
1288 5628 1448 5682 Patre
1492 5628 1736 5699 genitus;
1777 5629 1876 5686 sed
1913 5627 2010 5695 illi,

433 5724 527 5797 qui
555 5725 611 5779 in
642 5725 799 5778 linem
829 5724 1088 5794 temporis
1117 5723 1186 5778 de
1215 5721 1384 5778 Maria
1408 5722 1618 5794 virgine
1647 5723 1810 5780 homo
1837 5721 2013 5777 factus

432 5824 539 5886 est,
588 5817 736 5872 dicit.
786 5838 802 5869 ι
875 5816 1153 5884 Quomodo
1208 5816 1260 5871 in
1306 5816 1455 5874 hisce
1503 5816 1611 5872 tuis
1657 5815 1839 5874 verbis
1878 5815 2014 5874 duas

2080 1927 2216 1982 tium
2261 1923 2524 1997 scriptum
2573 1941 2694 1980 esse
2737 1925 2802 1980 de
2830 1923 3058 1982 Domino
3087 1921 3324 1990 Christo,
3352 1919 3480 1980 dum
3509 1931 3679 2000 ιυριῷ

2080 2017 2370 2073 Dominum
2401 2026 2582 2082 sonat,
2613 2032 2717 2070 non
2749 2013 2814 2070 de
2845 2015 3006 2086 Cyro.
3047 2035 3066 2066 ι
3110 2011 3288 2085 Atque
3326 2013 3524 2070 iterum
3553 2022 3679 2084 post

2081 2125 2252 2182 pauca
2279 2127 2290 2160 :
2328 2126 2347 2159 ‹
2383 2106 2601 2162 Accinxi
2639 2117 2706 2172 te,
2737 2114 2784 2162 et
2813 2123 2916 2160 non
2948 2105 3232 2176 cognovisti
3257 2121 3357 2160 me.
3391 2101 3470 2160 Tu
3500 2115 3680 2160 autem

2084 2219 2189 2256 non
2235 2200 2517 2270 cognovisti
2551 2216 2650 2264 me,
2703 2195 2889 2264 idest,
2941 2197 3234 2253 simulacra
3285 2195 3519 2263 coluisti,
3569 2211 3682 2252 non

2085 2292 2276 2347 Deum.
2325 2290 2546 2344 Accinxi
2583 2299 2630 2344 te
2661 2287 2990 2360 fortitudine,
3022 2289 3076 2344 id
3100 2297 3202 2356 est,
3232 2287 3523 2344 multarum
3549 2303 3686 2361 gen-

2089 2381 2221 2436 tium
2250 2379 2355 2436 feci
2402 2389 2453 2434 te
2483 2397 2604 2436 esse
2633 2380 2918 2445 victorem,
2949 2389 3004 2436 et
3036 2398 3144 2437 non
3173 2380 3474 2454 cognovisti
3524 2379 3688 2438 auxi-

2086 2481 2336 2536 liatorem
2379 2487 2550 2535 tuum.
2603 2480 2658 2534 In
2705 2495 2812 2550 quo
2858 2479 2980 2535 loco
3025 2481 3160 2536 satis
3202 2479 3392 2534 mirari
3443 2493 3683 2548 nequeo,

2089 2589 2208 2643 quae
2252 2572 2482 2627 stultitia
2531 2573 2601 2627 sit
2659 2573 2968 2644 legentium,
3019 2581 3080 2628 ut
3125 2572 3246 2628 hinc
3294 2573 3362 2628 ad
3405 2570 3687 2632 Christum

2089 2663 2350 2730 referant,
2380 2681 2480 2736 per
2517 2681 2679 2736 quem
2711 2665 2944 2721 mundus
2971 2666 3354 2722 reconciliatus
3379 2674 3464 2724 est
3489 2666 3622 2721 Deo.
3653 2684 3679 2719 ι

2093 2755 2151 2811 Si
2177 2757 2493 2811 doctissimo
2531 2756 2844 2812 Graecarum
2874 2756 3305 2830 Latinarumque
3353 2757 3686 2824 litterarum,

2093 2845 2203 2900 imo
2242 2856 2296 2900 et
2327 2847 2716 2902 llebraicarum
2764 2847 3027 2917 magistro
3055 2847 3386 2920 Hieronymo
3435 2849 3688 2906 miranda

2093 2936 2323 2991 stultitia
2369 2936 2688 3002 videbatur,
2741 2937 2856 2992 haec
2911 2938 2976 2992 de
3021 2937 3240 2992 Christo
3298 2938 3688 3008 interpretari,

2095 3029 2365 3098 quomodo
2429 3037 2484 3082 tu
2539 3029 2654 3099 ipse
2715 3038 2862 3084 tuam
2910 3046 3017 3085 non
3064 3031 3318 3102 intelligis
3377 3032 3688 3100 stultitiam,

2095 3119 2187 3188 qui
2238 3119 2306 3173 ab
2356 3118 2500 3174 illius
2555 3119 2820 3178 catholico
2872 3136 3036 3178 sensu
3085 3122 3316 3178 multum
3373 3123 3693 3194 discrepare

2094 3211 2345 3281 probaris
2365 3212 2388 3264 ?

2165 3323 2254 3379 IV.
2293 3323 2469 3380 Aliam
2509 3338 2725 3394 quoque
2762 3323 3003 3394 ejusdem
3041 3325 3319 3396 prophetat
3352 3325 3682 3382 subsecutus

2097 3415 2328 3487 posuisti
2353 3416 2699 3481 sententiam,
2723 3430 2887 3485 quam
2909 3431 2978 3470 ex
3005 3425 3097 3472 tuo
3117 3415 3474 3492 praescribens
3499 3431 3690 3493 sensu,

2098 3505 2282 3561 dixisti
2315 3523 2328 3559 :
2368 3524 2387 3557 ι
2423 3506 2542 3574 Ipse
2583 3521 2799 3576 quoque
2843 3502 2986 3564 Deus
3031 3507 3129 3564 Dei
3173 3507 3344 3566 Filius
3391 3509 3693 3568 secundum

2099 3599 2454 3665 divinitatem,
2491 3600 2547 3654 in
2571 3614 2678 3669 qua
2708 3600 2822 3669 ipse
2847 3609 2902 3654 et
2932 3599 3096 3656 Pater
3138 3616 3304 3657 unum
3347 3611 3496 3669 sunt,
3519 3601 3688 3658 dicit:

2098 3690 2338 3746 Gloriam
2391 3707 2560 3746 meum
2611 3691 2764 3748 alteri
2819 3711 2925 3748 non
2969 3695 3109 3750 dabo
3147 3716 3168 3757 ι
3223 3695 3386 3768 (Ioui.
3443 3712 3576 3762 xui,
3609 3696 3692 3770 8).

2097 3783 2344 3840 Alterum
2373 3785 2582 3853 volens,
2634 3794 2693 3842 ut
2740 3787 2916 3853 video,
2949 3787 3198 3858 intelligi,
3242 3790 3337 3861 qui
3365 3791 3484 3848 hac
3525 3791 3690 3860 dicit;

2100 3885 2155 3932 et
2191 3877 2444 3940 alterum,
2488 3877 2558 3932 de
2591 3892 2700 3947 quo
2744 3877 2860 3934 llaec
2902 3862 3204 3936 dicta'suut
3232 3897 3244 3933 :
3271 3881 3326 3938 id
3355 3891 3464 3947 est,
3496 3883 3562 3937 de
3591 3882 3700 3938 hu-

2100 3969 2363 4024 manitate
2393 3968 2617 4024 Christi.
2667 3969 3020 4040 Nequaquam
3049 3970 3191 4028 hanc
3235 3975 3560 4028 sententiam
3590 3988 3698 4043 po-

2101 4075 2294 4127 ueres,
2330 4060 2434 4116 nisi
2471 4075 2593 4115 eam
2636 4061 2712 4116 ita
2745 4062 2840 4118 tibi
2880 4062 3177 4132 placuisset
3221 4065 3468 4136 intelligi.
3502 4065 3694 4134 Erras,

2101 4149 2271 4206 frater
2293 4150 2571 4220 Elipande,
2604 4168 2776 4217 erras,
2811 4161 2866 4208 et
2912 4154 3052 4209 male
3095 4169 3249 4210 erras
3279 4157 3334 4212 in
3378 4155 3542 4226 huius
3570 4172 3702 4214 seu-

2105 4243 2286 4298 tentiae
2321 4244 2793 4312 interpretatione,
2843 4246 2900 4301 in
2943 4262 3051 4316 qua
3097 4247 3263 4303 etiam
3307 4255 3366 4303 et
3387 4246 3552 4304 Arius
3591 4248 3699 4304 ali-

2104 4335 2321 4404 quando
2363 4337 2588 4401 erravit,
2635 4336 2942 4408 intelligens
2981 4338 3119 4394 duas
3155 4353 3276 4396 esse
3319 4353 3605 4409 personas,
3639 4339 3698 4396 id

2103 4432 2211 4489 est,
2241 4423 2378 4493 ejus,
2409 4425 2503 4493 qui
2534 4426 2653 4480 haec
2696 4425 2862 4481 verba
2909 4426 3066 4495 dixit,
3111 4437 3168 4486 et
3212 4428 3376 4496 illius,
3425 4430 3494 4486 ad
3532 4445 3696 4500 quem

2029 4547 2085 4610 Β
2108 4516 2252 4610 dicta
2277 4524 2433 4582 sunt;
2473 4517 2631 4587 quasi
2655 4517 2799 4574 Deus
2827 4517 2988 4575 Pater
3018 4521 3084 4575 de
3107 4520 3248 4578 Filio
3277 4522 3507 4579 dixisset
3531 4541 3544 4576 :
3567 4521 3699 4580 Glo-

2111 4609 2250 4664 riam
2294 4627 2465 4666 meam
2508 4610 2663 4665 alteri
2705 4627 2810 4666 non
2851 4613 2986 4668 dabo
3017 4628 3035 4665 :
3068 4615 3237 4672 voluit
3281 4631 3351 4672 ex
3394 4631 3461 4674 eo
3503 4617 3694 4686 verbo,

2113 4702 2256 4771 quod
2281 4702 2436 4767 dixit,
2469 4701 2638 4766 alteri,
2675 4702 2845 4758 lilium
2882 4705 3147 4762 minorem
3181 4705 3344 4764 Patre
3369 4707 3694 4780 intelligere.

2112 4793 2194 4849 Tu
2237 4809 2366 4849 vero
2415 4794 2543 4848 dum
2593 4793 2753 4864 hujus
2813 4795 3026 4854 foveam
3073 4797 3369 4867 impietatis
3423 4800 3698 4860 transilire

2111 4887 2457 4953 eontendisti,
2486 4888 2543 4943 iu
2570 4891 2882 4960 voraginem
2910 4889 3145 4948 Nestor-ii
3171 4893 3386 4950 incauto
3411 4893 3549 4964 pede
3571 4909 3699 4950 cor-

2113 4980 2295 5046 ruisti,
2327 4987 2526 5048 putans
2549 4979 2747 5036 Filium
2777 4983 2873 5037 Dei
2911 4983 3028 5039 haec
3069 4984 3236 5040 verba
3284 5001 3352 5042 ex
3393 4987 3698 5045 divinitatis

2115 5072 2417 5128 substantia
2461 5072 2757 5140 praedicere
2800 5071 2867 5129 de
2891 5073 3244 5134 humanitatis
3283 5062 3500 5146 natura,
3532 5096 3699 5151 quam

2113 5163 2354 5232 suscepit
2381 5178 2450 5218 ex
2473 5165 2633 5219 beata
2657 5164 2899 5235 Virgine.
2941 5165 3050 5224 Sed
3090 5178 3310 5225 sanctus
3336 5169 3699 5243 Hieronymus

2115 5256 2485 5314 nobilissimus
2545 5257 2601 5311 in
2653 5256 2897 5314 Ecclesia
2949 5258 3150 5317 Christi
3197 5263 3419 5332 doctor,
3480 5266 3698 5337 utrique

2116 5356 2359 5406 vestrum
2409 5350 2679 5407 catholica
2720 5351 3167 5424 interpretatione
3209 5355 3372 5428 hujus
3413 5360 3700 5415 sententia:

2115 5445 2464 5502 vehementer
2506 5439 2734 5502 resistit.
2778 5444 2872 5502 Sic
2909 5448 3055 5503 enim
3091 5449 3147 5503 in
3185 5456 3422 5508 tractatu
3455 5449 3699 5522 ejusdem

2114 5539 2408 5608 prophetae,
2434 5551 2536 5607 per
2561 5553 2722 5608 quem
2757 5537 2875 5596 haec
2895 5541 3062 5596 verba
3103 5544 3306 5600 nostris
3335 5544 3700 5602 insonuerunt

2117 5629 2363 5696 auribus,
2411 5630 2756 5703 intelligenda
2801 5633 3092 5689 aestimavit
3138 5654 3153 5690 :
3199 5655 3220 5688 ε
3257 5635 3374 5708 Ego
3415 5638 3696 5707 Dominus,

2119 5721 2313 5792 inquit,
2356 5724 2453 5778 hoc
2474 5734 2549 5779 est
2598 5741 2786 5780 nomen
2823 5742 3017 5793 meum,
3061 5727 3290 5800 gloriam
3336 5748 3507 5790 nteant
3543 5731 3702 5790 alteri

2117 5814 2404 5872 mdabo.
2454 5813 2576 5873 Non
2607 5814 2863 5884 excludit,
2895 5817 3092 5892 inquit,
3116 5821 3340 5896 Filium,
3370 5824 3456 5882 eli
3492 5822 3701 5888 dicunt
3729 5835 3732 5838 ⁴
