  <div class='ocr_page' id='page_1' title='image "/cluster/home/n/w/nwhite01/storage/ocr_20150623/101/hvd.32044004824769/136.png"; bbox 0 0 4030 6358; ppageno 0'>
   <div class='ocr_carea' id='block_1_1' title="bbox 258 394 378 463">
    <p class='ocr_par' dir='ltr' id='par_1_1' title="bbox 258 394 378 463">
     <span class='ocr_line' id='line_1_1' title="bbox 258 394 378 463; baseline -0.033 0"><span class='ocrx_word' id='word_1_1' title='bbox 258 394 378 463; x_wconf 65' lang='lat' dir='ltr'><strong>est</strong></span> 
     </span>
    </p>
   </div>
   <div class='ocr_carea' id='block_1_2' title="bbox 941 383 2814 454">
    <p class='ocr_par' dir='ltr' id='par_1_2' title="bbox 941 383 2814 454">
     <span class='ocr_line' id='line_1_2' title="bbox 941 383 2814 454; baseline -0.003 -2"><span class='ocrx_word' id='word_1_2' title='bbox 941 390 1358 454; x_wconf 80' lang='lat' dir='ltr'><strong>DOGMATICA.</strong></span> <span class='ocrx_word' id='word_1_3' title='bbox 1395 421 1466 436; x_wconf 89' lang='lat'><strong>-—</strong></span> <span class='ocrx_word' id='word_1_4' title='bbox 1501 387 1662 449; x_wconf 72' lang='lat' dir='ltr'><strong>ADV.</strong></span> <span class='ocrx_word' id='word_1_5' title='bbox 1703 383 2105 447; x_wconf 80' lang='lat' dir='ltr'><strong>ELIPANDUM</strong></span> <span class='ocrx_word' id='word_1_6' title='bbox 2137 385 2316 447; x_wconf 79' lang='lat' dir='ltr'>LIBRI</span> <span class='ocrx_word' id='word_1_7' title='bbox 2346 387 2436 448; x_wconf 76' lang='lat' dir='ltr'><strong>IV.</strong></span> <span class='ocrx_word' id='word_1_8' title='bbox 2477 419 2548 436; x_wconf 67' lang='grc' dir='ltr'>η·-</span> <span class='ocrx_word' id='word_1_9' title='bbox 2588 385 2719 446; x_wconf 81' lang='lat' dir='ltr'><strong>LIB.</strong></span> <span class='ocrx_word' id='word_1_10' title='bbox 2750 385 2814 446; x_wconf 86' lang='lat' dir='ltr'><strong>II.</strong></span> 
     </span>
    </p>
   </div>
   <div class='ocr_carea' id='block_1_3' title="bbox 265 502 3544 600">
    <p class='ocr_par' dir='ltr' id='par_1_3' title="bbox 265 502 3544 600">
     <span class='ocr_line' id='line_1_3' title="bbox 265 502 3544 600; baseline -0.002 -29"><span class='ocrx_word' id='word_1_11' title='bbox 265 521 336 576; x_wconf 80' lang='lat' dir='ltr'><strong>in</strong></span> <span class='ocrx_word' id='word_1_12' title='bbox 361 509 694 600; x_wconf 26' lang='lat' dir='ltr'><strong>Evan&#39;gellot</strong></span> <span class='ocrx_word' id='word_1_13' title='bbox 727 505 909 575; x_wconf 73' lang='lat' dir='ltr'><strong>Pater,</strong></span> <span class='ocrx_word' id='word_1_14' title='bbox 937 505 1175 580; x_wconf 78' lang='lat' dir='ltr'><strong>gloriﬁca</strong></span> <span class='ocrx_word' id='word_1_15' title='bbox 1209 521 1289 562; x_wconf 81' lang='lat' dir='ltr'><strong>me</strong></span> <span class='ocrx_word' id='word_1_16' title='bbox 1316 505 1506 578; x_wconf 83' lang='lat' dir='ltr'><strong>gloria,</strong></span> <span class='ocrx_word' id='word_1_17' title='bbox 1529 521 1690 577; x_wconf 82' lang='lat' dir='ltr'><strong>quam</strong></span> <span class='ocrx_word' id='word_1_18' title='bbox 1717 502 1857 575; x_wconf 81' lang='lat' dir='ltr'><strong>apud</strong></span> <span class='ocrx_word' id='word_1_19' title='bbox 1887 503 1940 563; x_wconf 85' lang='lat' dir='ltr'><strong>A</strong></span> <span class='ocrx_word' id='word_1_20' title='bbox 1965 513 2083 560; x_wconf 88' lang='lat' dir='ltr'><strong>ctor</strong></span> <span class='ocrx_word' id='word_1_21' title='bbox 2122 505 2210 558; x_wconf 88' lang='lat' dir='ltr'><strong>ille</strong></span> <span class='ocrx_word' id='word_1_22' title='bbox 2252 506 2515 562; x_wconf 81' lang='lat' dir='ltr'><strong>mirabilis</strong></span> <span class='ocrx_word' id='word_1_23' title='bbox 2559 510 2932 564; x_wconf 74' lang='lat' dir='ltr'><strong>tantummodo</strong></span> <span class='ocrx_word' id='word_1_24' title='bbox 2968 508 3154 564; x_wconf 79' lang='lat' dir='ltr'><strong>dicere</strong></span> <span class='ocrx_word' id='word_1_25' title='bbox 3201 505 3544 580; x_wconf 72' lang='lat' dir='ltr'><strong>intelligitur,</strong></span> 
     </span>
    </p>
   </div>
   <div class='ocr_carea' id='block_1_4' title="bbox 268 597 1862 675">
    <p class='ocr_par' dir='ltr' id='par_1_4' title="bbox 268 597 1862 675">
     <span class='ocr_line' id='line_1_4' title="bbox 268 597 1862 675; baseline -0.011 -8"><span class='ocrx_word' id='word_1_26' title='bbox 268 625 330 668; x_wconf 76' lang='lat' dir='ltr'><strong>te</strong></span> <span class='ocrx_word' id='word_1_27' title='bbox 365 597 548 672; x_wconf 69' lang='lat' dir='ltr'><strong>habui,</strong></span> <span class='ocrx_word' id='word_1_28' title='bbox 587 607 895 675; x_wconf 71' lang='lat' dir='ltr'><strong>priusquam</strong></span> <span class='ocrx_word' id='word_1_29' title='bbox 932 604 1158 658; x_wconf 80' lang='lat' dir='ltr'><strong>mundus</strong></span> <span class='ocrx_word' id='word_1_30' title='bbox 1196 610 1358 668; x_wconf 83' lang='lat' dir='ltr'><strong>esset,</strong></span> <span class='ocrx_word' id='word_1_31' title='bbox 1407 601 1520 670; x_wconf 88' lang='lat' dir='ltr'><strong>ipse</strong></span> <span class='ocrx_word' id='word_1_32' title='bbox 1558 597 1862 668; x_wconf 76' lang='lat' dir='ltr'><strong>respondit:</strong></span> 
     </span>
    </p>
   </div>
   <div class='ocr_carea' id='block_1_5' title="bbox 268 689 1867 774">
    <p class='ocr_par' dir='ltr' id='par_1_5' title="bbox 268 689 1867 774">
     <span class='ocr_line' id='line_1_5' title="bbox 268 689 1867 774; baseline -0.009 -15"><span class='ocrx_word' id='word_1_33' title='bbox 268 704 351 760; x_wconf 81' lang='lat' dir='ltr'><strong>Et</strong></span> <span class='ocrx_word' id='word_1_34' title='bbox 383 699 671 774; x_wconf 71' lang='lat' dir='ltr'><strong>gloriﬁcaoi</strong></span> <span class='ocrx_word' id='word_1_35' title='bbox 700 709 748 752; x_wconf 77' lang='lat' dir='ltr'><strong>at</strong></span> <span class='ocrx_word' id='word_1_36' title='bbox 771 696 1097 769; x_wconf 78' lang='lat' dir='ltr'><strong>gloriﬁcabo.</strong></span> <span class='ocrx_word' id='word_1_37' title='bbox 1149 695 1334 765; x_wconf 87' lang='lat' dir='ltr'><strong>Neque</strong></span> <span class='ocrx_word' id='word_1_38' title='bbox 1379 694 1525 749; x_wconf 91' lang='lat' dir='ltr'><strong>enim</strong></span> <span class='ocrx_word' id='word_1_39' title='bbox 1571 692 1726 754; x_wconf 83' lang='lat' dir='ltr'><strong>dixit,</strong></span> <span class='ocrx_word' id='word_1_40' title='bbox 1756 689 1867 761; x_wconf 79' lang='lat' dir='ltr'><strong>glo-</strong></span> 
     </span>
    </p>
   </div>
   <div class='ocr_carea' id='block_1_6' title="bbox 267 782 1868 856">
    <p class='ocr_par' dir='ltr' id='par_1_6' title="bbox 267 782 1868 856">
     <span class='ocr_line' id='line_1_6' title="bbox 267 782 1868 856; baseline -0.009 -6"><span class='ocrx_word' id='word_1_41' title='bbox 267 796 418 851; x_wconf 81' lang='lat' dir='ltr'><strong>riam</strong></span> <span class='ocrx_word' id='word_1_42' title='bbox 459 805 633 854; x_wconf 83' lang='lat' dir='ltr'><strong>meam</strong></span> <span class='ocrx_word' id='word_1_43' title='bbox 659 787 787 844; x_wconf 82' lang='lat' dir='ltr'><strong>nulli</strong></span> <span class='ocrx_word' id='word_1_44' title='bbox 815 789 982 852; x_wconf 83' lang='lat' dir='ltr'><strong>dabo;</strong></span> <span class='ocrx_word' id='word_1_45' title='bbox 1021 786 1162 856; x_wconf 90' lang='lat' dir='ltr'><strong>quod</strong></span> <span class='ocrx_word' id='word_1_46' title='bbox 1203 786 1248 840; x_wconf 93' lang='lat' dir='ltr'><strong>si</strong></span> <span class='ocrx_word' id='word_1_47' title='bbox 1277 785 1522 848; x_wconf 79' lang='lat' dir='ltr'><strong>dixisset,</strong></span> <span class='ocrx_word' id='word_1_48' title='bbox 1551 782 1868 839; x_wconf 76' lang='lat' dir='ltr'><strong>exclusisset</strong></span> 
     </span>
    </p>
   </div>
   <div class='ocr_carea' id='block_1_7' title="bbox 271 875 1868 952">
    <p class='ocr_par' dir='ltr' id='par_1_7' title="bbox 271 875 1868 952">
     <span class='ocr_line' id='line_1_7' title="bbox 271 875 1868 952; baseline -0.011 -9"><span class='ocrx_word' id='word_1_49' title='bbox 271 886 512 952; x_wconf 79' lang='lat' dir='ltr'><strong>Filium;</strong></span> <span class='ocrx_word' id='word_1_50' title='bbox 551 883 668 948; x_wconf 88' lang='lat' dir='ltr'><strong>sed,</strong></span> <span class='ocrx_word' id='word_1_51' title='bbox 703 877 927 952; x_wconf 77' lang='lat' dir='ltr'><strong>gloriam</strong></span> <span class='ocrx_word' id='word_1_52' title='bbox 955 891 1126 932; x_wconf 86' lang='lat' dir='ltr'><strong>meam</strong></span> <span class='ocrx_word' id='word_1_53' title='bbox 1155 876 1307 931; x_wconf 83' lang='lat' dir='ltr'><strong>alteri</strong></span> <span class='ocrx_word' id='word_1_54' title='bbox 1336 891 1440 930; x_wconf 80' lang='lat' dir='ltr'><strong>non</strong></span> <span class='ocrx_word' id='word_1_55' title='bbox 1469 875 1624 939; x_wconf 82' lang='lat' dir='ltr'><strong>dabo,</strong></span> <span class='ocrx_word' id='word_1_56' title='bbox 1647 881 1868 944; x_wconf 76' lang='lat' dir='ltr'><strong>propter</strong></span> 
     </span>
    </p>
   </div>
   <div class='ocr_carea' id='block_1_8' title="bbox 271 963 1868 1046">
    <p class='ocr_par' dir='ltr' id='par_1_8' title="bbox 271 963 1868 1046">
     <span class='ocr_line' id='line_1_8' title="bbox 271 963 1868 1046; baseline -0.013 -10"><span class='ocrx_word' id='word_1_57' title='bbox 271 988 358 1046; x_wconf 76' lang='lat' dir='ltr'><strong>te,</strong></span> <span class='ocrx_word' id='word_1_58' title='bbox 408 977 497 1033; x_wconf 89' lang='lat' dir='ltr'><strong>cui</strong></span> <span class='ocrx_word' id='word_1_59' title='bbox 539 975 682 1039; x_wconf 87' lang='lat' dir='ltr'><strong>dedi,</strong></span> <span class='ocrx_word' id='word_1_60' title='bbox 734 973 818 1028; x_wconf 88' lang='lat' dir='ltr'><strong>cui</strong></span> <span class='ocrx_word' id='word_1_61' title='bbox 857 971 1082 1025; x_wconf 87' lang='lat' dir='ltr'><strong>daturus</strong></span> <span class='ocrx_word' id='word_1_62' title='bbox 1132 984 1271 1024; x_wconf 86' lang='lat' dir='ltr'><strong>sum.</strong></span> <span class='ocrx_word' id='word_1_63' title='bbox 1311 988 1328 1020; x_wconf 77' lang='grc' dir='ltr'><strong><em>ι</em></strong></span> <span class='ocrx_word' id='word_1_64' title='bbox 1381 967 1476 1021; x_wconf 86' lang='lat' dir='ltr'><strong>His</strong></span> <span class='ocrx_word' id='word_1_65' title='bbox 1517 980 1646 1020; x_wconf 89' lang='lat' dir='ltr'><strong>vero</strong></span> <span class='ocrx_word' id='word_1_66' title='bbox 1690 963 1868 1018; x_wconf 80' lang='lat' dir='ltr'><strong>verbis</strong></span> 
     </span>
    </p>
   </div>
   <div class='ocr_carea' id='block_1_9' title="bbox 271 1055 1870 1134">
    <p class='ocr_par' dir='ltr' id='par_1_9' title="bbox 271 1055 1870 1134">
     <span class='ocr_line' id='line_1_9' title="bbox 271 1055 1870 1134; baseline -0.013 -6"><span class='ocrx_word' id='word_1_67' title='bbox 271 1069 468 1128; x_wconf 75' lang='lat' dir='ltr'><strong>Ariani</strong></span> <span class='ocrx_word' id='word_1_68' title='bbox 503 1081 696 1125; x_wconf 82' lang='lat' dir='ltr'><strong>sensus</strong></span> <span class='ocrx_word' id='word_1_69' title='bbox 725 1065 1056 1134; x_wconf 81' lang='lat' dir='ltr'><strong>impietatem</strong></span> <span class='ocrx_word' id='word_1_70' title='bbox 1087 1061 1392 1125; x_wconf 79' lang='lat' dir='ltr'><strong>damnavit;</strong></span> <span class='ocrx_word' id='word_1_71' title='bbox 1425 1067 1480 1112; x_wconf 89' lang='lat' dir='ltr'><strong>et</strong></span> <span class='ocrx_word' id='word_1_72' title='bbox 1513 1059 1568 1112; x_wconf 94' lang='lat' dir='ltr'><strong>in</strong></span> <span class='ocrx_word' id='word_1_73' title='bbox 1597 1055 1870 1128; x_wconf 86' lang='lat' dir='ltr'><strong>sequenti-</strong></span> 
     </span>
    </p>
   </div>
   <div class='ocr_carea' id='block_1_10' title="bbox 271 1151 1871 1218">
    <p class='ocr_par' dir='ltr' id='par_1_10' title="bbox 271 1151 1871 1218">
     <span class='ocr_line' id='line_1_10' title="bbox 271 1151 1871 1218; baseline -0.013 1"><span class='ocrx_word' id='word_1_74' title='bbox 271 1164 383 1218; x_wconf 79' lang='lat' dir='ltr'><strong>bus</strong></span> <span class='ocrx_word' id='word_1_75' title='bbox 409 1175 539 1216; x_wconf 82' lang='lat' dir='ltr'><strong>mox</strong></span> <span class='ocrx_word' id='word_1_76' title='bbox 558 1157 892 1213; x_wconf 89' lang='lat' dir='ltr'><strong>validissimo</strong></span> <span class='ocrx_word' id='word_1_77' title='bbox 913 1153 1104 1208; x_wconf 84' lang='lat' dir='ltr'><strong>malleo</strong></span> <span class='ocrx_word' id='word_1_78' title='bbox 1127 1151 1292 1206; x_wconf 84' lang='lat' dir='ltr'><strong>vestri</strong></span> <span class='ocrx_word' id='word_1_79' title='bbox 1321 1151 1525 1206; x_wconf 90' lang='lat' dir='ltr'><strong>erroris</strong></span> <span class='ocrx_word' id='word_1_80' title='bbox 1551 1155 1715 1217; x_wconf 88' lang='lat' dir='ltr'><strong>caput</strong></span> <span class='ocrx_word' id='word_1_81' title='bbox 1742 1161 1871 1200; x_wconf 91' lang='lat' dir='ltr'><strong>con-</strong></span> 
     </span>
    </p>
   </div>
   <div class='ocr_carea' id='block_1_11' title="bbox 275 1241 1872 1314">
    <p class='ocr_par' dir='ltr' id='par_1_11' title="bbox 275 1241 1872 1314">
     <span class='ocr_line' id='line_1_11' title="bbox 275 1241 1872 1314; baseline -0.013 -4"><span class='ocrx_word' id='word_1_82' title='bbox 275 1254 455 1310; x_wconf 85' lang='lat' dir='ltr'><strong>trivit.</strong></span> <span class='ocrx_word' id='word_1_83' title='bbox 491 1267 510 1302; x_wconf 75' lang='grc' dir='ltr'>ι</span> <span class='ocrx_word' id='word_1_84' title='bbox 550 1250 620 1306; x_wconf 88' lang='lat' dir='ltr'><strong>Ut</strong></span> <span class='ocrx_word' id='word_1_85' title='bbox 647 1258 852 1312; x_wconf 86' lang='lat' dir='ltr'><strong>autem,</strong></span> <span class='ocrx_word' id='word_1_86' title='bbox 898 1245 1094 1314; x_wconf 85' lang='lat' dir='ltr'><strong>inquit,</strong></span> <span class='ocrx_word' id='word_1_87' title='bbox 1141 1244 1396 1306; x_wconf 83' lang='lat' dir='ltr'><strong>sciamus,</strong></span> <span class='ocrx_word' id='word_1_88' title='bbox 1441 1255 1539 1311; x_wconf 92' lang='lat' dir='ltr'><strong>per</strong></span> <span class='ocrx_word' id='word_1_89' title='bbox 1569 1241 1708 1295; x_wconf 90' lang='lat' dir='ltr'><strong>hanc</strong></span> <span class='ocrx_word' id='word_1_90' title='bbox 1748 1253 1872 1292; x_wconf 91' lang='lat' dir='ltr'><strong>sen-</strong></span> 
     </span>
    </p>
   </div>
   <div class='ocr_carea' id='block_1_12' title="bbox 276 1331 1870 1400">
    <p class='ocr_par' dir='ltr' id='par_1_12' title="bbox 276 1331 1870 1400">
     <span class='ocr_line' id='line_1_12' title="bbox 276 1331 1870 1400; baseline -0.011 0"><span class='ocrx_word' id='word_1_91' title='bbox 276 1344 512 1400; x_wconf 69' lang='lat' dir='ltr'><strong>tentiam</strong></span> <span class='ocrx_word' id='word_1_92' title='bbox 563 1355 671 1395; x_wconf 86' lang='lat' dir='ltr'><strong>non</strong></span> <span class='ocrx_word' id='word_1_93' title='bbox 721 1335 932 1393; x_wconf 76' lang='lat' dir='ltr'><strong>excludi</strong></span> <span class='ocrx_word' id='word_1_94' title='bbox 975 1337 1176 1400; x_wconf 89' lang='lat' dir='ltr'><strong>lilium,</strong></span> <span class='ocrx_word' id='word_1_95' title='bbox 1230 1336 1325 1389; x_wconf 92' lang='lat' dir='ltr'><strong>sed</strong></span> <span class='ocrx_word' id='word_1_96' title='bbox 1369 1333 1504 1387; x_wconf 90' lang='lat' dir='ltr'><strong>idola</strong></span> <span class='ocrx_word' id='word_1_97' title='bbox 1528 1373 1541 1397; x_wconf 94' lang='lat'><strong>,</strong></span> <span class='ocrx_word' id='word_1_98' title='bbox 1589 1331 1870 1400; x_wconf 84' lang='lat' dir='ltr'><strong>sequentia</strong></span> 
     </span>
    </p>
   </div>
   <div class='ocr_carea' id='block_1_13' title="bbox 274 1423 1870 1495">
    <p class='ocr_par' dir='ltr' id='par_1_13' title="bbox 274 1423 1870 1495">
     <span class='ocr_line' id='line_1_13' title="bbox 274 1423 1870 1495; baseline -0.009 -6"><span class='ocrx_word' id='word_1_99' title='bbox 274 1435 448 1489; x_wconf 71' lang='lat' dir='ltr'><strong>verba</strong></span> <span class='ocrx_word' id='word_1_100' title='bbox 478 1437 777 1495; x_wconf 84' lang='lat' dir='ltr'><strong>testantur;</strong></span> <span class='ocrx_word' id='word_1_101' title='bbox 829 1439 877 1483; x_wconf 82' lang='lat' dir='ltr'><strong>et</strong></span> <span class='ocrx_word' id='word_1_102' title='bbox 919 1427 1131 1481; x_wconf 73' lang='lat' dir='ltr'><strong>laudem</strong></span> <span class='ocrx_word' id='word_1_103' title='bbox 1159 1441 1328 1480; x_wconf 73' lang='lat' dir='ltr'><strong>uisam</strong></span> <span class='ocrx_word' id='word_1_104' title='bbox 1367 1423 1694 1494; x_wconf 80' lang='lat' dir='ltr'><strong>scutptilibus</strong></span> <span class='ocrx_word' id='word_1_105' title='bbox 1725 1438 1742 1474; x_wconf 90' lang='lat'><strong>:</strong></span> <span class='ocrx_word' id='word_1_106' title='bbox 1773 1437 1870 1490; x_wconf 89' lang='lat' dir='ltr'><strong>pro</strong></span> 
     </span>
    </p>
   </div>
   <div class='ocr_carea' id='block_1_14' title="bbox 275 1514 1870 1595">
    <p class='ocr_par' dir='ltr' id='par_1_14' title="bbox 275 1514 1870 1595">
     <span class='ocr_line' id='line_1_14' title="bbox 275 1514 1870 1595; baseline -0.007 -16"><span class='ocrx_word' id='word_1_107' title='bbox 275 1541 390 1595; x_wconf 83' lang='lat' dir='ltr'><strong>quo</strong></span> <span class='ocrx_word' id='word_1_108' title='bbox 414 1523 558 1578; x_wconf 77' lang='lat' dir='ltr'><strong>LXX</strong></span> <span class='ocrx_word' id='word_1_109' title='bbox 585 1542 596 1576; x_wconf 91' lang='lat'><strong>:</strong></span> <span class='ocrx_word' id='word_1_110' title='bbox 631 1521 741 1576; x_wconf 82' lang='lat' dir='ltr'><strong>Nec</strong></span> <span class='ocrx_word' id='word_1_111' title='bbox 782 1521 994 1574; x_wconf 76' lang='lat' dir='ltr'><strong>uirtutes</strong></span> <span class='ocrx_word' id='word_1_112' title='bbox 1022 1535 1165 1572; x_wconf 85' lang='lat' dir='ltr'><strong>meas</strong></span> <span class='ocrx_word' id='word_1_113' title='bbox 1191 1516 1508 1571; x_wconf 74' lang='lat' dir='ltr'><strong>simulacris.</strong></span> <span class='ocrx_word' id='word_1_114' title='bbox 1565 1514 1698 1568; x_wconf 91' lang='lat' dir='ltr'><strong>Cum</strong></span> <span class='ocrx_word' id='word_1_115' title='bbox 1725 1514 1870 1568; x_wconf 89' lang='lat' dir='ltr'><strong>enim</strong></span> 
     </span>
    </p>
   </div>
   <div class='ocr_carea' id='block_1_15' title="bbox 275 1603 1871 1678">
    <p class='ocr_par' dir='ltr' id='par_1_15' title="bbox 275 1603 1871 1678">
     <span class='ocr_line' id='line_1_15' title="bbox 275 1603 1871 1678; baseline -0.008 -6"><span class='ocrx_word' id='word_1_116' title='bbox 275 1617 533 1672; x_wconf 79' lang='lat' dir='ltr'><strong>Christus</strong></span> <span class='ocrx_word' id='word_1_117' title='bbox 557 1613 652 1668; x_wconf 85' lang='lat' dir='ltr'><strong>Dei</strong></span> <span class='ocrx_word' id='word_1_118' title='bbox 681 1614 853 1666; x_wconf 87' lang='lat' dir='ltr'><strong>virtus</strong></span> <span class='ocrx_word' id='word_1_119' title='bbox 893 1612 982 1674; x_wconf 86' lang='lat' dir='ltr'><strong>sit,</strong></span> <span class='ocrx_word' id='word_1_120' title='bbox 1012 1610 1214 1678; x_wconf 86' lang='lat' dir='ltr'><strong>Deique</strong></span> <span class='ocrx_word' id='word_1_121' title='bbox 1259 1608 1544 1677; x_wconf 89' lang='lat' dir='ltr'><strong>sapientia,</strong></span> <span class='ocrx_word' id='word_1_122' title='bbox 1588 1621 1776 1660; x_wconf 88' lang='lat' dir='ltr'><strong>omnes</strong></span> <span class='ocrx_word' id='word_1_123' title='bbox 1817 1603 1871 1659; x_wconf 90' lang='lat' dir='ltr'><strong>in</strong></span> 
     </span>
    </p>
   </div>
   <div class='ocr_carea' id='block_1_16' title="bbox 277 1685 1869 1766">
    <p class='ocr_par' dir='ltr' id='par_1_16' title="bbox 277 1685 1869 1766">
     <span class='ocr_line' id='line_1_16' title="bbox 277 1685 1869 1766; baseline -0.01 0"><span class='ocrx_word' id='word_1_124' title='bbox 277 1726 342 1766; x_wconf 78' lang='lat' dir='ltr'><strong>se</strong></span> <span class='ocrx_word' id='word_1_125' title='bbox 367 1711 598 1763; x_wconf 76' lang='lat' dir='ltr'><strong>virtutes</strong></span> <span class='ocrx_word' id='word_1_126' title='bbox 641 1705 884 1760; x_wconf 86' lang='lat' dir='ltr'><strong>continet</strong></span> <span class='ocrx_word' id='word_1_127' title='bbox 917 1703 1114 1758; x_wconf 85' lang='lat' dir='ltr'><strong>Patris.</strong></span> <span class='ocrx_word' id='word_1_128' title='bbox 1154 1719 1172 1753; x_wconf 78' lang='grc' dir='ltr'><strong><em>ι</em></strong></span> <span class='ocrx_word' id='word_1_129' title='bbox 1220 1700 1480 1754; x_wconf 76' lang='lat' dir='ltr'><strong>Erubesce</strong></span> <span class='ocrx_word' id='word_1_130' title='bbox 1515 1699 1702 1762; x_wconf 83' lang='lat' dir='ltr'><strong>Sidon,</strong></span> <span class='ocrx_word' id='word_1_131' title='bbox 1735 1685 1869 1751; x_wconf 73' lang='lat' dir='ltr'><strong>dixit</strong></span> 
     </span>
    </p>
   </div>
   <div class='ocr_carea' id='block_1_17' title="bbox 279 1791 1871 1872">
    <p class='ocr_par' dir='ltr' id='par_1_17' title="bbox 279 1791 1871 1872">
     <span class='ocr_line' id='line_1_17' title="bbox 279 1791 1871 1872; baseline -0.008 -15"><span class='ocrx_word' id='word_1_132' title='bbox 279 1817 433 1857; x_wconf 62' lang='lat' dir='ltr'><strong>mare</strong></span> <span class='ocrx_word' id='word_1_133' title='bbox 461 1800 618 1872; x_wconf 82' lang='lat' dir='ltr'><strong>(Isai.</strong></span> <span class='ocrx_word' id='word_1_134' title='bbox 659 1813 820 1862; x_wconf 78' lang='lat' dir='ltr'><strong>nm,</strong></span> <span class='ocrx_word' id='word_1_135' title='bbox 843 1795 921 1868; x_wconf 68' lang='grc'><strong>4).</strong></span> <span class='ocrx_word' id='word_1_136' title='bbox 954 1795 1248 1858; x_wconf 85' lang='lat' dir='ltr'><strong>Erubesce,</strong></span> <span class='ocrx_word' id='word_1_137' title='bbox 1281 1793 1450 1848; x_wconf 84' lang='lat' dir='ltr'><strong>frater</strong></span> <span class='ocrx_word' id='word_1_138' title='bbox 1479 1791 1755 1862; x_wconf 89' lang='lat' dir='ltr'><strong>Elipande,</strong></span> <span class='ocrx_word' id='word_1_139' title='bbox 1791 1791 1871 1846; x_wconf 86' lang='lat' dir='ltr'><strong>di-</strong></span> 
     </span>
    </p>
   </div>
   <div class='ocr_carea' id='block_1_18' title="bbox 281 1857 1948 1952">
    <p class='ocr_par' dir='ltr' id='par_1_18' title="bbox 281 1857 1948 1952">
     <span class='ocr_line' id='line_1_18' title="bbox 281 1857 1948 1952; baseline -0.01 0"><span class='ocrx_word' id='word_1_140' title='bbox 281 1904 412 1952; x_wconf 80' lang='lat' dir='ltr'><strong>cant</strong></span> <span class='ocrx_word' id='word_1_141' title='bbox 451 1857 548 1948; x_wconf 76' lang='lat' dir='ltr'><strong>lilii</strong></span> <span class='ocrx_word' id='word_1_142' title='bbox 577 1891 860 1948; x_wconf 66' lang='lat' dir='ltr'><strong>catholicae</strong></span> <span class='ocrx_word' id='word_1_143' title='bbox 884 1857 1248 1943; x_wconf 57' lang='lat' dir='ltr'><strong>eruditionis.</strong></span> <span class='ocrx_word' id='word_1_144' title='bbox 1298 1886 1404 1940; x_wconf 87' lang='lat' dir='ltr'><strong>Aut</strong></span> <span class='ocrx_word' id='word_1_145' title='bbox 1431 1857 1622 1940; x_wconf 81' lang='lat' dir='ltr'><strong>melius</strong></span> <span class='ocrx_word' id='word_1_146' title='bbox 1652 1892 1868 1938; x_wconf 87' lang='lat' dir='ltr'><strong>sancta-</strong></span> <span class='ocrx_word' id='word_1_147' title='bbox 1901 1857 1948 1917; x_wconf 70' lang='grc' dir='ltr'><strong>Β</strong></span> 
     </span>
    </p>
   </div>
   <div class='ocr_carea' id='block_1_19' title="bbox 279 1973 1871 2054">
    <p class='ocr_par' dir='ltr' id='par_1_19' title="bbox 279 1973 1871 2054">
     <span class='ocr_line' id='line_1_19' title="bbox 279 1973 1871 2054; baseline -0.009 -13"><span class='ocrx_word' id='word_1_148' title='bbox 279 1985 838 2054; x_wconf 87' lang='lat' dir='ltr'><strong>rum&#39;Scripturarum</strong></span> <span class='ocrx_word' id='word_1_149' title='bbox 864 1979 1161 2034; x_wconf 90' lang='lat' dir='ltr'><strong>sententias</strong></span> <span class='ocrx_word' id='word_1_150' title='bbox 1186 1989 1426 2046; x_wconf 87' lang='lat' dir='ltr'><strong>expone;</strong></span> <span class='ocrx_word' id='word_1_151' title='bbox 1477 1983 1569 2028; x_wconf 88' lang='lat' dir='ltr'><strong>aut</strong></span> <span class='ocrx_word' id='word_1_152' title='bbox 1607 1989 1746 2044; x_wconf 89' lang='lat' dir='ltr'><strong>pone</strong></span> <span class='ocrx_word' id='word_1_153' title='bbox 1789 1973 1871 2027; x_wconf 91' lang='lat' dir='ltr'><strong>di-</strong></span> 
     </span>
    </p>
   </div>
   <div class='ocr_carea' id='block_1_20' title="bbox 281 2067 1872 2148">
    <p class='ocr_par' dir='ltr' id='par_1_20' title="bbox 281 2067 1872 2148">
     <span class='ocr_line' id='line_1_20' title="bbox 281 2067 1872 2148; baseline -0.008 -16"><span class='ocrx_word' id='word_1_154' title='bbox 281 2079 454 2148; x_wconf 83' lang='lat' dir='ltr'><strong>gitum</strong></span> <span class='ocrx_word' id='word_1_155' title='bbox 485 2087 650 2146; x_wconf 85' lang='lat' dir='ltr'><strong>super</strong></span> <span class='ocrx_word' id='word_1_156' title='bbox 687 2089 749 2128; x_wconf 88' lang='lat' dir='ltr'><strong>os</strong></span> <span class='ocrx_word' id='word_1_157' title='bbox 786 2081 980 2126; x_wconf 88' lang='lat' dir='ltr'><strong>tuum:</strong></span> <span class='ocrx_word' id='word_1_158' title='bbox 1010 2070 1136 2140; x_wconf 87' lang='lat' dir='ltr'><strong>quia</strong></span> <span class='ocrx_word' id='word_1_159' title='bbox 1173 2069 1370 2124; x_wconf 90' lang='lat' dir='ltr'><strong>stultus</strong></span> <span class='ocrx_word' id='word_1_160' title='bbox 1411 2068 1457 2121; x_wconf 88' lang='lat' dir='ltr'><strong>si</strong></span> <span class='ocrx_word' id='word_1_161' title='bbox 1499 2067 1748 2130; x_wconf 88' lang='lat' dir='ltr'><strong>tacuerit,</strong></span> <span class='ocrx_word' id='word_1_162' title='bbox 1786 2081 1872 2120; x_wconf 88' lang='lat' dir='ltr'><strong>sa-</strong></span> 
     </span>
    </p>
   </div>
   <div class='ocr_carea' id='block_1_21' title="bbox 279 2161 1870 2241">
    <p class='ocr_par' dir='ltr' id='par_1_21' title="bbox 279 2161 1870 2241">
     <span class='ocr_line' id='line_1_21' title="bbox 279 2161 1870 2241; baseline -0.007 -16"><span class='ocrx_word' id='word_1_163' title='bbox 279 2168 720 2241; x_wconf 64' lang='lat' dir='ltr'><strong>piens&#39;atstimari</strong></span> <span class='ocrx_word' id='word_1_164' title='bbox 742 2165 961 2236; x_wconf 86' lang='lat' dir='ltr'><strong>poterit.</strong></span> <span class='ocrx_word' id='word_1_165' title='bbox 995 2164 1113 2218; x_wconf 86' lang='lat' dir='ltr'><strong>Noli</strong></span> <span class='ocrx_word' id='word_1_166' title='bbox 1139 2163 1205 2217; x_wconf 91' lang='lat' dir='ltr'><strong>ad</strong></span> <span class='ocrx_word' id='word_1_167' title='bbox 1232 2161 1603 2217; x_wconf 76' lang='lat' dir='ltr'><strong>confusionem</strong></span> <span class='ocrx_word' id='word_1_168' title='bbox 1636 2161 1870 2215; x_wconf 90' lang='lat' dir='ltr'><strong>nominis</strong></span> 
     </span>
    </p>
   </div>
   <div class='ocr_carea' id='block_1_22' title="bbox 283 2253 1871 2325">
    <p class='ocr_par' dir='ltr' id='par_1_22' title="bbox 283 2253 1871 2325">
     <span class='ocr_line' id='line_1_22' title="bbox 283 2253 1871 2325; baseline -0.006 -10"><span class='ocrx_word' id='word_1_169' title='bbox 283 2261 367 2316; x_wconf 88' lang='lat' dir='ltr'><strong>tui</strong></span> <span class='ocrx_word' id='word_1_170' title='bbox 401 2259 550 2314; x_wconf 79' lang='lat' dir='ltr'><strong>foras</strong></span> <span class='ocrx_word' id='word_1_171' title='bbox 575 2257 864 2312; x_wconf 83' lang='lat' dir='ltr'><strong>terminum</strong></span> <span class='ocrx_word' id='word_1_172' title='bbox 892 2253 1164 2325; x_wconf 72' lang='lat' dir='ltr'><strong>Hispanite</strong></span> <span class='ocrx_word' id='word_1_173' title='bbox 1212 2253 1424 2308; x_wconf 87' lang='lat' dir='ltr'><strong>litteras</strong></span> <span class='ocrx_word' id='word_1_174' title='bbox 1471 2253 1704 2322; x_wconf 80' lang='lat' dir='ltr'><strong>dirigere</strong></span> <span class='ocrx_word' id='word_1_175' title='bbox 1750 2263 1871 2306; x_wconf 91' lang='lat' dir='ltr'><strong>tuas</strong></span> 
     </span>
    </p>
   </div>
   <div class='ocr_carea' id='block_1_23' title="bbox 284 2343 1867 2412">
    <p class='ocr_par' dir='ltr' id='par_1_23' title="bbox 284 2343 1867 2412">
     <span class='ocr_line' id='line_1_23' title="bbox 284 2343 1867 2412; baseline -0.009 0"><span class='ocrx_word' id='word_1_176' title='bbox 284 2355 344 2412; x_wconf 78' lang='lat' dir='ltr'><strong>in</strong></span> <span class='ocrx_word' id='word_1_177' title='bbox 393 2367 552 2408; x_wconf 83' lang='lat' dir='ltr'><strong>aures</strong></span> <span class='ocrx_word' id='word_1_178' title='bbox 595 2350 959 2410; x_wconf 84' lang='lat' dir='ltr'><strong>Ecclesiarum</strong></span> <span class='ocrx_word' id='word_1_179' title='bbox 1007 2347 1239 2412; x_wconf 86' lang='lat' dir='ltr'><strong>Christi,</strong></span> <span class='ocrx_word' id='word_1_180' title='bbox 1297 2345 1400 2400; x_wconf 90' lang='lat' dir='ltr'><strong>nisi</strong></span> <span class='ocrx_word' id='word_1_181' title='bbox 1462 2345 1601 2399; x_wconf 82' lang='lat' dir='ltr'><strong>forte</strong></span> <span class='ocrx_word' id='word_1_182' title='bbox 1651 2343 1867 2409; x_wconf 87' lang='lat' dir='ltr'><strong>Felicis,</strong></span> 
     </span>
    </p>
   </div>
   <div class='ocr_carea' id='block_1_24' title="bbox 286 2440 1868 2521">
    <p class='ocr_par' dir='ltr' id='par_1_24' title="bbox 286 2440 1868 2521">
     <span class='ocr_line' id='line_1_24' title="bbox 286 2440 1868 2521; baseline -0.009 -15"><span class='ocrx_word' id='word_1_183' title='bbox 286 2451 561 2521; x_wconf 85' lang='lat' dir='ltr'><strong>quondam</strong></span> <span class='ocrx_word' id='word_1_184' title='bbox 585 2447 773 2511; x_wconf 79' lang='lat' dir='ltr'><strong>vestri,</strong></span> <span class='ocrx_word' id='word_1_185' title='bbox 793 2461 936 2500; x_wconf 90' lang='lat' dir='ltr'><strong>nunc</strong></span> <span class='ocrx_word' id='word_1_186' title='bbox 961 2451 1145 2498; x_wconf 85' lang='lat' dir='ltr'><strong>autem</strong></span> <span class='ocrx_word' id='word_1_187' title='bbox 1173 2441 1344 2497; x_wconf 88' lang='lat' dir='ltr'><strong>nostri</strong></span> <span class='ocrx_word' id='word_1_188' title='bbox 1359 2440 1606 2510; x_wconf 87' lang='lat' dir='ltr'><strong>exemplo</strong></span> <span class='ocrx_word' id='word_1_189' title='bbox 1627 2440 1868 2504; x_wconf 84' lang='lat' dir='ltr'><strong>edoctus,</strong></span> 
     </span>
    </p>
   </div>
   <div class='ocr_carea' id='block_1_25' title="bbox 283 2533 1873 2614">
    <p class='ocr_par' dir='ltr' id='par_1_25' title="bbox 283 2533 1873 2614">
     <span class='ocr_line' id='line_1_25' title="bbox 283 2533 1873 2614; baseline -0.007 -17"><span class='ocrx_word' id='word_1_190' title='bbox 283 2543 662 2614; x_wconf 69' lang='lat' dir='ltr'><strong>ptenitentiam</strong></span> <span class='ocrx_word' id='word_1_191' title='bbox 687 2540 900 2612; x_wconf 82' lang='lat' dir='ltr'><strong>pristini</strong></span> <span class='ocrx_word' id='word_1_192' title='bbox 927 2537 1130 2594; x_wconf 89' lang='lat' dir='ltr'><strong>erroris</strong></span> <span class='ocrx_word' id='word_1_193' title='bbox 1152 2551 1341 2608; x_wconf 85' lang='lat' dir='ltr'><strong>agens,</strong></span> <span class='ocrx_word' id='word_1_194' title='bbox 1373 2533 1652 2591; x_wconf 87' lang='lat' dir='ltr'><strong>catholicis</strong></span> <span class='ocrx_word' id='word_1_195' title='bbox 1678 2533 1873 2587; x_wconf 89' lang='lat' dir='ltr'><strong>litteris</strong></span> 
     </span>
    </p>
   </div>
   <div class='ocr_carea' id='block_1_26' title="bbox 287 2629 1871 2706">
    <p class='ocr_par' dir='ltr' id='par_1_26' title="bbox 287 2629 1871 2706">
     <span class='ocr_line' id='line_1_26' title="bbox 287 2629 1871 2706; baseline -0.007 -15"><span class='ocrx_word' id='word_1_196' title='bbox 287 2633 525 2706; x_wconf 83' lang='lat' dir='ltr'><strong>syllabas</strong></span> <span class='ocrx_word' id='word_1_197' title='bbox 555 2633 889 2689; x_wconf 84' lang='lat' dir='ltr'><strong>inﬁdelitatis</strong></span> <span class='ocrx_word' id='word_1_198' title='bbox 912 2641 1106 2687; x_wconf 79' lang='lat' dir='ltr'><strong>vestrae</strong></span> <span class='ocrx_word' id='word_1_199' title='bbox 1133 2629 1314 2685; x_wconf 90' lang='lat' dir='ltr'><strong>delere</strong></span> <span class='ocrx_word' id='word_1_200' title='bbox 1339 2630 1494 2694; x_wconf 83' lang='lat' dir='ltr'><strong>velis,</strong></span> <span class='ocrx_word' id='word_1_201' title='bbox 1521 2637 1581 2683; x_wconf 93' lang='lat' dir='ltr'><strong>ut</strong></span> <span class='ocrx_word' id='word_1_202' title='bbox 1608 2637 1659 2682; x_wconf 90' lang='lat' dir='ltr'><strong>te</strong></span> <span class='ocrx_word' id='word_1_203' title='bbox 1686 2635 1871 2682; x_wconf 89' lang='lat' dir='ltr'><strong>sancta</strong></span> 
     </span>
    </p>
   </div>
   <div class='ocr_carea' id='block_1_27' title="bbox 283 2718 1874 2794">
    <p class='ocr_par' dir='ltr' id='par_1_27' title="bbox 283 2718 1874 2794">
     <span class='ocr_line' id='line_1_27' title="bbox 283 2718 1874 2794; baseline -0.008 -11"><span class='ocrx_word' id='word_1_204' title='bbox 283 2726 384 2783; x_wconf 83' lang='lat' dir='ltr'><strong>Dei</strong></span> <span class='ocrx_word' id='word_1_205' title='bbox 411 2723 653 2781; x_wconf 80' lang='lat' dir='ltr'><strong>Ecclesia</strong></span> <span class='ocrx_word' id='word_1_206' title='bbox 699 2731 956 2779; x_wconf 68' lang='lat' dir='ltr'><strong>maternas</strong></span> <span class='ocrx_word' id='word_1_207' title='bbox 983 2721 1204 2794; x_wconf 86' lang='lat' dir='ltr'><strong>pietatis</strong></span> <span class='ocrx_word' id='word_1_208' title='bbox 1239 2721 1444 2790; x_wconf 86' lang='lat' dir='ltr'><strong>gremio</strong></span> <span class='ocrx_word' id='word_1_209' title='bbox 1472 2719 1750 2788; x_wconf 85' lang='lat' dir='ltr'><strong>suscipiat,</strong></span> <span class='ocrx_word' id='word_1_210' title='bbox 1779 2718 1874 2772; x_wconf 89' lang='lat' dir='ltr'><strong>ha-</strong></span> 
     </span>
    </p>
   </div>
   <div class='ocr_carea' id='block_1_28' title="bbox 283 2807 1870 2884">
    <p class='ocr_par' dir='ltr' id='par_1_28' title="bbox 283 2807 1870 2884">
     <span class='ocr_line' id='line_1_28' title="bbox 283 2807 1870 2884; baseline -0.008 -13"><span class='ocrx_word' id='word_1_211' title='bbox 283 2816 525 2884; x_wconf 82' lang='lat' dir='ltr'><strong>beatque</strong></span> <span class='ocrx_word' id='word_1_212' title='bbox 549 2815 719 2869; x_wconf 82' lang='lat' dir='ltr'><strong>ﬁlium</strong></span> <span class='ocrx_word' id='word_1_213' title='bbox 745 2813 1126 2868; x_wconf 88' lang='lat' dir='ltr'><strong>charissimum</strong></span> <span class='ocrx_word' id='word_1_214' title='bbox 1168 2811 1221 2864; x_wconf 90' lang='lat' dir='ltr'><strong>in</strong></span> <span class='ocrx_word' id='word_1_215' title='bbox 1249 2809 1540 2865; x_wconf 88' lang='lat' dir='ltr'><strong>concordia</strong></span> <span class='ocrx_word' id='word_1_216' title='bbox 1567 2807 1870 2870; x_wconf 86' lang='lat' dir='ltr'><strong>charitatis,</strong></span> 
     </span>
    </p>
   </div>
   <div class='ocr_carea' id='block_1_29' title="bbox 285 2901 1874 2979">
    <p class='ocr_par' dir='ltr' id='par_1_29' title="bbox 285 2901 1874 2979">
     <span class='ocr_line' id='line_1_29' title="bbox 285 2901 1874 2979; baseline -0.007 -16"><span class='ocrx_word' id='word_1_217' title='bbox 285 2921 452 2979; x_wconf 85' lang='lat' dir='ltr'><strong>quem</strong></span> <span class='ocrx_word' id='word_1_218' title='bbox 479 2907 670 2962; x_wconf 88' lang='lat' dir='ltr'><strong>habuit</strong></span> <span class='ocrx_word' id='word_1_219' title='bbox 697 2906 906 2960; x_wconf 85' lang='lat' dir='ltr'><strong>hostem</strong></span> <span class='ocrx_word' id='word_1_220' title='bbox 936 2901 1339 2958; x_wconf 86' lang='lat' dir='ltr'><strong>atrocissimum</strong></span> <span class='ocrx_word' id='word_1_221' title='bbox 1390 2901 1443 2955; x_wconf 90' lang='lat' dir='ltr'><strong>in</strong></span> <span class='ocrx_word' id='word_1_222' title='bbox 1476 2902 1726 2970; x_wconf 83' lang='lat' dir='ltr'><strong>dogmate</strong></span> <span class='ocrx_word' id='word_1_223' title='bbox 1753 2913 1874 2969; x_wconf 86' lang='lat' dir='ltr'><strong>per-</strong></span> 
     </span>
    </p>
   </div>
   <div class='ocr_carea' id='block_1_30' title="bbox 285 2991 1874 3061">
    <p class='ocr_par' dir='ltr' id='par_1_30' title="bbox 285 2991 1874 3061">
     <span class='ocr_line' id='line_1_30' title="bbox 285 2991 1874 3061; baseline -0.005 -9"><span class='ocrx_word' id='word_1_224' title='bbox 285 2997 587 3052; x_wconf 84' lang='lat' dir='ltr'><strong>versitatis.</strong></span> <span class='ocrx_word' id='word_1_225' title='bbox 635 2993 828 3050; x_wconf 80' lang='lat' dir='ltr'><strong>Dixisti</strong></span> <span class='ocrx_word' id='word_1_226' title='bbox 858 3011 869 3046; x_wconf 91' lang='lat'><strong>:</strong></span> <span class='ocrx_word' id='word_1_227' title='bbox 898 2993 1184 3048; x_wconf 69' lang='lat' dir='ltr'><strong>Proximus</strong></span> <span class='ocrx_word' id='word_1_228' title='bbox 1226 2991 1314 3046; x_wconf 86' lang='lat' dir='ltr'><strong>ille</strong></span> <span class='ocrx_word' id='word_1_229' title='bbox 1356 2991 1459 3045; x_wconf 86' lang='lat' dir='ltr'><strong>Deo</strong></span> <span class='ocrx_word' id='word_1_230' title='bbox 1503 3000 1597 3055; x_wconf 81' lang='lat' dir='ltr'><strong>est,</strong></span> <span class='ocrx_word' id='word_1_231' title='bbox 1643 2992 1730 3061; x_wconf 84' lang='lat' dir='ltr'><strong>qui</strong></span> <span class='ocrx_word' id='word_1_232' title='bbox 1779 2991 1874 3044; x_wconf 85' lang='lat' dir='ltr'><strong>scit</strong></span> 
     </span>
    </p>
   </div>
   <div class='ocr_carea' id='block_1_31' title="bbox 287 3083 1868 3155">
    <p class='ocr_par' dir='ltr' id='par_1_31' title="bbox 287 3083 1868 3155">
     <span class='ocr_line' id='line_1_31' title="bbox 287 3083 1868 3155; baseline -0.004 -12"><span class='ocrx_word' id='word_1_233' title='bbox 287 3091 496 3143; x_wconf 79' lang='lat' dir='ltr'><strong>ratione</strong></span> <span class='ocrx_word' id='word_1_234' title='bbox 521 3097 711 3152; x_wconf 78' lang='lat' dir='ltr'><strong>tacere,</strong></span> <span class='ocrx_word' id='word_1_235' title='bbox 739 3087 966 3155; x_wconf 90' lang='lat' dir='ltr'><strong>teipsum</strong></span> <span class='ocrx_word' id='word_1_236' title='bbox 995 3100 1064 3140; x_wconf 82' lang='lat' dir='ltr'><strong>ex</strong></span> <span class='ocrx_word' id='word_1_237' title='bbox 1089 3086 1191 3140; x_wconf 89' lang='lat' dir='ltr'><strong>hac</strong></span> <span class='ocrx_word' id='word_1_238' title='bbox 1217 3084 1486 3139; x_wconf 87' lang='lat' dir='ltr'><strong>sententia</strong></span> <span class='ocrx_word' id='word_1_239' title='bbox 1530 3092 1620 3137; x_wconf 89' lang='lat' dir='ltr'><strong>tua</strong></span> <span class='ocrx_word' id='word_1_240' title='bbox 1649 3083 1868 3152; x_wconf 85' lang='lat' dir='ltr'><strong>castiga,</strong></span> 
     </span>
    </p>
   </div>
   <div class='ocr_carea' id='block_1_32' title="bbox 287 3175 1874 3250">
    <p class='ocr_par' dir='ltr' id='par_1_32' title="bbox 287 3175 1874 3250">
     <span class='ocr_line' id='line_1_32' title="bbox 287 3175 1874 3250; baseline -0.005 -14"><span class='ocrx_word' id='word_1_241' title='bbox 287 3189 352 3236; x_wconf 87' lang='lat' dir='ltr'><strong>ut</strong></span> <span class='ocrx_word' id='word_1_242' title='bbox 377 3191 562 3236; x_wconf 78' lang='lat' dir='ltr'><strong>taceas</strong></span> <span class='ocrx_word' id='word_1_243' title='bbox 604 3191 620 3234; x_wconf 84' lang='lat'><strong>:</strong></span> <span class='ocrx_word' id='word_1_244' title='bbox 658 3179 915 3250; x_wconf 85' lang='lat' dir='ltr'><strong>quoniam</strong></span> <span class='ocrx_word' id='word_1_245' title='bbox 972 3177 1164 3232; x_wconf 90' lang='lat' dir='ltr'><strong>melius</strong></span> <span class='ocrx_word' id='word_1_246' title='bbox 1191 3185 1275 3232; x_wconf 88' lang='lat' dir='ltr'><strong>est</strong></span> <span class='ocrx_word' id='word_1_247' title='bbox 1319 3185 1496 3232; x_wconf 87' lang='lat' dir='ltr'><strong>tacere</strong></span> <span class='ocrx_word' id='word_1_248' title='bbox 1527 3191 1687 3245; x_wconf 90' lang='lat' dir='ltr'><strong>quam</strong></span> <span class='ocrx_word' id='word_1_249' title='bbox 1714 3175 1874 3229; x_wconf 78' lang='lat' dir='ltr'><strong>noxia</strong></span> 
     </span>
    </p>
   </div>
   <div class='ocr_carea' id='block_1_33' title="bbox 289 3267 1872 3342">
    <p class='ocr_par' dir='ltr' id='par_1_33' title="bbox 289 3267 1872 3342">
     <span class='ocr_line' id='line_1_33' title="bbox 289 3267 1872 3342; baseline -0.001 -16"><span class='ocrx_word' id='word_1_250' title='bbox 289 3271 462 3342; x_wconf 88' lang='lat' dir='ltr'><strong>loqui,</strong></span> <span class='ocrx_word' id='word_1_251' title='bbox 489 3271 616 3341; x_wconf 88' lang='lat' dir='ltr'><strong>quia</strong></span> <span class='ocrx_word' id='word_1_252' title='bbox 642 3271 935 3325; x_wconf 88' lang='lat' dir='ltr'><strong>multorum</strong></span> <span class='ocrx_word' id='word_1_253' title='bbox 963 3283 1086 3325; x_wconf 91' lang='lat' dir='ltr'><strong>reus</strong></span> <span class='ocrx_word' id='word_1_254' title='bbox 1115 3279 1201 3325; x_wconf 89' lang='lat' dir='ltr'><strong>est</strong></span> <span class='ocrx_word' id='word_1_255' title='bbox 1225 3268 1525 3341; x_wconf 76' lang='lat' dir='ltr'><strong>sanguinis,</strong></span> <span class='ocrx_word' id='word_1_256' title='bbox 1554 3267 1645 3338; x_wconf 90' lang='lat' dir='ltr'><strong>qui</strong></span> <span class='ocrx_word' id='word_1_257' title='bbox 1673 3267 1872 3324; x_wconf 90' lang='lat' dir='ltr'><strong>multos</strong></span> 
     </span>
    </p>
   </div>
   <div class='ocr_carea' id='block_1_34' title="bbox 291 3367 948 3422">
    <p class='ocr_par' dir='ltr' id='par_1_34' title="bbox 291 3367 948 3422">
     <span class='ocr_line' id='line_1_34' title="bbox 291 3367 948 3422; baseline -0.002 -1"><span class='ocrx_word' id='word_1_258' title='bbox 291 3383 325 3421; x_wconf 74' lang='grc' dir='ltr'>ι</span> <span class='ocrx_word' id='word_1_259' title='bbox 346 3369 434 3422; x_wconf 80' lang='lat' dir='ltr'><strong>via</strong></span> <span class='ocrx_word' id='word_1_260' title='bbox 456 3367 705 3422; x_wconf 82' lang='lat' dir='ltr'><strong>veritatis</strong></span> <span class='ocrx_word' id='word_1_261' title='bbox 733 3367 948 3421; x_wconf 79' lang='lat' dir='ltr'><strong>avertit.</strong></span> 
     </span>
    </p>
   </div>
   <div class='ocr_carea' id='block_1_35' title="bbox 363 3453 1874 3531">
    <p class='ocr_par' dir='ltr' id='par_1_35' title="bbox 363 3453 1874 3531">
     <span class='ocr_line' id='line_1_35' title="bbox 363 3453 1874 3531; baseline -0.005 -17"><span class='ocrx_word' id='word_1_262' title='bbox 363 3459 432 3514; x_wconf 67' lang='grc' dir='ltr'><strong>ν.</strong></span> <span class='ocrx_word' id='word_1_263' title='bbox 469 3459 637 3531; x_wconf 80' lang='lat' dir='ltr'><strong>igitur</strong></span> <span class='ocrx_word' id='word_1_264' title='bbox 666 3474 772 3512; x_wconf 89' lang='lat' dir='ltr'><strong>non</strong></span> <span class='ocrx_word' id='word_1_265' title='bbox 807 3457 980 3512; x_wconf 87' lang='lat' dir='ltr'><strong>solum</strong></span> <span class='ocrx_word' id='word_1_266' title='bbox 1011 3463 1212 3512; x_wconf 60' lang='lat' dir='ltr'><strong>sancite</strong></span> <span class='ocrx_word' id='word_1_267' title='bbox 1239 3455 1531 3526; x_wconf 70' lang='lat' dir='ltr'><strong>Scriptura:</strong></span> <span class='ocrx_word' id='word_1_268' title='bbox 1567 3453 1874 3509; x_wconf 87' lang='lat' dir='ltr'><strong>inviolabile</strong></span> 
     </span>
    </p>
   </div>
   <div class='ocr_carea' id='block_1_36' title="bbox 291 3545 1871 3626">
    <p class='ocr_par' dir='ltr' id='par_1_36' title="bbox 291 3545 1871 3626">
     <span class='ocr_line' id='line_1_36' title="bbox 291 3545 1871 3626; baseline -0.003 -21"><span class='ocrx_word' id='word_1_269' title='bbox 291 3559 694 3607; x_wconf 82' lang='lat' dir='ltr'><strong>sacramentum</strong></span> <span class='ocrx_word' id='word_1_270' title='bbox 714 3565 880 3622; x_wconf 81' lang='lat' dir='ltr'><strong>prava</strong></span> <span class='ocrx_word' id='word_1_271' title='bbox 903 3547 1346 3619; x_wconf 86' lang='lat' dir='ltr'><strong>interpretatione</strong></span> <span class='ocrx_word' id='word_1_272' title='bbox 1366 3545 1635 3626; x_wconf 81' lang='lat' dir='ltr'><strong>maculare</strong></span> <span class='ocrx_word' id='word_1_273' title='bbox 1658 3547 1871 3612; x_wconf 88' lang='lat' dir='ltr'><strong>niteris,</strong></span> 
     </span>
    </p>
   </div>
   <div class='ocr_carea' id='block_1_37' title="bbox 294 3641 1875 3701">
    <p class='ocr_par' dir='ltr' id='par_1_37' title="bbox 294 3641 1875 3701">
     <span class='ocr_line' id='line_1_37' title="bbox 294 3641 1875 3701; baseline -0.003 -2"><span class='ocrx_word' id='word_1_274' title='bbox 294 3657 483 3700; x_wconf 65' lang='lat' dir='ltr'><strong>Verum</strong></span> <span class='ocrx_word' id='word_1_275' title='bbox 539 3645 702 3701; x_wconf 89' lang='lat' dir='ltr'><strong>etiam</strong></span> <span class='ocrx_word' id='word_1_276' title='bbox 759 3651 1069 3700; x_wconf 87' lang='lat' dir='ltr'><strong>sanctorum</strong></span> <span class='ocrx_word' id='word_1_277' title='bbox 1118 3641 1339 3697; x_wconf 85' lang='lat' dir='ltr'><strong>Patrum</strong></span> <span class='ocrx_word' id='word_1_278' title='bbox 1394 3641 1578 3696; x_wconf 90' lang='lat' dir='ltr'><strong>multis</strong></span> <span class='ocrx_word' id='word_1_279' title='bbox 1633 3641 1687 3695; x_wconf 92' lang='lat' dir='ltr'><strong>in</strong></span> <span class='ocrx_word' id='word_1_280' title='bbox 1743 3641 1875 3695; x_wconf 91' lang='lat' dir='ltr'><strong>locis</strong></span> 
     </span>
    </p>
   </div>
   <div class='ocr_carea' id='block_1_38' title="bbox 292 3733 1876 3812">
    <p class='ocr_par' dir='ltr' id='par_1_38' title="bbox 292 3733 1876 3812">
     <span class='ocr_line' id='line_1_38' title="bbox 292 3733 1876 3812; baseline -0.003 -20"><span class='ocrx_word' id='word_1_281' title='bbox 292 3735 465 3812; x_wconf 58' lang='grc' dir='ltr'><strong>βω</strong></span> <span class='ocrx_word' id='word_1_282' title='bbox 489 3735 785 3791; x_wconf 80' lang='lat' dir='ltr'><strong>catholicos</strong></span> <span class='ocrx_word' id='word_1_283' title='bbox 813 3749 1004 3791; x_wconf 85' lang='lat' dir='ltr'><strong>sensus</strong></span> <span class='ocrx_word' id='word_1_284' title='bbox 1031 3737 1348 3804; x_wconf 87' lang='lat' dir='ltr'><strong>depravatos</strong></span> <span class='ocrx_word' id='word_1_285' title='bbox 1375 3733 1528 3805; x_wconf 82' lang='lat' dir='ltr'><strong>[Cod.</strong></span> <span class='ocrx_word' id='word_1_286' title='bbox 1557 3733 1757 3799; x_wconf 87' lang='lat' dir='ltr'><strong>Paris.,</strong></span> <span class='ocrx_word' id='word_1_287' title='bbox 1785 3733 1876 3787; x_wconf 88' lang='lat' dir='ltr'><strong>de-</strong></span> 
     </span>
    </p>
   </div>
   <div class='ocr_carea' id='block_1_39' title="bbox 291 3825 1877 3901">
    <p class='ocr_par' dir='ltr' id='par_1_39' title="bbox 291 3825 1877 3901">
     <span class='ocr_line' id='line_1_39' title="bbox 291 3825 1877 3901; baseline -0.001 -19"><span class='ocrx_word' id='word_1_288' title='bbox 291 3825 976 3901; x_wconf 81' lang='lat' dir='ltr'><strong>pravare.....sull&#39;ragium</strong></span> <span class='ocrx_word' id='word_1_289' title='bbox 1021 3825 1296 3898; x_wconf 83' lang='lat' dir='ltr'><strong>conaris],</strong></span> <span class='ocrx_word' id='word_1_290' title='bbox 1344 3834 1399 3880; x_wconf 90' lang='lat' dir='ltr'><strong>et</strong></span> <span class='ocrx_word' id='word_1_291' title='bbox 1439 3825 1505 3879; x_wconf 91' lang='lat' dir='ltr'><strong>ad</strong></span> <span class='ocrx_word' id='word_1_292' title='bbox 1559 3825 1635 3880; x_wconf 89' lang='lat' dir='ltr'><strong>tui</strong></span> <span class='ocrx_word' id='word_1_293' title='bbox 1672 3825 1877 3880; x_wconf 86' lang='lat' dir='ltr'><strong>erroris</strong></span> 
     </span>
    </p>
   </div>
   <div class='ocr_carea' id='block_1_40' title="bbox 293 3915 1875 3991">
    <p class='ocr_par' dir='ltr' id='par_1_40' title="bbox 293 3915 1875 3991">
     <span class='ocr_line' id='line_1_40' title="bbox 293 3915 1875 3991; baseline -0.004 -15"><span class='ocrx_word' id='word_1_294' title='bbox 293 3923 512 3977; x_wconf 82' lang='lat' dir='ltr'><strong>trahere</strong></span> <span class='ocrx_word' id='word_1_295' title='bbox 545 3919 889 3991; x_wconf 75' lang='lat' dir='ltr'><strong>suﬂ‘ragium;</strong></span> <span class='ocrx_word' id='word_1_296' title='bbox 946 3919 998 3973; x_wconf 90' lang='lat' dir='ltr'><strong>in</strong></span> <span class='ocrx_word' id='word_1_297' title='bbox 1031 3927 1341 3987; x_wconf 86' lang='lat' dir='ltr'><strong>tantamque</strong></span> <span class='ocrx_word' id='word_1_298' title='bbox 1395 3917 1708 3989; x_wconf 75' lang='lat' dir='ltr'><strong>ignorantia:</strong></span> <span class='ocrx_word' id='word_1_299' title='bbox 1743 3915 1875 3970; x_wconf 87' lang='lat' dir='ltr'><strong>cali-</strong></span> 
     </span>
    </p>
   </div>
   <div class='ocr_carea' id='block_1_41' title="bbox 293 4007 1878 4085">
    <p class='ocr_par' dir='ltr' id='par_1_41' title="bbox 293 4007 1878 4085">
     <span class='ocr_line' id='line_1_41' title="bbox 293 4007 1878 4085; baseline -0.004 -17"><span class='ocrx_word' id='word_1_300' title='bbox 293 4014 477 4085; x_wconf 75' lang='lat' dir='ltr'><strong>ginem</strong></span> <span class='ocrx_word' id='word_1_301' title='bbox 526 4011 862 4068; x_wconf 87' lang='lat' dir='ltr'><strong>errabundus</strong></span> <span class='ocrx_word' id='word_1_302' title='bbox 891 4010 1214 4075; x_wconf 87' lang='lat' dir='ltr'><strong>devolveris,</strong></span> <span class='ocrx_word' id='word_1_303' title='bbox 1243 4016 1303 4063; x_wconf 90' lang='lat' dir='ltr'><strong>ut</strong></span> <span class='ocrx_word' id='word_1_304' title='bbox 1352 4024 1414 4062; x_wconf 88' lang='lat' dir='ltr'><strong>ea</strong></span> <span class='ocrx_word' id='word_1_305' title='bbox 1457 4023 1576 4079; x_wconf 70' lang='lat' dir='ltr'><strong>qua:</strong></span> <span class='ocrx_word' id='word_1_306' title='bbox 1625 4007 1730 4061; x_wconf 90' lang='lat' dir='ltr'><strong>tuis</strong></span> <span class='ocrx_word' id='word_1_307' title='bbox 1761 4008 1878 4062; x_wconf 90' lang='lat' dir='ltr'><strong>sine</strong></span> 
     </span>
    </p>
   </div>
   <div class='ocr_carea' id='block_1_42' title="bbox 293 4103 1877 4173">
    <p class='ocr_par' dir='ltr' id='par_1_42' title="bbox 293 4103 1877 4173">
     <span class='ocr_line' id='line_1_42' title="bbox 293 4103 1877 4173; baseline -0.002 -11"><span class='ocrx_word' id='word_1_308' title='bbox 293 4105 462 4164; x_wconf 89' lang='lat' dir='ltr'><strong>dubio</strong></span> <span class='ocrx_word' id='word_1_309' title='bbox 503 4109 750 4163; x_wconf 86' lang='lat' dir='ltr'><strong>sensibus</strong></span> <span class='ocrx_word' id='word_1_310' title='bbox 791 4107 1062 4162; x_wconf 88' lang='lat' dir='ltr'><strong>contraria</strong></span> <span class='ocrx_word' id='word_1_311' title='bbox 1105 4113 1246 4168; x_wconf 92' lang='lat' dir='ltr'><strong>sunt,</strong></span> <span class='ocrx_word' id='word_1_312' title='bbox 1293 4105 1398 4159; x_wconf 88' lang='lat' dir='ltr'><strong>tuis</strong></span> <span class='ocrx_word' id='word_1_313' title='bbox 1438 4105 1600 4158; x_wconf 87' lang='lat' dir='ltr'><strong>etiam</strong></span> <span class='ocrx_word' id='word_1_314' title='bbox 1631 4103 1877 4173; x_wconf 90' lang='lat' dir='ltr'><strong>partibus</strong></span> 
     </span>
    </p>
   </div>
   <div class='ocr_carea' id='block_1_43' title="bbox 293 4196 1877 4268">
    <p class='ocr_par' dir='ltr' id='par_1_43' title="bbox 293 4196 1877 4268">
     <span class='ocr_line' id='line_1_43' title="bbox 293 4196 1877 4268; baseline -0.003 -14"><span class='ocrx_word' id='word_1_315' title='bbox 293 4197 556 4268; x_wconf 80' lang='lat' dir='ltr'><strong>adjuvare</strong></span> <span class='ocrx_word' id='word_1_316' title='bbox 583 4197 871 4254; x_wconf 85' lang='lat' dir='ltr'><strong>:estimaris</strong></span> <span class='ocrx_word' id='word_1_317' title='bbox 900 4215 912 4251; x_wconf 90' lang='lat'><strong>:</strong></span> <span class='ocrx_word' id='word_1_318' title='bbox 939 4205 1100 4268; x_wconf 88' lang='lat' dir='ltr'><strong>atque</strong></span> <span class='ocrx_word' id='word_1_319' title='bbox 1132 4211 1454 4267; x_wconf 88' lang='lat' dir='ltr'><strong>quocunque</strong></span> <span class='ocrx_word' id='word_1_320' title='bbox 1488 4197 1541 4251; x_wconf 91' lang='lat' dir='ltr'><strong>in</strong></span> <span class='ocrx_word' id='word_1_321' title='bbox 1575 4196 1692 4251; x_wconf 92' lang='lat' dir='ltr'><strong>loco</strong></span> <span class='ocrx_word' id='word_1_322' title='bbox 1732 4212 1877 4251; x_wconf 72' lang='lat' dir='ltr'><strong>caeca</strong></span> 
     </span>
    </p>
   </div>
   <div class='ocr_carea' id='block_1_44' title="bbox 292 4287 1874 4362">
    <p class='ocr_par' dir='ltr' id='par_1_44' title="bbox 292 4287 1874 4362">
     <span class='ocr_line' id='line_1_44' title="bbox 292 4287 1874 4362; baseline -0.004 -16"><span class='ocrx_word' id='word_1_323' title='bbox 292 4289 497 4346; x_wconf 84' lang='lat' dir='ltr'><strong>mentis</strong></span> <span class='ocrx_word' id='word_1_324' title='bbox 525 4289 826 4362; x_wconf 77' lang='lat' dir='ltr'><strong>ignorantia</strong></span> <span class='ocrx_word' id='word_1_325' title='bbox 859 4289 1158 4357; x_wconf 87' lang='lat' dir='ltr'><strong>adoptionis</strong></span> <span class='ocrx_word' id='word_1_326' title='bbox 1187 4301 1381 4341; x_wconf 88' lang='lat' dir='ltr'><strong>nomen</strong></span> <span class='ocrx_word' id='word_1_327' title='bbox 1415 4288 1656 4341; x_wconf 88' lang='lat' dir='ltr'><strong>invenire</strong></span> <span class='ocrx_word' id='word_1_328' title='bbox 1683 4287 1874 4357; x_wconf 90' lang='lat' dir='ltr'><strong>potuit,</strong></span> 
     </span>
    </p>
   </div>
   <div class='ocr_carea' id='block_1_45' title="bbox 294 4379 1878 4450">
    <p class='ocr_par' dir='ltr' id='par_1_45' title="bbox 294 4379 1878 4450">
     <span class='ocr_line' id='line_1_45' title="bbox 294 4379 1878 4450; baseline -0.003 -12"><span class='ocrx_word' id='word_1_329' title='bbox 294 4383 364 4438; x_wconf 88' lang='lat' dir='ltr'><strong>ad</strong></span> <span class='ocrx_word' id='word_1_330' title='bbox 395 4381 670 4437; x_wconf 88' lang='lat' dir='ltr'><strong>Christum</strong></span> <span class='ocrx_word' id='word_1_331' title='bbox 710 4393 976 4450; x_wconf 73' lang='lat' dir='ltr'><strong>perversm</strong></span> <span class='ocrx_word' id='word_1_332' title='bbox 1020 4380 1485 4448; x_wconf 86' lang='lat' dir='ltr'><strong>interpretationis</strong></span> <span class='ocrx_word' id='word_1_333' title='bbox 1534 4379 1743 4434; x_wconf 87' lang='lat' dir='ltr'><strong>calamo</strong></span> <span class='ocrx_word' id='word_1_334' title='bbox 1792 4393 1878 4434; x_wconf 90' lang='lat' dir='ltr'><strong>re-</strong></span> 
     </span>
    </p>
   </div>
   <div class='ocr_carea' id='block_1_46' title="bbox 297 4469 1878 4539">
    <p class='ocr_par' dir='ltr' id='par_1_46' title="bbox 297 4469 1878 4539">
     <span class='ocr_line' id='line_1_46' title="bbox 297 4469 1878 4539; baseline -0.001 -11"><span class='ocrx_word' id='word_1_335' title='bbox 297 4473 444 4528; x_wconf 81' lang='lat' dir='ltr'><strong>ferre</strong></span> <span class='ocrx_word' id='word_1_336' title='bbox 490 4475 725 4539; x_wconf 87' lang='lat' dir='ltr'><strong>conaris,</strong></span> <span class='ocrx_word' id='word_1_337' title='bbox 754 4471 918 4527; x_wconf 85' lang='lat' dir='ltr'><strong>veluti</strong></span> <span class='ocrx_word' id='word_1_338' title='bbox 968 4473 1024 4526; x_wconf 88' lang='lat' dir='ltr'><strong>in</strong></span> <span class='ocrx_word' id='word_1_339' title='bbox 1061 4469 1268 4526; x_wconf 91' lang='lat' dir='ltr'><strong>duobus</strong></span> <span class='ocrx_word' id='word_1_340' title='bbox 1313 4479 1620 4526; x_wconf 89' lang='lat' dir='ltr'><strong>sanctorum</strong></span> <span class='ocrx_word' id='word_1_341' title='bbox 1656 4472 1878 4527; x_wconf 87' lang='lat' dir='ltr'><strong>Patrum</strong></span> 
     </span>
    </p>
   </div>
   <div class='ocr_carea' id='block_1_47' title="bbox 1967 597 3547 670">
    <p class='ocr_par' dir='ltr' id='par_1_47' title="bbox 1967 597 3547 670">
     <span class='ocr_line' id='line_1_47' title="bbox 1967 597 3547 670; baseline 0.005 -20"><span class='ocrx_word' id='word_1_342' title='bbox 1967 611 2068 651; x_wconf 87' lang='lat' dir='ltr'><strong>nec</strong></span> <span class='ocrx_word' id='word_1_343' title='bbox 2097 597 2300 666; x_wconf 88' lang='lat' dir='ltr'><strong>aliquid</strong></span> <span class='ocrx_word' id='word_1_344' title='bbox 2331 598 2403 652; x_wconf 87' lang='lat' dir='ltr'><strong>ibi</strong></span> <span class='ocrx_word' id='word_1_345' title='bbox 2431 601 2496 654; x_wconf 88' lang='lat' dir='ltr'><strong>de</strong></span> <span class='ocrx_word' id='word_1_346' title='bbox 2528 600 2931 670; x_wconf 86' lang='lat' dir='ltr'><strong>incomparabili</strong></span> <span class='ocrx_word' id='word_1_347' title='bbox 2968 610 3022 656; x_wconf 89' lang='lat' dir='ltr'><strong>et</strong></span> <span class='ocrx_word' id='word_1_348' title='bbox 3047 599 3304 656; x_wconf 87' lang='lat' dir='ltr'><strong>inell&#39;abili</strong></span> <span class='ocrx_word' id='word_1_349' title='bbox 3349 601 3547 658; x_wconf 87' lang='lat' dir='ltr'><strong>huma-</strong></span> 
     </span>
    </p>
   </div>
   <div class='ocr_carea' id='block_1_48' title="bbox 1968 687 3546 762">
    <p class='ocr_par' dir='ltr' id='par_1_48' title="bbox 1968 687 3546 762">
     <span class='ocr_line' id='line_1_48' title="bbox 1968 687 3546 762; baseline 0.004 -20"><span class='ocrx_word' id='word_1_350' title='bbox 1968 689 2153 743; x_wconf 85' lang='lat' dir='ltr'><strong>nitatis</strong></span> <span class='ocrx_word' id='word_1_351' title='bbox 2179 687 2380 743; x_wconf 86' lang='lat' dir='ltr'><strong>Christi</strong></span> <span class='ocrx_word' id='word_1_352' title='bbox 2415 691 2693 746; x_wconf 86' lang='lat' dir='ltr'><strong>nativitate</strong></span> <span class='ocrx_word' id='word_1_353' title='bbox 2724 693 3004 762; x_wconf 80' lang='lat' dir='ltr'><strong>proferens</strong></span> <span class='ocrx_word' id='word_1_354' title='bbox 3035 711 3046 747; x_wconf 90' lang='lat'><strong>:</strong></span> <span class='ocrx_word' id='word_1_355' title='bbox 3077 693 3169 748; x_wconf 90' lang='lat' dir='ltr'><strong>sed</strong></span> <span class='ocrx_word' id='word_1_356' title='bbox 3193 701 3255 749; x_wconf 92' lang='lat' dir='ltr'><strong>ut</strong></span> <span class='ocrx_word' id='word_1_357' title='bbox 3287 691 3402 748; x_wconf 83' lang='lat' dir='ltr'><strong>Arii</strong></span> <span class='ocrx_word' id='word_1_358' title='bbox 3441 695 3546 748; x_wconf 90' lang='lat' dir='ltr'><strong>im-</strong></span> 
     </span>
    </p>
   </div>
   <div class='ocr_carea' id='block_1_49' title="bbox 1966 781 3550 858">
    <p class='ocr_par' dir='ltr' id='par_1_49' title="bbox 1966 781 3550 858">
     <span class='ocr_line' id='line_1_49' title="bbox 1966 781 3550 858; baseline 0.005 -24"><span class='ocrx_word' id='word_1_359' title='bbox 1966 781 2111 850; x_wconf 88' lang='lat' dir='ltr'><strong>piam</strong></span> <span class='ocrx_word' id='word_1_360' title='bbox 2162 783 2462 837; x_wconf 86' lang='lat' dir='ltr'><strong>destrueret</strong></span> <span class='ocrx_word' id='word_1_361' title='bbox 2503 783 2804 839; x_wconf 87' lang='lat' dir='ltr'><strong>doctrinam</strong></span> <span class='ocrx_word' id='word_1_362' title='bbox 2830 826 2844 851; x_wconf 92' lang='lat'><strong>,</strong></span> <span class='ocrx_word' id='word_1_363' title='bbox 2891 787 3006 843; x_wconf 69' lang='lat' dir='ltr'><strong>llch</strong></span> <span class='ocrx_word' id='word_1_364' title='bbox 3053 785 3170 842; x_wconf 91' lang='lat' dir='ltr'><strong>loco</strong></span> <span class='ocrx_word' id='word_1_365' title='bbox 3221 787 3550 858; x_wconf 87' lang='lat' dir='ltr'><strong>competenti</strong></span> 
     </span>
    </p>
   </div>
   <div class='ocr_carea' id='block_1_50' title="bbox 1969 875 3551 947">
    <p class='ocr_par' dir='ltr' id='par_1_50' title="bbox 1969 875 3551 947">
     <span class='ocr_line' id='line_1_50' title="bbox 1969 875 3551 947; baseline 0.006 -19"><span class='ocrx_word' id='word_1_366' title='bbox 1969 889 2188 928; x_wconf 87' lang='lat' dir='ltr'><strong>suarum</strong></span> <span class='ocrx_word' id='word_1_367' title='bbox 2235 876 2374 929; x_wconf 89' lang='lat' dir='ltr'><strong>serie</strong></span> <span class='ocrx_word' id='word_1_368' title='bbox 2405 875 2707 930; x_wconf 88' lang='lat' dir='ltr'><strong>litterarum</strong></span> <span class='ocrx_word' id='word_1_369' title='bbox 2744 877 2974 933; x_wconf 88' lang='lat' dir='ltr'><strong>inseruit</strong></span> <span class='ocrx_word' id='word_1_370' title='bbox 3009 881 3195 934; x_wconf 87' lang='lat' dir='ltr'><strong>verba.</strong></span> <span class='ocrx_word' id='word_1_371' title='bbox 3237 879 3389 947; x_wconf 91' lang='lat' dir='ltr'><strong>Quod</strong></span> <span class='ocrx_word' id='word_1_372' title='bbox 3420 895 3551 939; x_wconf 83' lang='lat' dir='ltr'><strong>vero</strong></span> 
     </span>
    </p>
   </div>
   <div class='ocr_carea' id='block_1_51' title="bbox 1969 965 3554 1043">
    <p class='ocr_par' dir='ltr' id='par_1_51' title="bbox 1969 965 3554 1043">
     <span class='ocr_line' id='line_1_51' title="bbox 1969 965 3554 1043; baseline 0.004 -22"><span class='ocrx_word' id='word_1_373' title='bbox 1969 966 2036 1021; x_wconf 91' lang='lat' dir='ltr'><strong>de</strong></span> <span class='ocrx_word' id='word_1_374' title='bbox 2083 967 2316 1036; x_wconf 87' lang='lat' dir='ltr'><strong>quadam</strong></span> <span class='ocrx_word' id='word_1_375' title='bbox 2367 965 2582 1022; x_wconf 86' lang='lat' dir='ltr'><strong>homilia</strong></span> <span class='ocrx_word' id='word_1_376' title='bbox 2621 969 2790 1022; x_wconf 87' lang='lat' dir='ltr'><strong>sancti</strong></span> <span class='ocrx_word' id='word_1_377' title='bbox 2837 969 3120 1041; x_wconf 83' lang='lat' dir='ltr'><strong>Augustini</strong></span> <span class='ocrx_word' id='word_1_378' title='bbox 3169 971 3407 1028; x_wconf 88' lang='lat' dir='ltr'><strong>doctoris</strong></span> <span class='ocrx_word' id='word_1_379' title='bbox 3455 985 3554 1043; x_wconf 87' lang='lat' dir='ltr'><strong>per</strong></span> 
     </span>
    </p>
   </div>
   <div class='ocr_carea' id='block_1_52' title="bbox 1969 1059 3552 1130">
    <p class='ocr_par' dir='ltr' id='par_1_52' title="bbox 1969 1059 3552 1130">
     <span class='ocr_line' id='line_1_52' title="bbox 1969 1059 3552 1130; baseline 0.005 -19"><span class='ocrx_word' id='word_1_380' title='bbox 1969 1059 2150 1112; x_wconf 87' lang='lat' dir='ltr'><strong>omnia</strong></span> <span class='ocrx_word' id='word_1_381' title='bbox 2201 1060 2452 1113; x_wconf 89' lang='lat' dir='ltr'><strong>catholici</strong></span> <span class='ocrx_word' id='word_1_382' title='bbox 2498 1068 2552 1114; x_wconf 89' lang='lat' dir='ltr'><strong>et</strong></span> <span class='ocrx_word' id='word_1_383' title='bbox 2589 1061 2885 1116; x_wconf 88' lang='lat' dir='ltr'><strong>acutissimi</strong></span> <span class='ocrx_word' id='word_1_384' title='bbox 2937 1076 3146 1130; x_wconf 88' lang='lat' dir='ltr'><strong>sensus,</strong></span> <span class='ocrx_word' id='word_1_385' title='bbox 3197 1071 3252 1119; x_wconf 89' lang='lat' dir='ltr'><strong>et</strong></span> <span class='ocrx_word' id='word_1_386' title='bbox 3299 1065 3552 1120; x_wconf 88' lang='lat' dir='ltr'><strong>acerrimi</strong></span> 
     </span>
    </p>
   </div>
   <div class='ocr_carea' id='block_1_53' title="bbox 1970 1152 3554 1226">
    <p class='ocr_par' dir='ltr' id='par_1_53' title="bbox 1970 1152 3554 1226">
     <span class='ocr_line' id='line_1_53' title="bbox 1970 1152 3554 1226; baseline 0.006 -23"><span class='ocrx_word' id='word_1_387' title='bbox 1970 1158 2157 1214; x_wconf 87' lang='lat' dir='ltr'><strong>contra</strong></span> <span class='ocrx_word' id='word_1_388' title='bbox 2207 1152 2492 1206; x_wconf 64' lang='lat' dir='ltr'><strong>haereticus</strong></span> <span class='ocrx_word' id='word_1_389' title='bbox 2533 1155 2827 1222; x_wconf 85' lang='lat' dir='ltr'><strong>pravitates</strong></span> <span class='ocrx_word' id='word_1_390' title='bbox 2861 1154 3140 1210; x_wconf 88' lang='lat' dir='ltr'><strong>bellatoris</strong></span> <span class='ocrx_word' id='word_1_391' title='bbox 3173 1157 3422 1226; x_wconf 88' lang='lat' dir='ltr'><strong>posuisti,</strong></span> <span class='ocrx_word' id='word_1_392' title='bbox 3472 1157 3554 1212; x_wconf 87' lang='lat' dir='ltr'><strong>di-</strong></span> 
     </span>
    </p>
   </div>
   <div class='ocr_carea' id='block_1_54' title="bbox 1970 1243 3548 1318">
    <p class='ocr_par' dir='ltr' id='par_1_54' title="bbox 1970 1243 3548 1318">
     <span class='ocr_line' id='line_1_54' title="bbox 1970 1243 3548 1318; baseline 0.003 -20"><span class='ocrx_word' id='word_1_393' title='bbox 1970 1259 2098 1298; x_wconf 89' lang='lat' dir='ltr'><strong>cens</strong></span> <span class='ocrx_word' id='word_1_394' title='bbox 2123 1261 2133 1296; x_wconf 91' lang='lat'><strong>:</strong></span> <span class='ocrx_word' id='word_1_395' title='bbox 2163 1262 2180 1293; x_wconf 78' lang='grc'><strong>(</strong></span> <span class='ocrx_word' id='word_1_396' title='bbox 2211 1243 2515 1303; x_wconf 86' lang='lat' dir='ltr'><strong>Secundum</strong></span> <span class='ocrx_word' id='word_1_397' title='bbox 2544 1246 2933 1300; x_wconf 86' lang='lat' dir='ltr'><strong>immanitatem</strong></span> <span class='ocrx_word' id='word_1_398' title='bbox 2955 1247 3106 1312; x_wconf 90' lang='lat' dir='ltr'><strong>dicit,</strong></span> <span class='ocrx_word' id='word_1_399' title='bbox 3135 1247 3295 1303; x_wconf 91' lang='lat' dir='ltr'><strong>homo</strong></span> <span class='ocrx_word' id='word_1_400' title='bbox 3323 1249 3548 1318; x_wconf 88' lang='lat' dir='ltr'><strong>adopta-</strong></span> 
     </span>
    </p>
   </div>
   <div class='ocr_carea' id='block_1_55' title="bbox 1971 1337 3552 1409">
    <p class='ocr_par' dir='ltr' id='par_1_55' title="bbox 1971 1337 3552 1409">
     <span class='ocr_line' id='line_1_55' title="bbox 1971 1337 3552 1409; baseline 0.003 -17"><span class='ocrx_word' id='word_1_401' title='bbox 1971 1347 2079 1402; x_wconf 89' lang='lat' dir='ltr'><strong>tus,</strong></span> <span class='ocrx_word' id='word_1_402' title='bbox 2109 1337 2262 1406; x_wconf 88' lang='lat' dir='ltr'><strong>cujus</strong></span> <span class='ocrx_word' id='word_1_403' title='bbox 2308 1339 2532 1408; x_wconf 79' lang='lat' dir='ltr'><strong>gloriam</strong></span> <span class='ocrx_word' id='word_1_404' title='bbox 2572 1340 2844 1408; x_wconf 68' lang='lat' dir='ltr'><strong>quazsivit,</strong></span> <span class='ocrx_word' id='word_1_405' title='bbox 2873 1341 2962 1409; x_wconf 87' lang='lat' dir='ltr'><strong>qui</strong></span> <span class='ocrx_word' id='word_1_406' title='bbox 2999 1347 3082 1394; x_wconf 91' lang='lat' dir='ltr'><strong>est</strong></span> <span class='ocrx_word' id='word_1_407' title='bbox 3130 1339 3198 1394; x_wconf 89' lang='lat' dir='ltr'><strong>ab</strong></span> <span class='ocrx_word' id='word_1_408' title='bbox 3237 1341 3325 1395; x_wconf 83' lang='lat' dir='ltr'><strong>illo</strong></span> <span class='ocrx_word' id='word_1_409' title='bbox 3360 1342 3552 1396; x_wconf 88' lang='lat' dir='ltr'><strong>unicus</strong></span> 
     </span>
    </p>
   </div>
   <div class='ocr_carea' id='block_1_56' title="bbox 1969 1431 3554 1503">
    <p class='ocr_par' dir='ltr' id='par_1_56' title="bbox 1969 1431 3554 1503">
     <span class='ocr_line' id='line_1_56' title="bbox 1969 1431 3554 1503; baseline 0.002 -19"><span class='ocrx_word' id='word_1_410' title='bbox 1969 1437 2150 1484; x_wconf 89' lang='lat' dir='ltr'><strong>natus.</strong></span> <span class='ocrx_word' id='word_1_411' title='bbox 2189 1451 2207 1482; x_wconf 76' lang='grc' dir='ltr'><strong>ι</strong></span> <span class='ocrx_word' id='word_1_412' title='bbox 2244 1431 2374 1495; x_wconf 69' lang='lat' dir='ltr'><strong>Quze</strong></span> <span class='ocrx_word' id='word_1_413' title='bbox 2398 1431 2559 1485; x_wconf 88' lang='lat' dir='ltr'><strong>verba</strong></span> <span class='ocrx_word' id='word_1_414' title='bbox 2585 1432 2650 1486; x_wconf 90' lang='lat' dir='ltr'><strong>de</strong></span> <span class='ocrx_word' id='word_1_415' title='bbox 2680 1433 2886 1486; x_wconf 89' lang='lat' dir='ltr'><strong>duabus</strong></span> <span class='ocrx_word' id='word_1_416' title='bbox 2907 1431 3110 1487; x_wconf 87' lang='lat' dir='ltr'><strong>Christi</strong></span> <span class='ocrx_word' id='word_1_417' title='bbox 3139 1433 3372 1497; x_wconf 88' lang='lat' dir='ltr'><strong>naturis,</strong></span> <span class='ocrx_word' id='word_1_418' title='bbox 3399 1433 3554 1503; x_wconf 86' lang='lat' dir='ltr'><strong>quasi</strong></span> 
     </span>
    </p>
   </div>
   <div class='ocr_carea' id='block_1_57' title="bbox 1969 1520 3553 1592">
    <p class='ocr_par' dir='ltr' id='par_1_57' title="bbox 1969 1520 3553 1592">
     <span class='ocr_line' id='line_1_57' title="bbox 1969 1520 3553 1592; baseline 0.002 -17"><span class='ocrx_word' id='word_1_419' title='bbox 1969 1520 2060 1577; x_wconf 87' lang='lat' dir='ltr'><strong>ille</strong></span> <span class='ocrx_word' id='word_1_420' title='bbox 2088 1521 2158 1575; x_wconf 89' lang='lat' dir='ltr'><strong>sit</strong></span> <span class='ocrx_word' id='word_1_421' title='bbox 2180 1522 2484 1592; x_wconf 86' lang='lat' dir='ltr'><strong>adoptatus,</strong></span> <span class='ocrx_word' id='word_1_422' title='bbox 2509 1530 2564 1575; x_wconf 88' lang='lat' dir='ltr'><strong>et</strong></span> <span class='ocrx_word' id='word_1_423' title='bbox 2589 1523 2778 1577; x_wconf 87' lang='lat' dir='ltr'><strong>unicus</strong></span> <span class='ocrx_word' id='word_1_424' title='bbox 2805 1528 2982 1588; x_wconf 90' lang='lat' dir='ltr'><strong>natus,</strong></span> <span class='ocrx_word' id='word_1_425' title='bbox 3011 1537 3135 1576; x_wconf 88' lang='lat' dir='ltr'><strong>eum</strong></span> <span class='ocrx_word' id='word_1_426' title='bbox 3163 1521 3363 1577; x_wconf 84' lang='lat' dir='ltr'><strong>dixisse</strong></span> <span class='ocrx_word' id='word_1_427' title='bbox 3388 1522 3553 1592; x_wconf 88' lang='lat' dir='ltr'><strong>impia</strong></span> 
     </span>
    </p>
   </div>
   <div class='ocr_carea' id='block_1_58' title="bbox 1970 1610 3552 1682">
    <p class='ocr_par' dir='ltr' id='par_1_58' title="bbox 1970 1610 3552 1682">
     <span class='ocr_line' id='line_1_58' title="bbox 1970 1610 3552 1682; baseline 0.002 -18"><span class='ocrx_word' id='word_1_428' title='bbox 1970 1610 2412 1680; x_wconf 87' lang='lat' dir='ltr'><strong>interpretatione</strong></span> <span class='ocrx_word' id='word_1_429' title='bbox 2436 1613 2752 1666; x_wconf 84' lang='lat' dir='ltr'><strong>arbitraris:</strong></span> <span class='ocrx_word' id='word_1_430' title='bbox 2775 1614 2918 1682; x_wconf 89' lang='lat' dir='ltr'><strong>quod</strong></span> <span class='ocrx_word' id='word_1_431' title='bbox 2949 1614 3172 1668; x_wconf 90' lang='lat' dir='ltr'><strong>omnino</strong></span> <span class='ocrx_word' id='word_1_432' title='bbox 3201 1612 3400 1668; x_wconf 83' lang='lat' dir='ltr'><strong>falsum</strong></span> <span class='ocrx_word' id='word_1_433' title='bbox 3427 1625 3552 1669; x_wconf 88' lang='lat' dir='ltr'><strong>esse</strong></span> 
     </span>
    </p>
   </div>
   <div class='ocr_carea' id='block_1_59' title="bbox 1970 1703 3551 1774">
    <p class='ocr_par' dir='ltr' id='par_1_59' title="bbox 1970 1703 3551 1774">
     <span class='ocr_line' id='line_1_59' title="bbox 1970 1703 3551 1774; baseline 0.003 -18"><span class='ocrx_word' id='word_1_434' title='bbox 1970 1717 2036 1756; x_wconf 80' lang='lat' dir='ltr'><strong>ex</strong></span> <span class='ocrx_word' id='word_1_435' title='bbox 2067 1705 2498 1759; x_wconf 82' lang='lat' dir='ltr'><strong>antecedentium</strong></span> <span class='ocrx_word' id='word_1_436' title='bbox 2528 1705 2770 1774; x_wconf 84' lang='lat' dir='ltr'><strong>ejusdem</strong></span> <span class='ocrx_word' id='word_1_437' title='bbox 2809 1703 2912 1760; x_wconf 89' lang='lat' dir='ltr'><strong>loci</strong></span> <span class='ocrx_word' id='word_1_438' title='bbox 2949 1706 3225 1760; x_wconf 89' lang='lat' dir='ltr'><strong>intellectu</strong></span> <span class='ocrx_word' id='word_1_439' title='bbox 3259 1707 3551 1762; x_wconf 85' lang='lat' dir='ltr'><strong>verborum</strong></span> 
     </span>
    </p>
   </div>
   <div class='ocr_carea' id='block_1_60' title="bbox 1969 1795 3559 1864">
    <p class='ocr_par' dir='ltr' id='par_1_60' title="bbox 1969 1795 3559 1864">
     <span class='ocr_line' id='line_1_60' title="bbox 1969 1795 3559 1864; baseline 0.003 -17"><span class='ocrx_word' id='word_1_440' title='bbox 1969 1795 2188 1863; x_wconf 88' lang='lat' dir='ltr'><strong>probari</strong></span> <span class='ocrx_word' id='word_1_441' title='bbox 2221 1803 2418 1864; x_wconf 88' lang='lat' dir='ltr'><strong>potest.</strong></span> <span class='ocrx_word' id='word_1_442' title='bbox 2451 1795 2598 1850; x_wconf 87' lang='lat' dir='ltr'><strong>inter</strong></span> <span class='ocrx_word' id='word_1_443' title='bbox 2619 1796 2788 1850; x_wconf 90' lang='lat' dir='ltr'><strong>multa</strong></span> <span class='ocrx_word' id='word_1_444' title='bbox 2814 1811 2942 1850; x_wconf 86' lang='lat' dir='ltr'><strong>vero</strong></span> <span class='ocrx_word' id='word_1_445' title='bbox 2968 1811 3139 1852; x_wconf 65' lang='lat' dir='ltr'><strong>sacrae</strong></span> <span class='ocrx_word' id='word_1_446' title='bbox 3164 1798 3559 1853; x_wconf 85' lang='lat' dir='ltr'><strong>exhortationis</strong></span> 
     </span>
    </p>
   </div>
   <div class='ocr_carea' id='block_1_61' title="bbox 1973 1887 3558 1958">
    <p class='ocr_par' dir='ltr' id='par_1_61' title="bbox 1973 1887 3558 1958">
     <span class='ocr_line' id='line_1_61' title="bbox 1973 1887 3558 1958; baseline 0.005 -19"><span class='ocrx_word' id='word_1_447' title='bbox 1973 1888 2156 1950; x_wconf 88' lang='lat' dir='ltr'><strong>verba,</strong></span> <span class='ocrx_word' id='word_1_448' title='bbox 2204 1903 2324 1956; x_wconf 73' lang='lat' dir='ltr'><strong>qua:</strong></span> <span class='ocrx_word' id='word_1_449' title='bbox 2381 1888 2446 1942; x_wconf 91' lang='lat' dir='ltr'><strong>de</strong></span> <span class='ocrx_word' id='word_1_450' title='bbox 2497 1903 2748 1943; x_wconf 87' lang='lat' dir='ltr'><strong>sermone</strong></span> <span class='ocrx_word' id='word_1_451' title='bbox 2797 1891 3025 1946; x_wconf 86' lang='lat' dir='ltr'><strong>dicentis</strong></span> <span class='ocrx_word' id='word_1_452' title='bbox 3073 1887 3328 1948; x_wconf 87' lang='lat' dir='ltr'><strong>Domini:</strong></span> <span class='ocrx_word' id='word_1_453' title='bbox 3373 1893 3478 1958; x_wconf 74' lang='lat' dir='ltr'><strong>Qui</strong></span> <span class='ocrx_word' id='word_1_454' title='bbox 3525 1910 3558 1947; x_wconf 89' lang='lat' dir='ltr'><strong>a</strong></span> 
     </span>
    </p>
   </div>
   <div class='ocr_carea' id='block_1_62' title="bbox 1971 1981 3555 2058">
    <p class='ocr_par' dir='ltr' id='par_1_62' title="bbox 1971 1981 3555 2058">
     <span class='ocr_line' id='line_1_62' title="bbox 1971 1981 3555 2058; baseline 0.003 -24"><span class='ocrx_word' id='word_1_455' title='bbox 1971 1981 2242 2050; x_wconf 77' lang='lat' dir='ltr'><strong>sentetipso</strong></span> <span class='ocrx_word' id='word_1_456' title='bbox 2285 1981 2538 2052; x_wconf 82' lang='lat' dir='ltr'><strong>loquitur,</strong></span> <span class='ocrx_word' id='word_1_457' title='bbox 2580 1983 2806 2051; x_wconf 83' lang='lat' dir='ltr'><strong>gloriam</strong></span> <span class='ocrx_word' id='word_1_458' title='bbox 2851 1986 3118 2054; x_wconf 85' lang='lat' dir='ltr'><strong>propriam</strong></span> <span class='ocrx_word' id='word_1_459' title='bbox 3146 1987 3332 2056; x_wconf 75' lang='lat' dir='ltr'><strong>quau-it</strong></span> <span class='ocrx_word' id='word_1_460' title='bbox 3371 1983 3555 2058; x_wconf 61' lang='lat' dir='ltr'><strong>(locu.</strong></span> 
     </span>
    </p>
   </div>
   <div class='ocr_carea' id='block_1_63' title="bbox 1972 2073 3558 2158">
    <p class='ocr_par' dir='ltr' id='par_1_63' title="bbox 1972 2073 3558 2158">
     <span class='ocr_line' id='line_1_63' title="bbox 1972 2073 3558 2158; baseline 0.006 -32"><span class='ocrx_word' id='word_1_461' title='bbox 1972 2089 2070 2138; x_wconf 87' lang='lat' dir='ltr'><strong>vu,</strong></span> <span class='ocrx_word' id='word_1_462' title='bbox 2097 2073 2209 2144; x_wconf 85' lang='lat' dir='ltr'><strong>l8),</strong></span> <span class='ocrx_word' id='word_1_463' title='bbox 2237 2075 2428 2158; x_wconf 88' lang='lat' dir='ltr'><strong>beatus</strong></span> <span class='ocrx_word' id='word_1_464' title='bbox 2454 2075 2787 2146; x_wconf 83' lang='lat' dir='ltr'><strong>Augustinus</strong></span> <span class='ocrx_word' id='word_1_465' title='bbox 2819 2081 3144 2147; x_wconf 89' lang='lat' dir='ltr'><strong>composuit,</strong></span> <span class='ocrx_word' id='word_1_466' title='bbox 3176 2079 3293 2135; x_wconf 60' lang='lat' dir='ltr'><strong>hate</strong></span> <span class='ocrx_word' id='word_1_467' title='bbox 3317 2081 3419 2150; x_wconf 67' lang='lat' dir='ltr'><strong>piae</strong></span> <span class='ocrx_word' id='word_1_468' title='bbox 3461 2079 3558 2136; x_wconf 87' lang='lat' dir='ltr'><strong>ad-</strong></span> 
     </span>
    </p>
   </div>
   <div class='ocr_carea' id='block_1_64' title="bbox 1972 2165 3561 2240">
    <p class='ocr_par' dir='ltr' id='par_1_64' title="bbox 1972 2165 3561 2240">
     <span class='ocr_line' id='line_1_64' title="bbox 1972 2165 3561 2240; baseline 0.006 -21"><span class='ocrx_word' id='word_1_469' title='bbox 1972 2165 2283 2220; x_wconf 85' lang='lat' dir='ltr'><strong>monitionis</strong></span> <span class='ocrx_word' id='word_1_470' title='bbox 2311 2169 2474 2220; x_wconf 89' lang='lat' dir='ltr'><strong>verba</strong></span> <span class='ocrx_word' id='word_1_471' title='bbox 2524 2167 2798 2235; x_wconf 71' lang='lat' dir='ltr'><strong>subiunxit</strong></span> <span class='ocrx_word' id='word_1_472' title='bbox 2826 2169 2853 2210; x_wconf 73' lang='grc' dir='ltr'>δ</span> <span class='ocrx_word' id='word_1_473' title='bbox 2885 2187 2897 2224; x_wconf 90' lang='lat'><strong>:</strong></span> <span class='ocrx_word' id='word_1_474' title='bbox 2936 2188 2956 2221; x_wconf 67' lang='grc' dir='ltr'>ι</span> <span class='ocrx_word' id='word_1_475' title='bbox 2989 2171 3126 2238; x_wconf 83' lang='lat' dir='ltr'><strong>Quid</strong></span> <span class='ocrx_word' id='word_1_476' title='bbox 3157 2181 3213 2227; x_wconf 90' lang='lat' dir='ltr'><strong>tu</strong></span> <span class='ocrx_word' id='word_1_477' title='bbox 3245 2173 3429 2240; x_wconf 90' lang='lat' dir='ltr'><strong>homo,</strong></span> <span class='ocrx_word' id='word_1_478' title='bbox 3471 2173 3561 2227; x_wconf 82' lang='lat' dir='ltr'><strong>in-</strong></span> 
     </span>
    </p>
   </div>
   <div class='ocr_carea' id='block_1_65' title="bbox 1973 2258 3599 2334">
    <p class='ocr_par' dir='ltr' id='par_1_65' title="bbox 1973 2258 3599 2334">
     <span class='ocr_line' id='line_1_65' title="bbox 1973 2258 3599 2334; baseline 0.007 -24"><span class='ocrx_word' id='word_1_479' title='bbox 1973 2259 2109 2327; x_wconf 86' lang='lat' dir='ltr'><strong>quit,</strong></span> <span class='ocrx_word' id='word_1_480' title='bbox 2157 2258 2337 2313; x_wconf 84' lang='lat' dir='ltr'><strong>facerc</strong></span> <span class='ocrx_word' id='word_1_481' title='bbox 2387 2259 2584 2321; x_wconf 88' lang='lat' dir='ltr'><strong>debes;</strong></span> <span class='ocrx_word' id='word_1_482' title='bbox 2620 2263 2710 2330; x_wconf 88' lang='lat' dir='ltr'><strong>qui</strong></span> <span class='ocrx_word' id='word_1_483' title='bbox 2755 2265 2974 2331; x_wconf 83' lang='lat' dir='ltr'><strong>quando</strong></span> <span class='ocrx_word' id='word_1_484' title='bbox 3022 2264 3221 2334; x_wconf 85' lang='lat' dir='ltr'><strong>aliquid</strong></span> <span class='ocrx_word' id='word_1_485' title='bbox 3249 2265 3374 2320; x_wconf 75' lang='lat' dir='ltr'><strong>boni</strong></span> <span class='ocrx_word' id='word_1_486' title='bbox 3403 2264 3599 2332; x_wconf 44' lang='lat' dir='ltr'><strong>facit!“</strong></span> 
     </span>
    </p>
   </div>
   <div class='ocr_carea' id='block_1_66' title="bbox 1973 2349 3561 2426">
    <p class='ocr_par' dir='ltr' id='par_1_66' title="bbox 1973 2349 3561 2426">
     <span class='ocr_line' id='line_1_66' title="bbox 1973 2349 3561 2426; baseline 0.006 -24"><span class='ocrx_word' id='word_1_487' title='bbox 1973 2349 2198 2419; x_wconf 84' lang='lat' dir='ltr'><strong>gloriam</strong></span> <span class='ocrx_word' id='word_1_488' title='bbox 2233 2357 2380 2404; x_wconf 89' lang='lat' dir='ltr'><strong>tuam</strong></span> <span class='ocrx_word' id='word_1_489' title='bbox 2412 2353 2640 2421; x_wconf 67' lang='lat' dir='ltr'><strong>quaeris;</strong></span> <span class='ocrx_word' id='word_1_490' title='bbox 2693 2355 2911 2423; x_wconf 87' lang='lat' dir='ltr'><strong>quando</strong></span> <span class='ocrx_word' id='word_1_491' title='bbox 2961 2363 3140 2410; x_wconf 86' lang='lat' dir='ltr'><strong>autem</strong></span> <span class='ocrx_word' id='word_1_492' title='bbox 3188 2356 3390 2426; x_wconf 83' lang='lat' dir='ltr'><strong>aliquid</strong></span> <span class='ocrx_word' id='word_1_493' title='bbox 3435 2355 3561 2412; x_wconf 87' lang='lat' dir='ltr'><strong>mali</strong></span> 
     </span>
    </p>
   </div>
   <div class='ocr_carea' id='block_1_67' title="bbox 1973 2441 3562 2520">
    <p class='ocr_par' dir='ltr' id='par_1_67' title="bbox 1973 2441 3562 2520">
     <span class='ocr_line' id='line_1_67' title="bbox 1973 2441 3562 2520; baseline 0.006 -25"><span class='ocrx_word' id='word_1_494' title='bbox 1973 2441 2125 2507; x_wconf 82' lang='lat' dir='ltr'><strong>facis,</strong></span> <span class='ocrx_word' id='word_1_495' title='bbox 2162 2443 2272 2497; x_wconf 87' lang='lat' dir='ltr'><strong>Deo</strong></span> <span class='ocrx_word' id='word_1_496' title='bbox 2300 2443 2625 2498; x_wconf 89' lang='lat' dir='ltr'><strong>calumniam</strong></span> <span class='ocrx_word' id='word_1_497' title='bbox 2655 2447 2970 2501; x_wconf 79' lang='lat' dir='ltr'><strong>meditaris?</strong></span> <span class='ocrx_word' id='word_1_498' title='bbox 2999 2449 3232 2503; x_wconf 83' lang='lat' dir='ltr'><strong>Attende</strong></span> <span class='ocrx_word' id='word_1_499' title='bbox 3259 2447 3441 2520; x_wconf 72' lang='lat' dir='ltr'><strong>[Ang.,</strong></span> <span class='ocrx_word' id='word_1_500' title='bbox 3472 2449 3562 2504; x_wconf 82' lang='lat' dir='ltr'><strong>ln-</strong></span> 
     </span>
    </p>
   </div>
   <div class='ocr_carea' id='block_1_68' title="bbox 1974 2534 3564 2609">
    <p class='ocr_par' dir='ltr' id='par_1_68' title="bbox 1974 2534 3564 2609">
     <span class='ocr_line' id='line_1_68' title="bbox 1974 2534 3564 2609; baseline 0.007 -22"><span class='ocrx_word' id='word_1_501' title='bbox 1974 2534 2158 2604; x_wconf 87' lang='lat' dir='ltr'><strong>tende]</strong></span> <span class='ocrx_word' id='word_1_502' title='bbox 2193 2535 2310 2599; x_wconf 90' lang='lat' dir='ltr'><strong>tibi,</strong></span> <span class='ocrx_word' id='word_1_503' title='bbox 2341 2543 2586 2590; x_wconf 89' lang='lat' dir='ltr'><strong>creatura</strong></span> <span class='ocrx_word' id='word_1_504' title='bbox 2613 2553 2692 2601; x_wconf 88' lang='lat' dir='ltr'><strong>es,</strong></span> <span class='ocrx_word' id='word_1_505' title='bbox 2722 2551 2953 2609; x_wconf 84' lang='lat' dir='ltr'><strong>agnosce</strong></span> <span class='ocrx_word' id='word_1_506' title='bbox 3000 2547 3334 2607; x_wconf 85' lang='lat' dir='ltr'><strong>creatorem;</strong></span> <span class='ocrx_word' id='word_1_507' title='bbox 3375 2551 3564 2598; x_wconf 81' lang='lat' dir='ltr'><strong>servus</strong></span> 
     </span>
    </p>
   </div>
   <div class='ocr_carea' id='block_1_69' title="bbox 1973 2629 3560 2703">
    <p class='ocr_par' dir='ltr' id='par_1_69' title="bbox 1973 2629 3560 2703">
     <span class='ocr_line' id='line_1_69' title="bbox 1973 2629 3560 2703; baseline 0.006 -25"><span class='ocrx_word' id='word_1_508' title='bbox 1973 2639 2056 2690; x_wconf 89' lang='lat' dir='ltr'><strong>es,</strong></span> <span class='ocrx_word' id='word_1_509' title='bbox 2089 2641 2153 2679; x_wconf 90' lang='lat' dir='ltr'><strong>nc</strong></span> <span class='ocrx_word' id='word_1_510' title='bbox 2179 2635 2494 2682; x_wconf 86' lang='lat' dir='ltr'><strong>contemnas</strong></span> <span class='ocrx_word' id='word_1_511' title='bbox 2522 2629 2839 2696; x_wconf 88' lang='lat' dir='ltr'><strong>Dominum;</strong></span> <span class='ocrx_word' id='word_1_512' title='bbox 2892 2632 3178 2703; x_wconf 87' lang='lat' dir='ltr'><strong>adoptatus</strong></span> <span class='ocrx_word' id='word_1_513' title='bbox 3223 2649 3303 2699; x_wconf 89' lang='lat' dir='ltr'><strong>es,</strong></span> <span class='ocrx_word' id='word_1_514' title='bbox 3331 2634 3424 2688; x_wconf 89' lang='lat' dir='ltr'><strong>sed</strong></span> <span class='ocrx_word' id='word_1_515' title='bbox 3453 2647 3560 2688; x_wconf 91' lang='lat' dir='ltr'><strong>non</strong></span> 
     </span>
    </p>
   </div>
   <div class='ocr_carea' id='block_1_70' title="bbox 1977 2719 3561 2794">
    <p class='ocr_par' dir='ltr' id='par_1_70' title="bbox 1977 2719 3561 2794">
     <span class='ocr_line' id='line_1_70' title="bbox 1977 2719 3561 2794; baseline 0.007 -25"><span class='ocrx_word' id='word_1_516' title='bbox 1977 2719 2080 2772; x_wconf 91' lang='lat' dir='ltr'><strong>tuis</strong></span> <span class='ocrx_word' id='word_1_517' title='bbox 2110 2719 2339 2772; x_wconf 86' lang='lat' dir='ltr'><strong>meritis.</strong></span> <span class='ocrx_word' id='word_1_518' title='bbox 2383 2719 2575 2786; x_wconf 66' lang='lat' dir='ltr'><strong>Quatre</strong></span> <span class='ocrx_word' id='word_1_519' title='bbox 2600 2721 2826 2790; x_wconf 81' lang='lat' dir='ltr'><strong>gloriam</strong></span> <span class='ocrx_word' id='word_1_520' title='bbox 2863 2723 2996 2792; x_wconf 86' lang='lat' dir='ltr'><strong>ejus,</strong></span> <span class='ocrx_word' id='word_1_521' title='bbox 3031 2740 3061 2778; x_wconf 88' lang='lat' dir='ltr'><strong>a</strong></span> <span class='ocrx_word' id='word_1_522' title='bbox 3093 2739 3199 2794; x_wconf 87' lang='lat' dir='ltr'><strong>quo</strong></span> <span class='ocrx_word' id='word_1_523' title='bbox 3226 2724 3392 2779; x_wconf 87' lang='lat' dir='ltr'><strong>habes</strong></span> <span class='ocrx_word' id='word_1_524' title='bbox 3418 2724 3561 2780; x_wconf 92' lang='lat' dir='ltr'><strong>hanc</strong></span> 
     </span>
    </p>
   </div>
   <div class='ocr_carea' id='block_1_71' title="bbox 1976 2812 3556 2884">
    <p class='ocr_par' dir='ltr' id='par_1_71' title="bbox 1976 2812 3556 2884">
     <span class='ocr_line' id='line_1_71' title="bbox 1976 2812 3556 2884; baseline 0.003 -20"><span class='ocrx_word' id='word_1_525' title='bbox 1976 2813 2204 2884; x_wconf 80' lang='lat' dir='ltr'><strong>gratiam</strong></span> <span class='ocrx_word' id='word_1_526' title='bbox 2257 2813 2417 2865; x_wconf 91' lang='lat' dir='ltr'><strong>homo</strong></span> <span class='ocrx_word' id='word_1_527' title='bbox 2463 2813 2770 2882; x_wconf 78' lang='lat' dir='ltr'><strong>adoptatus,</strong></span> <span class='ocrx_word' id='word_1_528' title='bbox 2823 2812 2975 2881; x_wconf 81' lang='lat' dir='ltr'><strong>cujus</strong></span> <span class='ocrx_word' id='word_1_529' title='bbox 3027 2814 3252 2884; x_wconf 85' lang='lat' dir='ltr'><strong>gloriam</strong></span> <span class='ocrx_word' id='word_1_530' title='bbox 3290 2815 3556 2884; x_wconf 61' lang='lat' dir='ltr'><strong>quaesivit,</strong></span> 
     </span>
    </p>
   </div>
   <div class='ocr_carea' id='block_1_72' title="bbox 1976 2901 3560 2975">
    <p class='ocr_par' dir='ltr' id='par_1_72' title="bbox 1976 2901 3560 2975">
     <span class='ocr_line' id='line_1_72' title="bbox 1976 2901 3560 2975; baseline 0.003 -19"><span class='ocrx_word' id='word_1_531' title='bbox 1976 2905 2067 2975; x_wconf 89' lang='lat' dir='ltr'><strong>qui</strong></span> <span class='ocrx_word' id='word_1_532' title='bbox 2097 2912 2176 2958; x_wconf 91' lang='lat' dir='ltr'><strong>est</strong></span> <span class='ocrx_word' id='word_1_533' title='bbox 2208 2903 2390 2956; x_wconf 90' lang='lat' dir='ltr'><strong>abillo</strong></span> <span class='ocrx_word' id='word_1_534' title='bbox 2420 2905 2611 2958; x_wconf 90' lang='lat' dir='ltr'><strong>unicus</strong></span> <span class='ocrx_word' id='word_1_535' title='bbox 2651 2911 2828 2958; x_wconf 90' lang='lat' dir='ltr'><strong>natus.</strong></span> <span class='ocrx_word' id='word_1_536' title='bbox 2865 2923 2884 2956; x_wconf 73' lang='grc' dir='ltr'><strong><em>ι</em></strong></span> <span class='ocrx_word' id='word_1_537' title='bbox 2917 2903 3226 2975; x_wconf 88' lang='lat' dir='ltr'><strong>Perspicue,</strong></span> <span class='ocrx_word' id='word_1_538' title='bbox 3261 2901 3401 2960; x_wconf 83' lang='lat' dir='ltr'><strong>sicut</strong></span> <span class='ocrx_word' id='word_1_539' title='bbox 3441 2913 3560 2960; x_wconf 77' lang='lat' dir='ltr'><strong>tex-</strong></span> 
     </span>
    </p>
   </div>
   <div class='ocr_carea' id='block_1_73' title="bbox 1975 2996 3561 3071">
    <p class='ocr_par' dir='ltr' id='par_1_73' title="bbox 1975 2996 3561 3071">
     <span class='ocr_line' id='line_1_73' title="bbox 1975 2996 3561 3071; baseline 0.003 -19"><span class='ocrx_word' id='word_1_540' title='bbox 1975 3005 2062 3052; x_wconf 89' lang='lat' dir='ltr'><strong>tus</strong></span> <span class='ocrx_word' id='word_1_541' title='bbox 2119 3013 2428 3051; x_wconf 86' lang='lat' dir='ltr'><strong>sermonum</strong></span> <span class='ocrx_word' id='word_1_542' title='bbox 2479 2996 2597 3067; x_wconf 85' lang='lat' dir='ltr'><strong>ejus</strong></span> <span class='ocrx_word' id='word_1_543' title='bbox 2651 2997 2906 3064; x_wconf 85' lang='lat' dir='ltr'><strong>ostendit,</strong></span> <span class='ocrx_word' id='word_1_544' title='bbox 2959 3000 3113 3053; x_wconf 84' lang='lat' dir='ltr'><strong>homo</strong></span> <span class='ocrx_word' id='word_1_545' title='bbox 3157 3005 3458 3071; x_wconf 80' lang='lat' dir='ltr'><strong>adoptatus,</strong></span> <span class='ocrx_word' id='word_1_546' title='bbox 3495 3001 3561 3057; x_wconf 91' lang='lat' dir='ltr'><strong>de</strong></span> 
     </span>
    </p>
   </div>
   <div class='ocr_carea' id='block_1_74' title="bbox 1975 3088 3559 3164">
    <p class='ocr_par' dir='ltr' id='par_1_74' title="bbox 1975 3088 3559 3164">
     <span class='ocr_line' id='line_1_74' title="bbox 1975 3088 3559 3164; baseline 0.004 -23"><span class='ocrx_word' id='word_1_547' title='bbox 1975 3088 2214 3159; x_wconf 87' lang='lat' dir='ltr'><strong>quolibet</strong></span> <span class='ocrx_word' id='word_1_548' title='bbox 2261 3089 2478 3144; x_wconf 88' lang='lat' dir='ltr'><strong>homine</strong></span> <span class='ocrx_word' id='word_1_549' title='bbox 2525 3089 2656 3144; x_wconf 88' lang='lat' dir='ltr'><strong>dicit</strong></span> <span class='ocrx_word' id='word_1_550' title='bbox 2699 3093 2762 3146; x_wconf 91' lang='lat' dir='ltr'><strong>de</strong></span> <span class='ocrx_word' id='word_1_551' title='bbox 2805 3089 2919 3146; x_wconf 89' lang='lat' dir='ltr'><strong>suis</strong></span> <span class='ocrx_word' id='word_1_552' title='bbox 2965 3091 3121 3146; x_wconf 90' lang='lat' dir='ltr'><strong>bonis</strong></span> <span class='ocrx_word' id='word_1_553' title='bbox 3158 3091 3412 3162; x_wconf 90' lang='lat' dir='ltr'><strong>operibus</strong></span> <span class='ocrx_word' id='word_1_554' title='bbox 3443 3092 3559 3164; x_wconf 73' lang='lat' dir='ltr'><strong>glo—</strong></span> 
     </span>
    </p>
   </div>
   <div class='ocr_carea' id='block_1_75' title="bbox 1899 3181 3564 3264">
    <p class='ocr_par' dir='ltr' id='par_1_75' title="bbox 1899 3181 3564 3264">
     <span class='ocr_line' id='line_1_75' title="bbox 1899 3181 3564 3264; baseline 0.004 -28"><span class='ocrx_word' id='word_1_555' title='bbox 1899 3201 1948 3264; x_wconf 68' lang='grc' dir='ltr'><strong>ρ</strong></span> <span class='ocrx_word' id='word_1_556' title='bbox 1982 3183 2179 3248; x_wconf 87' lang='lat' dir='ltr'><strong>riante,</strong></span> <span class='ocrx_word' id='word_1_557' title='bbox 2228 3189 2282 3236; x_wconf 91' lang='lat' dir='ltr'><strong>et</strong></span> <span class='ocrx_word' id='word_1_558' title='bbox 2325 3184 2389 3236; x_wconf 89' lang='lat' dir='ltr'><strong>de</strong></span> <span class='ocrx_word' id='word_1_559' title='bbox 2434 3183 2544 3238; x_wconf 90' lang='lat' dir='ltr'><strong>suis</strong></span> <span class='ocrx_word' id='word_1_560' title='bbox 2595 3181 2749 3237; x_wconf 89' lang='lat' dir='ltr'><strong>malis</strong></span> <span class='ocrx_word' id='word_1_561' title='bbox 2780 3183 2947 3237; x_wconf 91' lang='lat' dir='ltr'><strong>Deum</strong></span> <span class='ocrx_word' id='word_1_562' title='bbox 2997 3194 3318 3250; x_wconf 88' lang='lat' dir='ltr'><strong>accusante;</strong></span> <span class='ocrx_word' id='word_1_563' title='bbox 3360 3197 3468 3239; x_wconf 82' lang='lat' dir='ltr'><strong>non</strong></span> <span class='ocrx_word' id='word_1_564' title='bbox 3498 3185 3564 3242; x_wconf 85' lang='lat' dir='ltr'><strong>de</strong></span> 
     </span>
    </p>
   </div>
   <div class='ocr_carea' id='block_1_76' title="bbox 1976 3273 3563 3344">
    <p class='ocr_par' dir='ltr' id='par_1_76' title="bbox 1976 3273 3563 3344">
     <span class='ocr_line' id='line_1_76' title="bbox 1976 3273 3563 3344; baseline 0.001 -16"><span class='ocrx_word' id='word_1_565' title='bbox 1976 3273 2216 3339; x_wconf 87' lang='lat' dir='ltr'><strong>Christo,</strong></span> <span class='ocrx_word' id='word_1_566' title='bbox 2247 3275 2337 3344; x_wconf 91' lang='lat' dir='ltr'><strong>qui</strong></span> <span class='ocrx_word' id='word_1_567' title='bbox 2373 3275 2518 3328; x_wconf 91' lang='lat' dir='ltr'><strong>nulla</strong></span> <span class='ocrx_word' id='word_1_568' title='bbox 2555 3274 2696 3329; x_wconf 90' lang='lat' dir='ltr'><strong>mala</strong></span> <span class='ocrx_word' id='word_1_569' title='bbox 2749 3273 2898 3340; x_wconf 78' lang='lat' dir='ltr'><strong>fecit,</strong></span> <span class='ocrx_word' id='word_1_570' title='bbox 2942 3289 3044 3330; x_wconf 87' lang='lat' dir='ltr'><strong>nec</strong></span> <span class='ocrx_word' id='word_1_571' title='bbox 3072 3275 3240 3328; x_wconf 89' lang='lat' dir='ltr'><strong>Deum</strong></span> <span class='ocrx_word' id='word_1_572' title='bbox 3284 3287 3563 3343; x_wconf 83' lang='lat' dir='ltr'><strong>accusare,</strong></span> 
     </span>
    </p>
   </div>
   <div class='ocr_carea' id='block_1_77' title="bbox 1975 3365 3563 3438">
    <p class='ocr_par' dir='ltr' id='par_1_77' title="bbox 1975 3365 3563 3438">
     <span class='ocr_line' id='line_1_77' title="bbox 1975 3365 3563 3438; baseline -0.001 -16"><span class='ocrx_word' id='word_1_573' title='bbox 1975 3366 2068 3422; x_wconf 86' lang='lat' dir='ltr'><strong>sed</strong></span> <span class='ocrx_word' id='word_1_574' title='bbox 2093 3367 2272 3436; x_wconf 88' lang='lat' dir='ltr'><strong>potius</strong></span> <span class='ocrx_word' id='word_1_575' title='bbox 2304 3366 2520 3420; x_wconf 83' lang='lat' dir='ltr'><strong>laudare</strong></span> <span class='ocrx_word' id='word_1_576' title='bbox 2551 3373 2604 3420; x_wconf 90' lang='lat' dir='ltr'><strong>et</strong></span> <span class='ocrx_word' id='word_1_577' title='bbox 2634 3365 2940 3437; x_wconf 78' lang='lat' dir='ltr'><strong>gloriﬁcare</strong></span> <span class='ocrx_word' id='word_1_578' title='bbox 2983 3365 3038 3420; x_wconf 91' lang='lat' dir='ltr'><strong>in</strong></span> <span class='ocrx_word' id='word_1_579' title='bbox 3067 3365 3170 3421; x_wconf 87' lang='lat' dir='ltr'><strong>hoc</strong></span> <span class='ocrx_word' id='word_1_580' title='bbox 3200 3365 3320 3422; x_wconf 87' lang='lat' dir='ltr'><strong>loco</strong></span> <span class='ocrx_word' id='word_1_581' title='bbox 3345 3365 3563 3438; x_wconf 87' lang='lat' dir='ltr'><strong>legitur,</strong></span> 
     </span>
    </p>
   </div>
   <div class='ocr_carea' id='block_1_78' title="bbox 1975 3456 3566 3532">
    <p class='ocr_par' dir='ltr' id='par_1_78' title="bbox 1975 3456 3566 3532">
     <span class='ocr_line' id='line_1_78' title="bbox 1975 3456 3566 3532; baseline 0.001 -21"><span class='ocrx_word' id='word_1_582' title='bbox 1975 3458 2068 3513; x_wconf 88' lang='lat' dir='ltr'><strong>ubi</strong></span> <span class='ocrx_word' id='word_1_583' title='bbox 2096 3458 2204 3511; x_wconf 90' lang='lat' dir='ltr'><strong>ait:</strong></span> <span class='ocrx_word' id='word_1_584' title='bbox 2237 3456 2340 3522; x_wconf 83' lang='lat' dir='ltr'><strong>Qui</strong></span> <span class='ocrx_word' id='word_1_585' title='bbox 2386 3469 2558 3512; x_wconf 86' lang='lat' dir='ltr'><strong>autem</strong></span> <span class='ocrx_word' id='word_1_586' title='bbox 2603 3459 2793 3530; x_wconf 73' lang='lat' dir='ltr'><strong>qumrit</strong></span> <span class='ocrx_word' id='word_1_587' title='bbox 2834 3459 3060 3528; x_wconf 86' lang='lat' dir='ltr'><strong>gloriam</strong></span> <span class='ocrx_word' id='word_1_588' title='bbox 3107 3459 3242 3530; x_wconf 80' lang='lat' dir='ltr'><strong>ejus,</strong></span> <span class='ocrx_word' id='word_1_589' title='bbox 3292 3460 3380 3532; x_wconf 82' lang='lat' dir='ltr'><strong>qui</strong></span> <span class='ocrx_word' id='word_1_590' title='bbox 3421 3460 3566 3514; x_wconf 82' lang='lat' dir='ltr'><strong>misit</strong></span> 
     </span>
    </p>
   </div>
   <div class='ocr_carea' id='block_1_79' title="bbox 1974 3549 3564 3623">
    <p class='ocr_par' dir='ltr' id='par_1_79' title="bbox 1974 3549 3564 3623">
     <span class='ocr_line' id='line_1_79' title="bbox 1974 3549 3564 3623; baseline 0.001 -19"><span class='ocrx_word' id='word_1_591' title='bbox 1974 3549 2144 3617; x_wconf 85' lang='lat' dir='ltr'><strong>illum,</strong></span> <span class='ocrx_word' id='word_1_592' title='bbox 2185 3551 2268 3605; x_wconf 81' lang='lat' dir='ltr'><strong>hic</strong></span> <span class='ocrx_word' id='word_1_593' title='bbox 2297 3568 2456 3606; x_wconf 75' lang='lat' dir='ltr'><strong>verax</strong></span> <span class='ocrx_word' id='word_1_594' title='bbox 2483 3561 2588 3616; x_wconf 82' lang='lat' dir='ltr'><strong>est,</strong></span> <span class='ocrx_word' id='word_1_595' title='bbox 2626 3561 2674 3605; x_wconf 88' lang='lat' dir='ltr'><strong>et</strong></span> <span class='ocrx_word' id='word_1_596' title='bbox 2705 3552 2967 3623; x_wconf 83' lang='lat' dir='ltr'><strong>iujustitia</strong></span> <span class='ocrx_word' id='word_1_597' title='bbox 3009 3551 3065 3604; x_wconf 85' lang='lat' dir='ltr'><strong>in</strong></span> <span class='ocrx_word' id='word_1_598' title='bbox 3093 3551 3182 3604; x_wconf 87' lang='lat' dir='ltr'><strong>illo</strong></span> <span class='ocrx_word' id='word_1_599' title='bbox 3213 3565 3313 3606; x_wconf 84' lang='lat' dir='ltr'><strong>non</strong></span> <span class='ocrx_word' id='word_1_600' title='bbox 3339 3561 3435 3606; x_wconf 84' lang='lat' dir='ltr'><strong>est.</strong></span> <span class='ocrx_word' id='word_1_601' title='bbox 3488 3549 3564 3607; x_wconf 88' lang='lat' dir='ltr'><strong>De</strong></span> 
     </span>
    </p>
   </div>
   <div class='ocr_carea' id='block_1_80' title="bbox 1975 3641 3560 3714">
    <p class='ocr_par' dir='ltr' id='par_1_80' title="bbox 1975 3641 3560 3714">
     <span class='ocr_line' id='line_1_80' title="bbox 1975 3641 3560 3714; baseline 0.001 -16"><span class='ocrx_word' id='word_1_602' title='bbox 1975 3642 2190 3698; x_wconf 86' lang='lat' dir='ltr'><strong>Christo</strong></span> <span class='ocrx_word' id='word_1_603' title='bbox 2212 3657 2340 3698; x_wconf 89' lang='lat' dir='ltr'><strong>vero</strong></span> <span class='ocrx_word' id='word_1_604' title='bbox 2379 3643 2580 3714; x_wconf 90' lang='lat' dir='ltr'><strong>absque</strong></span> <span class='ocrx_word' id='word_1_605' title='bbox 2621 3644 2728 3698; x_wconf 89' lang='lat' dir='ltr'><strong>ulla</strong></span> <span class='ocrx_word' id='word_1_606' title='bbox 2770 3644 3107 3698; x_wconf 87' lang='lat' dir='ltr'><strong>dubitatione</strong></span> <span class='ocrx_word' id='word_1_607' title='bbox 3155 3643 3256 3698; x_wconf 88' lang='lat' dir='ltr'><strong>iste</strong></span> <span class='ocrx_word' id='word_1_608' title='bbox 3298 3641 3560 3712; x_wconf 75' lang='lat' dir='ltr'><strong>praefatus</strong></span> 
     </span>
    </p>
   </div>
   <div class='ocr_carea' id='block_1_81' title="bbox 1979 3735 3568 3808">
    <p class='ocr_par' dir='ltr' id='par_1_81' title="bbox 1979 3735 3568 3808">
     <span class='ocr_line' id='line_1_81' title="bbox 1979 3735 3568 3808; baseline -0.001 -17"><span class='ocrx_word' id='word_1_609' title='bbox 1979 3736 2169 3792; x_wconf 89' lang='lat' dir='ltr'><strong>doctor</strong></span> <span class='ocrx_word' id='word_1_610' title='bbox 2197 3737 2369 3790; x_wconf 79' lang='lat' dir='ltr'><strong>dixit:</strong></span> <span class='ocrx_word' id='word_1_611' title='bbox 2415 3735 2579 3806; x_wconf 85' lang='lat' dir='ltr'><strong>Cujus</strong></span> <span class='ocrx_word' id='word_1_612' title='bbox 2611 3736 2832 3807; x_wconf 84' lang='lat' dir='ltr'><strong>gloriam</strong></span> <span class='ocrx_word' id='word_1_613' title='bbox 2875 3737 3133 3807; x_wconf 74' lang='lat' dir='ltr'><strong>qumsirit,</strong></span> <span class='ocrx_word' id='word_1_614' title='bbox 3178 3735 3268 3808; x_wconf 83' lang='lat' dir='ltr'><strong>qui</strong></span> <span class='ocrx_word' id='word_1_615' title='bbox 3297 3741 3371 3789; x_wconf 85' lang='lat' dir='ltr'><strong>est</strong></span> <span class='ocrx_word' id='word_1_616' title='bbox 3404 3735 3468 3790; x_wconf 89' lang='lat' dir='ltr'><strong>ab</strong></span> <span class='ocrx_word' id='word_1_617' title='bbox 3507 3751 3568 3790; x_wconf 79' lang='lat' dir='ltr'><strong>eo</strong></span> 
     </span>
    </p>
   </div>
   <div class='ocr_carea' id='block_1_82' title="bbox 1978 3825 3564 3896">
    <p class='ocr_par' dir='ltr' id='par_1_82' title="bbox 1978 3825 3564 3896">
     <span class='ocr_line' id='line_1_82' title="bbox 1978 3825 3564 3896; baseline 0.001 -18"><span class='ocrx_word' id='word_1_618' title='bbox 1978 3825 2164 3881; x_wconf 83' lang='lat' dir='ltr'><strong>unicus</strong></span> <span class='ocrx_word' id='word_1_619' title='bbox 2196 3828 2562 3895; x_wconf 87' lang='lat' dir='ltr'><strong>natus:quod</strong></span> <span class='ocrx_word' id='word_1_620' title='bbox 2611 3827 2811 3896; x_wconf 92' lang='lat' dir='ltr'><strong>optime</strong></span> <span class='ocrx_word' id='word_1_621' title='bbox 2857 3828 3058 3880; x_wconf 90' lang='lat' dir='ltr'><strong>nostris</strong></span> <span class='ocrx_word' id='word_1_622' title='bbox 3105 3825 3251 3880; x_wconf 78' lang='lat' dir='ltr'><strong>favet</strong></span> <span class='ocrx_word' id='word_1_623' title='bbox 3298 3825 3564 3895; x_wconf 90' lang='lat' dir='ltr'><strong>partibus,</strong></span> 
     </span>
    </p>
   </div>
   <div class='ocr_carea' id='block_1_83' title="bbox 1978 3915 3568 3988">
    <p class='ocr_par' dir='ltr' id='par_1_83' title="bbox 1978 3915 3568 3988">
     <span class='ocr_line' id='line_1_83' title="bbox 1978 3915 3568 3988; baseline -0.001 -15"><span class='ocrx_word' id='word_1_624' title='bbox 1978 3935 2086 3973; x_wconf 88' lang='lat' dir='ltr'><strong>non</strong></span> <span class='ocrx_word' id='word_1_625' title='bbox 2139 3928 2332 3973; x_wconf 81' lang='lat' dir='ltr'><strong>vestr-.e</strong></span> <span class='ocrx_word' id='word_1_626' title='bbox 2380 3917 2704 3983; x_wconf 83' lang='lat' dir='ltr'><strong>intidelitati,</strong></span> <span class='ocrx_word' id='word_1_627' title='bbox 2751 3917 2840 3988; x_wconf 83' lang='lat' dir='ltr'><strong>qui</strong></span> <span class='ocrx_word' id='word_1_628' title='bbox 2884 3919 3053 3971; x_wconf 88' lang='lat' dir='ltr'><strong>Deum</strong></span> <span class='ocrx_word' id='word_1_629' title='bbox 3083 3917 3360 3972; x_wconf 88' lang='lat' dir='ltr'><strong>Christum</strong></span> <span class='ocrx_word' id='word_1_630' title='bbox 3412 3915 3568 3972; x_wconf 91' lang='lat' dir='ltr'><strong>nobis</strong></span> 
     </span>
    </p>
   </div>
   <div class='ocr_carea' id='block_1_84' title="bbox 1978 4003 3566 4082">
    <p class='ocr_par' dir='ltr' id='par_1_84' title="bbox 1978 4003 3566 4082">
     <span class='ocr_line' id='line_1_84' title="bbox 1978 4003 3566 4082; baseline -0.004 -15"><span class='ocrx_word' id='word_1_631' title='bbox 1978 4028 2077 4082; x_wconf 90' lang='lat' dir='ltr'><strong>per</strong></span> <span class='ocrx_word' id='word_1_632' title='bbox 2113 4011 2454 4082; x_wconf 84' lang='lat' dir='ltr'><strong>adeptionem</strong></span> <span class='ocrx_word' id='word_1_633' title='bbox 2487 4010 2772 4079; x_wconf 67' lang='lat' dir='ltr'><strong>aquuare</strong></span> <span class='ocrx_word' id='word_1_634' title='bbox 2802 4003 3148 4064; x_wconf 87' lang='lat' dir='ltr'><strong>contenditis.</strong></span> <span class='ocrx_word' id='word_1_635' title='bbox 3201 4006 3304 4072; x_wconf 77' lang='lat' dir='ltr'><strong>Qui</strong></span> <span class='ocrx_word' id='word_1_636' title='bbox 3335 4014 3417 4062; x_wconf 90' lang='lat' dir='ltr'><strong>est</strong></span> <span class='ocrx_word' id='word_1_637' title='bbox 3445 4007 3566 4060; x_wconf 91' lang='lat' dir='ltr'><strong>uni-</strong></span> 
     </span>
    </p>
   </div>
   <div class='ocr_carea' id='block_1_85' title="bbox 1982 4095 3570 4171">
    <p class='ocr_par' dir='ltr' id='par_1_85' title="bbox 1982 4095 3570 4171">
     <span class='ocr_line' id='line_1_85' title="bbox 1982 4095 3570 4171; baseline -0.005 -9"><span class='ocrx_word' id='word_1_638' title='bbox 1982 4121 2077 4162; x_wconf 89' lang='lat' dir='ltr'><strong>cus</strong></span> <span class='ocrx_word' id='word_1_639' title='bbox 2106 4113 2287 4170; x_wconf 89' lang='lat' dir='ltr'><strong>natus,</strong></span> <span class='ocrx_word' id='word_1_640' title='bbox 2320 4103 2627 4159; x_wconf 88' lang='lat' dir='ltr'><strong>nullatenus</strong></span> <span class='ocrx_word' id='word_1_641' title='bbox 2674 4095 2957 4171; x_wconf 89' lang='lat' dir='ltr'><strong>adoptivus</strong></span> <span class='ocrx_word' id='word_1_642' title='bbox 2986 4115 3105 4156; x_wconf 90' lang='lat' dir='ltr'><strong>esse</strong></span> <span class='ocrx_word' id='word_1_643' title='bbox 3151 4099 3368 4170; x_wconf 90' lang='lat' dir='ltr'><strong>poterit.</strong></span> <span class='ocrx_word' id='word_1_644' title='bbox 3409 4097 3570 4154; x_wconf 81' lang='lat' dir='ltr'><strong>Chri-</strong></span> 
     </span>
    </p>
   </div>
   <div class='ocr_carea' id='block_1_86' title="bbox 1981 4189 3568 4264">
    <p class='ocr_par' dir='ltr' id='par_1_86' title="bbox 1981 4189 3568 4264">
     <span class='ocr_line' id='line_1_86' title="bbox 1981 4189 3568 4264; baseline -0.005 -10"><span class='ocrx_word' id='word_1_645' title='bbox 1981 4207 2097 4254; x_wconf 89' lang='lat' dir='ltr'><strong>stus</strong></span> <span class='ocrx_word' id='word_1_646' title='bbox 2121 4211 2251 4252; x_wconf 85' lang='lat' dir='ltr'><strong>vero</strong></span> <span class='ocrx_word' id='word_1_647' title='bbox 2281 4203 2567 4264; x_wconf 89' lang='lat' dir='ltr'><strong>utrumque</strong></span> <span class='ocrx_word' id='word_1_648' title='bbox 2595 4202 2649 4249; x_wconf 89' lang='lat' dir='ltr'><strong>et</strong></span> <span class='ocrx_word' id='word_1_649' title='bbox 2675 4195 2768 4248; x_wconf 89' lang='lat' dir='ltr'><strong>Dei</strong></span> <span class='ocrx_word' id='word_1_650' title='bbox 2796 4191 2996 4257; x_wconf 84' lang='lat' dir='ltr'><strong>Patris,</strong></span> <span class='ocrx_word' id='word_1_651' title='bbox 3043 4201 3096 4247; x_wconf 90' lang='lat' dir='ltr'><strong>et</strong></span> <span class='ocrx_word' id='word_1_652' title='bbox 3130 4192 3304 4248; x_wconf 73' lang='lat' dir='ltr'><strong>beata:</strong></span> <span class='ocrx_word' id='word_1_653' title='bbox 3340 4189 3568 4258; x_wconf 82' lang='lat' dir='ltr'><strong>virginis</strong></span> 
     </span>
    </p>
   </div>
   <div class='ocr_carea' id='block_1_87' title="bbox 1981 4279 3571 4355">
    <p class='ocr_par' dir='ltr' id='par_1_87' title="bbox 1981 4279 3571 4355">
     <span class='ocr_line' id='line_1_87' title="bbox 1981 4279 3571 4355; baseline -0.005 -12"><span class='ocrx_word' id='word_1_654' title='bbox 1981 4289 2164 4343; x_wconf 75' lang='lat' dir='ltr'><strong>Mariae</strong></span> <span class='ocrx_word' id='word_1_655' title='bbox 2194 4289 2417 4350; x_wconf 89' lang='lat' dir='ltr'><strong>unicus,</strong></span> <span class='ocrx_word' id='word_1_656' title='bbox 2463 4295 2518 4341; x_wconf 91' lang='lat' dir='ltr'><strong>et</strong></span> <span class='ocrx_word' id='word_1_657' title='bbox 2556 4301 2695 4340; x_wconf 91' lang='lat' dir='ltr'><strong>unus</strong></span> <span class='ocrx_word' id='word_1_658' title='bbox 2729 4285 3040 4355; x_wconf 86' lang='lat' dir='ltr'><strong>unigenitus</strong></span> <span class='ocrx_word' id='word_1_659' title='bbox 3080 4279 3376 4338; x_wconf 86' lang='lat' dir='ltr'><strong>DeiFilius</strong></span> <span class='ocrx_word' id='word_1_660' title='bbox 3424 4288 3571 4336; x_wconf 89' lang='lat' dir='ltr'><strong>recte</strong></span> 
     </span>
    </p>
   </div>
   <div class='ocr_carea' id='block_1_88' title="bbox 1983 4371 3568 4451">
    <p class='ocr_par' dir='ltr' id='par_1_88' title="bbox 1983 4371 3568 4451">
     <span class='ocr_line' id='line_1_88' title="bbox 1983 4371 3568 4451; baseline -0.003 -15"><span class='ocrx_word' id='word_1_661' title='bbox 1983 4382 2224 4438; x_wconf 86' lang='lat' dir='ltr'><strong>creditur</strong></span> <span class='ocrx_word' id='word_1_662' title='bbox 2257 4391 2310 4435; x_wconf 89' lang='lat' dir='ltr'><strong>et</strong></span> <span class='ocrx_word' id='word_1_663' title='bbox 2339 4379 2690 4451; x_wconf 75' lang='lat' dir='ltr'><strong>przedicatur,</strong></span> <span class='ocrx_word' id='word_1_664' title='bbox 2722 4380 2863 4432; x_wconf 88' lang='lat' dir='ltr'><strong>sicut</strong></span> <span class='ocrx_word' id='word_1_665' title='bbox 2913 4377 2964 4430; x_wconf 91' lang='lat' dir='ltr'><strong>in</strong></span> <span class='ocrx_word' id='word_1_666' title='bbox 2997 4375 3226 4448; x_wconf 88' lang='lat' dir='ltr'><strong>epistola</strong></span> <span class='ocrx_word' id='word_1_667' title='bbox 3257 4371 3402 4430; x_wconf 86' lang='lat' dir='ltr'><strong>beati</strong></span> <span class='ocrx_word' id='word_1_668' title='bbox 3429 4373 3568 4431; x_wconf 82' lang='lat' dir='ltr'><strong>Leo-</strong></span> 
     </span>
    </p>
   </div>
   <div class='ocr_carea' id='block_1_89' title="bbox 1983 4465 3570 4542">
    <p class='ocr_par' dir='ltr' id='par_1_89' title="bbox 1983 4465 3570 4542">
     <span class='ocr_line' id='line_1_89' title="bbox 1983 4465 3570 4542; baseline -0.005 -14"><span class='ocrx_word' id='word_1_669' title='bbox 1983 4473 2068 4528; x_wconf 90' lang='lat' dir='ltr'><strong>nis</strong></span> <span class='ocrx_word' id='word_1_670' title='bbox 2093 4487 2244 4542; x_wconf 68' lang='lat' dir='ltr'><strong>papa:</strong></span> <span class='ocrx_word' id='word_1_671' title='bbox 2272 4471 2488 4541; x_wconf 89' lang='lat' dir='ltr'><strong>legitur,</strong></span> <span class='ocrx_word' id='word_1_672' title='bbox 2515 4485 2673 4538; x_wconf 86' lang='lat' dir='ltr'><strong>quam</strong></span> <span class='ocrx_word' id='word_1_673' title='bbox 2699 4468 2764 4522; x_wconf 90' lang='lat' dir='ltr'><strong>ad</strong></span> <span class='ocrx_word' id='word_1_674' title='bbox 2787 4467 3024 4522; x_wconf 89' lang='lat' dir='ltr'><strong>Leonem</strong></span> <span class='ocrx_word' id='word_1_675' title='bbox 3048 4465 3350 4536; x_wconf 86' lang='lat' dir='ltr'><strong>Augustum</strong></span> <span class='ocrx_word' id='word_1_676' title='bbox 3379 4473 3570 4520; x_wconf 86' lang='lat' dir='ltr'><strong>contra</strong></span> 
     </span>
    </p>
   </div>
   <div class='ocr_carea' id='block_1_90' title="bbox 297 4555 3570 4639">
    <p class='ocr_par' dir='ltr' id='par_1_90' title="bbox 297 4555 3570 4639">
     <span class='ocr_line' id='line_1_90' title="bbox 297 4555 3570 4639; baseline -0.005 -14"><span class='ocrx_word' id='word_1_677' title='bbox 297 4569 724 4639; x_wconf 88' lang='lat' dir='ltr'><strong>sublimiumque</strong></span> <span class='ocrx_word' id='word_1_678' title='bbox 772 4570 1053 4624; x_wconf 87' lang='lat' dir='ltr'><strong>doctorum</strong></span> <span class='ocrx_word' id='word_1_679' title='bbox 1104 4567 1448 4634; x_wconf 85' lang='lat' dir='ltr'><strong>testimoniis,</strong></span> <span class='ocrx_word' id='word_1_680' title='bbox 1501 4568 1554 4621; x_wconf 88' lang='lat' dir='ltr'><strong>id</strong></span> <span class='ocrx_word' id='word_1_681' title='bbox 1602 4576 1702 4632; x_wconf 85' lang='lat' dir='ltr'><strong>est,</strong></span> <span class='ocrx_word' id='word_1_682' title='bbox 1735 4568 1876 4622; x_wconf 80' lang='lat' dir='ltr'><strong>beati</strong></span> <span class='ocrx_word' id='word_1_683' title='bbox 1908 4566 1958 4628; x_wconf 87' lang='lat' dir='ltr'><strong>D</strong></span> <span class='ocrx_word' id='word_1_684' title='bbox 1981 4563 2330 4634; x_wconf 72' lang='lat' dir='ltr'><strong>Eutyehianm</strong></span> <span class='ocrx_word' id='word_1_685' title='bbox 2357 4560 2640 4631; x_wconf 82' lang='lat' dir='ltr'><strong>pravitatis</strong></span> <span class='ocrx_word' id='word_1_686' title='bbox 2684 4558 2988 4613; x_wconf 90' lang='lat' dir='ltr'><strong>doctrinam</strong></span> <span class='ocrx_word' id='word_1_687' title='bbox 3021 4556 3286 4612; x_wconf 88' lang='lat' dir='ltr'><strong>catholico</strong></span> <span class='ocrx_word' id='word_1_688' title='bbox 3314 4563 3368 4610; x_wconf 86' lang='lat' dir='ltr'><strong>et</strong></span> <span class='ocrx_word' id='word_1_689' title='bbox 3413 4555 3570 4610; x_wconf 88' lang='lat' dir='ltr'><strong>lucu-</strong></span> 
     </span>
    </p>
   </div>
   <div class='ocr_carea' id='block_1_91' title="bbox 294 4662 1875 4733">
    <p class='ocr_par' dir='ltr' id='par_1_91' title="bbox 294 4662 1875 4733">
     <span class='ocr_line' id='line_1_91' title="bbox 294 4662 1875 4733; baseline -0.001 -15"><span class='ocrx_word' id='word_1_690' title='bbox 294 4665 572 4720; x_wconf 75' lang='lat' dir='ltr'><strong>Ambrosii</strong></span> <span class='ocrx_word' id='word_1_691' title='bbox 623 4671 678 4717; x_wconf 90' lang='lat' dir='ltr'><strong>et</strong></span> <span class='ocrx_word' id='word_1_692' title='bbox 706 4663 878 4718; x_wconf 87' lang='lat' dir='ltr'><strong>sancti</strong></span> <span class='ocrx_word' id='word_1_693' title='bbox 905 4662 1187 4733; x_wconf 86' lang='lat' dir='ltr'><strong>Augustini</strong></span> <span class='ocrx_word' id='word_1_694' title='bbox 1225 4663 1404 4718; x_wconf 87' lang='lat' dir='ltr'><strong>verbis</strong></span> <span class='ocrx_word' id='word_1_695' title='bbox 1444 4664 1652 4717; x_wconf 86' lang='lat' dir='ltr'><strong>ostendi</strong></span> <span class='ocrx_word' id='word_1_696' title='bbox 1681 4669 1875 4732; x_wconf 84' lang='lat' dir='ltr'><strong>potest.</strong></span> 
     </span>
    </p>
   </div>
   <div class='ocr_carea' id='block_1_92' title="bbox 293 4752 1880 4825">
    <p class='ocr_par' dir='ltr' id='par_1_92' title="bbox 293 4752 1880 4825">
     <span class='ocr_line' id='line_1_92' title="bbox 293 4752 1880 4825; baseline -0.003 -15"><span class='ocrx_word' id='word_1_697' title='bbox 293 4757 475 4823; x_wconf 82' lang='lat' dir='ltr'><strong>Quam</strong></span> <span class='ocrx_word' id='word_1_698' title='bbox 499 4754 682 4824; x_wconf 87' lang='lat' dir='ltr'><strong>impie,</strong></span> <span class='ocrx_word' id='word_1_699' title='bbox 708 4754 852 4808; x_wconf 86' lang='lat' dir='ltr'><strong>etab</strong></span> <span class='ocrx_word' id='word_1_700' title='bbox 871 4767 1058 4808; x_wconf 89' lang='lat' dir='ltr'><strong>eorum</strong></span> <span class='ocrx_word' id='word_1_701' title='bbox 1085 4753 1436 4825; x_wconf 80' lang='lat' dir='ltr'><strong>intelligentia</strong></span> <span class='ocrx_word' id='word_1_702' title='bbox 1459 4753 1770 4822; x_wconf 79' lang='lat' dir='ltr'><strong>longissime</strong></span> <span class='ocrx_word' id='word_1_703' title='bbox 1799 4752 1880 4805; x_wconf 92' lang='lat' dir='ltr'><strong>in-</strong></span> 
     </span>
    </p>
   </div>
   <div class='ocr_carea' id='block_1_93' title="bbox 297 4845 1883 4917">
    <p class='ocr_par' dir='ltr' id='par_1_93' title="bbox 297 4845 1883 4917">
     <span class='ocr_line' id='line_1_93' title="bbox 297 4845 1883 4917; baseline -0.003 -14"><span class='ocrx_word' id='word_1_704' title='bbox 297 4847 640 4917; x_wconf 86' lang='lat' dir='ltr'><strong>terpretaris,</strong></span> <span class='ocrx_word' id='word_1_705' title='bbox 657 4847 798 4916; x_wconf 88' lang='lat' dir='ltr'><strong>quod</strong></span> <span class='ocrx_word' id='word_1_706' title='bbox 822 4847 897 4900; x_wconf 90' lang='lat' dir='ltr'><strong>illi</strong></span> <span class='ocrx_word' id='word_1_707' title='bbox 922 4846 1187 4902; x_wconf 88' lang='lat' dir='ltr'><strong>catholico</strong></span> <span class='ocrx_word' id='word_1_708' title='bbox 1208 4847 1344 4917; x_wconf 87' lang='lat' dir='ltr'><strong>stylo</strong></span> <span class='ocrx_word' id='word_1_709' title='bbox 1367 4845 1419 4899; x_wconf 90' lang='lat' dir='ltr'><strong>in</strong></span> <span class='ocrx_word' id='word_1_710' title='bbox 1440 4847 1552 4899; x_wconf 85' lang='lat' dir='ltr'><strong>suis</strong></span> <span class='ocrx_word' id='word_1_711' title='bbox 1573 4845 1766 4898; x_wconf 86' lang='lat' dir='ltr'><strong>litteris</strong></span> <span class='ocrx_word' id='word_1_712' title='bbox 1791 4861 1883 4898; x_wconf 87' lang='lat' dir='ltr'><strong>no-</strong></span> 
     </span>
    </p>
   </div>
   <div class='ocr_carea' id='block_1_94' title="bbox 295 4936 1881 5008">
    <p class='ocr_par' dir='ltr' id='par_1_94' title="bbox 295 4936 1881 5008">
     <span class='ocr_line' id='line_1_94' title="bbox 295 4936 1881 5008; baseline -0.003 -12"><span class='ocrx_word' id='word_1_713' title='bbox 295 4941 384 4996; x_wconf 82' lang='lat' dir='ltr'><strong>bis</strong></span> <span class='ocrx_word' id='word_1_714' title='bbox 431 4946 716 4995; x_wconf 78' lang='lat' dir='ltr'><strong>exaratum</strong></span> <span class='ocrx_word' id='word_1_715' title='bbox 759 4937 1128 5008; x_wconf 85' lang='lat' dir='ltr'><strong>reliquerunt?</strong></span> <span class='ocrx_word' id='word_1_716' title='bbox 1158 4937 1246 4991; x_wconf 89' lang='lat' dir='ltr'><strong>Ait</strong></span> <span class='ocrx_word' id='word_1_717' title='bbox 1267 4939 1411 4991; x_wconf 90' lang='lat' dir='ltr'><strong>enim</strong></span> <span class='ocrx_word' id='word_1_718' title='bbox 1435 4937 1622 4991; x_wconf 87' lang='lat' dir='ltr'><strong>beatus</strong></span> <span class='ocrx_word' id='word_1_719' title='bbox 1651 4936 1881 4991; x_wconf 81' lang='lat' dir='ltr'><strong>Ambro-</strong></span> 
     </span>
    </p>
   </div>
   <div class='ocr_carea' id='block_1_95' title="bbox 293 5031 1882 5102">
    <p class='ocr_par' dir='ltr' id='par_1_95' title="bbox 293 5031 1882 5102">
     <span class='ocr_line' id='line_1_95' title="bbox 293 5031 1882 5102; baseline -0.002 -14"><span class='ocrx_word' id='word_1_720' title='bbox 293 5035 415 5089; x_wconf 83' lang='lat' dir='ltr'><strong>sius</strong></span> <span class='ocrx_word' id='word_1_721' title='bbox 440 5047 466 5075; x_wconf 84' lang='grc' dir='ltr'>ι</span> <span class='ocrx_word' id='word_1_722' title='bbox 495 5051 508 5086; x_wconf 90' lang='lat'><strong>:</strong></span> <span class='ocrx_word' id='word_1_723' title='bbox 547 5051 566 5084; x_wconf 78' lang='grc' dir='ltr'>ι</span> <span class='ocrx_word' id='word_1_724' title='bbox 599 5032 722 5102; x_wconf 83' lang='lat' dir='ltr'><strong>ipso</strong></span> <span class='ocrx_word' id='word_1_725' title='bbox 758 5048 859 5087; x_wconf 89' lang='lat' dir='ltr'><strong>usu</strong></span> <span class='ocrx_word' id='word_1_726' title='bbox 889 5039 1074 5086; x_wconf 88' lang='lat' dir='ltr'><strong>nostro</strong></span> <span class='ocrx_word' id='word_1_727' title='bbox 1101 5039 1184 5086; x_wconf 89' lang='lat' dir='ltr'><strong>est</strong></span> <span class='ocrx_word' id='word_1_728' title='bbox 1216 5031 1520 5100; x_wconf 87' lang='lat' dir='ltr'><strong>adoptivus,</strong></span> <span class='ocrx_word' id='word_1_729' title='bbox 1551 5039 1604 5085; x_wconf 89' lang='lat' dir='ltr'><strong>ct</strong></span> <span class='ocrx_word' id='word_1_730' title='bbox 1630 5031 1882 5100; x_wconf 87' lang='lat' dir='ltr'><strong>proprius</strong></span> 
     </span>
    </p>
   </div>
   <div class='ocr_carea' id='block_1_96' title="bbox 293 5119 1886 5190">
    <p class='ocr_par' dir='ltr' id='par_1_96' title="bbox 293 5119 1886 5190">
     <span class='ocr_line' id='line_1_96' title="bbox 293 5119 1886 5190; baseline -0.004 -11"><span class='ocrx_word' id='word_1_731' title='bbox 293 5123 527 5179; x_wconf 59' lang='lat' dir='ltr'><strong>Filius.»</strong></span> <span class='ocrx_word' id='word_1_732' title='bbox 561 5122 716 5190; x_wconf 91' lang='lat' dir='ltr'><strong>Quod</strong></span> <span class='ocrx_word' id='word_1_733' title='bbox 743 5131 837 5177; x_wconf 88' lang='lat' dir='ltr'><strong>tua</strong></span> <span class='ocrx_word' id='word_1_734' title='bbox 867 5121 1234 5177; x_wconf 74' lang='lat' dir='ltr'><strong>indoctissimo</strong></span> <span class='ocrx_word' id='word_1_735' title='bbox 1268 5119 1546 5175; x_wconf 86' lang='lat' dir='ltr'><strong>temeritas</strong></span> <span class='ocrx_word' id='word_1_736' title='bbox 1576 5121 1640 5174; x_wconf 89' lang='lat' dir='ltr'><strong>de</strong></span> <span class='ocrx_word' id='word_1_737' title='bbox 1668 5120 1886 5174; x_wconf 88' lang='lat' dir='ltr'><strong>Christo</strong></span> 
     </span>
    </p>
   </div>
   <div class='ocr_carea' id='block_1_97' title="bbox 297 5211 1884 5282">
    <p class='ocr_par' dir='ltr' id='par_1_97' title="bbox 297 5211 1884 5282">
     <span class='ocr_line' id='line_1_97' title="bbox 297 5211 1884 5282; baseline -0.005 -11"><span class='ocrx_word' id='word_1_738' title='bbox 297 5216 506 5271; x_wconf 82' lang='lat' dir='ltr'><strong>dictum</strong></span> <span class='ocrx_word' id='word_1_739' title='bbox 531 5227 652 5271; x_wconf 85' lang='lat' dir='ltr'><strong>esse</strong></span> <span class='ocrx_word' id='word_1_740' title='bbox 679 5215 947 5270; x_wconf 65' lang='lat' dir='ltr'><strong>aestimare</strong></span> <span class='ocrx_word' id='word_1_741' title='bbox 972 5213 1199 5278; x_wconf 89' lang='lat' dir='ltr'><strong>videtur,</strong></span> <span class='ocrx_word' id='word_1_742' title='bbox 1230 5213 1370 5282; x_wconf 88' lang='lat' dir='ltr'><strong>quod</strong></span> <span class='ocrx_word' id='word_1_743' title='bbox 1400 5212 1556 5280; x_wconf 84' lang='lat' dir='ltr'><strong>longe</strong></span> <span class='ocrx_word' id='word_1_744' title='bbox 1584 5211 1689 5265; x_wconf 89' lang='lat' dir='ltr'><strong>alio</strong></span> <span class='ocrx_word' id='word_1_745' title='bbox 1719 5225 1884 5264; x_wconf 89' lang='lat' dir='ltr'><strong>sensu</strong></span> 
     </span>
    </p>
   </div>
   <div class='ocr_carea' id='block_1_98' title="bbox 297 5285 1886 5377">
    <p class='ocr_par' dir='ltr' id='par_1_98' title="bbox 297 5285 1886 5377">
     <span class='ocr_line' id='line_1_98' title="bbox 297 5285 1886 5377; baseline -0.004 -14"><span class='ocrx_word' id='word_1_746' title='bbox 297 5311 718 5364; x_wconf 80' lang='lat' dir='ltr'><strong>circumstantia</strong></span> <span class='ocrx_word' id='word_1_747' title='bbox 768 5307 1014 5363; x_wconf 88' lang='lat' dir='ltr'><strong>lectionis</strong></span> <span class='ocrx_word' id='word_1_748' title='bbox 1058 5305 1357 5377; x_wconf 85' lang='lat' dir='ltr'><strong>legentibus</strong></span> <span class='ocrx_word' id='word_1_749' title='bbox 1383 5285 1443 5359; x_wconf 58' lang='lat' dir='ltr'><strong>Et</strong></span> <span class='ocrx_word' id='word_1_750' title='bbox 1497 5303 1633 5358; x_wconf 89' lang='lat' dir='ltr'><strong>bene</strong></span> <span class='ocrx_word' id='word_1_751' title='bbox 1684 5301 1886 5356; x_wconf 90' lang='lat' dir='ltr'><strong>intelli—</strong></span> 
     </span>
    </p>
   </div>
   <div class='ocr_carea' id='block_1_99' title="bbox 297 5396 1886 5473">
    <p class='ocr_par' dir='ltr' id='par_1_99' title="bbox 297 5396 1886 5473">
     <span class='ocr_line' id='line_1_99' title="bbox 297 5396 1886 5473; baseline -0.006 -15"><span class='ocrx_word' id='word_1_752' title='bbox 297 5403 554 5473; x_wconf 78' lang='lat' dir='ltr'><strong>gentlbus</strong></span> <span class='ocrx_word' id='word_1_753' title='bbox 604 5403 808 5457; x_wconf 88' lang='lat' dir='ltr'><strong>dictum</strong></span> <span class='ocrx_word' id='word_1_754' title='bbox 856 5415 976 5456; x_wconf 88' lang='lat' dir='ltr'><strong>esse</strong></span> <span class='ocrx_word' id='word_1_755' title='bbox 1019 5399 1231 5468; x_wconf 86' lang='lat' dir='ltr'><strong>probat.</strong></span> <span class='ocrx_word' id='word_1_756' title='bbox 1283 5398 1359 5452; x_wconf 91' lang='lat' dir='ltr'><strong>De</strong></span> <span class='ocrx_word' id='word_1_757' title='bbox 1397 5396 1698 5451; x_wconf 80' lang='lat' dir='ltr'><strong>diti&#39;crentia</strong></span> <span class='ocrx_word' id='word_1_758' title='bbox 1741 5396 1886 5450; x_wconf 87' lang='lat' dir='ltr'><strong>inter</strong></span> 
     </span>
    </p>
   </div>
   <div class='ocr_carea' id='block_1_100' title="bbox 297 5487 1888 5554">
    <p class='ocr_par' dir='ltr' id='par_1_100' title="bbox 297 5487 1888 5554">
     <span class='ocr_line' id='line_1_100' title="bbox 297 5487 1888 5554; baseline -0.008 -1"><span class='ocrx_word' id='word_1_759' title='bbox 297 5499 444 5554; x_wconf 76' lang='lat' dir='ltr'><strong>ﬁlios</strong></span> <span class='ocrx_word' id='word_1_760' title='bbox 485 5495 782 5554; x_wconf 87' lang='lat' dir='ltr'><strong>secundum</strong></span> <span class='ocrx_word' id='word_1_761' title='bbox 831 5494 1125 5548; x_wconf 88' lang='lat' dir='ltr'><strong>humanam</strong></span> <span class='ocrx_word' id='word_1_762' title='bbox 1172 5489 1620 5545; x_wconf 84' lang='lat' dir='ltr'><strong>consuetudinem</strong></span> <span class='ocrx_word' id='word_1_763' title='bbox 1655 5489 1756 5542; x_wconf 89' lang='lat' dir='ltr'><strong>hoc</strong></span> <span class='ocrx_word' id='word_1_764' title='bbox 1795 5487 1888 5543; x_wconf 84' lang='lat' dir='ltr'><strong>do-</strong></span> 
     </span>
    </p>
   </div>
   <div class='ocr_carea' id='block_1_101' title="bbox 374 5720 1884 5794">
    <p class='ocr_par' dir='ltr' id='par_1_101' title="bbox 374 5720 1884 5794">
     <span class='ocr_line' id='line_1_101' title="bbox 374 5720 1884 5794; baseline -0.007 -9"><span class='ocrx_word' id='word_1_765' title='bbox 374 5742 400 5770; x_wconf 75' lang='grc' dir='ltr'>ι</span> <span class='ocrx_word' id='word_1_766' title='bbox 445 5730 504 5784; x_wconf 86' lang='lat' dir='ltr'><strong>S.</strong></span> <span class='ocrx_word' id='word_1_767' title='bbox 529 5727 740 5794; x_wconf 79' lang='lat' dir='ltr'><strong>Ambr.,</strong></span> <span class='ocrx_word' id='word_1_768' title='bbox 764 5727 887 5783; x_wconf 86' lang='lat' dir='ltr'><strong>libr.</strong></span> <span class='ocrx_word' id='word_1_769' title='bbox 918 5729 982 5782; x_wconf 87' lang='lat' dir='ltr'><strong>dc</strong></span> <span class='ocrx_word' id='word_1_770' title='bbox 1007 5727 1161 5782; x_wconf 91' lang='lat' dir='ltr'><strong>Dom.</strong></span> <span class='ocrx_word' id='word_1_771' title='bbox 1185 5724 1398 5778; x_wconf 87' lang='lat' dir='ltr'><strong>lncarn.</strong></span> <span class='ocrx_word' id='word_1_772' title='bbox 1418 5720 1660 5794; x_wconf 82' lang='lat' dir='ltr'><strong>Sacram.</strong></span> <span class='ocrx_word' id='word_1_773' title='bbox 1679 5736 1796 5794; x_wconf 78' lang='lat' dir='ltr'><strong>cap.</strong></span> <span class='ocrx_word' id='word_1_774' title='bbox 1829 5722 1884 5794; x_wconf 85' lang='lat'><strong>8,</strong></span> 
     </span>
    </p>
   </div>
   <div class='ocr_carea' id='block_1_102' title="bbox 301 5791 1884 5866">
    <p class='ocr_par' dir='ltr' id='par_1_102' title="bbox 301 5791 1884 5866">
     <span class='ocr_line' id='line_1_102' title="bbox 301 5791 1884 5866; baseline -0.008 -8"><span class='ocrx_word' id='word_1_775' title='bbox 301 5817 456 5858; x_wconf 83' lang='lat' dir='ltr'><strong>num.</strong></span> <span class='ocrx_word' id='word_1_776' title='bbox 498 5797 587 5856; x_wconf 84' lang='lat'><strong>87.</strong></span> <span class='ocrx_word' id='word_1_777' title='bbox 662 5791 1011 5854; x_wconf 47' lang='lat' dir='ltr'><strong>SfPaulinus</strong></span> <span class='ocrx_word' id='word_1_778' title='bbox 1056 5794 1414 5866; x_wconf 74' lang='lat' dir='ltr'><strong>Aquileiensis</strong></span> <span class='ocrx_word' id='word_1_779' title='bbox 1461 5791 1665 5866; x_wconf 63' lang='lat' dir='ltr'><strong>_ofrjicit</strong></span> <span class='ocrx_word' id='word_1_780' title='bbox 1695 5791 1884 5858; x_wconf 73' lang='lat' dir='ltr'><strong>Felici,</strong></span> 
     </span>
    </p>
   </div>
   <div class='ocr_carea' id='block_1_103' title="bbox 303 5863 1886 5952">
    <p class='ocr_par' dir='ltr' id='par_1_103' title="bbox 303 5863 1886 5952">
     <span class='ocr_line' id='line_1_103' title="bbox 303 5863 1886 5952; baseline -0.006 -25"><span class='ocrx_word' id='word_1_781' title='bbox 303 5871 453 5952; x_wconf 73' lang='lat' dir='ltr'><strong>quod</strong></span> <span class='ocrx_word' id='word_1_782' title='bbox 479 5879 689 5927; x_wconf 66' lang='lat' dir='ltr'><strong>textum</strong></span> <span class='ocrx_word' id='word_1_783' title='bbox 716 5869 773 5926; x_wconf 87' lang='lat' dir='ltr'><strong>S.</strong></span> <span class='ocrx_word' id='word_1_784' title='bbox 797 5868 1068 5924; x_wconf 84' lang='lat' dir='ltr'><strong>Ambrosii</strong></span> <span class='ocrx_word' id='word_1_785' title='bbox 1107 5863 1429 5937; x_wconf 77' lang='lat' dir='ltr'><strong>corruperit,</strong></span> <span class='ocrx_word' id='word_1_786' title='bbox 1461 5863 1578 5920; x_wconf 88' lang='lat' dir='ltr'><strong>loco</strong></span> <span class='ocrx_word' id='word_1_787' title='bbox 1608 5880 1620 5916; x_wconf 94' lang='lat'><strong>:</strong></span> <span class='ocrx_word' id='word_1_788' title='bbox 1651 5865 1760 5934; x_wconf 82' lang='lat' dir='ltr'><strong>ipso</strong></span> <span class='ocrx_word' id='word_1_789' title='bbox 1791 5879 1886 5918; x_wconf 86' lang='lat' dir='ltr'><strong>usu</strong></span> 
     </span>
    </p>
   </div>
   <div class='ocr_carea' id='block_1_104' title="bbox 1981 4646 3572 4722">
    <p class='ocr_par' dir='ltr' id='par_1_104' title="bbox 1981 4646 3572 4722">
     <span class='ocr_line' id='line_1_104' title="bbox 1981 4646 3572 4722; baseline -0.006 -11"><span class='ocrx_word' id='word_1_790' title='bbox 1981 4657 2128 4711; x_wconf 85' lang='lat' dir='ltr'><strong>lento</strong></span> <span class='ocrx_word' id='word_1_791' title='bbox 2161 4669 2410 4708; x_wconf 85' lang='lat' dir='ltr'><strong>sermone</strong></span> <span class='ocrx_word' id='word_1_792' title='bbox 2450 4653 2706 4722; x_wconf 89' lang='lat' dir='ltr'><strong>scriptam</strong></span> <span class='ocrx_word' id='word_1_793' title='bbox 2743 4650 3036 4704; x_wconf 82' lang='lat' dir='ltr'><strong>direxerat.</strong></span> <span class='ocrx_word' id='word_1_794' title='bbox 3078 4647 3251 4714; x_wconf 90' lang='lat' dir='ltr'><strong>Quam</strong></span> <span class='ocrx_word' id='word_1_795' title='bbox 3287 4646 3572 4716; x_wconf 85' lang='lat' dir='ltr'><strong>epistolam</strong></span> 
     </span>
    </p>
   </div>
   <div class='ocr_carea' id='block_1_105' title="bbox 1983 4735 3571 4812">
    <p class='ocr_par' dir='ltr' id='par_1_105' title="bbox 1983 4735 3571 4812">
     <span class='ocr_line' id='line_1_105' title="bbox 1983 4735 3571 4812; baseline -0.007 -12"><span class='ocrx_word' id='word_1_796' title='bbox 1983 4747 2091 4800; x_wconf 89' lang='lat' dir='ltr'><strong>tuis</strong></span> <span class='ocrx_word' id='word_1_797' title='bbox 2133 4743 2329 4798; x_wconf 89' lang='lat' dir='ltr'><strong>litteris</strong></span> <span class='ocrx_word' id='word_1_798' title='bbox 2355 4741 2743 4812; x_wconf 89' lang='lat' dir='ltr'><strong>propemodum</strong></span> <span class='ocrx_word' id='word_1_799' title='bbox 2777 4747 2942 4792; x_wconf 81' lang='lat' dir='ltr'><strong>totam</strong></span> <span class='ocrx_word' id='word_1_800' title='bbox 2976 4739 3131 4808; x_wconf 89' lang='lat' dir='ltr'><strong>quasi</strong></span> <span class='ocrx_word' id='word_1_801' title='bbox 3163 4737 3343 4792; x_wconf 90' lang='lat' dir='ltr'><strong>lumen</strong></span> <span class='ocrx_word' id='word_1_802' title='bbox 3378 4735 3571 4806; x_wconf 87' lang='lat' dir='ltr'><strong>caligi-</strong></span> 
     </span>
    </p>
   </div>
   <div class='ocr_carea' id='block_1_106' title="bbox 1983 4829 3574 4900">
    <p class='ocr_par' dir='ltr' id='par_1_106' title="bbox 1983 4829 3574 4900">
     <span class='ocr_line' id='line_1_106' title="bbox 1983 4829 3574 4900; baseline -0.004 -9"><span class='ocrx_word' id='word_1_803' title='bbox 1983 4851 2118 4892; x_wconf 91' lang='lat' dir='ltr'><strong>noso</strong></span> <span class='ocrx_word' id='word_1_804' title='bbox 2142 4835 2262 4890; x_wconf 87' lang='lat' dir='ltr'><strong>loco</strong></span> <span class='ocrx_word' id='word_1_805' title='bbox 2300 4831 2502 4889; x_wconf 80' lang='lat' dir='ltr'><strong>inferre</strong></span> <span class='ocrx_word' id='word_1_806' title='bbox 2532 4831 2766 4886; x_wconf 79' lang='lat' dir='ltr'><strong>voluisti.</strong></span> <span class='ocrx_word' id='word_1_807' title='bbox 2810 4829 2987 4900; x_wconf 87' lang='lat' dir='ltr'><strong>Atque</strong></span> <span class='ocrx_word' id='word_1_808' title='bbox 3013 4829 3219 4884; x_wconf 87' lang='lat' dir='ltr'><strong>utinam</strong></span> <span class='ocrx_word' id='word_1_809' title='bbox 3265 4831 3338 4884; x_wconf 88' lang='lat' dir='ltr'><strong>ita</strong></span> <span class='ocrx_word' id='word_1_810' title='bbox 3367 4837 3420 4884; x_wconf 89' lang='lat' dir='ltr'><strong>te</strong></span> <span class='ocrx_word' id='word_1_811' title='bbox 3455 4843 3574 4884; x_wconf 79' lang='lat' dir='ltr'><strong>cre-</strong></span> 
     </span>
    </p>
   </div>
   <div class='ocr_carea' id='block_1_107' title="bbox 1985 4919 3576 4986">
    <p class='ocr_par' dir='ltr' id='par_1_107' title="bbox 1985 4919 3576 4986">
     <span class='ocr_line' id='line_1_107' title="bbox 1985 4919 3576 4986; baseline -0.007 -2"><span class='ocrx_word' id='word_1_812' title='bbox 1985 4931 2114 4984; x_wconf 87' lang='lat' dir='ltr'><strong>dere</strong></span> <span class='ocrx_word' id='word_1_813' title='bbox 2143 4926 2481 4986; x_wconf 82' lang='lat' dir='ltr'><strong>ostenderes,</strong></span> <span class='ocrx_word' id='word_1_814' title='bbox 2529 4924 2672 4977; x_wconf 88' lang='lat' dir='ltr'><strong>sicut</strong></span> <span class='ocrx_word' id='word_1_815' title='bbox 2723 4922 2775 4975; x_wconf 91' lang='lat' dir='ltr'><strong>in</strong></span> <span class='ocrx_word' id='word_1_816' title='bbox 2821 4919 2964 4975; x_wconf 91' lang='lat' dir='ltr'><strong>illius</strong></span> <span class='ocrx_word' id='word_1_817' title='bbox 3002 4920 3302 4976; x_wconf 84' lang='lat' dir='ltr'><strong>beatissimi</strong></span> <span class='ocrx_word' id='word_1_818' title='bbox 3334 4920 3576 4977; x_wconf 88' lang='lat' dir='ltr'><strong>doctoris</strong></span> 
     </span>
    </p>
   </div>
   <div class='ocr_carea' id='block_1_108' title="bbox 1982 5013 3574 5088">
    <p class='ocr_par' dir='ltr' id='par_1_108' title="bbox 1982 5013 3574 5088">
     <span class='ocr_line' id='line_1_108' title="bbox 1982 5013 3574 5088; baseline -0.007 -12"><span class='ocrx_word' id='word_1_819' title='bbox 1982 5022 2179 5076; x_wconf 90' lang='lat' dir='ltr'><strong>litteris</strong></span> <span class='ocrx_word' id='word_1_820' title='bbox 2216 5025 2269 5073; x_wconf 89' lang='lat' dir='ltr'><strong>te</strong></span> <span class='ocrx_word' id='word_1_821' title='bbox 2301 5019 2478 5088; x_wconf 84' lang='lat' dir='ltr'><strong>legere</strong></span> <span class='ocrx_word' id='word_1_822' title='bbox 2515 5015 2850 5086; x_wconf 86' lang='lat' dir='ltr'><strong>agnovimus.</strong></span> <span class='ocrx_word' id='word_1_823' title='bbox 2900 5013 3041 5068; x_wconf 91' lang='lat' dir='ltr'><strong>Dicit</strong></span> <span class='ocrx_word' id='word_1_824' title='bbox 3085 5013 3230 5068; x_wconf 89' lang='lat' dir='ltr'><strong>enim</strong></span> <span class='ocrx_word' id='word_1_825' title='bbox 3264 5013 3354 5069; x_wconf 90' lang='lat' dir='ltr'><strong>ille</strong></span> <span class='ocrx_word' id='word_1_826' title='bbox 3383 5013 3574 5070; x_wconf 90' lang='lat' dir='ltr'><strong>doctor</strong></span> 
     </span>
    </p>
   </div>
   <div class='ocr_carea' id='block_1_109' title="bbox 1985 5109 3574 5182">
    <p class='ocr_par' dir='ltr' id='par_1_109' title="bbox 1985 5109 3574 5182">
     <span class='ocr_line' id='line_1_109' title="bbox 1985 5109 3574 5182; baseline -0.004 -12"><span class='ocrx_word' id='word_1_827' title='bbox 1985 5117 2218 5170; x_wconf 86' lang='lat' dir='ltr'><strong>eximius</strong></span> <span class='ocrx_word' id='word_1_828' title='bbox 2263 5115 2406 5168; x_wconf 89' lang='lat' dir='ltr'><strong>inter</strong></span> <span class='ocrx_word' id='word_1_829' title='bbox 2451 5111 2553 5166; x_wconf 88' lang='lat' dir='ltr'><strong>alia</strong></span> <span class='ocrx_word' id='word_1_830' title='bbox 2602 5112 2654 5166; x_wconf 93' lang='lat' dir='ltr'><strong>in</strong></span> <span class='ocrx_word' id='word_1_831' title='bbox 2681 5112 2868 5165; x_wconf 88' lang='lat' dir='ltr'><strong>eadem</strong></span> <span class='ocrx_word' id='word_1_832' title='bbox 2913 5109 3164 5182; x_wconf 87' lang='lat' dir='ltr'><strong>epistola,</strong></span> <span class='ocrx_word' id='word_1_833' title='bbox 3195 5126 3314 5182; x_wconf 68' lang='lat' dir='ltr'><strong>qua:</strong></span> <span class='ocrx_word' id='word_1_834' title='bbox 3345 5110 3411 5165; x_wconf 89' lang='lat' dir='ltr'><strong>de</strong></span> <span class='ocrx_word' id='word_1_835' title='bbox 3440 5109 3574 5164; x_wconf 85' lang='lat' dir='ltr'><strong>dua-</strong></span> 
     </span>
    </p>
   </div>
   <div class='ocr_carea' id='block_1_110' title="bbox 1986 5199 3572 5276">
    <p class='ocr_par' dir='ltr' id='par_1_110' title="bbox 1986 5199 3572 5276">
     <span class='ocr_line' id='line_1_110' title="bbox 1986 5199 3572 5276; baseline -0.004 -14"><span class='ocrx_word' id='word_1_836' title='bbox 1986 5225 2107 5262; x_wconf 88' lang='lat' dir='ltr'><strong>rum</strong></span> <span class='ocrx_word' id='word_1_837' title='bbox 2137 5208 2188 5260; x_wconf 90' lang='lat' dir='ltr'><strong>in</strong></span> <span class='ocrx_word' id='word_1_838' title='bbox 2211 5205 2429 5261; x_wconf 80' lang='lat' dir='ltr'><strong>Citrile</strong></span> <span class='ocrx_word' id='word_1_839' title='bbox 2455 5206 2788 5276; x_wconf 89' lang='lat' dir='ltr'><strong>proprietate</strong></span> <span class='ocrx_word' id='word_1_840' title='bbox 2824 5211 3142 5258; x_wconf 87' lang='lat' dir='ltr'><strong>naturarum</strong></span> <span class='ocrx_word' id='word_1_841' title='bbox 3173 5201 3408 5258; x_wconf 88' lang='lat' dir='ltr'><strong>mirabili</strong></span> <span class='ocrx_word' id='word_1_842' title='bbox 3455 5199 3572 5255; x_wconf 92' lang='lat' dir='ltr'><strong>elo-</strong></span> 
     </span>
    </p>
   </div>
   <div class='ocr_carea' id='block_1_111' title="bbox 1986 5289 3570 5372">
    <p class='ocr_par' dir='ltr' id='par_1_111' title="bbox 1986 5289 3570 5372">
     <span class='ocr_line' id='line_1_111' title="bbox 1986 5289 3570 5372; baseline -0.008 -17"><span class='ocrx_word' id='word_1_843' title='bbox 1986 5301 2208 5372; x_wconf 87' lang='lat' dir='ltr'><strong>quentia</strong></span> <span class='ocrx_word' id='word_1_844' title='bbox 2245 5307 2298 5352; x_wconf 89' lang='lat' dir='ltr'><strong>et</strong></span> <span class='ocrx_word' id='word_1_845' title='bbox 2340 5297 2594 5352; x_wconf 85' lang='lat' dir='ltr'><strong>laudabili</strong></span> <span class='ocrx_word' id='word_1_846' title='bbox 2625 5297 2854 5367; x_wconf 86' lang='lat' dir='ltr'><strong>paritatc</strong></span> <span class='ocrx_word' id='word_1_847' title='bbox 2891 5293 3047 5369; x_wconf 86' lang='lat' dir='ltr'><strong>[Cod.</strong></span> <span class='ocrx_word' id='word_1_848' title='bbox 3075 5295 3278 5360; x_wconf 79' lang='lat' dir='ltr'><strong>Paris.,</strong></span> <span class='ocrx_word' id='word_1_849' title='bbox 3312 5289 3570 5362; x_wconf 89' lang='lat' dir='ltr'><strong>puritate]</strong></span> 
     </span>
    </p>
   </div>
   <div class='ocr_carea' id='block_1_112' title="bbox 1989 5381 3570 5463">
    <p class='ocr_par' dir='ltr' id='par_1_112' title="bbox 1989 5381 3570 5463">
     <span class='ocr_line' id='line_1_112' title="bbox 1989 5381 3570 5463; baseline -0.006 -17"><span class='ocrx_word' id='word_1_850' title='bbox 1989 5393 2109 5448; x_wconf 88' lang='lat' dir='ltr'><strong>lldei</strong></span> <span class='ocrx_word' id='word_1_851' title='bbox 2156 5391 2425 5463; x_wconf 86' lang='lat' dir='ltr'><strong>protulitc</strong></span> <span class='ocrx_word' id='word_1_852' title='bbox 2458 5409 2471 5446; x_wconf 91' lang='lat'><strong>:</strong></span> <span class='ocrx_word' id='word_1_853' title='bbox 2509 5409 2526 5441; x_wconf 74' lang='grc' dir='ltr'><strong><em>ι</em></strong></span> <span class='ocrx_word' id='word_1_854' title='bbox 2563 5391 2716 5446; x_wconf 89' lang='lat' dir='ltr'><strong>Licet</strong></span> <span class='ocrx_word' id='word_1_855' title='bbox 2765 5407 2893 5462; x_wconf 87' lang='lat' dir='ltr'><strong>ergo</strong></span> <span class='ocrx_word' id='word_1_856' title='bbox 2942 5391 2994 5446; x_wconf 93' lang='lat' dir='ltr'><strong>in</strong></span> <span class='ocrx_word' id='word_1_857' title='bbox 3042 5405 3150 5445; x_wconf 92' lang='lat' dir='ltr'><strong>uno</strong></span> <span class='ocrx_word' id='word_1_858' title='bbox 3194 5385 3420 5441; x_wconf 89' lang='lat' dir='ltr'><strong>Domino</strong></span> <span class='ocrx_word' id='word_1_859' title='bbox 3441 5381 3570 5438; x_wconf 73' lang='lat' dir='ltr'><strong>Iesu</strong></span> 
     </span>
    </p>
   </div>
   <div class='ocr_carea' id='block_1_113' title="bbox 1987 5476 3572 5553">
    <p class='ocr_par' dir='ltr' id='par_1_113' title="bbox 1987 5476 3572 5553">
     <span class='ocr_line' id='line_1_113' title="bbox 1987 5476 3572 5553; baseline -0.005 -12"><span class='ocrx_word' id='word_1_860' title='bbox 1987 5485 2203 5541; x_wconf 91' lang='lat' dir='ltr'><strong>Christo</strong></span> <span class='ocrx_word' id='word_1_861' title='bbox 2228 5499 2358 5538; x_wconf 89' lang='lat' dir='ltr'><strong>vero</strong></span> <span class='ocrx_word' id='word_1_862' title='bbox 2386 5483 2480 5538; x_wconf 88' lang='lat' dir='ltr'><strong>Dei</strong></span> <span class='ocrx_word' id='word_1_863' title='bbox 2510 5492 2670 5553; x_wconf 90' lang='lat' dir='ltr'><strong>atque</strong></span> <span class='ocrx_word' id='word_1_864' title='bbox 2697 5483 2930 5538; x_wconf 89' lang='lat' dir='ltr'><strong>hominis</strong></span> <span class='ocrx_word' id='word_1_865' title='bbox 2958 5481 3096 5536; x_wconf 87' lang='lat' dir='ltr'><strong>Filio</strong></span> <span class='ocrx_word' id='word_1_866' title='bbox 3123 5478 3286 5536; x_wconf 80' lang='lat' dir='ltr'><strong>Verbi</strong></span> <span class='ocrx_word' id='word_1_867' title='bbox 3312 5485 3366 5533; x_wconf 87' lang='lat' dir='ltr'><strong>et</strong></span> <span class='ocrx_word' id='word_1_868' title='bbox 3390 5476 3572 5533; x_wconf 87' lang='lat' dir='ltr'><strong>carnis</strong></span> 
     </span>
    </p>
   </div>
   <div class='ocr_carea' id='block_1_114' title="bbox 1986 5694 3571 5787">
    <p class='ocr_par' dir='ltr' id='par_1_114' title="bbox 1986 5694 3571 5787">
     <span class='ocr_line' id='line_1_114' title="bbox 1986 5694 3571 5787; baseline -0.009 -18"><span class='ocrx_word' id='word_1_869' title='bbox 1986 5712 2236 5787; x_wconf 73' lang='lat' dir='ltr'><strong>ponendo</strong></span> <span class='ocrx_word' id='word_1_870' title='bbox 2266 5730 2277 5764; x_wconf 92' lang='lat'><strong>:</strong></span> <span class='ocrx_word' id='word_1_871' title='bbox 2305 5713 2415 5787; x_wconf 60' lang='lat' dir='ltr'><strong>ipse</strong></span> <span class='ocrx_word' id='word_1_872' title='bbox 2435 5727 2534 5764; x_wconf 84' lang='lat' dir='ltr'><strong>usu</strong></span> <span class='ocrx_word' id='word_1_873' title='bbox 2565 5717 2760 5787; x_wconf 62' lang='lat' dir='ltr'><strong>nostra.</strong></span> <span class='ocrx_word' id='word_1_874' title='bbox 2791 5703 2853 5787; x_wconf 62' lang='lat' dir='ltr'><strong>L:</strong></span> <span class='ocrx_word' id='word_1_875' title='bbox 2887 5717 2947 5757; x_wconf 86' lang='lat' dir='ltr'><strong>Ill</strong></span> <span class='ocrx_word' id='word_1_876' title='bbox 2980 5699 3103 5787; x_wconf 83' lang='lat' dir='ltr'><strong>adv.</strong></span> <span class='ocrx_word' id='word_1_877' title='bbox 3128 5696 3385 5787; x_wconf 52' lang='lat' dir='ltr'><strong>Felicem,</strong></span> <span class='ocrx_word' id='word_1_878' title='bbox 3406 5711 3458 5755; x_wconf 90' lang='lat' dir='ltr'><strong>c.</strong></span> <span class='ocrx_word' id='word_1_879' title='bbox 3478 5694 3571 5755; x_wconf 69' lang='grc'><strong>21.</strong></span> 
     </span>
    </p>
   </div>
   <div class='ocr_carea' id='block_1_115' title="bbox 2059 5769 3272 5850">
    <p class='ocr_par' dir='ltr' id='par_1_115' title="bbox 2059 5769 3272 5850">
     <span class='ocr_line' id='line_1_115' title="bbox 2059 5769 3272 5850; baseline -0.01 -12"><span class='ocrx_word' id='word_1_880' title='bbox 2059 5769 2086 5825; x_wconf 62' lang='lat' dir='ltr'><strong>l3</strong></span> <span class='ocrx_word' id='word_1_881' title='bbox 2127 5783 2184 5838; x_wconf 90' lang='lat' dir='ltr'><strong>S.</strong></span> <span class='ocrx_word' id='word_1_882' title='bbox 2209 5769 2345 5850; x_wconf 55' lang='lat' dir='ltr'><strong>Aug&#39;.</strong></span> <span class='ocrx_word' id='word_1_883' title='bbox 2375 5781 2553 5834; x_wconf 84' lang='lat' dir='ltr'><strong>Tract.</strong></span> <span class='ocrx_word' id='word_1_884' title='bbox 2587 5795 2711 5850; x_wconf 63' lang='lat' dir='ltr'><strong>xxix</strong></span> <span class='ocrx_word' id='word_1_885' title='bbox 2749 5777 2800 5828; x_wconf 86' lang='lat' dir='ltr'><strong>in</strong></span> <span class='ocrx_word' id='word_1_886' title='bbox 2827 5774 3005 5850; x_wconf 65' lang='lat'><strong>19:111.,</strong></span> <span class='ocrx_word' id='word_1_887' title='bbox 3041 5786 3190 5826; x_wconf 90' lang='lat' dir='ltr'><strong>num.</strong></span> <span class='ocrx_word' id='word_1_888' title='bbox 3219 5769 3272 5828; x_wconf 88' lang='grc'><strong>8.</strong></span> 
     </span>
    </p>
   </div>
   <div class='ocr_carea' id='block_1_116' title="bbox 2061 5843 2895 5920">
    <p class='ocr_par' dir='ltr' id='par_1_116' title="bbox 2061 5843 2895 5920">
     <span class='ocr_line' id='line_1_116' title="bbox 2061 5843 2895 5920; baseline -0.016 -10"><span class='ocrx_word' id='word_1_889' title='bbox 2061 5865 2084 5893; x_wconf 76' lang='grc' dir='ltr'><strong>ο</strong></span> <span class='ocrx_word' id='word_1_890' title='bbox 2127 5855 2183 5909; x_wconf 85' lang='lat' dir='ltr'><strong>S.</strong></span> <span class='ocrx_word' id='word_1_891' title='bbox 2209 5843 2324 5907; x_wconf 73' lang='lat' dir='ltr'><strong>L65</strong></span> <span class='ocrx_word' id='word_1_892' title='bbox 2349 5851 2516 5920; x_wconf 85' lang='lat' dir='ltr'><strong>Epist.</strong></span> <span class='ocrx_word' id='word_1_893' title='bbox 2548 5849 2664 5914; x_wconf 81' lang='grc'><strong>165,</strong></span> <span class='ocrx_word' id='word_1_894' title='bbox 2697 5863 2814 5913; x_wconf 82' lang='lat' dir='ltr'><strong>cap.</strong></span> <span class='ocrx_word' id='word_1_895' title='bbox 2844 5843 2895 5899; x_wconf 88' lang='grc'><strong>6.</strong></span> 
     </span>
    </p>
   </div>
  </div>
