4030 6358
514 359 624 416 ωδ

1332 356 1392 411 B.
1431 354 1496 410 ιη’.
1536 352 1764 409 ALBINl
1799 351 1934 409 seu
1966 352 2249 410 ALCUINI
2288 330 2578 412 OPERUM
2611 353 2793 411 psus
2831 352 2918 411 ιιι.

3676 313 3833 416 ΞΜ,

514 485 622 525 una
660 479 891 538 persona
917 465 1011 531 sit,
1039 479 1161 537 quae
1198 464 1629 534 inseparabiliter
1657 472 1818 533 atque
1862 465 2091 519 indivise
2116 468 2165 526 Α
2192 466 2298 536 Ipsi
2326 477 2453 523 sunt
2478 485 2547 525 ιι
2570 467 2738 525 fortes
2766 486 2831 524 ex
2858 468 3166 525 fortissimis
3195 468 3785 569 lsrael,qui.amoiunt

514 575 829 617 communes
879 559 1074 613 habeat
1131 557 1395 621 actiones,
1455 564 1561 611 etc.
1611 575 1629 607 ›
1690 555 1878 611 Nonne
1928 571 2096 609 unum
2194 557 2451 613 lectulum
2498 562 2613 615 veri
2657 560 2980 625 Salomonis,
3027 577 3219 616 omnes
3259 555 3784 635 tenentes'gladium

516 645 873 723 eumdemque
916 665 1106 706 verum
1131 650 1228 704 Dei
1266 650 1483 714 Filium,
1534 657 1589 705 et
1631 664 1818 704 verum
1863 649 2098 703 hominis
2196 649 2348 703 verbi
2377 648 2493 712 Dei,
2524 660 2580 706 et
2608 652 2674 705 ad
2704 652 2842 706 bella
2888 653 3279 722 promptissimi
3314 671 3326 706 :
3357 654 3785 725 uniuscujusque

514 746 712 802 Filium
741 752 929 800 contra
958 744 1035 798 tui
1070 743 1276 800 erroris
1304 742 1637 813 impietatem
1667 744 1754 797 his
1778 742 1955 796 verbis
1997 742 2099 797 iste

515 839 815 895 catholicus
835 839 1043 903 doctor,
1065 851 1225 906 quem
1251 843 1308 890 tu
1334 837 1448 906 ipse
1470 836 1524 890 in
1548 836 1782 890 medium
1806 835 2096 911 deduxisti,

517 930 783 985 afﬁrmat?
812 929 877 983 Et
904 938 1024 999 post
1050 943 1222 998 pauca
1252 928 1447 981 iterum
1474 945 1486 981 :
1512 927 1678 997 890
1706 945 1722 976 ι
1753 924 1886 979 Cum
1915 927 2099 981 catho-

516 1022 641 1085 lica,
695 1021 896 1091 inquit,
948 1020 1082 1074 ﬁdes
1128 1028 1415 1088 utrumque
1461 1018 1751 1087 suscipiat,
1812 1024 2101 1084 utrumque

519 1114 796 1178 defendat,
823 1128 942 1182 quae
992 1113 1286 1167 secundum
1335 1110 1728 1166 confessionem
1772 1110 1914 1164 beati
1952 1107 2098 1162 Petri

516 1205 743 1278 apostoli
774 1220 939 1259 unum
962 1203 1236 1258 Christum
1262 1203 1357 1257 Dei
1384 1204 1489 1257 vivi
1516 1202 1712 1256 Filium
1745 1200 2101 1271 etghominem

514 1299 689 1355 credit
723 1307 778 1353 et
800 1296 1057 1351 Verbum.
1094 1316 1114 1348 ι
1167 1295 1462 1350 Considera
1509 1302 1564 1348 te
1604 1294 1800 1363 ipsum,
1834 1301 1888 1347 et
1915 1307 1982 1347 ex
2018 1292 2103 1346 his

514 1393 697 1449 verbis
722 1400 843 1446 tuos
872 1405 1062 1446 sensus
1090 1390 1316 1457 corrige,
1347 1397 1402 1441 et
1426 1387 1535 1442 noli
1558 1385 1836 1441 Christum
1882 1385 1937 1438 in
1968 1385 2101 1437 duos

487 1483 759 1555 .dividere
807 1481 964 1546 ﬁlios,
996 1482 1180 1534 unum
1227 1479 1560 1547 adoptivum,
1608 1483 1663 1531 et
1709 1475 1938 1530 alterum
1971 1489 2102 1543 pro-

514 1577 695 1648 prium
725 1593 737 1628 :
767 1575 861 1630 sed
910 1589 1033 1629 cum
1061 1574 1221 1627 beato
1249 1572 1411 1626 Petro
1442 1568 1684 1639 principe
1713 1566 2098 1636 apostolorum,

516 1674 812 1731 secundum
859 1686 1077 1726 sensum
1126 1669 1283 1723 istius
1336 1666 1664 1721 sanctissimi
1696 1664 1891 1728 Patris,
1935 1676 2102 1716 unum

514 1742 793 1823 Christum
826 1765 984 1820 crede
1011 1771 1063 1818 et
1091 1777 1258 1815 unum
1282 1760 1374 1813 Dei
1406 1760 1512 1812 vivi
1543 1757 1757 1819 Filium,
1778 1755 2015 1809 Verbum
2047 1762 2103 1806 et

515 1858 789 1914 hominem
815 1857 1070 1927 prtedica.
1101 1855 1235 1908 ltcm
1274 1854 1416 1906 inter
1439 1859 1635 1905 caetera
1672 1846 1953 1903 catholica:
1977 1844 2099 1898 ﬁdei

513 1949 856 2006 hortamenta
877 1950 979 2003 hoc
998 1961 1209 2016 quoque
1229 1944 1474 2013 adiunxit
1496 1943 1638 2014 (cap.
1656 1942 1710 2013 8)
1730 1959 1773 1994 ε(
1795 1940 1993 1995 Forma
2008 1955 2101 1993 au-

512 2047 627 2096 tem
647 2040 809 2103 servi,
829 2054 928 2108 per
949 2053 1110 2107 quam
1135 2036 1481 2106 impassibilis
1501 2035 1681 2089 Deitas
1704 2037 2103 2088 sacramentum

512 2147 722 2203 magnae
732 2131 951 2201 pietatis
966 2129 1226 2199 implevit,
1242 2129 1475 2182 humana
1497 2125 1773 2181 humilitas
1788 2130 1891 2186 est,
1907 2136 2026 2190 quae
2050 2120 2102 2173 in

512 2223 743 2296 gloriam
772 2224 967 2277 divinae
994 2223 1278 2291 potestatis
1311 2228 1496 2273 evecta
1521 2227 1622 2281 est,
1651 2218 1703 2270 in
1728 2224 1875 2269 tanta
1896 2214 2117 2298 unitate

515 2313 599 2388 [S.
614 2313 739 2379 Leo,
760 2314 816 2368 in
835 2321 1039 2368 tantam
1059 2310 1345 2381 unitatem]
1371 2312 1438 2364 ab
1455 2311 1571 2379 ipso
1588 2318 1851 2377 conceptu
1869 2306 2105 2376 Virginis

514 2406 714 2462 deitate
736 2413 793 2460 et
810 2404 1015 2458 unitate
1038 2410 1308 2461 conserta,
1330 2409 1390 2455 ut
1410 2416 1511 2455 nec
1531 2401 1647 2455 sine
1667 2399 1880 2454 homine
1902 2397 2099 2459 divina,

516 2511 622 2552 nec
644 2497 760 2552 sine
777 2495 887 2550 Deo
908 2503 1196 2565 agerentur
1216 2495 1474 2548 humana.
1501 2513 1520 2545 ι
1555 2492 1681 2547 Haec
1700 2506 1923 2561 prorsus
1943 2491 2105 2544 verba

514 2593 571 2643 te
610 2602 718 2642 non
749 2587 1100 2651 intellexisse,
1133 2587 1214 2640 vel
1245 2601 1378 2641 vera
1408 2601 1515 2641 non
1545 2585 1859 2649 credidisse,
1901 2584 2105 2651 absque

515 2675 849 2734 dubitatione
875 2677 932 2731 in
962 2677 1071 2731 tuis
1098 2676 1295 2731 litteris
1321 2677 1561 2746 reperire
1587 2686 1687 2731 est.
1720 2674 1971 2743 Nunquid
1995 2688 2104 2727 non

514 2766 807 2823 humanam
853 2767 1216 2821 humilitatem
1258 2767 1315 2820 in
1350 2766 1585 2821 divinam
1630 2782 1747 2820 esse
1783 2771 2105 2834 potestatem

516 2865 752 2916 testatur
791 2867 1057 2924 evectam,
1090 2874 1254 2928 quam
1295 2866 1352 2912 tu
1389 2860 1657 2928 captivam
1691 2858 1970 2912 nominare
1997 2872 2105 2911 non

518 2947 822 3004 horruisti?
870 2948 937 3002 Et
979 2947 1139 3017 paulo
1164 2955 1288 3019 post
1317 2965 1329 3000 ε
1362 2966 1379 2997 ι
1414 2947 1866 3016 lnseparabiliter,
1907 2947 2102 3014 inquit,

517 3044 774 3091 manente
806 3037 1015 3091 unitate
1056 3054 1316 3107 personae,
1358 3054 1498 3091 unus
1544 3048 1704 3107 atque
1748 3039 1888 3091 idem
1931 3046 2013 3091 est
2053 3047 2108 3092 et

519 3132 666 3182 totus
691 3126 927 3181 hominis
968 3125 1136 3182 Filius
1179 3137 1397 3198 propter
1435 3145 1673 3191 carnem,
1722 3136 1776 3183 ct
1825 3137 1968 3183 totus
2007 3131 2101 3185 Dei
2129 3164 2177 3227 ο

518 3215 690 3274 Filius
725 3225 949 3288 propter
998 3234 1163 3273 unam
1214 3236 1336 3274 cum
1384 3221 1546 3275 Patre
1574 3221 1863 3276 Dcitatem.
1900 3243 1916 3273 ›
1961 3221 2102 3276 Nihil

513 3307 662 3365 enim
689 3307 792 3364 hoc
818 3308 938 3365 loco
966 3308 1275 3365 formidavit
1317 3313 1604 3368 ostendere
1644 3315 1832 3368 beatus
1872 3314 1979 3367 Leo
2006 3316 2102 3368 do-

515 3408 636 3458 ctor
670 3401 993 3468 catholicus,
1037 3401 1307 3458 Christum
1345 3412 1519 3459 totum
1546 3405 1638 3458 Dei
1662 3405 1856 3460 Filium
1894 3422 2011 3459 esse
2049 3414 2104 3461 et

516 3498 690 3547 totum
705 3490 901 3546 Filium
925 3492 1191 3560 hominis;
1226 3510 1387 3563 quem
1407 3504 1463 3549 tu
1481 3510 1731 3565 separare
1756 3513 1862 3551 non
1886 3500 2099 3564 metuis,

517 3578 797 3637 aﬂirmans
820 3589 1031 3652 partem
1061 3582 1176 3651 ejus
1210 3600 1328 3640 esse
1364 3587 1419 3640 in
1449 3587 1708 3658 dignitate
1734 3590 1935 3657 proprii
1960 3590 2100 3655 Filii,

512 3679 728 3743 partem
772 3673 827 3726 in
874 3674 1164 3744 adoptione
1212 3692 1331 3746 qua:
1376 3678 1512 3733 solet
1561 3680 1629 3735 ab
1677 3688 1937 3735 extranea
1986 3682 2103 3736 ﬁeri

513 3774 766 3833 persona.
826 3762 979 3832 Quod
1028 3766 1385 3838 incongruum
1431 3770 1587 3824 valde
1640 3779 1723 3825 est
1775 3772 1841 3826 de
1889 3771 2103 3829 Christo

514 3850 760 3919 credere,
795 3861 856 3908 ut
896 3872 1135 3926 unquam
1178 3868 1471 3915 extraneas
1518 3870 1663 3917 esset
1702 3863 1812 3917 Deo
1851 3862 2023 3929 Patri,
2052 3872 2108 3919 et

519 3940 647 3998 inde
691 3944 1042 4015 adoptaretur
1082 3949 1138 4003 in
1189 3949 1379 4006 ﬁlium.
1437 3952 1588 4008 Hanc
1639 3970 1769 4009 vero
1817 3956 1977 4010 talem
2026 3958 2102 4011 tui

513 4034 719 4089 erroris
763 4037 1111 4106 partitionem
1141 4040 1223 4094 vel
1264 4043 1581 4100 divisionem
1625 4046 1691 4101 de
1730 4047 2011 4104 divinitate
2049 4056 2105 4104 et

514 4121 853 4183 humanitate
886 4128 1263 4201 Redemptoris
1310 4137 1478 4191 nostri
1534 4138 1838 4195 certissime
1885 4141 2104 4195 univer-

516 4215 647 4271 salis
678 4226 865 4273 sancta
894 4218 989 4275 Dei
1024 4221 1265 4279 Ecclesia
1296 4227 1495 4297 ubique
1540 4230 1745 4298 respuit
1772 4239 1828 4284 et
1856 4232 2097 4297 damnat,

515 4306 821 4375 praedicans
873 4311 1199 4369 ﬁducialiter
1264 4332 1388 4371 cum
1438 4320 1598 4375 beato
1650 4320 1831 4376 Leone
1882 4323 2102 4379 doctore

515 4396 755 4468 egregio,
781 4397 1055 4454 Christum
1085 4410 1259 4457 totum
1286 4405 1380 4459 Dei
1403 4407 1619 4474 Filium,
1644 4419 1697 4464 et
1729 4419 1897 4466 totum
1928 4414 2101 4470 homi-

514 4486 603 4543 nis
646 4488 880 4557 Filium;
921 4500 1200 4564 totumque
1247 4500 1522 4568 proprium
1551 4502 1767 4569 Filium,
1819 4514 2097 4578 totumque
2124 4514 2179 4575 Ι)

515 4577 819 4647 perfectum
865 4580 1054 4636 Deum.
1110 4582 1308 4642 lterum
1356 4596 1515 4659 atque
1567 4592 1764 4649 iterum
1815 4577 2097 4666 erubesce,

515 4666 795 4739 Elipande,
816 4680 872 4728 et
897 4675 1111 4731 tandem
1140 4678 1428 4749 aliquando
1457 4691 1578 4741 tuos
1603 4702 1834 4759 agnosce
1862 4705 2097 4758 errores,

517 4759 609 4828 qui
656 4776 757 4817 nec
801 4779 987 4819 eorum
1034 4769 1359 4827 testimoniis
1408 4778 1603 4843 credis,
1638 4796 1774 4850 quos
1810 4782 1863 4835 in
1905 4783 2100 4839 suifra-

516 4850 667 4920 gium
694 4860 800 4909 tua:
829 4865 989 4913 sectae
1016 4861 1281 4918 advocare
1319 4867 1553 4924 voluisti.
1590 4871 1944 4942 Perspicuum
1971 4894 2099 4949 pro-

517 4941 607 5043 cul
638 4943 799 5001 dubio
843 4958 945 5013 est,
995 4958 1045 5005 te
1096 4969 1202 5009 non
1248 4957 1550 5029 intelligere
1597 4965 1909 5037 quaelegis,
1940 4941 2102 5043 atque

516 5030 641 5089 ideo
672 5051 780 5091 non
826 5042 1077 5107 credere,
1111 5046 1252 5100 sicut
1296 5048 1477 5104 debes.
1513 5030 1630 5107 Sed
1662 5030 1908 5125 quamvis
1954 5030 2101 5116 tene-

514 5121 675 5178 brosa
722 5127 913 5198 caligo,
948 5133 1037 5187 ubi
1082 5135 1282 5190 occidit
1320 5138 1399 5193 sol
1446 5121 1869 5217 visibilis—atque
1913 5150 2099 5204 invisi-

516 5216 661 5281 bilis,
691 5227 898 5277 vestras
927 5225 1170 5281 obtineat
1204 5239 1446 5297 mentes;
1488 5242 1669 5292 tamen
1703 5216 1878 5295 adhuc
1914 5250 2100 5297 sancta

517 5302 610 5360 Dei
640 5307 881 5366 Ecclesia
924 5314 1087 5370 habet
1128 5320 1410 5377 catholica:
1455 5327 1775 5383 eruditionis
1816 5329 1970 5397 ﬁlios,
2004 5348 2101 5403 per

517 5409 653 5465 quos
690 5403 937 5459 veritatis
982 5405 1095 5473 lux,
1126 5409 1304 5465 divina
1344 5415 1642 5482 opitulante
1672 5419 1867 5487 gratia,
1908 5423 2098 5479 claris-

517 5489 653 5547 sime
676 5492 898 5566 fulgeat,
932 5514 1068 5567 quos
1097 5515 1461 5571 expavescent
1507 5510 1855 5566 tabernacula
1880 5512 2100 5570 Ethio-

516 5594 645 5650 pum
668 5592 723 5638 et
747 5586 1094 5644 tabernacula
1120 5600 1278 5647 terra:
1309 5594 1540 5651 Madian.
1588 5598 1687 5666 Qui
1717 5602 1771 5656 in
1794 5602 1912 5658 luce
1937 5608 2103 5677 sagit-

517 5680 697 5767 tarum
723 5676 817 5731 Dei
845 5679 1019 5747 ibunt,
1053 5682 1378 5753 fulgurantis
1406 5688 1573 5745 hastae
1595 5691 1897 5751 vibramine
1924 5676 2098 5767 parati

516 5760 683 5822 ferire
707 5769 1045 5829 adversarios
1072 5774 1197 5832 ﬁdei
1226 5779 1507 5838 catholica:
1530 5780 1758 5856 (ﬂabat.
1784 5803 1870 5856 ιιι,
1899 5760 1955 5859 7-,
1984 5791 2095 5850 ill.

2198 740 2344 794 ensis
2372 754 2533 810 super
2568 739 2744 795 femur
2784 757 2940 796 suum
2968 750 3190 811 propter
3226 744 3448 801 timores
3490 755 3784 803 nocturnos

2201 829 2378 901 (Cant.
2419 848 2500 895 ιιι,
2537 831 2567 881 7
2605 842 2653 886 et
2695 833 2847 903 seq.).
2895 833 2977 887 Ad
3022 834 3122 889 hos
3172 834 3415 904 Sponsus
3463 837 3529 892 de
3576 838 3787 894 coalesti

2202 922 2437 976 thalamo
2465 923 2665 977 clamat
2694 941 2706 976 :
2736 922 2916 995 Capite
2941 926 3087 979 nobis
3111 926 3286 998 vulpes
3308 928 3550 999 pusillas,
3574 933 3667 1002 qui
3697 933 3787 987 de-

2200 1013 2490 1067 moliuntur
2517 1015 2709 1069 vineas.
2747 1014 2890 1068 Nam
2916 1017 3065 1071 vinea
3096 1027 3276 1073 nostra
3305 1021 3485 1089 ﬂoruit
3511 1022 3691 1094 (Cant.
3722 1040 3785 1091 ιι,

2204 1103 2311 1174 15).
2346 1102 2577 1159 Per'hos
2606 1106 2945 1161 obstructum
2973 1109 3079 1162 erit
3101 1124 3164 1163 os
3185 1110 3425 1165 omnium
3452 1112 3787 1182 loquentium

2203 1195 2385 1264 iniqua
2415 1195 2588 1267 (Psal.
2622 1214 2756 1264 an,
2782 1199 2868 1271 12)
2908 1218 2919 1252 :
2965 1200 3021 1254 bi
3052 1202 3213 1257 unius
3248 1203 3397 1259 vocis
3425 1215 3481 1259 et
3499 1204 3635 1261 ﬁdei
3660 1224 3791 1265 con-

2203 1288 2383 1342 cordia
2425 1288 2661 1343 clamant
2686 1306 2808 1345 cum
2837 1290 3104 1361 Propheta
3139 1308 3153 1347 :
3185 1294 3498 1351 Benedictus
3528 1297 3789 1357 Dominus

2202 1381 2344 1436 Deus
2371 1399 2537 1450 meus,
2560 1387 2650 1455 qui
2676 1386 2822 1439 docet
2854 1404 3042 1441 manus
3073 1405 3215 1443 meas
3244 1390 3313 1443 ad
3333 1391 3596 1460 praelium,
3628 1406 3679 1448 et
3708 1394 3794 1449 di-

2202 1476 2336 1546 gitos
2375 1495 2515 1531 meos
2552 1479 2621 1532 ad
2657 1479 2845 1533 bellum
2884 1478 3061 1557 (Psal.
3119 1498 3310 1549 cxuu,
3366 1483 3442 1553 1).
3493 1486 3792 1559 Persequar

2202 1568 2441 1623 inimicos
2469 1586 2628 1635 meos,
2660 1580 2707 1624 et
2737 1573 3169 1641 comprehendam
3202 1573 3339 1639 illos,
3371 1585 3419 1629 et
3448 1594 3550 1632 non
3574 1596 3793 1635 conver-

2205 1673 2309 1728 tar,
2345 1663 2507 1716 donec
2552 1663 2821 1731 deﬁciant.
2866 1664 3208 1735 Confringam
3240 1666 3389 1733 illos,
3427 1686 3520 1723 nec
3544 1680 3790 1741 poterunt

2203 1761 2343 1805 stare
2373 1750 2544 1820 (Psal.
2575 1768 2710 1816 xvn,
2739 1751 2848 1823 58).
2885 1752 3037 1807 Muta
3077 1755 3369 1824 e/ﬁciuntur
3408 1757 3549 1813 labia
3580 1759 3786 1827 dolosa,

2203 1857 2319 1911 qua:
2355 1840 2640 1910 loquuntur
2676 1842 2920 1897 adversus
2937 1844 3147 1914 justum
3178 1846 3505 1914 iniquitatem
3534 1860 3581 1905 et
3608 1869 3792 1923 super-

2207 1931 2346 1985 biam
2386 1932 2557 2004 (Paul.
2596 1950 2728 2000 xxx,
2763 1935 2872 2007 19).

2278 2022 2365 2077 Vl.
2394 2024 2609 2080 Miraris
2624 2027 2974 2084 vehementer
2994 2031 3264 2100 quomodo
3279 2033 3347 2087 de
3358 2033 3525 2089 David
3538 2035 3793 2105 adoptivo

2206 2118 2356 2171 nasci
2403 2118 2667 2186 potuisset
2694 2118 2962 2186 Christus,
2990 2132 3046 2177 et
3087 2126 3369 2195 adoptivus
3398 2143 3505 2182 non
3537 2142 3660 2184 esse
3691 2145 3707 2183 :
3742 2140 3795 2185 et

2206 2220 2314 2258 non
2339 2205 2571 2265 miraris,
2602 2208 2867 2276 quomodo
2905 2211 2971 2265 de
3000 2212 3169 2269 David
3210 2225 3493 2285 peccatore
3521 2220 3675 2275 nasci
3700 2237 3797 2290 po-

2210 2295 2399 2349 tuisset
2444 2294 2691 2350 Christus
2736 2298 2851 2352 sine
2901 2304 3166 2368 peccato?
3212 2304 3291 2358 Ea
3332 2314 3637 2376 potestate,
3688 2324 3795 2378 qua

2206 2389 2383 2457 potuit
2411 2390 2527 2443 sine
2549 2400 2772 2458 peccato
2794 2393 3004 2462 concipi
3030 2403 3084 2448 et
3105 2396 3275 2460 nasci,
3296 2411 3360 2451 ea
3387 2398 3584 2453 divina:
3606 2399 3799 2455 volun-

2208 2480 2333 2532 tatis
2389 2481 2609 2546 virtute,
2668 2480 2870 2551 Spiritu
2913 2491 3101 2539 sancto
3163 2495 3443 2556 operante,
3497 2491 3677 2560 potuit
3735 2492 3799 2547 de

2208 2569 2457 2637 adoptivo
2487 2570 2603 2624 sine
2632 2571 2919 2640 adoptione
2954 2573 3163 2645 concipi
3187 2584 3243 2631 et
3268 2577 3438 2631 nasci.
3470 2576 3622 2633 Sicut
3649 2580 3796 2635 enim

2208 2658 2272 2712 de
2303 2659 2463 2712 debili
2491 2668 2669 2729 patre,
2699 2662 2784 2716 vel
2828 2663 3112 2732 cujuslibet
3140 2668 3371 2722 membri
3400 2670 3615 2739 privato
3656 2671 3798 2727 inte-

2207 2749 2422 2817 gritate,
2444 2759 2618 2820 potest
2648 2753 2856 2824 integra
2889 2758 3253 2813 membrorum
3282 2759 3618 2829 perfectione
3652 2762 3798 2819 ﬁlius

2208 2844 2378 2906 nasci,
2404 2843 2478 2897 ita
2502 2844 2751 2901 Christus
2777 2864 2843 2902 ex
2869 2849 3179 2920 integritate
3211 2862 3419 2909 natura:
3440 2855 3692 2911 humana:
3712 2856 3795 2911 fa-

2209 2940 2327 2985 ctus
2343 2944 2423 2987 est
2442 2950 2604 2990 verus
2630 2937 2811 3001 homo,
2832 2946 2883 2993 et
2903 2955 3062 2994 verus
3082 2940 3253 2997 Filius
3278 2942 3396 3011 Dei,
3414 2945 3489 2999 nil
3510 2949 3798 3003 vetustatis

2208 3026 2293 3078 vel
2319 3026 2431 3080 vitii
2464 3029 2690 3095 habens,
2722 3032 2940 3085 trahens
2959 3033 3418 3101 pulchritudinem
3440 3046 3668 3104 natura},
3690 3055 3798 3095 non

2207 3115 2462 3172 vitiorum
2489 3121 2902 3177 deformitatem.
2935 3124 3087 3191 Quod
3114 3131 3314 3183 creavit
3349 3128 3403 3183 in
3426 3130 3666 3195 homine,
3694 3132 3797 3187 hoc

2209 3212 2446 3279 accepit;
2480 3228 2587 3266 non
2614 3216 2754 3282 quod
2784 3215 2944 3270 homo
2975 3219 3179 3273 addidit
3208 3236 3273 3277 ex
3298 3222 3574 3278 diabolicae
3602 3239 3798 3295 sugge-

2208 3304 2399 3358 stionis
2444 3306 2776 3375 deceptione.
2829 3309 3107 3375 Quomodo
3154 3313 3220 3368 de
3265 3314 3450 3369 herbis
3494 3316 3799 3371 virentibus

2207 3394 2368 3450 flores
2391 3397 2589 3451 diversi
2614 3399 2812 3454 coloris
2835 3412 3162 3470 nascuntur;
3186 3405 3325 3459 sicut
3352 3406 3416 3459 de
3439 3406 3609 3475 spinis
3633 3423 3795 3473 rosm,

2208 3497 2262 3541 et
2294 3490 2358 3542 de
2380 3490 2539 3560 891
2568 3493 2776 3547 calamo
2805 3495 2964 3551 viridi
2992 3498 3401 3553 candidissimus
3428 3498 3521 3554 lilii
3545 3498 3644 3555 ﬁos
3668 3519 3681 3552 :
3720 3501 3799 3556 sic

2206 3580 2414 3636 fructus
2461 3584 2703 3638 omnium
2737 3586 2990 3640 arborum
3021 3588 3165 3644 aliud
3193 3590 3477 3658 proferunt
3503 3589 3559 3644 in
3588 3590 3795 3658 fructu,

2206 3671 2350 3725 aliud
2378 3673 2430 3726 in
2475 3674 2657 3729 radice
2685 3678 2997 3732 ostendunt.
3029 3679 3196 3734 Totus
3234 3681 3467 3736 mundus
3513 3682 3798 3741 miraculis

2206 3771 2289 3817 est
2301 3763 2487 3833 plenus
2508 3764 2645 3835 ejus,
2679 3769 2767 3839 qui
2789 3768 2915 3838 facit
2948 3769 3211 3823 mirabilia
3237 3788 3425 3842 magna
3447 3772 3590 3827 solus
3618 3771 3796 3846 (Psal.

2205 3865 2398 3917 cxxxv,
2429 3853 2508 3926 4),
2537 3863 2592 3910 et
2617 3856 2793 3911 adhuc
2821 3857 3099 3912 incredula
3124 3874 3274 3916 mens
3307 3861 3539 3928 dubitat,
3578 3866 3625 3918 si
3668 3880 3797 3935 pro-

2204 3942 2380 4012 prium
2422 3945 2524 3999 sibi
2554 3946 2749 4003 Filium
2792 3966 3082 4019 procreare
3127 3953 3390 4022 potuisset
3424 3970 3491 4009 ex
3539 3956 3794 4027 virginali

2206 4043 2384 4101 utero,
2408 4036 2561 4106 cujus
2583 4041 2756 4095 virtus
2778 4043 3136 4112 omnipotens,
3166 4044 3320 4115 cujus
3346 4046 3598 4103 voluntas
3616 4050 3796 4105 omnis

2202 4124 2438 4180 bonitas.
2473 4128 2574 4195 Qui
2601 4130 2762 4185 etiam
2792 4140 2970 4201 potest
2996 4150 3065 4189 ex
3088 4151 3225 4206 aqua
3260 4146 3315 4192 et
3340 4137 3533 4207 spiritu
3572 4140 3640 4194 de
3667 4140 3796 4195 ﬁliis

2205 4215 2401 4271 diaboli
2426 4219 2529 4273 sibi
2555 4221 2657 4292 ipsi
2689 4222 2900 4279 efﬁcere
2931 4225 3069 4281 ﬁlios
3095 4227 3392 4298 ad0ptivos,
3425 4229 3596 4283 multo
3620 4232 3796 4302 magis

2203 4308 2375 4375 potuit
2395 4324 2460 4363 ex
2482 4319 2637 4367 utero
2660 4315 2928 4386 virginali,
2955 4334 3066 4373 sua:
3088 4320 3443 4375 sanctissimae
3468 4320 3795 4379 Paternitati

2204 4397 2490 4456 ineffabilis
2519 4408 2759 4473 potentia
2798 4392 3054 4463 bonitatis
3077 4411 3357 4480 proprium
3386 4427 3681 4481 procreare
3708 4414 3797 4468 [τί-υ

2201 4485 2356 4557 lium,
2386 4501 2445 4544 ut
2467 4504 2609 4548 esset
2633 4496 2772 4552 Deus
2812 4509 2867 4552 et
2898 4500 3057 4553 homo
3096 4500 3150 4553 in
3180 4516 3286 4554 una
3315 4516 3571 4572 persona,
3598 4503 3693 4559 illa
3722 4505 3796 4561 si-

2204 4583 2421 4651 quidem
2452 4594 2562 4640 tota
2584 4590 2822 4657 prepria,
2852 4606 2958 4643 non
2985 4591 3257 4662 adoptiva.

2278 4693 2385 4748 Vll.
2436 4696 2569 4750 Dum
2603 4708 2705 4752 tua)
2746 4698 3067 4769 inﬁdelitati,
3098 4718 3133 4758 o
3176 4707 3482 4761 venerande
3503 4705 3699 4775 frater,
3727 4724 3794 4765 ex

2203 4784 2326 4842 aliis
2339 4786 2697 4842 Ecclesiarum
2715 4789 2916 4846 Christi
2938 4794 3251 4852 doctoribus
3273 4807 3436 4855 testes
3457 4799 3793 4869 defecerunt,

2206 4877 2385 4932 subito
2407 4877 2708 4943 Toletanos,
2731 4890 2789 4935 ut
2810 4883 2910 4949 ais,
2934 4888 3272 4944 venerabiles
3288 4889 3476 4947 Patres
3491 4893 3792 4962 protulisti,

2205 4978 2260 5023 et
2286 4968 2497 5023 illorum
2541 4971 2595 5024 in
2625 4974 2910 5030 missarum
2939 4978 3215 5036 solemniis
3240 4982 3514 5037 orationes
3556 4983 3611 5037 in
3637 4984 3798 5038 auxi-

2201 5057 2333 5112 lium
2377 5067 2480 5115 tua:
2511 5071 2672 5119 sectae
2700 5065 3065 5137 adsumpsisti.
3100 5073 3263 5139 Dicis,
3295 5073 3349 5128 in
3381 5074 3546 5131 C(ena
3576 5076 3794 5131 Domini

2202 5148 2507 5218 hujusmodi
2542 5155 2729 5211 haberi
2758 5162 3056 5219 orationem
3088 5165 3141 5219 in
3170 5182 3359 5223 eorum
3388 5171 3792 5226 sacramentis:

2206 5240 2310 5307 Qui
2328 5260 2420 5313 per
2445 5245 2672 5316 adoptiﬂ
2699 5249 2924 5307 hominis
2952 5258 3269 5326 passionem,
3299 5260 3425 5316 dum
3450 5278 3547 5316 suo
3575 5279 3683 5317 non
3712 5263 3797 5317 in-

2203 5336 2378 5408 dulget
2404 5342 2628 5410 corpori,
2659 5354 2833 5399 nostro
2856 5348 3082 5415 demum,
3113 5353 3167 5405 id
3197 5362 3293 5421 est,
3318 5356 3529 5421 iterum,
3561 5372 3669 5410 non
3695 5374 3792 5426 pe-

2200 5433 2381 5501 percit.
2419 5433 2583 5502 Cujus
2609 5437 2889 5505 petitionis
2913 5443 3076 5497 verba
3105 5444 3208 5500 sibi
3232 5446 3450 5501 omnino
3476 5462 3583 5503 non
3614 5448 3801 5503 cohae-

2202 5530 2361 5586 rent,
2419 5532 2473 5577 et
2521 5527 2735 5582 videtur
2783 5545 2814 5583 a
2861 5533 3178 5601 quibusdam
3233 5540 3640 5609 corruptoribus
3691 5554 3798 5610 pro

2202 5615 2456 5684 assumpti
2502 5614 2747 5685 hominis,
2794 5622 3020 5692 adoptivi
3065 5626 3299 5694 positum
3343 5644 3499 5695 esse;
3538 5629 3799 5700 quodque

2202 5708 2448 5776 sequitur
2479 5724 2492 5763 :
2523 5724 2698 5766 nostro
2721 5714 2947 5779 demum,
2971 5716 3025 5769 id
3049 5729 3144 5785 est,
3175 5719 3383 5787 iterum,
3411 5738 3514 5776 non
3538 5725 3796 5794 pepercit,

2201 5811 2362 5853 sensu
2387 5800 2639 5857 videlicet
2658 5811 2830 5871 caret,
2856 5818 2959 5862 nec
2986 5807 3118 5865 satis
3141 5808 3303 5881 lucet,
3340 5812 3473 5884 quid
3495 5812 3581 5869 his
3603 5813 3797 5874 verbis
