4030 6358
204 293 306 361 Ξϐδ

867 282 1284 345 DOGMATICA.
1322 307 1396 324 —-
1428 276 1592 335 ADV.
1634 270 2033 332 ELIPANDUM
2066 268 2250 329 LIBRI
2283 267 2378 326 IV.
2414 294 2487 310 --
2521 264 2651 322 LIB.
2688 263 2757 319 Il.

3352 260 3459 319 266

206 403 491 486 ιίεηίῆωιιί
526 400 717 468 voluit,
763 397 855 471 qui
900 398 1016 454 haec
1058 397 1226 452 verba
1270 394 1338 449 ad
1379 387 1776 463 deprecandum
1802 390 1853 447 Α
1878 402 1972 486 eos
2000 382 2319 486 essel'Beat'I
2339 384 2520 453 itaque
2546 375 3057 483 lsidoriclarissimi
3085 375 3325 486 doctoris
3350 393 3458 481 non

210 482 367 564 Dieum
405 494 724 571 cgmposuit.
757 491 933 547 Aliam
977 488 1132 560 ponis
1171 487 1466 542 orationem
1500 498 1514 537 :
1545 482 1782 555 Respice,

214 597 443 656 Domine,
475 588 676 660 inquis,
700 582 933 654 ﬁdelium
961 591 1169 635 tuorum
1196 576 1599 639 multitudinem,
1627 591 1785 646 quam

213 706 304 763 per
326 682 615 756 adaptionis
647 679 889 750 .gratiam
937 673 1077 728 Filio
1114 683 1204 728 tuo
1250 674 1423 744 facere
1462 672 1706 739 dignatus
1733 686 1786 723 es

218 758 546 837 coheredem.
588 770 655 825 Et
693 769 783 824 hic
819 766 1103 837 perspicue
1147 762 1449 833 ad0ptionis
1496 775 1691 815 nomen
1721 758 1790 813 ad

219 868 606 928 multitudinem
638 860 895 924 ﬁdelium,
919 873 1082 928 quam
1121 855 1256 911 Filio
1283 870 1379 910 suo
1410 868 1507 925 per
1549 851 1791 922 adoptio-

223 976 338 1018 nem
371 955 555 1029 gratiae
600 953 744 1007 Deus
782 949 909 1005 fecit
948 947 1304 1009 oohaaredem,
1333 960 1438 999 non
1478 942 1545 997 ad
1590 940 1791 996 Christi

223 1051 339 1111 Filii
372 1048 466 1103 Dei
506 1058 795 1117 personam
830 1039 1083 1110 pertinet.
1132 1036 1391 1091 Similiter
1434 1032 1576 1102 quod
1618 1031 1701 1085 ais
1736 1030 1793 1084 in

226 1143 325 1199 alia
354 1140 642 1195 oratione:
676 1132 952 1187 Prwcessit
998 1130 1054 1183 in
1102 1127 1378 1198 adoptione
1429 1124 1655 1186 donum,
1705 1122 1794 1176 sed

227 1234 386 1288 adhuc
410 1238 571 1283 restat
599 1229 654 1280 in
680 1222 1066 1279 conversatione
1081 1219 1365 1290 judicium,
1389 1223 1445 1271 et
1466 1216 1555 1269 hic
1579 1212 1797 1269 omnino

229 1324 432 1395 adoptio
464 1320 531 1375 ad
574 1318 758 1373 ﬁdeles
784 1315 1040 1387 pertinet,
1078 1313 1169 1382 qui
1194 1308 1471 1381 judicandi
1508 1314 1660 1371 sunt;
1692 1320 1799 1359 non

229 1416 295 1473 ad
331 1431 450 1470 eum
486 1412 577 1482 qui
606 1410 945 1480 judicaturus
974 1415 1074 1461 est.
1122 1404 1180 1460 ln
1214 1400 1525 1473 praefatione
1554 1414 1683 1453 vero
1708 1396 1802 1451 ubi

228 1509 354 1566 dicis
385 1525 396 1559 :
427 1504 497 1558 Et
526 1504 653 1558 Jesu
679 1499 889 1555 Christo
929 1496 1071 1551 Filio
1112 1505 1201 1549 tuo
1243 1493 1465 1546 Domino
1493 1500 1689 1554 nostro,
1713 1488 1801 1558 qui

226 1600 398 1671 pietati
426 1607 531 1651 tua?
575 1610 667 1665 per
708 1590 938 1661 adoptivi
970 1587 1192 1641 hominis
1234 1585 1551 1654 passionem,
1580 1588 1635 1636 et
1666 1579 1805 1633 forte

231 1692 301 1747 ibi
342 1691 393 1744 in
434 1684 830 1756 antiquioribus
857 1677 1238 1770 .exemplariis,
1271 1674 1524 1743 assumpti
1558 1671 1802 1734 hominis,

230 1782 455 1854 positum
490 1742 617 1842 inii;
649 1775 742 1830 sed
785 1742 1097 1842 corruptum
1145 1778 1353 1839 postea.
1400 1742 1538 1834 Quid
1571 1773 1655 1820 est
1679 1771 1807 1818 vero
1839 1742 1884 1802 Β
1982 1808 1987 1813 ,

231 1875 367 1945 quod
398 1871 643 1941 sequitur
675 1887 689 1921 :
721 1865 852 1921 Cum
891 1880 995 1918 non
1025 1862 1211 1916 exierit
1233 1877 1259 1914 e
1284 1858 1430 1923 caelo,
1460 1855 1746 1911 exhibuerit
1784 1870 1812 1907 e

233 1963 530 2034 triumpho?
564 1962 802 2017 Obscure
843 1957 1041 2012 dictum
1085 1962 1188 2018 est,
1220 1952 1264 2008 si
1300 1960 1481 2006 tamen
1524 1961 1716 2003 sensus
1758 1946 1815 2001 in

233 2059 317 2113 bis
359 2056 538 2111 verbis
583 2055 774 2124 dignus
813 2048 1039 2104 inveniri
1084 2046 1300 2117 poterit.
1327 2057 1352 2085 ε
1379 2044 1512 2098 Item
1542 2040 1699 2095 in’eo
1724 2038 1817 2094 ubi

234 2147 356 2202 ais:
390 2144 561 2199 Hodie
592 2142 837 2198 Salvator
884 2147 1059 2193 noster
1098 2145 1211 2207 post
1259 2133 1589 2204 adoptionem
1641 2130 1816 2184 carnis

237 2239 404 2294 sedem
449 2235 645 2307 repetiit
689 2232 945 2296 Deitatis,
987 2230 1180 2284 melius
1218 2226 1389 2281 multo
1426 2223 1678 2280 coxivenit
1729 2222 1820 2277 hic

238 2329 341 2384 dici
381 2326 784 2395 assumptionem
833 2322 1041 2384 carnis,
1088 2334 1248 2389 quam
1300 2316 1652 2386 adoptionem,
1693 2312 1819 2382 quia

238 2421 403 2478 Filius
427 2419 518 2473 Dei
538 2415 830 2486 assumpsit
855 2427 1096 2478 carnem,
1126 2425 1234 2464 non
1261 2407 1555 2476 adoptavit.
1582 2405 1647 2459 Et
1677 2403 1822 2474 quod

241 2514 484 2581 sequitur
515 2526 527 2561 :
561 2506 717 2561 Hunc
743 2503 987 2559 exultavit
1011 2504 1063 2556 in
1091 2499 1252 2564 cretis,
1285 2516 1435 2570 quem
1458 2496 1823 2550 humiliarerat

240 2604 299 2657 in
328 2599 569 2669 infernis,
592 2612 711 2667 qua:
736 2602 820 2650 est
849 2591 1150 2647 humiliatio
1175 2588 1373 2644 Christi
1416 2586 1552 2657 apud
1584 2582 1822 2639 inferos?

241 2692 490 2761 Nunquid
518 2705 621 2744 non
648 2688 841 2741 fortem
869 2684 1205 2754 alligaverat,
1229 2689 1284 2735 et
1311 2679 1480 2751 spolia
1505 2679 1621 2749 ejus
1645 2675 1824 2732 distri-

240 2786 453 2848 buerat,
485 2790 539 2836 et
564 2787 812 2851 potenter
835 2774 1102 2845 captivam
1126 2771 1417 2842 captivavit
1434 2768 1824 2840 captivitatem,

243 2885 300 2933 et
321 2889 502 2933 secum
530 2872 582 2927 in
608 2869 880 2940 triumpho
904 2865 1088 2938 gloriae
1120 2862 1327 2918 revexit
1356 2863 1411 2917 in
1443 2859 1641 2915 ccelos?
1668 2857 1830 2912 Vide-

245 2974 335 3022 tur
360 2964 504 3020 enim
533 2963 635 3017 hoc
664 2959 834 3029 magis
867 2971 986 3011 esse
1014 2951 1356 3025 gloriﬁcatio,
1384 2965 1545 3021 quam
1578 2946 1831 3003 humilia-

244 3056 324 3111 tio
342 3056 465 3110 dum
495 3050 743 3107 Christus
769 3050 821 3104 in
846 3047 1072 3103 victoria
1096 3044 1364 3101 exaltatus
1378 3050 1480 3106 est,
1507 3048 1563 3096 et
1584 3040 1829 3095 diabolus

244 3150 304 3205 in
330 3146 546 3202 miseria
577 3145 881 3200 damnatus.
911 3140 1063 3208 Quod
1091 3140 1194 3205 ais,
1226 3139 1281 3192 in
1309 3138 1472 3193 missa
1502 3136 1674 3190 sancti
1698 3134 1833 3205 Spe-

246 3240 354 3298 tati
381 3236 634 3308 martyris
660 3234 959 3305 :Adoptivi,
989 3231 1183 3302 inquit,
1206 3229 1429 3283 hominis
1454 3244 1557 3281 non
1581 3224 1835 3280 horruisti

244 3332 608 3389 vestimentum
649 3342 850 3382 sumere
890 3325 1088 3388 carnis,
1120 3322 1501 3376 inconveniens
1541 3318 1703 3371 dictio
1729 3324 1833 3383 est,

249 3423 484 3494 adaptiri
521 3420 743 3474 hominis
790 3418 1145 3471 vestimentum
1181 3413 1373 3491 carnis.
1406 3410 1612 3465 Tamen
1642 3407 1839 3462 melius

253 3513 480 3582 intelligi
504 3519 698 3581 potest,
724 3512 861 3580 quod
894 3505 1133 3561 Christus
1155 3514 1346 3558 nostra!
1366 3500 1661 3572 adoptionis
1688 3499 1841 3554 vesti-

254 3610 485 3655 mentum
506 3605 807 3661 assumeret,
832 3594 887 3650 id
906 3603 1010 3656 est,
1035 3608 1253 3648 carnem
1273 3599 1537 3655 nostram,
1562 3605 1669 3644 non
1696 3591 1842 3658 quod

255 3695 347 3752 ille
396 3692 704 3762 adoptivum
753 3688 1131 3743 vestimentum
1171 3683 1471 3739 habuisset.
1528 3681 1587 3735 In
1635 3689 1844 3736 tantum

254 3787 405 3844 enim
448 3783 601 3838 vobis
644 3782 819 3852 placet
867 3780 1169 3849 adoptionis
1194 3792 1412 3842 nomen,
1444 3785 1504 3831 ut
1538 3775 1846 3844 ubicunque

256 3878 392 3933 illud
421 3874 710 3931 inveniatis
756 3874 1038 3941 scriptum,
1076 3870 1193 3925 sine
1221 3869 1368 3924 omni
1409 3867 1730 3931 reverentia,
1763 3866 1849 3921 vel

257 3967 696 4025 consideratione
750 3966 817 4020 ad
871 3965 1287 4034 Redemptorem
1342 3969 1585 4016 nostrum
1645 3959 1850 4015 referre

258 4058 613 4123 contenditis,
645 4073 751 4113 non
787 4055 1145 4127 intelligentes
1188 4068 1307 4123 qua:
1340 4053 1537 4122 legitis.
1572 4051 1599 4090 ιτ
1625 4050 1851 4120 Insuper

258 4164 320 4211 et
344 4161 559 4207 vestros
583 4158 765 4220 patres
798 4157 852 4203 et
875 4147 1249 4218 progenitores
1271 4146 1325 4200 in
1361 4143 1595 4208 Christo,
1619 4157 1756 4213 quos
1784 4142 1855 4197 ad

1889 477 2061 533 solum
2102 474 2403 545 Hispaniae,
2450 488 2640 528 verum
2687 471 2850 526 etiam
2895 479 3209 525 cunctarum
3259 469 3463 524 Latina:

1888 567 2203 638 eloquentiae
2230 566 2588 619 Ecclesiarum
2617 562 2946 634 perplurima
2974 562 3284 632 legebamus
3303 575 3466 631 opus-

1890 662 2031 724 cula,
2062 667 2115 713 et
2152 660 2207 713 in
2234 672 2427 725 magna
2458 657 2719 710 habemus
2752 655 3130 718 veneratione;
3179 654 3233 708 in
3270 654 3470 723 quibus

1891 767 2152 822 nusquam
2179 751 2244 805 de
2271 747 2646 817 Redemptoris
2675 747 2844 800 nostri
2868 747 3200 801 humanitate
3227 744 3470 815 adoptio-

1891 845 1977 901 nis
2030 859 2225 898 nomen
2267 847 2551 895 exaratum
2610 838 2929 892 invenimus.
2981 838 3088 893 Sed
3142 845 3196 892 et
3245 835 3469 893 Juvenci

1891 935 2192 1007 presbyteri
2222 942 2382 1001 atque
2404 930 2567 1001 892
2595 929 2782 999 Optimi
2810 929 3140 992 scholastici,
3165 942 3323 997 quem
3346 929 3475 983 bea-

1896 1038 1983 1084 tus
2002 1026 2358 1095 Hieronymus
2382 1022 2580 1088 laudat,
2608 1020 2848 1075 carmina
2870 1020 3204 1090 Evangelicae
3226 1020 3476 1075 Historia:

1895 1121 2269 1194 prospeximus
2301 1115 2507 1189 [Forte,
2536 1111 2971 1184 perspeximus],
3013 1112 3103 1180 qui
3145 1112 3196 1165 in
3244 1112 3475 1182 quodam

1898 1231 2058 1269 versu
2089 1212 2362 1269 Christum
2394 1208 2669 1280 proprium
2714 1206 2909 1260 Filium
2946 1205 3040 1260 Dei
3086 1206 3351 1261 catholico
3385 1221 3481 1262 ore

1902 1322 2008 1362 non
2042 1304 2354 1361 formidavit
2375 1300 2666 1372 appellare.
2695 1299 2787 1353 Ait
2823 1298 2969 1353 enim
2997 1308 3019 1337 ε
3057 1316 3069 1350 :

2024 1476 2144 1526 Nam
2170 1476 2361 1537 [Quer.,
2384 1474 2511 1535 Non]
2536 1483 2615 1523 tua
2640 1473 2913 1537 concipient
2931 1470 3117 1537 cwlesti
3141 1472 3330 1521 viscera
3352 1470 3487 1532 jussu

2030 1533 2227 1590 Natum;
2252 1549 2397 1597 quem
2425 1533 2634 1597 regnare
2662 1533 2792 1583 Deus
2817 1548 2903 1595 per
2927 1533 3103 1597 saecula
3130 1540 3318 1589 cuncta,

2030 1600 2091 1650 Et
2110 1592 2347 1661 propriam
2366 1592 2509 1661 pcredi
2533 1599 2752 1661 subq‘em
2773 1592 3050 1661 gaudetque
3069 1592 3335 1661 iubetque,

2030 1655 2173 1711 Hunc
2194 1655 2276 1709 ubi
2300 1660 2393 1709 sub
2418 1658 2579 1722 legem
2606 1660 2745 1709 (Juv.
2761 1655 2853 1706 sub
2876 1655 3303 1778 luceui)de([ter_is,
3322 1655 3387 1766 siit
3411 1669 3494 1702 no-

3179 1730 3308 1766 mine
3359 1729 3492 1765 esus.

3179 1730 3308 1766 mine
3328 1729 3492 1766 JeSUS.

1914 1861 2112 1920 Juliani
2137 1879 2354 1935 quoque
2382 1862 2617 1919 Pomerii
2651 1862 2674 1901 ἀ
2707 1862 3058 1933 Prognostica
3094 1876 3160 1917 ex
3187 1870 3499 1919 sanctorum

1914 1956 2137 2012 ﬂoribus
2182 1957 2406 2012 collecta
2455 1957 2677 2011 Patrum
2731 1956 3226 2021 consideravimus,
3275 1969 3376 2011 nec
3424 1953 3501 2009 ibi

1918 2048 2119 2117 aliquid
2142 2048 2302 2118 hujus
2335 2055 2530 2103 vestrae
2555 2047 2859 2103 invenimus
2888 2055 3047 2102 secta:
3081 2046 3373 2116 depictum.
3400 2045 3503 2101 Ve-

1918 2140 2341 2209 nerabiliumque
2384 2141 2606 2195 Patrum
2648 2141 2702 2195 in
2736 2140 2922 2195 Toleto
2969 2140 3254 2211 synodales
3296 2140 3365 2195 ad
3401 2155 3503 2195 nos

1918 2240 2281 2305 pervenerunt
2298 2233 2627 2296 sanctiones,
2659 2233 2710 2286 in
2735 2247 2962 2301 quorum
2986 2231 3181 2287 litteris
3202 2231 3335 2285 nihil
3357 2231 3504 2296 novi,

1920 2328 2006 2383 vel
2040 2329 2277 2399 antiquis
2302 2328 2631 2384 contrarium
2658 2326 2942 2391 Patribus;
2985 2326 3079 2381 sed
3106 2326 3286 2381 omnia
3322 2325 3508 2381 catho-

1921 2421 2027 2477 lico
2048 2419 2189 2491 stylo
2214 2420 2510 2490 perscripta
2533 2418 2871 2490 agnovimus.
2893 2416 3018 2472 ldeo
3043 2416 3216 2486 magis
3236 2415 3512 2471 aestiman-

1926 2514 2054 2568 dum
2080 2520 2166 2567 est
2191 2511 2432 2581 iuniores
2467 2511 2737 2581 quoslibet
2782 2508 2945 2578 hujus
2984 2524 3138 2565 nova:
3180 2506 3513 2563 inﬁdelitatis

1928 2604 2133 2659 catenis
2163 2603 2461 2673 colligatos,
2493 2602 2562 2657 ad
2589 2600 2946 2671 perditionem
2992 2601 3075 2655 sui
3100 2600 3339 2668 ipsorum
3370 2598 3514 2654 dicta

1929 2704 2239 2750 sanctorum
2266 2708 2616 2762 corrumpere
2640 2693 2942 2757 doctorum,
2964 2699 3021 2746 et
3039 2706 3258 2745 suorum
3279 2692 3518 2760 pessima

1930 2786 2228 2857 pertinacia
2271 2784 2544 2839 maculare
2583 2797 2780 2838 nomen
2823 2790 3132 2852 parentum,
3163 2780 3519 2835 cui-audaciae

1932 2876 2008 2932 nil
2038 2876 2317 2932 scelestius
2346 2875 2430 2930 vel
2461 2874 2699 2929 atrocius
2723 2887 2843 2929 esse
2869 2873 3087 2943 poterit.
3115 2871 3183 2926 Et
3217 2871 3321 2927 hoc
3350 2886 3414 2925 ex
3453 2885 3520 2928 eo

1934 2966 2050 3022 veri
2093 2981 2212 3021 esse
2243 2964 2420 3021 simile
2459 2964 2693 3030 videtur,
2739 2964 2867 3033 quia
2911 2961 3417 3032 probatissimorum
3464 2962 3521 3017 in

1936 3057 2136 3114 Christi
2171 3057 2414 3113 Ecclesia
2439 3057 2720 3112 doctorum
2745 3062 2800 3109 et
2827 3054 3078 3110 omnibus
3107 3053 3520 3124 acceptabilium

1938 3150 2234 3205 catholicas
2252 3149 2567 3212 sententias,
2586 3146 2671 3202 vel
2692 3161 2947 3217 perverso
2969 3145 3312 3215 interpretari
3335 3160 3520 3209 sensu,

1937 3241 2021 3295 vel
2049 3241 2250 3310 perﬁda
2279 3256 2377 3295 vos
2404 3240 2691 3295 immutare
2717 3239 3023 3293 temeritate
3045 3236 3360 3309 agnovimus
3386 3255 3399 3290 :
3427 3235 3531 3293 vel-

1938 3331 2017 3386 uti
2048 3331 2103 3385 in
2134 3331 2401 3401 aliquibus
2455 3330 2802 3401 probavimus
2843 3330 2998 3396 locis,
3038 3330 3165 3384 dum
3210 3328 3276 3383 ad
3306 3344 3405 3384 nos
3433 3343 3532 3398 per

1939 3422 2174 3477 Felicem
2211 3423 2342 3477 olim
2386 3430 2658 3487 vestrum,
2694 3436 2839 3477 nunc
2879 3429 3060 3475 autem
3099 3428 3343 3475 nostrum
3383 3433 3531 3473 com-

1942 3514 2239 3569 militonem
2282 3513 2464 3583 plures
2508 3512 2673 3568 vestri
2727 3511 2930 3568 erroris
2972 3518 3339 3581 pervenerunt
3383 3509 3532 3563 line--

1944 3606 2094 3661 rulae.

2015 3696 2107 3751 Et.
2151 3694 2256 3752 Sed
2310 3695 2588 3751 sciendum
2633 3706 2717 3750 est
2755 3695 2936 3751 vobis.
2989 3695 3134 3764 quod
3172 3694 3330 3763 longe
3378 3691 3537 3747 aliter

1950 3787 2143 3842 beatus
2171 3785 2465 3853 Gregorius
2500 3785 2825 3849 venerabilis
2843 3792 2900 3838 et
2915 3785 3333 3855 probatissimus
3356 3782 3410 3835 in
3432 3780 3538 3835 ﬁde

1950 3878 2214 3935 catholica
2244 3876 2433 3932 doctor
2464 3876 2739 3930 orationes
2764 3876 2819 3929 in
2849 3874 3213 3930 celebratione
3229 3883 3284 3928 et
3303 3872 3541 3928 oraculis

1951 3975 2267 4034 missarum,
2299 3968 2365 4023 ad
2395 3967 2795 4039 deprecandum
2829 3966 2926 4022 Dei
2973 3967 3131 4022 nobis
3171 3965 3539 4030 clementiam,

1951 4064 2199 4135 plurimis
2229 4062 2531 4133 composuit
2571 4061 2627 4116 in
2666 4060 2831 4127 locis;
2867 4068 3029 4130 atque
3074 4075 3222 4126 eum,
3257 4075 3357 4130 per
3387 4057 3541 4129 cujus

1957 4157 2296 4228 adoptionem
2334 4154 2502 4210 vestri
2552 4155 2860 4210 sacerdotes
2906 4169 3034 4209 suas
3079 4168 3270 4224 preces
3308 4152 3546 4209 oﬂ‘erunt

260 4252 453 4299 vestra
484 4255 654 4310 usque
675 4248 915 4311 tempora
948 4237 1184 4292 Ecclesia
1206 4236 1300 4290 Dei
1326 4236 1548 4305 recepit,
1573 4235 1818 4289 haeretica

1958 4246 2091 4313 Deo,
2118 4262 2331 4315 semper
2350 4244 2699 4315 Unigenitum
2730 4252 2919 4300 sancto
2949 4259 3014 4299 ac
3039 4245 3302 4316 singulari
3327 4244 3545 4300 nomine

258 4336 486 4393 eﬂicere
515 4333 760 4388 studetis.
793 4331 945 4398 Quod
978 4346 1139 4400 quam
1183 4328 1405 4400 impium
1434 4328 1503 4382 sit
1531 4333 1585 4381 et
1632 4324 1818 4380 inhone

1960 4344 2327 4408 perpetuaque
2347 4335 2695 4391 veneratione
2719 4334 2987 4406 appellare
3010 4350 3117 4390 non
3148 4336 3431 4390 dubitavit.
3456 4334 3547 4389 Ait

262 4440 444 4494 stum,
473 4440 632 4481 nemo
664 4439 799 4495 pene
834 4423 1023 4478 doctus
1050 4421 1132 4475 vel
1164 4421 1410 4474 indoctus
1437 4419 1650 4489 ignorat
1677 4434 1691 4471 :
1721 4432 1818 4488 quo

1924 4455 1938 4506 ι
1961 4430 2106 4485 enim
2138 4431 2193 4484 in
2219 4429 2384 4484 missa
2410 4429 2476 4483 ad
2502 4428 2716 4482 Palmas
2741 4428 2793 4482 in
2822 4429 3068 4484 oratione
3096 4430 3327 4499 quadam
3352 4439 3376 4469 ο
3404 4443 3418 4483 :
3440 4428 3545 4495 Da,

264 4540 397 4581 Tum
448 4520 679 4592 Plurima
722 4518 789 4572 ad
832 4532 932 4571 n05
970 4521 1331 4585 Ρθΐνθηθνυηῐ
1364 4513 1565 4582 scripta
1593 4511 1861 4566 οδιὶιυίίοεὶ
1963 4538 2288 4594 quaesumus,
2315 4523 2636 4593 omnipotens
2663 4520 2826 4586 Deus,
2850 4532 2906 4574 ut
2930 4523 3020 4591 qui
3040 4522 3095 4576 in
3123 4531 3197 4576 tot
3232 4522 3464 4577 adversis
3484 4537 3550 4576 ea:

266 4613 382 4669 ﬁde
423 4609 755 4673 veneranda,
805 4615 861 4661 et
897 4605 1124 4661 summis
1168 4602 1477 4660 doctoribus
1524 4610 1723 4658 sanctae
1766 4600 1818 4655 D<

1967 4623 2145 4668 nostra
2168 4611 2471 4682 inﬁrmitate
2495 4610 2788 4679 deﬁcimus,
2817 4613 3163 4667 intercedente
3184 4612 3449 4684 Unigeniti
3473 4613 3551 4667 tui

266 4703 538 4761 Ecclesiae
562 4698 955 4757 convenientia.
1969 4702 2100 4758 Filii
2125 4705 2385 4775 passione,
2410 4704 2739 4773 respiremus.
2768 4701 2899 4757 ltem
2916 4711 3107 4773 quarta
3135 4702 3272 4758 feria
3313 4702 3555 4772 ejusdem

350 4795 485 4851 VIII.
526 4792 819 4861 Quiescite,
864 4789 971 4844 viri
1017 4787 1236 4855 fratres,
1278 4784 1560 4858 quiescite,
1605 4792 1660 4840 et
1703 4783 1812 4839 noli

1970 4796 2323 4853 hebdomadis
2352 4813 2365 4848 :
2396 4794 2621 4860 Praesta,
2664 4810 2987 4865 quiesumus,
3022 4796 3345 4866 omnipotens
3388 4794 3555 4861 Deus,

269 4886 452 4942 vestri
471 4882 860 4954 blasphemiam
881 4879 1085 4935 erroris
1101 4877 1347 4949 patribus
1368 4878 1633 4947 imputare
1653 4876 1818 4931 vestri

1975 4898 2029 4941 ut
2065 4888 2154 4958 qui
2190 4886 2381 4941 nostris
2422 4884 2716 4939 excessibus
2756 4886 3079 4939 incessanter
3122 4884 3421 4957 afﬂigimur,
3467 4900 3561 4955 per

270 4976 365 5032 1m
406 4990 506 5030 sua
555 4972 863 5030 habuerunt
894 4980 1158 5040 tempora:
1190 4969 1452 5039 ηοὶιίείιιιθ
1480 4967 1742 5039 Pm‘Clara
1790 4967 1873 5023 διιί
1968 4976 2240 5049 Unigeniti
2262 4977 2338 5031 tui
2357 4976 2654 5047 passionem
2670 4974 2970 5031 liberemur.
2996 4976 3202 5032 ltem'in
3224 4976 3556 5034 Ascensione

272 5066 505 5124 sudoris
538 5066 597 5120 in
625 5071 812 5119 sancta
838 5061 1247 5119 conversatione
1274 5061 1607 5132 reliquerunt
1626 5059 1872 5131 vestigia,
1976 5068 2189 5123 Domini
2214 5082 2229 5121 :
2258 5065 2514 5132 Concede,
2559 5084 2881 5138 quaesumus,
2934 5068 3257 5140 omnipotens
3290 5068 3558 5132 Deum—ut

272 5174 426 5231 (11108
472 5157 776 5221 ὶδυάίιωιιεν
829 5168 1091 5210 θωὲωυε·
1137 5151 1244 5207 sed
1272 5152 1427 5218 tales.
1459 5150 1645 5223 quales
1690 5166 1789 5206 1108
1819 5150 1875 5204 in
1974 5161 2066 5232 qui
2091 5160 2343 5214 hodierna
2379 5158 2463 5213 die
2506 5156 2844 5230 Unigenitum
2867 5167 3016 5213 tuum
3043 5157 3434 5230 Redemptorem
3463 5172 3559 5211 no-

276 5250 516 5323 scriptis
539 5249 653 5306 suis
676 5262 771 5306 eos
796 5247 1132 5318 agnovimus,
1162 5259 1270 5301 non
1305 5235 1489 5316 quales
1524 5259 1621 5301 vos
1663 5241 1818 5301 refert

1976 5263 2145 5313 strum
2186 5252 2254 5309 ad
2295 5250 2447 5307 caelos
2490 5249 2767 5306 ascendere
2796 5246 2962 5322 [Cod.
3000 5247 3202 5317 Paris,
3232 5244 3563 5322 ascendisse]

364 5456 391 5484 ι
434 5442 576 5499 Vide
599 5440 763 5498 Card.
788 5440 958 5512 Bona,
984 5440 1188 5495 Rerum
1218 5424 1426 5512 Liturg.
1457 5436 1548 5493 lib.
1575 5453 1616 5504 ι,
1643 5451 1763 5508 cap.
1791 5435 1881 5503 11,
2054 5437 2081 5477 d
2110 5435 2305 5512 Juliani
2329 5432 2974 5512 Pomeriiarchiepiscopi
2995 5427 3239 5512 Toletani
3255 5430 3360 5512 abs

277 5514 315 5588 δ
352 5514 412 5588 2,
446 5498 572 5588 139ἓὲ
598 5513 652 5575 2,
695 5522 750 5568 ει
778 5512 805 5583 §
830 5510 886 5588 ξ,
915 5498 1027 5566 ηόῑ.
1057 5513 1111 5588 '5.
1321 5498 1433 5588 ς’..
1602 5498 1613 5504 ⁷
1707 5498 1728 5508 ’
1801 5498 1876 5588 .-⁷
1987 5525 2144 5582 quem
2167 5508 2329 5588 etiam
2355 5506 2444 5588 alii
2464 5506 2679 5588 quidam
2703 5498 3233 5588 vleieres'scripmges
3255 5498 3566 5588 Ppmke‘riurn

366 5567 580 5664 i{fide
613 5567 805 5664 supra:
827 5567 1303 5664 1ἱὶ).ιι;ιι.;ξς1νει;ξμε
1321 5578 1758 5664 Fel‘icemzln‘um‘.
1781 5579 1882 5664 Δ13.
1987 5567 2431 5664 cognominarunt
2469 5567 2678 5664 z'lcujus
2717 5567 3066 5647 Prognostica
3111 5571 3257 5627 edita
3298 5567 3569 5626 habentur

371 5667 394 5697 ο
427 5647 725 5723 Juvencus,
750 5647 1006 5723 Evang'el.
1030 5652 1170 5710 Hist.
1198 5652 1323 5709 libr.
1345 5668 1385 5723 ι,
1410 5659 1539 5709 tom.
1562 5649 1685 5710 XIX
1702 5650 1818 5708 Patr

1988 5647 2119 5711 tom.
2139 5648 2314 5723 ,χργι
2340 5647 2674 5723 Ρηᾼῑιξφιοςξεθ.

275 5728 481 5801 logie.
711 5719 719 5723 ⁷
906 5719 928 5723 ⁷
1370 5719 1378 5723 ⁷
2068 5734 2090 5763 ε
2133 5720 2192 5779 S.
2218 5720 2378 5792 Greg.
2406 5719 2553 5776 Libr.
2587 5719 3082 5777 Sacramentorum.

747 5821 1023 5883 Pauor"
1066 5816 1167 5882 CI.
3208 5805 3252 5881 9

2054 5437 2081 5477 ἀ
2110 5435 2305 5491 Juliani
2329 5434 2564 5490 Pomerii
2583 5432 2974 5504 archiepiscopi
2995 5427 3239 5504 Toletani
3255 5430 3360 5504 abs
3378 5423 3563 5504 dubio,
