  <div class='ocr_page' id='page_1' title='image "/cluster/home/n/w/nwhite01/storage/ocr_20150623/101/hvd.32044004824769/139.png"; bbox 0 0 4030 6358; ppageno 0'>
   <div class='ocr_carea' id='block_1_1' title="bbox 541 325 644 382">
    <p class='ocr_par' dir='ltr' id='par_1_1' title="bbox 541 325 644 382">
     <span class='ocr_line' id='line_1_1' title="bbox 541 325 644 382; baseline -0.029 0"><span class='ocrx_word' id='word_1_1' title='bbox 541 325 644 382; x_wconf 69' lang='grc'><strong>267</strong></span> 
     </span>
    </p>
   </div>
   <div class='ocr_carea' id='block_1_2' title="bbox 1345 297 2958 388">
    <p class='ocr_par' dir='ltr' id='par_1_2' title="bbox 1345 297 2958 388">
     <span class='ocr_line' id='line_1_2' title="bbox 1345 297 2958 388; baseline -0.002 -16"><span class='ocrx_word' id='word_1_2' title='bbox 1345 385 1348 388; x_wconf 4' lang='grc' dir='ltr'><strong><em>Λ</em></strong></span> <span class='ocrx_word' id='word_1_3' title='bbox 1389 315 1450 372; x_wconf 84' lang='lat' dir='ltr'><strong>s.</strong></span> <span class='ocrx_word' id='word_1_4' title='bbox 1489 316 1553 372; x_wconf 63' lang='grc' dir='ltr'><strong>ιτ.</strong></span> <span class='ocrx_word' id='word_1_5' title='bbox 1585 309 1813 370; x_wconf 60' lang='lat' dir='ltr'><strong>nam</strong></span> <span class='ocrx_word' id='word_1_6' title='bbox 1848 311 1981 374; x_wconf 77' lang='lat' dir='ltr'><strong>seu</strong></span> <span class='ocrx_word' id='word_1_7' title='bbox 2020 297 2299 374; x_wconf 77' lang='lat' dir='ltr'><strong>ALcunu</strong></span> <span class='ocrx_word' id='word_1_8' title='bbox 2333 307 2620 372; x_wconf 75' lang='lat' dir='ltr'><strong>OPEBUM</strong></span> <span class='ocrx_word' id='word_1_9' title='bbox 2655 311 2837 370; x_wconf 68' lang='lat' dir='ltr'><strong>mas</strong></span> <span class='ocrx_word' id='word_1_10' title='bbox 2869 311 2958 371; x_wconf 87' lang='grc' dir='ltr'><strong>ιιι.</strong></span> 
     </span>
    </p>
   </div>
   <div class='ocr_carea' id='block_1_3' title="bbox 3705 321 3805 382">
    <p class='ocr_par' dir='ltr' id='par_1_3' title="bbox 3705 321 3805 382">
     <span class='ocr_line' id='line_1_3' title="bbox 3705 321 3805 382; baseline 0.04 -4"><span class='ocrx_word' id='word_1_11' title='bbox 3705 321 3805 382; x_wconf 71' lang='grc'><strong>268</strong></span> 
     </span>
    </p>
   </div>
   <div class='ocr_carea' id='block_1_4' title="bbox 541 427 3800 504">
    <p class='ocr_par' dir='ltr' id='par_1_4' title="bbox 541 427 3800 504">
     <span class='ocr_line' id='line_1_4' title="bbox 541 427 3800 504; baseline -0.003 -1"><span class='ocrx_word' id='word_1_12' title='bbox 541 446 822 504; x_wconf 74' lang='lat' dir='ltr'><strong>credimus.</strong></span> <span class='ocrx_word' id='word_1_13' title='bbox 847 439 977 496; x_wconf 86' lang='lat' dir='ltr'><strong>Item</strong></span> <span class='ocrx_word' id='word_1_14' title='bbox 1001 437 1068 494; x_wconf 91' lang='lat' dir='ltr'><strong>ad</strong></span> <span class='ocrx_word' id='word_1_15' title='bbox 1088 433 1440 491; x_wconf 69' lang='lat' dir='ltr'><strong>elevationem</strong></span> <span class='ocrx_word' id='word_1_16' title='bbox 1457 441 1658 488; x_wconf 70' lang='lat' dir='ltr'><strong>sanetze</strong></span> <span class='ocrx_word' id='word_1_17' title='bbox 1679 430 1866 486; x_wconf 88' lang='lat' dir='ltr'><strong>Crueis</strong></span> <span class='ocrx_word' id='word_1_18' title='bbox 1885 444 1910 472; x_wconf 83' lang='grc' dir='ltr'><strong>ει</strong></span> <span class='ocrx_word' id='word_1_19' title='bbox 1942 449 1954 486; x_wconf 91' lang='lat'>:</span> <span class='ocrx_word' id='word_1_20' title='bbox 1981 429 2124 486; x_wconf 81' lang='lat' dir='ltr'><strong>Deus</strong></span> <span class='ocrx_word' id='word_1_21' title='bbox 2149 431 2205 494; x_wconf 70' lang='grc' dir='ltr'><strong>Α</strong></span> <span class='ocrx_word' id='word_1_22' title='bbox 2226 430 2462 486; x_wconf 79' lang='lat' dir='ltr'><strong>hominis</strong></span> <span class='ocrx_word' id='word_1_23' title='bbox 2471 445 2571 503; x_wconf 89' lang='lat' dir='ltr'><strong>per</strong></span> <span class='ocrx_word' id='word_1_24' title='bbox 2585 427 2780 486; x_wconf 85' lang='lat' dir='ltr'><strong>Filium</strong></span> <span class='ocrx_word' id='word_1_25' title='bbox 2800 430 2892 487; x_wconf 93' lang='lat' dir='ltr'><strong>Dei</strong></span> <span class='ocrx_word' id='word_1_26' title='bbox 2909 432 2962 487; x_wconf 91' lang='lat' dir='ltr'><strong>in</strong></span> <span class='ocrx_word' id='word_1_27' title='bbox 2983 427 3118 487; x_wconf 86' lang='lat' dir='ltr'><strong>Filio</strong></span> <span class='ocrx_word' id='word_1_28' title='bbox 3140 431 3235 488; x_wconf 87' lang='lat' dir='ltr'><strong>Dei</strong></span> <span class='ocrx_word' id='word_1_29' title='bbox 3251 445 3371 490; x_wconf 88' lang='lat' dir='ltr'><strong>esse</strong></span> <span class='ocrx_word' id='word_1_30' title='bbox 3386 437 3764 504; x_wconf 77' lang='lat' dir='ltr'><strong>promeretur?</strong></span> <span class='ocrx_word' id='word_1_31' title='bbox 3781 459 3800 495; x_wconf 78' lang='grc' dir='ltr'><strong>ι</strong></span> 
     </span>
    </p>
   </div>
   <div class='ocr_carea' id='block_1_5' title="bbox 537 526 2120 614">
    <p class='ocr_par' dir='ltr' id='par_1_5' title="bbox 537 526 2120 614">
     <span class='ocr_line' id='line_1_5' title="bbox 537 526 2120 614; baseline -0.008 -20"><span class='ocrx_word' id='word_1_32' title='bbox 537 540 629 614; x_wconf 85' lang='lat' dir='ltr'><strong>qui</strong></span> <span class='ocrx_word' id='word_1_33' title='bbox 674 534 933 606; x_wconf 84' lang='lat' dir='ltr'><strong>Unigeniti</strong></span> <span class='ocrx_word' id='word_1_34' title='bbox 963 533 1039 586; x_wconf 85' lang='lat' dir='ltr'><strong>tui</strong></span> <span class='ocrx_word' id='word_1_35' title='bbox 1069 531 1292 603; x_wconf 79' lang='lat' dir='ltr'><strong>pretioso</strong></span> <span class='ocrx_word' id='word_1_36' title='bbox 1336 529 1588 598; x_wconf 80' lang='lat' dir='ltr'><strong>sanguine</strong></span> <span class='ocrx_word' id='word_1_37' title='bbox 1634 526 1906 596; x_wconf 75' lang='lat' dir='ltr'><strong>viviﬁcatm</strong></span> <span class='ocrx_word' id='word_1_38' title='bbox 1949 529 2120 582; x_wconf 79' lang='lat' dir='ltr'><strong>crucis</strong></span> 
     </span>
    </p>
   </div>
   <div class='ocr_carea' id='block_1_6' title="bbox 539 619 2121 695">
    <p class='ocr_par' dir='ltr' id='par_1_6' title="bbox 539 619 2121 695">
     <span class='ocr_line' id='line_1_6' title="bbox 539 619 2121 695; baseline -0.008 -6"><span class='ocrx_word' id='word_1_39' title='bbox 539 630 787 689; x_wconf 78' lang='lat' dir='ltr'><strong>vexillum</strong></span> <span class='ocrx_word' id='word_1_40' title='bbox 810 627 1138 695; x_wconf 73' lang='lat' dir='ltr'><strong>sancti/icere</strong></span> <span class='ocrx_word' id='word_1_41' title='bbox 1162 621 1371 678; x_wconf 82' lang='lat' dir='ltr'><strong>voluisti</strong></span> <span class='ocrx_word' id='word_1_42' title='bbox 1384 639 1403 688; x_wconf 91' lang='lat'><strong><em>;</em></strong></span> <span class='ocrx_word' id='word_1_43' title='bbox 1426 620 1690 685; x_wconf 84' lang='lat' dir='ltr'><strong>eumdem,</strong></span> <span class='ocrx_word' id='word_1_44' title='bbox 1721 621 1772 676; x_wconf 88' lang='lat' dir='ltr'><strong>id</strong></span> <span class='ocrx_word' id='word_1_45' title='bbox 1797 632 1898 687; x_wconf 87' lang='lat' dir='ltr'><strong>est,</strong></span> <span class='ocrx_word' id='word_1_46' title='bbox 1937 619 2121 677; x_wconf 71' lang='lat' dir='ltr'><strong>Iesum</strong></span> 
     </span>
    </p>
   </div>
   <div class='ocr_carea' id='block_1_7' title="bbox 541 715 2119 786">
    <p class='ocr_par' dir='ltr' id='par_1_7' title="bbox 541 715 2119 786">
     <span class='ocr_line' id='line_1_7' title="bbox 541 715 2119 786; baseline -0.008 -4"><span class='ocrx_word' id='word_1_47' title='bbox 541 725 818 782; x_wconf 81' lang='lat' dir='ltr'><strong>Christum</strong></span> <span class='ocrx_word' id='word_1_48' title='bbox 860 719 1056 774; x_wconf 91' lang='lat' dir='ltr'><strong>Filium</strong></span> <span class='ocrx_word' id='word_1_49' title='bbox 1095 715 1212 783; x_wconf 88' lang='lat' dir='ltr'><strong>Dei,</strong></span> <span class='ocrx_word' id='word_1_50' title='bbox 1244 717 1336 786; x_wconf 87' lang='lat' dir='ltr'><strong>qui</strong></span> <span class='ocrx_word' id='word_1_51' title='bbox 1377 730 1567 784; x_wconf 88' lang='lat' dir='ltr'><strong>passus</strong></span> <span class='ocrx_word' id='word_1_52' title='bbox 1613 723 1713 778; x_wconf 89' lang='lat' dir='ltr'><strong>est,</strong></span> <span class='ocrx_word' id='word_1_53' title='bbox 1763 725 1818 770; x_wconf 90' lang='lat' dir='ltr'><strong>et</strong></span> <span class='ocrx_word' id='word_1_54' title='bbox 1859 715 2119 770; x_wconf 88' lang='lat' dir='ltr'><strong>mundum</strong></span> 
     </span>
    </p>
   </div>
   <div class='ocr_carea' id='block_1_8' title="bbox 537 805 2120 888">
    <p class='ocr_par' dir='ltr' id='par_1_8' title="bbox 537 805 2120 888">
     <span class='ocr_line' id='line_1_8' title="bbox 537 805 2120 888; baseline -0.007 -17"><span class='ocrx_word' id='word_1_55' title='bbox 537 816 760 888; x_wconf 90' lang='lat' dir='ltr'><strong>proprio</strong></span> <span class='ocrx_word' id='word_1_56' title='bbox 783 812 1013 868; x_wconf 79' lang='lat' dir='ltr'><strong>redemit</strong></span> <span class='ocrx_word' id='word_1_57' title='bbox 1035 809 1312 879; x_wconf 81' lang='lat' dir='ltr'><strong>sanguine,</strong></span> <span class='ocrx_word' id='word_1_58' title='bbox 1337 805 1553 862; x_wconf 82' lang='lat' dir='ltr'><strong>amabili</strong></span> <span class='ocrx_word' id='word_1_59' title='bbox 1582 813 1636 861; x_wconf 91' lang='lat' dir='ltr'><strong>et</strong></span> <span class='ocrx_word' id='word_1_60' title='bbox 1659 805 1876 875; x_wconf 84' lang='lat' dir='ltr'><strong>speciali</strong></span> <span class='ocrx_word' id='word_1_61' title='bbox 1900 806 2120 861; x_wconf 85' lang='lat' dir='ltr'><strong>nomine</strong></span> 
     </span>
    </p>
   </div>
   <div class='ocr_carea' id='block_1_9' title="bbox 538 895 2119 976">
    <p class='ocr_par' dir='ltr' id='par_1_9' title="bbox 538 895 2119 976">
     <span class='ocr_line' id='line_1_9' title="bbox 538 895 2119 976; baseline -0.009 -11"><span class='ocrx_word' id='word_1_62' title='bbox 538 905 889 976; x_wconf 79' lang='lat' dir='ltr'><strong>Unigenltum</strong></span> <span class='ocrx_word' id='word_1_63' title='bbox 929 901 1237 974; x_wconf 86' lang='lat' dir='ltr'><strong>appellans;</strong></span> <span class='ocrx_word' id='word_1_64' title='bbox 1287 905 1552 969; x_wconf 74' lang='lat' dir='ltr'><strong>quatenus</strong></span> <span class='ocrx_word' id='word_1_65' title='bbox 1599 899 1654 952; x_wconf 91' lang='lat' dir='ltr'><strong>in</strong></span> <span class='ocrx_word' id='word_1_66' title='bbox 1702 895 1818 966; x_wconf 89' lang='lat' dir='ltr'><strong>ejus</strong></span> <span class='ocrx_word' id='word_1_67' title='bbox 1859 895 2119 969; x_wconf 82' lang='lat' dir='ltr'><strong>singulari</strong></span> 
     </span>
    </p>
   </div>
   <div class='ocr_carea' id='block_1_10' title="bbox 538 991 2118 1068">
    <p class='ocr_par' dir='ltr' id='par_1_10' title="bbox 538 991 2118 1068">
     <span class='ocr_line' id='line_1_10' title="bbox 538 991 2118 1068; baseline -0.008 -10"><span class='ocrx_word' id='word_1_68' title='bbox 538 1001 846 1064; x_wconf 78' lang='lat' dir='ltr'><strong>dilectione,</strong></span> <span class='ocrx_word' id='word_1_69' title='bbox 877 996 967 1068; x_wconf 85' lang='lat' dir='ltr'><strong>qui</strong></span> <span class='ocrx_word' id='word_1_70' title='bbox 1014 995 1159 1050; x_wconf 90' lang='lat' dir='ltr'><strong>solus</strong></span> <span class='ocrx_word' id='word_1_71' title='bbox 1186 992 1376 1047; x_wconf 90' lang='lat' dir='ltr'><strong>unicus</strong></span> <span class='ocrx_word' id='word_1_72' title='bbox 1398 1000 1453 1046; x_wconf 90' lang='lat' dir='ltr'><strong>et</strong></span> <span class='ocrx_word' id='word_1_73' title='bbox 1482 991 1787 1062; x_wconf 87' lang='lat' dir='ltr'><strong>unigenitus</strong></span> <span class='ocrx_word' id='word_1_74' title='bbox 1813 991 1908 1046; x_wconf 85' lang='lat' dir='ltr'><strong>Dei</strong></span> <span class='ocrx_word' id='word_1_75' title='bbox 1939 991 2118 1046; x_wconf 80' lang='lat' dir='ltr'><strong>Patris</strong></span> 
     </span>
    </p>
   </div>
   <div class='ocr_carea' id='block_1_11' title="bbox 538 1082 2116 1158">
    <p class='ocr_par' dir='ltr' id='par_1_11' title="bbox 538 1082 2116 1158">
     <span class='ocr_line' id='line_1_11' title="bbox 538 1082 2116 1158; baseline -0.011 -6"><span class='ocrx_word' id='word_1_76' title='bbox 538 1104 621 1152; x_wconf 90' lang='lat' dir='ltr'><strong>est</strong></span> <span class='ocrx_word' id='word_1_77' title='bbox 648 1093 836 1158; x_wconf 87' lang='lat' dir='ltr'><strong>Filius,</strong></span> <span class='ocrx_word' id='word_1_78' title='bbox 867 1092 934 1146; x_wconf 90' lang='lat' dir='ltr'><strong>ad</strong></span> <span class='ocrx_word' id='word_1_79' title='bbox 959 1105 1017 1144; x_wconf 91' lang='lat' dir='ltr'><strong>se</strong></span> <span class='ocrx_word' id='word_1_80' title='bbox 1041 1085 1401 1144; x_wconf 75' lang='lat' dir='ltr'><strong>clamantibus</strong></span> <span class='ocrx_word' id='word_1_81' title='bbox 1427 1085 1748 1139; x_wconf 79' lang='lat' dir='ltr'><strong>misereatur</strong></span> <span class='ocrx_word' id='word_1_82' title='bbox 1772 1083 1914 1138; x_wconf 90' lang='lat' dir='ltr'><strong>Deus</strong></span> <span class='ocrx_word' id='word_1_83' title='bbox 1941 1082 2116 1137; x_wconf 90' lang='lat' dir='ltr'><strong>omni-</strong></span> 
     </span>
    </p>
   </div>
   <div class='ocr_carea' id='block_1_12' title="bbox 534 1174 2117 1260">
    <p class='ocr_par' dir='ltr' id='par_1_12' title="bbox 534 1174 2117 1260">
     <span class='ocr_line' id='line_1_12' title="bbox 534 1174 2117 1260; baseline -0.011 -15"><span class='ocrx_word' id='word_1_84' title='bbox 534 1197 748 1260; x_wconf 86' lang='lat' dir='ltr'><strong>potens.</strong></span> <span class='ocrx_word' id='word_1_85' title='bbox 780 1185 887 1241; x_wconf 87' lang='lat' dir='ltr'><strong>Sed</strong></span> <span class='ocrx_word' id='word_1_86' title='bbox 917 1184 982 1237; x_wconf 92' lang='lat' dir='ltr'><strong>de</strong></span> <span class='ocrx_word' id='word_1_87' title='bbox 1009 1181 1096 1236; x_wconf 90' lang='lat' dir='ltr'><strong>his</strong></span> <span class='ocrx_word' id='word_1_88' title='bbox 1120 1180 1236 1234; x_wconf 69' lang='lat' dir='ltr'><strong>haec</strong></span> <span class='ocrx_word' id='word_1_89' title='bbox 1265 1175 1550 1232; x_wconf 87' lang='lat' dir='ltr'><strong>sulllciant.</strong></span> <span class='ocrx_word' id='word_1_90' title='bbox 1583 1175 1713 1242; x_wconf 67' lang='lat' dir='ltr'><strong>Quae</strong></span> <span class='ocrx_word' id='word_1_91' title='bbox 1736 1185 2037 1245; x_wconf 89' lang='lat' dir='ltr'><strong>sequuntur</strong></span> <span class='ocrx_word' id='word_1_92' title='bbox 2061 1174 2117 1229; x_wconf 90' lang='lat' dir='ltr'><strong>in</strong></span> 
     </span>
    </p>
   </div>
   <div class='ocr_carea' id='block_1_13' title="bbox 535 1269 2004 1340">
    <p class='ocr_par' dir='ltr' id='par_1_13' title="bbox 535 1269 2004 1340">
     <span class='ocr_line' id='line_1_13' title="bbox 535 1269 2004 1340; baseline -0.01 -5"><span class='ocrx_word' id='word_1_93' title='bbox 535 1281 840 1338; x_wconf 88' lang='lat' dir='ltr'><strong>litterarum</strong></span> <span class='ocrx_word' id='word_1_94' title='bbox 877 1285 1090 1331; x_wconf 90' lang='lat' dir='ltr'><strong>tuarum</strong></span> <span class='ocrx_word' id='word_1_95' title='bbox 1127 1271 1402 1327; x_wconf 89' lang='lat' dir='ltr'><strong>salebroso</strong></span> <span class='ocrx_word' id='word_1_96' title='bbox 1439 1269 1672 1340; x_wconf 87' lang='lat' dir='ltr'><strong>eloquio,</strong></span> <span class='ocrx_word' id='word_1_97' title='bbox 1705 1269 2004 1325; x_wconf 79' lang='lat' dir='ltr'><strong>videamus.</strong></span> 
     </span>
    </p>
   </div>
   <div class='ocr_carea' id='block_1_14' title="bbox 525 1360 2116 1439">
    <p class='ocr_par' dir='ltr' id='par_1_14' title="bbox 525 1360 2116 1439">
     <span class='ocr_line' id='line_1_14' title="bbox 525 1360 2116 1439; baseline -0.008 -13"><span class='ocrx_word' id='word_1_98' title='bbox 525 1405 529 1408; x_wconf 94' lang='lat'><strong><em>-</em></strong></span> <span class='ocrx_word' id='word_1_99' title='bbox 605 1370 674 1425; x_wconf 82' lang='grc' dir='ltr'><strong>Χ.</strong></span> <span class='ocrx_word' id='word_1_100' title='bbox 715 1369 883 1439; x_wconf 88' lang='lat' dir='ltr'><strong>Igitur</strong></span> <span class='ocrx_word' id='word_1_101' title='bbox 910 1366 1050 1420; x_wconf 86' lang='lat' dir='ltr'><strong>sicut</strong></span> <span class='ocrx_word' id='word_1_102' title='bbox 1089 1361 1250 1434; x_wconf 91' lang='lat' dir='ltr'><strong>paulo</strong></span> <span class='ocrx_word' id='word_1_103' title='bbox 1289 1369 1412 1416; x_wconf 83' lang='lat' dir='ltr'><strong>ante</strong></span> <span class='ocrx_word' id='word_1_104' title='bbox 1439 1360 1806 1430; x_wconf 82' lang='lat' dir='ltr'><strong>probavimus,</strong></span> <span class='ocrx_word' id='word_1_105' title='bbox 1854 1374 2021 1414; x_wconf 86' lang='lat' dir='ltr'><strong>novos</strong></span> <span class='ocrx_word' id='word_1_106' title='bbox 2061 1366 2116 1413; x_wconf 88' lang='lat' dir='ltr'><strong>te</strong></span> 
     </span>
    </p>
   </div>
   <div class='ocr_carea' id='block_1_15' title="bbox 533 1450 2113 1531">
    <p class='ocr_par' dir='ltr' id='par_1_15' title="bbox 533 1450 2113 1531">
     <span class='ocr_line' id='line_1_15' title="bbox 533 1450 2113 1531; baseline -0.009 -14"><span class='ocrx_word' id='word_1_107' title='bbox 533 1468 755 1531; x_wconf 89' lang='lat' dir='ltr'><strong>repente</strong></span> <span class='ocrx_word' id='word_1_108' title='bbox 797 1455 1156 1512; x_wconf 79' lang='lat' dir='ltr'><strong>introduxisse</strong></span> <span class='ocrx_word' id='word_1_109' title='bbox 1200 1454 1510 1522; x_wconf 82' lang='lat' dir='ltr'><strong>prophetas,</strong></span> <span class='ocrx_word' id='word_1_110' title='bbox 1553 1452 1628 1505; x_wconf 84' lang='lat' dir='ltr'><strong>ita</strong></span> <span class='ocrx_word' id='word_1_111' title='bbox 1654 1466 1821 1506; x_wconf 81' lang='lat' dir='ltr'><strong>novas</strong></span> <span class='ocrx_word' id='word_1_112' title='bbox 1849 1450 2113 1520; x_wconf 86' lang='lat' dir='ltr'><strong>siquidem</strong></span> 
     </span>
    </p>
   </div>
   <div class='ocr_carea' id='block_1_16' title="bbox 533 1539 2110 1612">
    <p class='ocr_par' dir='ltr' id='par_1_16' title="bbox 533 1539 2110 1612">
     <span class='ocr_line' id='line_1_16' title="bbox 533 1539 2110 1612; baseline -0.008 -6"><span class='ocrx_word' id='word_1_113' title='bbox 533 1566 603 1608; x_wconf 81' lang='lat' dir='ltr'><strong>ex</strong></span> <span class='ocrx_word' id='word_1_114' title='bbox 626 1548 935 1605; x_wconf 87' lang='lat' dir='ltr'><strong>nominibus</strong></span> <span class='ocrx_word' id='word_1_115' title='bbox 960 1552 1269 1601; x_wconf 88' lang='lat' dir='ltr'><strong>sanctorum</strong></span> <span class='ocrx_word' id='word_1_116' title='bbox 1288 1541 1510 1598; x_wconf 87' lang='lat' dir='ltr'><strong>Patrum</strong></span> <span class='ocrx_word' id='word_1_117' title='bbox 1537 1541 1695 1612; x_wconf 89' lang='lat' dir='ltr'><strong>ﬁngis</strong></span> <span class='ocrx_word' id='word_1_118' title='bbox 1721 1539 1815 1595; x_wconf 88' lang='lat' dir='ltr'><strong>tibi</strong></span> <span class='ocrx_word' id='word_1_119' title='bbox 1839 1539 2110 1610; x_wconf 85' lang='lat' dir='ltr'><strong>epistolas,</strong></span> 
     </span>
    </p>
   </div>
   <div class='ocr_carea' id='block_1_17' title="bbox 532 1631 2116 1716">
    <p class='ocr_par' dir='ltr' id='par_1_17' title="bbox 532 1631 2116 1716">
     <span class='ocr_line' id='line_1_17' title="bbox 532 1631 2116 1716; baseline -0.008 -18"><span class='ocrx_word' id='word_1_120' title='bbox 532 1651 800 1716; x_wconf 84' lang='lat' dir='ltr'><strong>quatenus</strong></span> <span class='ocrx_word' id='word_1_121' title='bbox 839 1655 907 1694; x_wconf 81' lang='lat' dir='ltr'><strong>ex</strong></span> <span class='ocrx_word' id='word_1_122' title='bbox 950 1651 1140 1694; x_wconf 89' lang='lat' dir='ltr'><strong>earum</strong></span> <span class='ocrx_word' id='word_1_123' title='bbox 1183 1635 1467 1692; x_wconf 84' lang='lat' dir='ltr'><strong>sententiis</strong></span> <span class='ocrx_word' id='word_1_124' title='bbox 1504 1643 1654 1689; x_wconf 90' lang='lat' dir='ltr'><strong>tuum</strong></span> <span class='ocrx_word' id='word_1_125' title='bbox 1679 1634 1949 1706; x_wconf 88' lang='lat' dir='ltr'><strong>potuisses</strong></span> <span class='ocrx_word' id='word_1_126' title='bbox 1971 1631 2116 1686; x_wconf 81' lang='lat' dir='ltr'><strong>atiir-</strong></span> 
     </span>
    </p>
   </div>
   <div class='ocr_carea' id='block_1_18' title="bbox 533 1723 2117 1794">
    <p class='ocr_par' dir='ltr' id='par_1_18' title="bbox 533 1723 2117 1794">
     <span class='ocr_line' id='line_1_18' title="bbox 533 1723 2117 1794; baseline -0.008 -5"><span class='ocrx_word' id='word_1_127' title='bbox 533 1749 684 1790; x_wconf 89' lang='lat' dir='ltr'><strong>mare</strong></span> <span class='ocrx_word' id='word_1_128' title='bbox 709 1746 970 1786; x_wconf 89' lang='lat' dir='ltr'><strong>errorem.</strong></span> <span class='ocrx_word' id='word_1_129' title='bbox 1010 1728 1120 1783; x_wconf 90' lang='lat' dir='ltr'><strong>Nec</strong></span> <span class='ocrx_word' id='word_1_130' title='bbox 1162 1728 1266 1782; x_wconf 92' lang='lat' dir='ltr'><strong>hoc</strong></span> <span class='ocrx_word' id='word_1_131' title='bbox 1304 1727 1518 1792; x_wconf 89' lang='lat' dir='ltr'><strong>mirum,</strong></span> <span class='ocrx_word' id='word_1_132' title='bbox 1556 1727 1683 1780; x_wconf 89' lang='lat' dir='ltr'><strong>dum</strong></span> <span class='ocrx_word' id='word_1_133' title='bbox 1731 1725 1844 1794; x_wconf 90' lang='lat' dir='ltr'><strong>ipse</strong></span> <span class='ocrx_word' id='word_1_134' title='bbox 1883 1723 2117 1779; x_wconf 85' lang='lat' dir='ltr'><strong>Satanas</strong></span> 
     </span>
    </p>
   </div>
   <div class='ocr_carea' id='block_1_19' title="bbox 531 1815 2116 1894">
    <p class='ocr_par' dir='ltr' id='par_1_19' title="bbox 531 1815 2116 1894">
     <span class='ocr_line' id='line_1_19' title="bbox 531 1815 2116 1894; baseline -0.008 -14"><span class='ocrx_word' id='word_1_135' title='bbox 531 1823 883 1894; x_wconf 89' lang='lat' dir='ltr'><strong>transﬁgurat</strong></span> <span class='ocrx_word' id='word_1_136' title='bbox 924 1835 983 1876; x_wconf 89' lang='lat' dir='ltr'><strong>se</strong></span> <span class='ocrx_word' id='word_1_137' title='bbox 1011 1821 1067 1874; x_wconf 90' lang='lat' dir='ltr'><strong>in</strong></span> <span class='ocrx_word' id='word_1_138' title='bbox 1103 1819 1351 1888; x_wconf 83' lang='lat' dir='ltr'><strong>angelum</strong></span> <span class='ocrx_word' id='word_1_139' title='bbox 1397 1817 1552 1880; x_wconf 89' lang='lat' dir='ltr'><strong>lucis,</strong></span> <span class='ocrx_word' id='word_1_140' title='bbox 1578 1817 1622 1870; x_wconf 91' lang='lat' dir='ltr'><strong>si</strong></span> <span class='ocrx_word' id='word_1_141' title='bbox 1665 1815 2116 1885; x_wconf 88' lang='lat' dir='ltr'><strong>pseudodoctores</strong></span> 
     </span>
    </p>
   </div>
   <div class='ocr_carea' id='block_1_20' title="bbox 530 1906 2115 1986">
    <p class='ocr_par' dir='ltr' id='par_1_20' title="bbox 530 1906 2115 1986">
     <span class='ocr_line' id='line_1_20' title="bbox 530 1906 2115 1986; baseline -0.007 -15"><span class='ocrx_word' id='word_1_142' title='bbox 530 1915 917 1986; x_wconf 84' lang='lat' dir='ltr'><strong>transtigurent</strong></span> <span class='ocrx_word' id='word_1_143' title='bbox 963 1925 1060 1966; x_wconf 87' lang='lat' dir='ltr'><strong>sua</strong></span> <span class='ocrx_word' id='word_1_144' title='bbox 1106 1909 1249 1964; x_wconf 83' lang='lat' dir='ltr'><strong>dicta</strong></span> <span class='ocrx_word' id='word_1_145' title='bbox 1291 1907 1447 1978; x_wconf 89' lang='lat' dir='ltr'><strong>quasi</strong></span> <span class='ocrx_word' id='word_1_146' title='bbox 1499 1906 1858 1976; x_wconf 82' lang='lat' dir='ltr'><strong>probabilium</strong></span> <span class='ocrx_word' id='word_1_147' title='bbox 1912 1906 2115 1976; x_wconf 89' lang='lat' dir='ltr'><strong>scripta</strong></span> 
     </span>
    </p>
   </div>
   <div class='ocr_carea' id='block_1_21' title="bbox 529 1996 2116 2068">
    <p class='ocr_par' dir='ltr' id='par_1_21' title="bbox 529 1996 2116 2068">
     <span class='ocr_line' id='line_1_21' title="bbox 529 1996 2116 2068; baseline -0.006 -7"><span class='ocrx_word' id='word_1_148' title='bbox 529 2003 828 2061; x_wconf 86' lang='lat' dir='ltr'><strong>doctorum.</strong></span> <span class='ocrx_word' id='word_1_149' title='bbox 857 2002 990 2056; x_wconf 85' lang='lat' dir='ltr'><strong>Nam</strong></span> <span class='ocrx_word' id='word_1_150' title='bbox 1017 1997 1262 2054; x_wconf 88' lang='lat' dir='ltr'><strong>falsidico</strong></span> <span class='ocrx_word' id='word_1_151' title='bbox 1287 1998 1443 2068; x_wconf 80' lang='lat' dir='ltr'><strong>ﬁngis</strong></span> <span class='ocrx_word' id='word_1_152' title='bbox 1469 1996 1685 2051; x_wconf 82' lang='lat' dir='ltr'><strong>flamine</strong></span> <span class='ocrx_word' id='word_1_153' title='bbox 1711 1999 1973 2067; x_wconf 88' lang='lat' dir='ltr'><strong>quasdam</strong></span> <span class='ocrx_word' id='word_1_154' title='bbox 2001 1997 2116 2068; x_wconf 90' lang='lat' dir='ltr'><strong>epi-</strong></span> 
     </span>
    </p>
   </div>
   <div class='ocr_carea' id='block_1_22' title="bbox 527 2088 2116 2163">
    <p class='ocr_par' dir='ltr' id='par_1_22' title="bbox 527 2088 2116 2163">
     <span class='ocr_line' id='line_1_22' title="bbox 527 2088 2116 2163; baseline -0.007 -10"><span class='ocrx_word' id='word_1_155' title='bbox 527 2095 695 2154; x_wconf 87' lang='lat' dir='ltr'><strong>stolas</strong></span> <span class='ocrx_word' id='word_1_156' title='bbox 710 2097 924 2150; x_wconf 84' lang='lat' dir='ltr'><strong>beatum</strong></span> <span class='ocrx_word' id='word_1_157' title='bbox 951 2092 1338 2163; x_wconf 85' lang='lat' dir='ltr'><strong>Hieronymum</strong></span> <span class='ocrx_word' id='word_1_158' title='bbox 1376 2088 1462 2143; x_wconf 87' lang='lat' dir='ltr'><strong>vel</strong></span> <span class='ocrx_word' id='word_1_159' title='bbox 1490 2097 1735 2143; x_wconf 87' lang='lat' dir='ltr'><strong>sanctum</strong></span> <span class='ocrx_word' id='word_1_160' title='bbox 1756 2088 2116 2160; x_wconf 82' lang='lat' dir='ltr'><strong>Augustinum</strong></span> 
     </span>
    </p>
   </div>
   <div class='ocr_carea' id='block_1_23' title="bbox 529 2179 2114 2256">
    <p class='ocr_par' dir='ltr' id='par_1_23' title="bbox 529 2179 2114 2256">
     <span class='ocr_line' id='line_1_23' title="bbox 529 2179 2114 2256; baseline -0.005 -14"><span class='ocrx_word' id='word_1_161' title='bbox 529 2186 830 2256; x_wconf 76' lang='lat' dir='ltr'><strong>scripsisse,</strong></span> <span class='ocrx_word' id='word_1_162' title='bbox 861 2184 919 2238; x_wconf 88' lang='lat' dir='ltr'><strong>in</strong></span> <span class='ocrx_word' id='word_1_163' title='bbox 954 2184 1150 2253; x_wconf 86' lang='lat' dir='ltr'><strong>quibus</strong></span> <span class='ocrx_word' id='word_1_164' title='bbox 1178 2179 1423 2236; x_wconf 85' lang='lat' dir='ltr'><strong>crebrius</strong></span> <span class='ocrx_word' id='word_1_165' title='bbox 1463 2180 1768 2250; x_wconf 85' lang='lat' dir='ltr'><strong>adoptionis</strong></span> <span class='ocrx_word' id='word_1_166' title='bbox 1810 2179 2114 2235; x_wconf 82' lang='lat' dir='ltr'><strong>immissum</strong></span> 
     </span>
    </p>
   </div>
   <div class='ocr_carea' id='block_1_24' title="bbox 526 2269 2114 2346">
    <p class='ocr_par' dir='ltr' id='par_1_24' title="bbox 526 2269 2114 2346">
     <span class='ocr_line' id='line_1_24' title="bbox 526 2269 2114 2346; baseline -0.006 -11"><span class='ocrx_word' id='word_1_167' title='bbox 526 2291 723 2336; x_wconf 80' lang='lat' dir='ltr'><strong>nomen</strong></span> <span class='ocrx_word' id='word_1_168' title='bbox 749 2274 1135 2346; x_wconf 77' lang='lat' dir='ltr'><strong>perspeximus,</strong></span> <span class='ocrx_word' id='word_1_169' title='bbox 1171 2271 1324 2342; x_wconf 85' lang='lat' dir='ltr'><strong>quasi</strong></span> <span class='ocrx_word' id='word_1_170' title='bbox 1351 2269 1428 2325; x_wconf 88' lang='lat' dir='ltr'><strong>illi</strong></span> <span class='ocrx_word' id='word_1_171' title='bbox 1469 2270 1796 2325; x_wconf 75' lang='lat' dir='ltr'><strong>sanctissimi</strong></span> <span class='ocrx_word' id='word_1_172' title='bbox 1828 2277 1884 2326; x_wconf 89' lang='lat' dir='ltr'><strong>et</strong></span> <span class='ocrx_word' id='word_1_173' title='bbox 1911 2271 2114 2340; x_wconf 85' lang='lat' dir='ltr'><strong>proba-</strong></span> 
     </span>
    </p>
   </div>
   <div class='ocr_carea' id='block_1_25' title="bbox 525 2362 2109 2434">
    <p class='ocr_par' dir='ltr' id='par_1_25' title="bbox 525 2362 2109 2434">
     <span class='ocr_line' id='line_1_25' title="bbox 525 2362 2109 2434; baseline -0.005 -8"><span class='ocrx_word' id='word_1_174' title='bbox 525 2370 724 2426; x_wconf 85' lang='lat' dir='ltr'><strong>tissimi</strong></span> <span class='ocrx_word' id='word_1_175' title='bbox 752 2368 999 2423; x_wconf 79' lang='lat' dir='ltr'><strong>doctores</strong></span> <span class='ocrx_word' id='word_1_176' title='bbox 1023 2380 1088 2421; x_wconf 88' lang='lat' dir='ltr'><strong>ea</strong></span> <span class='ocrx_word' id='word_1_177' title='bbox 1111 2366 1177 2420; x_wconf 92' lang='lat' dir='ltr'><strong>de</strong></span> <span class='ocrx_word' id='word_1_178' title='bbox 1203 2377 1348 2434; x_wconf 70' lang='lat' dir='ltr'><strong>srepe</strong></span> <span class='ocrx_word' id='word_1_179' title='bbox 1372 2363 1516 2418; x_wconf 87' lang='lat' dir='ltr'><strong>dicta</strong></span> <span class='ocrx_word' id='word_1_180' title='bbox 1540 2363 1827 2431; x_wconf 72' lang='lat' dir='ltr'><strong>adoptione</strong></span> <span class='ocrx_word' id='word_1_181' title='bbox 1855 2362 2109 2430; x_wconf 75' lang='lat' dir='ltr'><strong>dixerint,</strong></span> 
     </span>
    </p>
   </div>
   <div class='ocr_carea' id='block_1_26' title="bbox 525 2456 2114 2536">
    <p class='ocr_par' dir='ltr' id='par_1_26' title="bbox 525 2456 2114 2536">
     <span class='ocr_line' id='line_1_26' title="bbox 525 2456 2114 2536; baseline -0.004 -18"><span class='ocrx_word' id='word_1_182' title='bbox 525 2477 646 2534; x_wconf 68' lang='lat' dir='ltr'><strong>qua:</strong></span> <span class='ocrx_word' id='word_1_183' title='bbox 673 2471 948 2536; x_wconf 80' lang='lat' dir='ltr'><strong>nunquam</strong></span> <span class='ocrx_word' id='word_1_184' title='bbox 983 2460 1252 2522; x_wconf 84' lang='lat' dir='ltr'><strong>dixerunt,</strong></span> <span class='ocrx_word' id='word_1_185' title='bbox 1279 2471 1380 2512; x_wconf 89' lang='lat' dir='ltr'><strong>nec</strong></span> <span class='ocrx_word' id='word_1_186' title='bbox 1406 2467 1637 2526; x_wconf 80' lang='lat' dir='ltr'><strong>usquam</strong></span> <span class='ocrx_word' id='word_1_187' title='bbox 1666 2456 1721 2510; x_wconf 90' lang='lat' dir='ltr'><strong>in</strong></span> <span class='ocrx_word' id='word_1_188' title='bbox 1741 2467 1932 2510; x_wconf 88' lang='lat' dir='ltr'><strong>eorum</strong></span> <span class='ocrx_word' id='word_1_189' title='bbox 1957 2469 2114 2526; x_wconf 85' lang='lat' dir='ltr'><strong>repe-</strong></span> 
     </span>
    </p>
   </div>
   <div class='ocr_carea' id='block_1_27' title="bbox 525 2549 2112 2623">
    <p class='ocr_par' dir='ltr' id='par_1_27' title="bbox 525 2549 2112 2623">
     <span class='ocr_line' id='line_1_27' title="bbox 525 2549 2112 2623; baseline -0.005 -13"><span class='ocrx_word' id='word_1_190' title='bbox 525 2555 742 2610; x_wconf 86' lang='lat' dir='ltr'><strong>riuntur</strong></span> <span class='ocrx_word' id='word_1_191' title='bbox 777 2553 1014 2623; x_wconf 82' lang='lat' dir='ltr'><strong>scriptis,</strong></span> <span class='ocrx_word' id='word_1_192' title='bbox 1051 2565 1154 2605; x_wconf 85' lang='lat' dir='ltr'><strong>nec</strong></span> <span class='ocrx_word' id='word_1_193' title='bbox 1191 2550 1405 2604; x_wconf 76' lang='lat' dir='ltr'><strong>illorum</strong></span> <span class='ocrx_word' id='word_1_194' title='bbox 1449 2549 1597 2618; x_wconf 86' lang='lat' dir='ltr'><strong>piam</strong></span> <span class='ocrx_word' id='word_1_195' title='bbox 1643 2557 1699 2602; x_wconf 89' lang='lat' dir='ltr'><strong>et</strong></span> <span class='ocrx_word' id='word_1_196' title='bbox 1747 2549 2112 2604; x_wconf 77' lang='lat' dir='ltr'><strong>venerabilem</strong></span> 
     </span>
    </p>
   </div>
   <div class='ocr_carea' id='block_1_28' title="bbox 525 2640 2115 2714">
    <p class='ocr_par' dir='ltr' id='par_1_28' title="bbox 525 2640 2115 2714">
     <span class='ocr_line' id='line_1_28' title="bbox 525 2640 2115 2714; baseline -0.005 -10"><span class='ocrx_word' id='word_1_197' title='bbox 525 2649 771 2704; x_wconf 70' lang='lat' dir='ltr'><strong>redolent</strong></span> <span class='ocrx_word' id='word_1_198' title='bbox 797 2644 1190 2714; x_wconf 84' lang='lat' dir='ltr'><strong>eloquentiam;</strong></span> <span class='ocrx_word' id='word_1_199' title='bbox 1224 2641 1324 2710; x_wconf 13' lang='lat' dir='ltr'><strong>sed,</strong></span> <span class='ocrx_word' id='word_1_200' title='bbox 1351 2651 1548 2696; x_wconf 59' lang='lat' dir='ltr'><strong>vestrae</strong></span> <span class='ocrx_word' id='word_1_201' title='bbox 1594 2641 1876 2711; x_wconf 60' lang='lat' dir='ltr'><strong>imperitiae</strong></span> <span class='ocrx_word' id='word_1_202' title='bbox 1917 2640 2115 2696; x_wconf 86' lang='lat' dir='ltr'><strong>litteris</strong></span> 
     </span>
    </p>
   </div>
   <div class='ocr_carea' id='block_1_29' title="bbox 525 2729 2115 2807">
    <p class='ocr_par' dir='ltr' id='par_1_29' title="bbox 525 2729 2115 2807">
     <span class='ocr_line' id='line_1_29' title="bbox 525 2729 2115 2807; baseline -0.007 -12"><span class='ocrx_word' id='word_1_203' title='bbox 525 2745 582 2795; x_wconf 84' lang='lat' dir='ltr'><strong>et</strong></span> <span class='ocrx_word' id='word_1_204' title='bbox 607 2739 825 2794; x_wconf 77' lang='lat' dir='ltr'><strong>svliabis</strong></span> <span class='ocrx_word' id='word_1_205' title='bbox 845 2736 1008 2807; x_wconf 75' lang='lat'><strong>893</strong></span> <span class='ocrx_word' id='word_1_206' title='bbox 1033 2735 1208 2801; x_wconf 78' lang='lat' dir='ltr'><strong>magis</strong></span> <span class='ocrx_word' id='word_1_207' title='bbox 1233 2732 1517 2788; x_wconf 85' lang='lat' dir='ltr'><strong>assimilari</strong></span> <span class='ocrx_word' id='word_1_208' title='bbox 1541 2739 1791 2801; x_wconf 68' lang='lat' dir='ltr'><strong>quaerunt</strong></span> <span class='ocrx_word' id='word_1_209' title='bbox 1817 2729 1971 2802; x_wconf 75' lang='lat' dir='ltr'><strong>(Cod.</strong></span> <span class='ocrx_word' id='word_1_210' title='bbox 2008 2730 2115 2784; x_wconf 83' lang='lat' dir='ltr'><strong>Pa-</strong></span> 
     </span>
    </p>
   </div>
   <div class='ocr_carea' id='block_1_30' title="bbox 526 2823 2110 2899">
    <p class='ocr_par' dir='ltr' id='par_1_30' title="bbox 526 2823 2110 2899">
     <span class='ocr_line' id='line_1_30' title="bbox 526 2823 2110 2899; baseline -0.006 -14"><span class='ocrx_word' id='word_1_211' title='bbox 526 2833 645 2895; x_wconf 49' lang='lat' dir='ltr'><strong>ria,</strong></span> <span class='ocrx_word' id='word_1_212' title='bbox 661 2826 909 2899; x_wconf 76' lang='lat' dir='ltr'><strong>queunt],</strong></span> <span class='ocrx_word' id='word_1_213' title='bbox 929 2829 1037 2882; x_wconf 85' lang='lat' dir='ltr'><strong>imo</strong></span> <span class='ocrx_word' id='word_1_214' title='bbox 1057 2839 1157 2881; x_wconf 86' lang='lat' dir='ltr'><strong>nec</strong></span> <span class='ocrx_word' id='word_1_215' title='bbox 1175 2825 1388 2881; x_wconf 78' lang='lat' dir='ltr'><strong>illarum</strong></span> <span class='ocrx_word' id='word_1_216' title='bbox 1411 2823 1740 2894; x_wconf 80' lang='lat' dir='ltr'><strong>exemplaria</strong></span> <span class='ocrx_word' id='word_1_217' title='bbox 1761 2824 2110 2894; x_wconf 80' lang='lat' dir='ltr'><strong>epistularum</strong></span> 
     </span>
    </p>
   </div>
   <div class='ocr_carea' id='block_1_31' title="bbox 524 2915 2112 2985">
    <p class='ocr_par' dir='ltr' id='par_1_31' title="bbox 524 2915 2112 2985">
     <span class='ocr_line' id='line_1_31' title="bbox 524 2915 2112 2985; baseline -0.006 -9"><span class='ocrx_word' id='word_1_218' title='bbox 524 2922 719 2977; x_wconf 76' lang='lat' dir='ltr'><strong>alicubi</strong></span> <span class='ocrx_word' id='word_1_219' title='bbox 743 2921 796 2974; x_wconf 92' lang='lat' dir='ltr'><strong>in</strong></span> <span class='ocrx_word' id='word_1_220' title='bbox 823 2919 1103 2974; x_wconf 84' lang='lat' dir='ltr'><strong>catholicis</strong></span> <span class='ocrx_word' id='word_1_221' title='bbox 1125 2917 1470 2972; x_wconf 85' lang='lat' dir='ltr'><strong>inveniuntur</strong></span> <span class='ocrx_word' id='word_1_222' title='bbox 1490 2915 1737 2970; x_wconf 87' lang='lat' dir='ltr'><strong>serineis.</strong></span> <span class='ocrx_word' id='word_1_223' title='bbox 1761 2915 1892 2969; x_wconf 88' lang='lat' dir='ltr'><strong>Tam</strong></span> <span class='ocrx_word' id='word_1_224' title='bbox 1917 2925 2112 2985; x_wconf 84' lang='lat' dir='ltr'><strong>magna</strong></span> 
     </span>
    </p>
   </div>
   <div class='ocr_carea' id='block_1_32' title="bbox 522 3007 2113 3079">
    <p class='ocr_par' dir='ltr' id='par_1_32' title="bbox 522 3007 2113 3079">
     <span class='ocr_line' id='line_1_32' title="bbox 522 3007 2113 3079; baseline -0.003 -12"><span class='ocrx_word' id='word_1_225' title='bbox 522 3021 581 3068; x_wconf 85' lang='lat' dir='ltr'><strong>et</strong></span> <span class='ocrx_word' id='word_1_226' title='bbox 606 3021 718 3065; x_wconf 85' lang='lat' dir='ltr'><strong>tam</strong></span> <span class='ocrx_word' id='word_1_227' title='bbox 742 3009 949 3079; x_wconf 86' lang='lat' dir='ltr'><strong>prolixa</strong></span> <span class='ocrx_word' id='word_1_228' title='bbox 975 3011 1150 3064; x_wconf 85' lang='lat' dir='ltr'><strong>sancti</strong></span> <span class='ocrx_word' id='word_1_229' title='bbox 1177 3009 1511 3078; x_wconf 84' lang='lat' dir='ltr'><strong>Hieronymi,</strong></span> <span class='ocrx_word' id='word_1_230' title='bbox 1539 3007 1624 3061; x_wconf 85' lang='lat' dir='ltr'><strong>vel</strong></span> <span class='ocrx_word' id='word_1_231' title='bbox 1651 3007 1815 3061; x_wconf 87' lang='lat' dir='ltr'><strong>etiam</strong></span> <span class='ocrx_word' id='word_1_232' title='bbox 1839 3008 1980 3062; x_wconf 88' lang='lat' dir='ltr'><strong>beati</strong></span> <span class='ocrx_word' id='word_1_233' title='bbox 2004 3007 2113 3062; x_wconf 82' lang='lat' dir='ltr'><strong>Au-</strong></span> 
     </span>
    </p>
   </div>
   <div class='ocr_carea' id='block_1_33' title="bbox 524 3095 2109 3173">
    <p class='ocr_par' dir='ltr' id='par_1_33' title="bbox 524 3095 2109 3173">
     <span class='ocr_line' id='line_1_33' title="bbox 524 3095 2109 3173; baseline -0.001 -18"><span class='ocrx_word' id='word_1_234' title='bbox 524 3099 723 3173; x_wconf 73' lang='lat' dir='ltr'><strong>gustini</strong></span> <span class='ocrx_word' id='word_1_235' title='bbox 751 3099 1006 3168; x_wconf 83' lang='lat' dir='ltr'><strong>opuscula</strong></span> <span class='ocrx_word' id='word_1_236' title='bbox 1045 3099 1374 3168; x_wconf 82' lang='lat' dir='ltr'><strong>legebamus,</strong></span> <span class='ocrx_word' id='word_1_237' title='bbox 1403 3095 1763 3169; x_wconf 63' lang='lat' dir='ltr'><strong>episeolasque</strong></span> <span class='ocrx_word' id='word_1_238' title='bbox 1788 3109 1927 3168; x_wconf 82' lang='lat' dir='ltr'><strong>pene</strong></span> <span class='ocrx_word' id='word_1_239' title='bbox 1949 3099 2109 3154; x_wconf 87' lang='lat' dir='ltr'><strong>innu-</strong></span> 
     </span>
    </p>
   </div>
   <div class='ocr_carea' id='block_1_34' title="bbox 523 3192 2110 3262">
    <p class='ocr_par' dir='ltr' id='par_1_34' title="bbox 523 3192 2110 3262">
     <span class='ocr_line' id='line_1_34' title="bbox 523 3192 2110 3262; baseline -0.002 -12"><span class='ocrx_word' id='word_1_240' title='bbox 523 3193 846 3258; x_wconf 86' lang='lat' dir='ltr'><strong>merabiles,</strong></span> <span class='ocrx_word' id='word_1_241' title='bbox 899 3193 953 3246; x_wconf 85' lang='lat' dir='ltr'><strong>in</strong></span> <span class='ocrx_word' id='word_1_242' title='bbox 1005 3193 1202 3262; x_wconf 86' lang='lat' dir='ltr'><strong>quibus</strong></span> <span class='ocrx_word' id='word_1_243' title='bbox 1253 3205 1520 3260; x_wconf 82' lang='lat' dir='ltr'><strong>nusquam</strong></span> <span class='ocrx_word' id='word_1_244' title='bbox 1571 3205 1759 3247; x_wconf 82' lang='lat' dir='ltr'><strong>eorum</strong></span> <span class='ocrx_word' id='word_1_245' title='bbox 1817 3192 2110 3260; x_wconf 81' lang='lat' dir='ltr'><strong>quemlibet</strong></span> 
     </span>
    </p>
   </div>
   <div class='ocr_carea' id='block_1_35' title="bbox 523 3282 2109 3350">
    <p class='ocr_par' dir='ltr' id='par_1_35' title="bbox 523 3282 2109 3350">
     <span class='ocr_line' id='line_1_35' title="bbox 523 3282 2109 3350; baseline -0.002 -11"><span class='ocrx_word' id='word_1_246' title='bbox 523 3282 797 3339; x_wconf 81' lang='lat' dir='ltr'><strong>Christum</strong></span> <span class='ocrx_word' id='word_1_247' title='bbox 819 3282 1120 3337; x_wconf 79' lang='lat' dir='ltr'><strong>invenimus</strong></span> <span class='ocrx_word' id='word_1_248' title='bbox 1141 3283 1448 3350; x_wconf 85' lang='lat' dir='ltr'><strong>adoptivum</strong></span> <span class='ocrx_word' id='word_1_249' title='bbox 1467 3283 1794 3345; x_wconf 84' lang='lat' dir='ltr'><strong>nominasse,</strong></span> <span class='ocrx_word' id='word_1_250' title='bbox 1819 3297 1921 3337; x_wconf 91' lang='lat' dir='ltr'><strong>nec</strong></span> <span class='ocrx_word' id='word_1_251' title='bbox 1943 3283 2109 3336; x_wconf 80' lang='lat' dir='ltr'><strong>Deum</strong></span> 
     </span>
    </p>
   </div>
   <div class='ocr_carea' id='block_1_36' title="bbox 523 3372 2109 3445">
    <p class='ocr_par' dir='ltr' id='par_1_36' title="bbox 523 3372 2109 3445">
     <span class='ocr_line' id='line_1_36' title="bbox 523 3372 2109 3445; baseline -0.001 -16"><span class='ocrx_word' id='word_1_252' title='bbox 523 3375 959 3445; x_wconf 81' lang='lat' dir='ltr'><strong>nuncupativum,</strong></span> <span class='ocrx_word' id='word_1_253' title='bbox 1001 3374 1094 3429; x_wconf 90' lang='lat' dir='ltr'><strong>sed</strong></span> <span class='ocrx_word' id='word_1_254' title='bbox 1121 3385 1336 3442; x_wconf 83' lang='lat' dir='ltr'><strong>semper</strong></span> <span class='ocrx_word' id='word_1_255' title='bbox 1379 3373 1582 3442; x_wconf 79' lang='lat' dir='ltr'><strong>absque</strong></span> <span class='ocrx_word' id='word_1_256' title='bbox 1622 3372 1726 3426; x_wconf 83' lang='lat' dir='ltr'><strong>ulla</strong></span> <span class='ocrx_word' id='word_1_257' title='bbox 1775 3373 2109 3428; x_wconf 87' lang='lat' dir='ltr'><strong>dubitatione</strong></span> 
     </span>
    </p>
   </div>
   <div class='ocr_carea' id='block_1_37' title="bbox 521 3462 2109 3533">
    <p class='ocr_par' dir='ltr' id='par_1_37' title="bbox 521 3462 2109 3533">
     <span class='ocr_line' id='line_1_37' title="bbox 521 3462 2109 3533; baseline -0.004 -11"><span class='ocrx_word' id='word_1_258' title='bbox 521 3479 712 3522; x_wconf 75' lang='lat' dir='ltr'><strong>venam</strong></span> <span class='ocrx_word' id='word_1_259' title='bbox 736 3467 902 3520; x_wconf 78' lang='lat' dir='ltr'><strong>Deum</strong></span> <span class='ocrx_word' id='word_1_260' title='bbox 919 3505 934 3530; x_wconf 85' lang='lat'><strong>,</strong></span> <span class='ocrx_word' id='word_1_261' title='bbox 965 3477 1260 3533; x_wconf 82' lang='lat' dir='ltr'><strong>verumque</strong></span> <span class='ocrx_word' id='word_1_262' title='bbox 1283 3463 1379 3517; x_wconf 88' lang='lat' dir='ltr'><strong>Dei</strong></span> <span class='ocrx_word' id='word_1_263' title='bbox 1404 3462 1599 3516; x_wconf 82' lang='lat' dir='ltr'><strong>Filium</strong></span> <span class='ocrx_word' id='word_1_264' title='bbox 1624 3463 1900 3517; x_wconf 78' lang='lat' dir='ltr'><strong>Christum</strong></span> <span class='ocrx_word' id='word_1_265' title='bbox 1927 3465 2109 3533; x_wconf 81' lang='lat' dir='ltr'><strong>appel-</strong></span> 
     </span>
    </p>
   </div>
   <div class='ocr_carea' id='block_1_38' title="bbox 522 3555 2109 3624">
    <p class='ocr_par' dir='ltr' id='par_1_38' title="bbox 522 3555 2109 3624">
     <span class='ocr_line' id='line_1_38' title="bbox 522 3555 2109 3624; baseline 0 -14"><span class='ocrx_word' id='word_1_266' title='bbox 522 3555 666 3612; x_wconf 86' lang='lat' dir='ltr'><strong>lasse</strong></span> <span class='ocrx_word' id='word_1_267' title='bbox 688 3563 742 3610; x_wconf 90' lang='lat' dir='ltr'><strong>et</strong></span> <span class='ocrx_word' id='word_1_268' title='bbox 763 3556 1105 3624; x_wconf 69' lang='lat' dir='ltr'><strong>pra-dicasse,</strong></span> <span class='ocrx_word' id='word_1_269' title='bbox 1133 3557 1284 3624; x_wconf 81' lang='lat' dir='ltr'><strong>quod</strong></span> <span class='ocrx_word' id='word_1_270' title='bbox 1307 3555 1429 3609; x_wconf 78' lang='lat' dir='ltr'><strong>ioco</strong></span> <span class='ocrx_word' id='word_1_271' title='bbox 1453 3561 1778 3624; x_wconf 79' lang='lat' dir='ltr'><strong>opportuno,</strong></span> <span class='ocrx_word' id='word_1_272' title='bbox 1811 3555 2109 3624; x_wconf 79' lang='lat' dir='ltr'><strong>opitulante</strong></span> 
     </span>
    </p>
   </div>
   <div class='ocr_carea' id='block_1_39' title="bbox 526 3643 1196 3710">
    <p class='ocr_par' dir='ltr' id='par_1_39' title="bbox 526 3643 1196 3710">
     <span class='ocr_line' id='line_1_39' title="bbox 526 3643 1196 3710; baseline -0.001 -10"><span class='ocrx_word' id='word_1_273' title='bbox 526 3643 660 3710; x_wconf 87' lang='lat' dir='ltr'><strong>Deo,</strong></span> <span class='ocrx_word' id='word_1_274' title='bbox 685 3645 1196 3700; x_wconf 87' lang='lat' dir='ltr'><strong>demonstrabimus.</strong></span> 
     </span>
    </p>
   </div>
   <div class='ocr_carea' id='block_1_40' title="bbox 597 3734 2105 3807">
    <p class='ocr_par' dir='ltr' id='par_1_40' title="bbox 597 3734 2105 3807">
     <span class='ocr_line' id='line_1_40' title="bbox 597 3734 2105 3807; baseline 0.001 -17"><span class='ocrx_word' id='word_1_275' title='bbox 597 3735 688 3790; x_wconf 80' lang='lat' dir='ltr'><strong>XI.</strong></span> <span class='ocrx_word' id='word_1_276' title='bbox 729 3737 996 3790; x_wconf 82' lang='lat' dir='ltr'><strong>Ponamus</strong></span> <span class='ocrx_word' id='word_1_277' title='bbox 1021 3744 1203 3789; x_wconf 70' lang='lat' dir='ltr'><strong>taliten</strong></span> <span class='ocrx_word' id='word_1_278' title='bbox 1229 3734 1438 3804; x_wconf 77' lang='lat' dir='ltr'><strong>aliquas</strong></span> <span class='ocrx_word' id='word_1_279' title='bbox 1466 3747 1534 3790; x_wconf 81' lang='lat' dir='ltr'><strong>ex</strong></span> <span class='ocrx_word' id='word_1_280' title='bbox 1568 3735 1674 3790; x_wconf 87' lang='lat' dir='ltr'><strong>illis</strong></span> <span class='ocrx_word' id='word_1_281' title='bbox 1703 3735 1965 3793; x_wconf 79' lang='lat' dir='ltr'><strong>falsidicis</strong></span> <span class='ocrx_word' id='word_1_282' title='bbox 1985 3739 2105 3807; x_wconf 86' lang='lat' dir='ltr'><strong>epi-</strong></span> 
     </span>
    </p>
   </div>
   <div class='ocr_carea' id='block_1_41' title="bbox 521 3825 2107 3893">
    <p class='ocr_par' dir='ltr' id='par_1_41' title="bbox 521 3825 2107 3893">
     <span class='ocr_line' id='line_1_41' title="bbox 521 3825 2107 3893; baseline 0.003 -13"><span class='ocrx_word' id='word_1_283' title='bbox 521 3825 678 3882; x_wconf 83' lang='lat' dir='ltr'><strong>stolis</strong></span> <span class='ocrx_word' id='word_1_284' title='bbox 731 3827 1049 3890; x_wconf 83' lang='lat' dir='ltr'><strong>sententias,</strong></span> <span class='ocrx_word' id='word_1_285' title='bbox 1079 3837 1214 3893; x_wconf 73' lang='lat' dir='ltr'><strong>quas</strong></span> <span class='ocrx_word' id='word_1_286' title='bbox 1268 3839 1363 3879; x_wconf 73' lang='lat' dir='ltr'><strong>vos</strong></span> <span class='ocrx_word' id='word_1_287' title='bbox 1400 3826 1455 3880; x_wconf 89' lang='lat' dir='ltr'><strong>in</strong></span> <span class='ocrx_word' id='word_1_288' title='bbox 1497 3834 1680 3882; x_wconf 88' lang='lat' dir='ltr'><strong>vestro</strong></span> <span class='ocrx_word' id='word_1_289' title='bbox 1725 3827 1906 3882; x_wconf 84' lang='lat' dir='ltr'><strong>libeito</strong></span> <span class='ocrx_word' id='word_1_290' title='bbox 1951 3829 2107 3885; x_wconf 84' lang='lat' dir='ltr'><strong>nobis</strong></span> 
     </span>
    </p>
   </div>
   <div class='ocr_carea' id='block_1_42' title="bbox 521 3917 2108 3988">
    <p class='ocr_par' dir='ltr' id='par_1_42' title="bbox 521 3917 2108 3988">
     <span class='ocr_line' id='line_1_42' title="bbox 521 3917 2108 3988; baseline 0.003 -15"><span class='ocrx_word' id='word_1_291' title='bbox 521 3918 814 3983; x_wconf 75' lang='lat' dir='ltr'><strong>direxistis,</strong></span> <span class='ocrx_word' id='word_1_292' title='bbox 847 3925 908 3972; x_wconf 92' lang='lat' dir='ltr'><strong>ut</strong></span> <span class='ocrx_word' id='word_1_293' title='bbox 955 3917 1122 3973; x_wconf 84' lang='lat' dir='ltr'><strong>lector</strong></span> <span class='ocrx_word' id='word_1_294' title='bbox 1163 3925 1422 3988; x_wconf 84' lang='lat' dir='ltr'><strong>agnoscat</strong></span> <span class='ocrx_word' id='word_1_295' title='bbox 1459 3929 1622 3988; x_wconf 86' lang='lat' dir='ltr'><strong>quam</strong></span> <span class='ocrx_word' id='word_1_296' title='bbox 1669 3921 2108 3977; x_wconf 76' lang='lat' dir='ltr'><strong>inconvenicnter</strong></span> 
     </span>
    </p>
   </div>
   <div class='ocr_carea' id='block_1_43' title="bbox 521 4007 2107 4084">
    <p class='ocr_par' dir='ltr' id='par_1_43' title="bbox 521 4007 2107 4084">
     <span class='ocr_line' id='line_1_43' title="bbox 521 4007 2107 4084; baseline 0 -16"><span class='ocrx_word' id='word_1_297' title='bbox 521 4023 706 4084; x_wconf 81' lang='lat' dir='ltr'><strong>partes</strong></span> <span class='ocrx_word' id='word_1_298' title='bbox 741 4012 1004 4066; x_wconf 84' lang='lat' dir='ltr'><strong>orationis</strong></span> <span class='ocrx_word' id='word_1_299' title='bbox 1045 4007 1233 4081; x_wconf 84' lang='lat' dir='ltr'><strong>positae</strong></span> <span class='ocrx_word' id='word_1_300' title='bbox 1274 4012 1385 4065; x_wconf 88' lang='lat' dir='ltr'><strong>sint</strong></span> <span class='ocrx_word' id='word_1_301' title='bbox 1427 4012 1484 4065; x_wconf 88' lang='lat' dir='ltr'><strong>in</strong></span> <span class='ocrx_word' id='word_1_302' title='bbox 1524 4013 1630 4076; x_wconf 83' lang='lat' dir='ltr'><strong>eis,</strong></span> <span class='ocrx_word' id='word_1_303' title='bbox 1661 4021 1720 4066; x_wconf 85' lang='lat' dir='ltr'><strong>et</strong></span> <span class='ocrx_word' id='word_1_304' title='bbox 1749 4029 1910 4081; x_wconf 87' lang='lat' dir='ltr'><strong>quam</strong></span> <span class='ocrx_word' id='word_1_305' title='bbox 1943 4015 2107 4083; x_wconf 86' lang='lat' dir='ltr'><strong>impio</strong></span> 
     </span>
    </p>
   </div>
   <div class='ocr_carea' id='block_1_44' title="bbox 521 4103 2106 4176">
    <p class='ocr_par' dir='ltr' id='par_1_44' title="bbox 521 4103 2106 4176">
     <span class='ocr_line' id='line_1_44' title="bbox 521 4103 2106 4176; baseline -0.001 -14"><span class='ocrx_word' id='word_1_306' title='bbox 521 4119 684 4163; x_wconf 83' lang='lat' dir='ltr'><strong>sensu</strong></span> <span class='ocrx_word' id='word_1_307' title='bbox 709 4117 878 4176; x_wconf 75' lang='lat' dir='ltr'><strong>prava</strong></span> <span class='ocrx_word' id='word_1_308' title='bbox 903 4103 1220 4175; x_wconf 84' lang='lat' dir='ltr'><strong>compositio</strong></span> <span class='ocrx_word' id='word_1_309' title='bbox 1239 4104 1530 4158; x_wconf 76' lang='lat' dir='ltr'><strong>verborum</strong></span> <span class='ocrx_word' id='word_1_310' title='bbox 1551 4103 1812 4158; x_wconf 77' lang='lat' dir='ltr'><strong>redoleat.</strong></span> <span class='ocrx_word' id='word_1_311' title='bbox 1843 4105 1909 4158; x_wconf 85' lang='lat' dir='ltr'><strong>Et</strong></span> <span class='ocrx_word' id='word_1_312' title='bbox 1929 4107 2106 4175; x_wconf 83' lang='lat' dir='ltr'><strong>primo</strong></span> 
     </span>
    </p>
   </div>
   <div class='ocr_carea' id='block_1_45' title="bbox 522 4197 2105 4268">
    <p class='ocr_par' dir='ltr' id='par_1_45' title="bbox 522 4197 2105 4268">
     <span class='ocr_line' id='line_1_45' title="bbox 522 4197 2105 4268; baseline 0 -15"><span class='ocrx_word' id='word_1_313' title='bbox 522 4213 644 4254; x_wconf 84' lang='lat' dir='ltr'><strong>eam</strong></span> <span class='ocrx_word' id='word_1_314' title='bbox 689 4199 1014 4253; x_wconf 84' lang='lat' dir='ltr'><strong>sententiam</strong></span> <span class='ocrx_word' id='word_1_315' title='bbox 1064 4197 1396 4252; x_wconf 83' lang='lat' dir='ltr'><strong>deducamus</strong></span> <span class='ocrx_word' id='word_1_316' title='bbox 1440 4198 1492 4252; x_wconf 84' lang='lat' dir='ltr'><strong>in</strong></span> <span class='ocrx_word' id='word_1_317' title='bbox 1545 4198 1810 4262; x_wconf 85' lang='lat' dir='ltr'><strong>medium,</strong></span> <span class='ocrx_word' id='word_1_318' title='bbox 1844 4213 2007 4268; x_wconf 82' lang='lat' dir='ltr'><strong>quam</strong></span> <span class='ocrx_word' id='word_1_319' title='bbox 2046 4208 2105 4254; x_wconf 87' lang='lat' dir='ltr'><strong>tu</strong></span> 
     </span>
    </p>
   </div>
   <div class='ocr_carea' id='block_1_46' title="bbox 520 4289 2104 4363">
    <p class='ocr_par' dir='ltr' id='par_1_46' title="bbox 520 4289 2104 4363">
     <span class='ocr_line' id='line_1_46' title="bbox 520 4289 2104 4363; baseline 0.001 -17"><span class='ocrx_word' id='word_1_320' title='bbox 520 4305 688 4363; x_wconf 83' lang='lat' dir='ltr'><strong>pravo</strong></span> <span class='ocrx_word' id='word_1_321' title='bbox 717 4303 867 4343; x_wconf 86' lang='lat' dir='ltr'><strong>more</strong></span> <span class='ocrx_word' id='word_1_322' title='bbox 906 4291 1048 4345; x_wconf 86' lang='lat' dir='ltr'><strong>beati</strong></span> <span class='ocrx_word' id='word_1_323' title='bbox 1093 4289 1406 4360; x_wconf 78' lang='lat' dir='ltr'><strong>Hieronymi</strong></span> <span class='ocrx_word' id='word_1_324' title='bbox 1457 4291 1657 4345; x_wconf 87' lang='lat' dir='ltr'><strong>asseris</strong></span> <span class='ocrx_word' id='word_1_325' title='bbox 1697 4305 1840 4346; x_wconf 84' lang='lat' dir='ltr'><strong>esse.</strong></span> <span class='ocrx_word' id='word_1_326' title='bbox 1897 4291 2104 4348; x_wconf 86' lang='lat' dir='ltr'><strong>Putasti</strong></span> 
     </span>
    </p>
   </div>
   <div class='ocr_carea' id='block_1_47' title="bbox 522 4380 2100 4452">
    <p class='ocr_par' dir='ltr' id='par_1_47' title="bbox 522 4380 2100 4452">
     <span class='ocr_line' id='line_1_47' title="bbox 522 4380 2100 4452; baseline 0.002 -15"><span class='ocrx_word' id='word_1_327' title='bbox 522 4382 610 4438; x_wconf 74' lang='lat' dir='ltr'><strong>vel</strong></span> <span class='ocrx_word' id='word_1_328' title='bbox 641 4382 811 4452; x_wconf 76' lang='lat' dir='ltr'><strong>magis</strong></span> <span class='ocrx_word' id='word_1_329' title='bbox 838 4394 938 4435; x_wconf 83' lang='lat' dir='ltr'><strong>nos</strong></span> <span class='ocrx_word' id='word_1_330' title='bbox 971 4387 1168 4450; x_wconf 84' lang='lat' dir='ltr'><strong>putare</strong></span> <span class='ocrx_word' id='word_1_331' title='bbox 1210 4380 1424 4434; x_wconf 78' lang='lat' dir='ltr'><strong>voluisti</strong></span> <span class='ocrx_word' id='word_1_332' title='bbox 1449 4395 1573 4436; x_wconf 86' lang='lat' dir='ltr'><strong>eum</strong></span> <span class='ocrx_word' id='word_1_333' title='bbox 1601 4383 1783 4438; x_wconf 85' lang='lat' dir='ltr'><strong>dicere</strong></span> <span class='ocrx_word' id='word_1_334' title='bbox 1811 4401 1823 4438; x_wconf 95' lang='lat'><strong>:</strong></span> <span class='ocrx_word' id='word_1_335' title='bbox 1861 4401 1879 4434; x_wconf 77' lang='grc' dir='ltr'><strong>ι</strong></span> <span class='ocrx_word' id='word_1_336' title='bbox 1913 4383 2100 4452; x_wconf 83' lang='lat' dir='ltr'><strong>Filius,</strong></span> 
     </span>
    </p>
   </div>
   <div class='ocr_carea' id='block_1_48' title="bbox 521 4469 2183 4576">
    <p class='ocr_par' dir='ltr' id='par_1_48' title="bbox 521 4469 2183 4576">
     <span class='ocr_line' id='line_1_48' title="bbox 521 4469 2183 4576; baseline 0.001 -45"><span class='ocrx_word' id='word_1_337' title='bbox 521 4475 718 4544; x_wconf 87' lang='lat' dir='ltr'><strong>inquit,</strong></span> <span class='ocrx_word' id='word_1_338' title='bbox 745 4473 978 4528; x_wconf 83' lang='lat' dir='ltr'><strong>hominis</strong></span> <span class='ocrx_word' id='word_1_339' title='bbox 1004 4483 1104 4542; x_wconf 81' lang='lat' dir='ltr'><strong>per</strong></span> <span class='ocrx_word' id='word_1_340' title='bbox 1128 4472 1223 4528; x_wconf 86' lang='lat' dir='ltr'><strong>Dei</strong></span> <span class='ocrx_word' id='word_1_341' title='bbox 1252 4472 1445 4527; x_wconf 84' lang='lat' dir='ltr'><strong>Filium</strong></span> <span class='ocrx_word' id='word_1_342' title='bbox 1467 4475 1522 4529; x_wconf 89' lang='lat' dir='ltr'><strong>in</strong></span> <span class='ocrx_word' id='word_1_343' title='bbox 1553 4469 1646 4531; x_wconf 86' lang='lat' dir='ltr'><strong>Dei</strong></span> <span class='ocrx_word' id='word_1_344' title='bbox 1669 4475 1804 4532; x_wconf 87' lang='lat' dir='ltr'><strong>Filio</strong></span> <span class='ocrx_word' id='word_1_345' title='bbox 1822 4491 1948 4534; x_wconf 83' lang='lat' dir='ltr'><strong>esse</strong></span> <span class='ocrx_word' id='word_1_346' title='bbox 1971 4493 2102 4549; x_wconf 88' lang='lat' dir='ltr'><strong>pro-</strong></span> <span class='ocrx_word' id='word_1_347' title='bbox 2130 4509 2183 4576; x_wconf 66' lang='grc' dir='ltr'><strong>Β</strong></span> 
     </span>
    </p>
   </div>
   <div class='ocr_carea' id='block_1_49' title="bbox 522 4567 2105 4639">
    <p class='ocr_par' dir='ltr' id='par_1_49' title="bbox 522 4567 2105 4639">
     <span class='ocr_line' id='line_1_49' title="bbox 522 4567 2105 4639; baseline 0.004 -15"><span class='ocrx_word' id='word_1_348' title='bbox 522 4577 766 4624; x_wconf 82' lang='lat' dir='ltr'><strong>meretur</strong></span> <span class='ocrx_word' id='word_1_349' title='bbox 795 4585 809 4621; x_wconf 94' lang='lat'><strong>:</strong></span> <span class='ocrx_word' id='word_1_350' title='bbox 840 4581 941 4621; x_wconf 84' lang='lat' dir='ltr'><strong>nec</strong></span> <span class='ocrx_word' id='word_1_351' title='bbox 967 4567 1183 4634; x_wconf 87' lang='lat' dir='ltr'><strong>adoptio</strong></span> <span class='ocrx_word' id='word_1_352' title='bbox 1199 4581 1233 4620; x_wconf 87' lang='lat' dir='ltr'><strong>a</strong></span> <span class='ocrx_word' id='word_1_353' title='bbox 1259 4577 1449 4621; x_wconf 80' lang='lat' dir='ltr'><strong>natura</strong></span> <span class='ocrx_word' id='word_1_354' title='bbox 1467 4579 1771 4639; x_wconf 70' lang='lat' dir='ltr'><strong>Separatur,</strong></span> <span class='ocrx_word' id='word_1_355' title='bbox 1793 4573 1887 4628; x_wconf 91' lang='lat' dir='ltr'><strong>sed</strong></span> <span class='ocrx_word' id='word_1_356' title='bbox 1909 4583 2105 4630; x_wconf 84' lang='lat' dir='ltr'><strong>natura</strong></span> 
     </span>
    </p>
   </div>
   <div class='ocr_carea' id='block_1_50' title="bbox 523 4653 2101 4732">
    <p class='ocr_par' dir='ltr' id='par_1_50' title="bbox 523 4653 2101 4732">
     <span class='ocr_line' id='line_1_50' title="bbox 523 4653 2101 4732; baseline 0.004 -20"><span class='ocrx_word' id='word_1_357' title='bbox 523 4672 648 4716; x_wconf 83' lang='lat' dir='ltr'><strong>eum</strong></span> <span class='ocrx_word' id='word_1_358' title='bbox 691 4657 982 4728; x_wconf 71' lang='lat' dir='ltr'><strong>adoptione</strong></span> <span class='ocrx_word' id='word_1_359' title='bbox 1027 4653 1388 4728; x_wconf 66' lang='lat' dir='ltr'><strong>coniungitur.</strong></span> <span class='ocrx_word' id='word_1_360' title='bbox 1427 4677 1445 4710; x_wconf 73' lang='grc' dir='ltr'><strong>ι</strong></span> <span class='ocrx_word' id='word_1_361' title='bbox 1479 4659 1619 4726; x_wconf 89' lang='lat' dir='ltr'><strong>Quid</strong></span> <span class='ocrx_word' id='word_1_362' title='bbox 1655 4669 1766 4726; x_wconf 84' lang='lat' dir='ltr'><strong>est,</strong></span> <span class='ocrx_word' id='word_1_363' title='bbox 1799 4663 1941 4732; x_wconf 89' lang='lat' dir='ltr'><strong>quod</strong></span> <span class='ocrx_word' id='word_1_364' title='bbox 1974 4665 2053 4718; x_wconf 87' lang='lat' dir='ltr'><strong>ais</strong></span> <span class='ocrx_word' id='word_1_365' title='bbox 2089 4683 2101 4718; x_wconf 91' lang='lat'>:</span> 
     </span>
    </p>
   </div>
   <div class='ocr_carea' id='block_1_51' title="bbox 523 4743 2105 4820">
    <p class='ocr_par' dir='ltr' id='par_1_51' title="bbox 523 4743 2105 4820">
     <span class='ocr_line' id='line_1_51' title="bbox 523 4743 2105 4820; baseline 0.005 -20"><span class='ocrx_word' id='word_1_366' title='bbox 523 4763 549 4800; x_wconf 73' lang='grc' dir='ltr'><strong>ι</strong></span> <span class='ocrx_word' id='word_1_367' title='bbox 577 4747 808 4817; x_wconf 72' lang='lat' dir='ltr'><strong>Adoptio</strong></span> <span class='ocrx_word' id='word_1_368' title='bbox 829 4758 954 4802; x_wconf 84' lang='lat' dir='ltr'><strong>cum</strong></span> <span class='ocrx_word' id='word_1_369' title='bbox 979 4743 1589 4820; x_wconf 67' lang='lat' dir='ltr'><strong>namraeonjungitnrit</strong></span> <span class='ocrx_word' id='word_1_370' title='bbox 1618 4749 1913 4807; x_wconf 80' lang='lat' dir='ltr'><strong>Considera</strong></span> <span class='ocrx_word' id='word_1_371' title='bbox 1939 4762 1995 4809; x_wconf 92' lang='lat' dir='ltr'><strong>et</strong></span> <span class='ocrx_word' id='word_1_372' title='bbox 2021 4755 2105 4808; x_wconf 92' lang='lat' dir='ltr'><strong>in-</strong></span> 
     </span>
    </p>
   </div>
   <div class='ocr_carea' id='block_1_52' title="bbox 520 4839 2106 4910">
    <p class='ocr_par' dir='ltr' id='par_1_52' title="bbox 520 4839 2106 4910">
     <span class='ocr_line' id='line_1_52' title="bbox 520 4839 2106 4910; baseline 0.003 -14"><span class='ocrx_word' id='word_1_373' title='bbox 520 4840 731 4910; x_wconf 71' lang='lat' dir='ltr'><strong>tellige,</strong></span> <span class='ocrx_word' id='word_1_374' title='bbox 759 4839 806 4894; x_wconf 89' lang='lat' dir='ltr'><strong>si</strong></span> <span class='ocrx_word' id='word_1_375' title='bbox 830 4839 1045 4909; x_wconf 81' lang='lat' dir='ltr'><strong>adoptio</strong></span> <span class='ocrx_word' id='word_1_376' title='bbox 1071 4841 1224 4895; x_wconf 81' lang='lat' dir='ltr'><strong>nobis</strong></span> <span class='ocrx_word' id='word_1_377' title='bbox 1251 4842 1517 4896; x_wconf 74' lang='lat' dir='ltr'><strong>naturalis</strong></span> <span class='ocrx_word' id='word_1_378' title='bbox 1545 4842 1638 4898; x_wconf 88' lang='lat' dir='ltr'><strong>sit.</strong></span> <span class='ocrx_word' id='word_1_379' title='bbox 1667 4843 1809 4909; x_wconf 85' lang='lat' dir='ltr'><strong>Quid</strong></span> <span class='ocrx_word' id='word_1_380' title='bbox 1843 4843 1972 4899; x_wconf 87' lang='lat' dir='ltr'><strong>facit</strong></span> <span class='ocrx_word' id='word_1_381' title='bbox 2005 4847 2106 4900; x_wconf 84' lang='lat' dir='ltr'><strong>ba-</strong></span> 
     </span>
    </p>
   </div>
   <div class='ocr_carea' id='block_1_53' title="bbox 519 4933 2146 5007">
    <p class='ocr_par' dir='ltr' id='par_1_53' title="bbox 519 4933 2146 5007">
     <span class='ocr_line' id='line_1_53' title="bbox 519 4933 2146 5007; baseline 0.006 -19"><span class='ocrx_word' id='word_1_382' title='bbox 519 4935 705 5006; x_wconf 85' lang='lat' dir='ltr'><strong>ptismi</strong></span> <span class='ocrx_word' id='word_1_383' title='bbox 731 4942 1152 5001; x_wconf 80' lang='lat' dir='ltr'><strong>sacramentum,</strong></span> <span class='ocrx_word' id='word_1_384' title='bbox 1170 4939 1232 4990; x_wconf 79' lang='lat' dir='ltr'><strong>et</strong></span> <span class='ocrx_word' id='word_1_385' title='bbox 1251 4935 1430 4990; x_wconf 78' lang='lat' dir='ltr'><strong>sancti</strong></span> <span class='ocrx_word' id='word_1_386' title='bbox 1460 4933 1696 5006; x_wconf 83' lang='lat' dir='ltr'><strong>Spiritus</strong></span> <span class='ocrx_word' id='word_1_387' title='bbox 1723 4940 1912 5007; x_wconf 85' lang='lat' dir='ltr'><strong>gratia,</strong></span> <span class='ocrx_word' id='word_1_388' title='bbox 1938 4941 1982 4994; x_wconf 89' lang='lat' dir='ltr'><strong>si</strong></span> <span class='ocrx_word' id='word_1_389' title='bbox 2005 4955 2104 4997; x_wconf 90' lang='lat' dir='ltr'><strong>nos</strong></span> <span class='ocrx_word' id='word_1_390' title='bbox 2135 4959 2146 4968; x_wconf 86' lang='grc'><strong>·</strong></span> 
     </span>
    </p>
   </div>
   <div class='ocr_carea' id='block_1_54' title="bbox 521 5023 2102 5099">
    <p class='ocr_par' dir='ltr' id='par_1_54' title="bbox 521 5023 2102 5099">
     <span class='ocr_line' id='line_1_54' title="bbox 521 5023 2102 5099; baseline 0.004 -19"><span class='ocrx_word' id='word_1_391' title='bbox 521 5037 646 5080; x_wconf 89' lang='lat' dir='ltr'><strong>cum</strong></span> <span class='ocrx_word' id='word_1_392' title='bbox 661 5023 947 5093; x_wconf 81' lang='lat' dir='ltr'><strong>adoptione</strong></span> <span class='ocrx_word' id='word_1_393' title='bbox 966 5026 1241 5081; x_wconf 81' lang='lat' dir='ltr'><strong>nascimur</strong></span> <span class='ocrx_word' id='word_1_394' title='bbox 1251 5035 1319 5080; x_wconf 77' lang='lat' dir='ltr'><strong>ex</strong></span> <span class='ocrx_word' id='word_1_395' title='bbox 1335 5025 1647 5095; x_wconf 79' lang='lat' dir='ltr'><strong>parentibus</strong></span> <span class='ocrx_word' id='word_1_396' title='bbox 1665 5030 1903 5084; x_wconf 84' lang='lat' dir='ltr'><strong>nostris?</strong></span> <span class='ocrx_word' id='word_1_397' title='bbox 1925 5031 2102 5099; x_wconf 85' lang='lat' dir='ltr'><strong>Quare</strong></span> 
     </span>
    </p>
   </div>
   <div class='ocr_carea' id='block_1_55' title="bbox 521 5113 2104 5188">
    <p class='ocr_par' dir='ltr' id='par_1_55' title="bbox 521 5113 2104 5188">
     <span class='ocr_line' id='line_1_55' title="bbox 521 5113 2104 5188; baseline 0.003 -18"><span class='ocrx_word' id='word_1_398' title='bbox 521 5115 714 5170; x_wconf 76' lang='lat' dir='ltr'><strong>beatius</strong></span> <span class='ocrx_word' id='word_1_399' title='bbox 740 5113 909 5169; x_wconf 81' lang='lat' dir='ltr'><strong>David</strong></span> <span class='ocrx_word' id='word_1_400' title='bbox 925 5117 1012 5170; x_wconf 74' lang='lat' dir='ltr'><strong>ait</strong></span> <span class='ocrx_word' id='word_1_401' title='bbox 1031 5116 1104 5172; x_wconf 80' lang='lat' dir='ltr'><strong>de</strong></span> <span class='ocrx_word' id='word_1_402' title='bbox 1121 5116 1378 5186; x_wconf 67' lang='lat' dir='ltr'><strong>iegﬁimis</strong></span> <span class='ocrx_word' id='word_1_403' title='bbox 1403 5123 1560 5172; x_wconf 81' lang='lat' dir='ltr'><strong>natus</strong></span> <span class='ocrx_word' id='word_1_404' title='bbox 1584 5121 1937 5188; x_wconf 83' lang='lat' dir='ltr'><strong>parentibus:</strong></span> <span class='ocrx_word' id='word_1_405' title='bbox 1967 5119 2104 5176; x_wconf 85' lang='lat' dir='ltr'><strong>Ecce</strong></span> 
     </span>
    </p>
   </div>
   <div class='ocr_carea' id='block_1_56' title="bbox 519 5208 2102 5285">
    <p class='ocr_par' dir='ltr' id='par_1_56' title="bbox 519 5208 2102 5285">
     <span class='ocr_line' id='line_1_56' title="bbox 519 5208 2102 5285; baseline 0.004 -23"><span class='ocrx_word' id='word_1_406' title='bbox 519 5209 658 5262; x_wconf 68' lang='lat' dir='ltr'><strong>enirn</strong></span> <span class='ocrx_word' id='word_1_407' title='bbox 684 5208 742 5262; x_wconf 81' lang='lat' dir='ltr'><strong>in</strong></span> <span class='ocrx_word' id='word_1_408' title='bbox 763 5208 1130 5280; x_wconf 72' lang='lat' dir='ltr'><strong>iniquitatibus</strong></span> <span class='ocrx_word' id='word_1_409' title='bbox 1155 5215 1428 5280; x_wconf 73' lang='lat' dir='ltr'><strong>conceptus</strong></span> <span class='ocrx_word' id='word_1_410' title='bbox 1449 5225 1589 5274; x_wconf 74' lang='lat' dir='ltr'><strong>sum,</strong></span> <span class='ocrx_word' id='word_1_411' title='bbox 1617 5221 1666 5266; x_wconf 82' lang='lat' dir='ltr'><strong>et</strong></span> <span class='ocrx_word' id='word_1_412' title='bbox 1693 5215 1750 5267; x_wconf 84' lang='lat' dir='ltr'><strong>in</strong></span> <span class='ocrx_word' id='word_1_413' title='bbox 1775 5216 1997 5284; x_wconf 78' lang='lat' dir='ltr'><strong>peccatis</strong></span> <span class='ocrx_word' id='word_1_414' title='bbox 2018 5233 2102 5285; x_wconf 86' lang='lat' dir='ltr'><strong>pe-</strong></span> 
     </span>
    </p>
   </div>
   <div class='ocr_carea' id='block_1_57' title="bbox 519 5298 2104 5374">
    <p class='ocr_par' dir='ltr' id='par_1_57' title="bbox 519 5298 2104 5374">
     <span class='ocr_line' id='line_1_57' title="bbox 519 5298 2104 5374; baseline 0.007 -24"><span class='ocrx_word' id='word_1_415' title='bbox 519 5299 655 5368; x_wconf 76' lang='lat' dir='ltr'><strong>perit</strong></span> <span class='ocrx_word' id='word_1_416' title='bbox 681 5313 766 5352; x_wconf 68' lang='lat' dir='ltr'><strong>me</strong></span> <span class='ocrx_word' id='word_1_417' title='bbox 789 5308 960 5354; x_wconf 61' lang='lat' dir='ltr'><strong>Mater</strong></span> <span class='ocrx_word' id='word_1_418' title='bbox 1001 5309 1119 5354; x_wconf 66' lang='lat' dir='ltr'><strong>una</strong></span> <span class='ocrx_word' id='word_1_419' title='bbox 1147 5298 1322 5371; x_wconf 69' lang='lat' dir='ltr'><strong>(Paul.</strong></span> <span class='ocrx_word' id='word_1_420' title='bbox 1375 5317 1426 5366; x_wconf 77' lang='grc' dir='ltr'>ι,</span> <span class='ocrx_word' id='word_1_421' title='bbox 1461 5301 1536 5372; x_wconf 91' lang='lat'><strong>7).</strong></span> <span class='ocrx_word' id='word_1_422' title='bbox 1567 5300 1820 5374; x_wconf 78' lang='lat' dir='ltr'><strong>Nunquid</strong></span> <span class='ocrx_word' id='word_1_423' title='bbox 1859 5321 1966 5359; x_wconf 92' lang='lat' dir='ltr'><strong>non</strong></span> <span class='ocrx_word' id='word_1_424' title='bbox 1995 5315 2104 5361; x_wconf 89' lang='lat' dir='ltr'><strong>tres</strong></span> 
     </span>
    </p>
   </div>
   <div class='ocr_carea' id='block_1_58' title="bbox 521 5390 2103 5461">
    <p class='ocr_par' dir='ltr' id='par_1_58' title="bbox 521 5390 2103 5461">
     <span class='ocr_line' id='line_1_58' title="bbox 521 5390 2103 5461; baseline 0.006 -18"><span class='ocrx_word' id='word_1_425' title='bbox 521 5390 794 5459; x_wconf 89' lang='lat' dir='ltr'><strong>prioribus</strong></span> <span class='ocrx_word' id='word_1_426' title='bbox 833 5391 1014 5446; x_wconf 85' lang='lat' dir='ltr'><strong>verbis</strong></span> <span class='ocrx_word' id='word_1_427' title='bbox 1058 5392 1258 5446; x_wconf 88' lang='lat' dir='ltr'><strong>videris</strong></span> <span class='ocrx_word' id='word_1_428' title='bbox 1287 5392 1488 5461; x_wconf 83' lang='lat' dir='ltr'><strong>ﬁngere</strong></span> <span class='ocrx_word' id='word_1_429' title='bbox 1531 5393 1688 5458; x_wconf 90' lang='lat' dir='ltr'><strong>ﬁlios,</strong></span> <span class='ocrx_word' id='word_1_430' title='bbox 1720 5410 1886 5449; x_wconf 92' lang='lat' dir='ltr'><strong>unum</strong></span> <span class='ocrx_word' id='word_1_431' title='bbox 1933 5397 2103 5452; x_wconf 84' lang='lat' dir='ltr'><strong>tilium</strong></span> 
     </span>
    </p>
   </div>
   <div class='ocr_carea' id='block_1_59' title="bbox 523 5475 2105 5548">
    <p class='ocr_par' dir='ltr' id='par_1_59' title="bbox 523 5475 2105 5548">
     <span class='ocr_line' id='line_1_59' title="bbox 523 5475 2105 5548; baseline 0.004 -14"><span class='ocrx_word' id='word_1_432' title='bbox 523 5479 780 5548; x_wconf 84' lang='lat' dir='ltr'><strong>hominis,</strong></span> <span class='ocrx_word' id='word_1_433' title='bbox 809 5487 867 5536; x_wconf 88' lang='lat' dir='ltr'><strong>et</strong></span> <span class='ocrx_word' id='word_1_434' title='bbox 907 5482 1043 5537; x_wconf 76' lang='lat' dir='ltr'><strong>duos</strong></span> <span class='ocrx_word' id='word_1_435' title='bbox 1089 5481 1228 5536; x_wconf 82' lang='lat' dir='ltr'><strong>ﬁlios</strong></span> <span class='ocrx_word' id='word_1_436' title='bbox 1262 5475 1380 5546; x_wconf 82' lang='lat' dir='ltr'><strong>Dei,</strong></span> <span class='ocrx_word' id='word_1_437' title='bbox 1409 5481 1539 5534; x_wconf 83' lang='lat' dir='ltr'><strong>dum</strong></span> <span class='ocrx_word' id='word_1_438' title='bbox 1568 5483 1702 5538; x_wconf 87' lang='lat' dir='ltr'><strong>dicis</strong></span> <span class='ocrx_word' id='word_1_439' title='bbox 1733 5501 1746 5537; x_wconf 92' lang='lat'><strong>:</strong></span> <span class='ocrx_word' id='word_1_440' title='bbox 1785 5503 1806 5535; x_wconf 77' lang='grc' dir='ltr'><strong>ι</strong></span> <span class='ocrx_word' id='word_1_441' title='bbox 1835 5483 1934 5539; x_wconf 87' lang='lat' dir='ltr'><strong>Hic</strong></span> <span class='ocrx_word' id='word_1_442' title='bbox 1961 5485 2105 5542; x_wconf 87' lang='lat' dir='ltr'><strong>ﬁlius</strong></span> 
     </span>
    </p>
   </div>
   <div class='ocr_carea' id='block_1_60' title="bbox 663 5605 2103 5693">
    <p class='ocr_par' dir='ltr' id='par_1_60' title="bbox 663 5605 2103 5693">
     <span class='ocr_line' id='line_1_60' title="bbox 663 5605 2103 5693; baseline 0.006 -21"><span class='ocrx_word' id='word_1_443' title='bbox 663 5619 794 5693; x_wconf 76' lang='lat' dir='ltr'><strong>Ibid.</strong></span> <span class='ocrx_word' id='word_1_444' title='bbox 821 5620 923 5693; x_wconf 56' lang='lat' dir='ltr'><strong>libi</strong></span> <span class='ocrx_word' id='word_1_445' title='bbox 955 5628 1131 5693; x_wconf 83' lang='lat' dir='ltr'><strong>tamen</strong></span> <span class='ocrx_word' id='word_1_446' title='bbox 1160 5622 1332 5693; x_wconf 83' lang='lat' dir='ltr'><strong>oratio</strong></span> <span class='ocrx_word' id='word_1_447' title='bbox 1365 5621 1433 5674; x_wconf 90' lang='lat' dir='ltr'><strong>ita</strong></span> <span class='ocrx_word' id='word_1_448' title='bbox 1465 5629 1621 5675; x_wconf 87' lang='lat' dir='ltr'><strong>sonat</strong></span> <span class='ocrx_word' id='word_1_449' title='bbox 1654 5641 1666 5676; x_wconf 92' lang='lat'><strong>:</strong></span> <span class='ocrx_word' id='word_1_450' title='bbox 1696 5605 1836 5676; x_wconf 64' lang='lat' dir='ltr'><strong>Deus</strong></span> <span class='ocrx_word' id='word_1_451' title='bbox 1859 5626 1945 5693; x_wconf 73' lang='lat' dir='ltr'><strong>qui</strong></span> <span class='ocrx_word' id='word_1_452' title='bbox 1974 5622 2103 5680; x_wconf 84' lang='lat' dir='ltr'><strong>Uni-</strong></span> 
     </span>
    </p>
   </div>
   <div class='ocr_carea' id='block_1_61' title="bbox 525 5689 2098 5764">
    <p class='ocr_par' dir='ltr' id='par_1_61' title="bbox 525 5689 2098 5764">
     <span class='ocr_line' id='line_1_61' title="bbox 525 5689 2098 5764; baseline 0.007 -25"><span class='ocrx_word' id='word_1_453' title='bbox 525 5689 682 5758; x_wconf 70' lang='lat' dir='ltr'><strong>geniti</strong></span> <span class='ocrx_word' id='word_1_454' title='bbox 721 5691 1048 5764; x_wconf 37' lang='lat' dir='ltr'><strong>tuiuDomini</strong></span> <span class='ocrx_word' id='word_1_455' title='bbox 1089 5692 1252 5746; x_wconf 74' lang='lat' dir='ltr'><strong>nostri</strong></span> <span class='ocrx_word' id='word_1_456' title='bbox 1281 5693 1505 5760; x_wconf 81' lang='lat' dir='ltr'><strong>pretioso</strong></span> <span class='ocrx_word' id='word_1_457' title='bbox 1535 5695 1786 5764; x_wconf 76' lang='lat' dir='ltr'><strong>sanguine</strong></span> <span class='ocrx_word' id='word_1_458' title='bbox 1812 5689 2098 5750; x_wconf 72' lang='lat' dir='ltr'><strong>humanum</strong></span> 
     </span>
    </p>
   </div>
   <div class='ocr_carea' id='block_1_62' title="bbox 524 5760 2097 5834">
    <p class='ocr_par' dir='ltr' id='par_1_62' title="bbox 524 5760 2097 5834">
     <span class='ocr_line' id='line_1_62' title="bbox 524 5760 2097 5834; baseline 0.006 -24"><span class='ocrx_word' id='word_1_459' title='bbox 524 5771 684 5827; x_wconf 84' lang='lat' dir='ltr'><strong>genus</strong></span> <span class='ocrx_word' id='word_1_460' title='bbox 713 5760 962 5816; x_wconf 84' lang='lat' dir='ltr'><strong>redimere</strong></span> <span class='ocrx_word' id='word_1_461' title='bbox 998 5763 1239 5829; x_wconf 70' lang='lat' dir='ltr'><strong>dignatus</strong></span> <span class='ocrx_word' id='word_1_462' title='bbox 1263 5779 1337 5827; x_wconf 69' lang='lat' dir='ltr'><strong>es,</strong></span> <span class='ocrx_word' id='word_1_463' title='bbox 1371 5765 1590 5818; x_wconf 79' lang='lat' dir='ltr'><strong>concede</strong></span> <span class='ocrx_word' id='word_1_464' title='bbox 1626 5760 1895 5834; x_wconf 63' lang='lat' dir='ltr'><strong>propitius,</strong></span> <span class='ocrx_word' id='word_1_465' title='bbox 1925 5777 1980 5820; x_wconf 82' lang='lat' dir='ltr'><strong>ut</strong></span> <span class='ocrx_word' id='word_1_466' title='bbox 2009 5768 2097 5834; x_wconf 86' lang='lat' dir='ltr'><strong>qui</strong></span> 
     </span>
    </p>
   </div>
   <div class='ocr_carea' id='block_1_63' title="bbox 2225 525 3804 606">
    <p class='ocr_par' dir='ltr' id='par_1_63' title="bbox 2225 525 3804 606">
     <span class='ocr_line' id='line_1_63' title="bbox 2225 525 3804 606; baseline 0.006 -26"><span class='ocrx_word' id='word_1_467' title='bbox 2225 525 2461 581; x_wconf 76' lang='lat' dir='ltr'><strong>Verbum</strong></span> <span class='ocrx_word' id='word_1_468' title='bbox 2491 540 2702 596; x_wconf 89' lang='lat' dir='ltr'><strong>quoque</strong></span> <span class='ocrx_word' id='word_1_469' title='bbox 2747 536 3070 597; x_wconf 80' lang='lat' dir='ltr'><strong>promeretur</strong></span> <span class='ocrx_word' id='word_1_470' title='bbox 3103 529 3385 597; x_wconf 61' lang='lat' dir='ltr'><strong>praesentis</strong></span> <span class='ocrx_word' id='word_1_471' title='bbox 3414 533 3672 601; x_wconf 81' lang='lat' dir='ltr'><strong>temporis</strong></span> <span class='ocrx_word' id='word_1_472' title='bbox 3709 550 3804 606; x_wconf 73' lang='grc' dir='ltr'><strong>ρο·</strong></span> 
     </span>
    </p>
   </div>
   <div class='ocr_carea' id='block_1_64' title="bbox 2220 616 3809 698">
    <p class='ocr_par' dir='ltr' id='par_1_64' title="bbox 2220 616 3809 698">
     <span class='ocr_line' id='line_1_64' title="bbox 2220 616 3809 698; baseline 0.008 -26"><span class='ocrx_word' id='word_1_473' title='bbox 2220 616 2396 682; x_wconf 87' lang='lat' dir='ltr'><strong>suisti,</strong></span> <span class='ocrx_word' id='word_1_474' title='bbox 2433 619 2586 688; x_wconf 89' lang='lat' dir='ltr'><strong>quasi</strong></span> <span class='ocrx_word' id='word_1_475' title='bbox 2629 634 2773 674; x_wconf 88' lang='lat' dir='ltr'><strong>nunc</strong></span> <span class='ocrx_word' id='word_1_476' title='bbox 2820 617 2960 675; x_wconf 89' lang='lat' dir='ltr'><strong>ﬁlius</strong></span> <span class='ocrx_word' id='word_1_477' title='bbox 3005 621 3239 677; x_wconf 92' lang='lat' dir='ltr'><strong>hominis</strong></span> <span class='ocrx_word' id='word_1_478' title='bbox 3288 625 3498 680; x_wconf 88' lang='lat' dir='ltr'><strong>meritis</strong></span> <span class='ocrx_word' id='word_1_479' title='bbox 3541 627 3654 682; x_wconf 90' lang='lat' dir='ltr'><strong>suis</strong></span> <span class='ocrx_word' id='word_1_480' title='bbox 3713 643 3809 698; x_wconf 88' lang='lat' dir='ltr'><strong>per</strong></span> 
     </span>
    </p>
   </div>
   <div class='ocr_carea' id='block_1_65' title="bbox 2219 707 3806 792">
    <p class='ocr_par' dir='ltr' id='par_1_65' title="bbox 2219 707 3806 792">
     <span class='ocr_line' id='line_1_65' title="bbox 2219 707 3806 792; baseline 0.008 -28"><span class='ocrx_word' id='word_1_481' title='bbox 2219 707 2417 764; x_wconf 86' lang='lat' dir='ltr'><strong>Filium</strong></span> <span class='ocrx_word' id='word_1_482' title='bbox 2441 709 2537 764; x_wconf 89' lang='lat' dir='ltr'><strong>Dei</strong></span> <span class='ocrx_word' id='word_1_483' title='bbox 2579 711 2633 764; x_wconf 92' lang='lat' dir='ltr'><strong>in</strong></span> <span class='ocrx_word' id='word_1_484' title='bbox 2659 709 2793 766; x_wconf 77' lang='lat' dir='ltr'><strong>Filio</strong></span> <span class='ocrx_word' id='word_1_485' title='bbox 2822 709 2917 766; x_wconf 86' lang='lat' dir='ltr'><strong>Dei</strong></span> <span class='ocrx_word' id='word_1_486' title='bbox 2945 727 3063 768; x_wconf 91' lang='lat' dir='ltr'><strong>esse</strong></span> <span class='ocrx_word' id='word_1_487' title='bbox 3091 723 3430 783; x_wconf 87' lang='lat' dir='ltr'><strong>promeretur</strong></span> <span class='ocrx_word' id='word_1_488' title='bbox 3461 735 3473 772; x_wconf 93' lang='lat'><strong>:</strong></span> <span class='ocrx_word' id='word_1_489' title='bbox 3503 719 3647 788; x_wconf 90' lang='lat' dir='ltr'><strong>quod</strong></span> <span class='ocrx_word' id='word_1_490' title='bbox 3683 737 3806 792; x_wconf 88' lang='lat' dir='ltr'><strong>pro-</strong></span> 
     </span>
    </p>
   </div>
   <div class='ocr_carea' id='block_1_66' title="bbox 2221 799 3804 868">
    <p class='ocr_par' dir='ltr' id='par_1_66' title="bbox 2221 799 3804 868">
     <span class='ocr_line' id='line_1_66' title="bbox 2221 799 3804 868; baseline 0.008 -12"><span class='ocrx_word' id='word_1_491' title='bbox 2221 801 2308 856; x_wconf 90' lang='lat' dir='ltr'><strong>cul</strong></span> <span class='ocrx_word' id='word_1_492' title='bbox 2339 799 2500 857; x_wconf 89' lang='lat' dir='ltr'><strong>dubio</strong></span> <span class='ocrx_word' id='word_1_493' title='bbox 2521 809 2711 857; x_wconf 87' lang='lat' dir='ltr'><strong>sancta</strong></span> <span class='ocrx_word' id='word_1_494' title='bbox 2738 810 2791 858; x_wconf 90' lang='lat' dir='ltr'><strong>et</strong></span> <span class='ocrx_word' id='word_1_495' title='bbox 2821 803 3084 860; x_wconf 85' lang='lat' dir='ltr'><strong>catholica</strong></span> <span class='ocrx_word' id='word_1_496' title='bbox 3107 805 3238 862; x_wconf 83' lang='lat' dir='ltr'><strong>ﬁdes</strong></span> <span class='ocrx_word' id='word_1_497' title='bbox 3269 806 3562 866; x_wconf 79' lang='lat' dir='ltr'><strong>fortissime</strong></span> <span class='ocrx_word' id='word_1_498' title='bbox 3587 822 3804 868; x_wconf 87' lang='lat' dir='ltr'><strong>contra-</strong></span> 
     </span>
    </p>
   </div>
   <div class='ocr_carea' id='block_1_67' title="bbox 2221 891 3804 967">
    <p class='ocr_par' dir='ltr' id='par_1_67' title="bbox 2221 891 3804 967">
     <span class='ocr_line' id='line_1_67' title="bbox 2221 891 3804 967; baseline 0.009 -18"><span class='ocrx_word' id='word_1_499' title='bbox 2221 894 2371 959; x_wconf 90' lang='lat' dir='ltr'><strong>dicit,</strong></span> <span class='ocrx_word' id='word_1_500' title='bbox 2401 901 2461 949; x_wconf 92' lang='lat' dir='ltr'><strong>ut</strong></span> <span class='ocrx_word' id='word_1_501' title='bbox 2487 891 2611 950; x_wconf 90' lang='lat' dir='ltr'><strong>ullis</strong></span> <span class='ocrx_word' id='word_1_502' title='bbox 2636 896 2842 951; x_wconf 87' lang='lat' dir='ltr'><strong>meritis</strong></span> <span class='ocrx_word' id='word_1_503' title='bbox 2871 898 3300 967; x_wconf 82' lang='lat' dir='ltr'><strong>praecedentibus</strong></span> <span class='ocrx_word' id='word_1_504' title='bbox 3329 904 3619 960; x_wconf 73' lang='lat' dir='ltr'><strong>meruisset</strong></span> <span class='ocrx_word' id='word_1_505' title='bbox 3644 907 3804 963; x_wconf 91' lang='lat' dir='ltr'><strong>homo</strong></span> 
     </span>
    </p>
   </div>
   <div class='ocr_carea' id='block_1_68' title="bbox 2220 985 3804 1062">
    <p class='ocr_par' dir='ltr' id='par_1_68' title="bbox 2220 985 3804 1062">
     <span class='ocr_line' id='line_1_68' title="bbox 2220 985 3804 1062; baseline 0.01 -22"><span class='ocrx_word' id='word_1_506' title='bbox 2220 995 2530 1056; x_wconf 89' lang='lat' dir='ltr'><strong>assumptus</strong></span> <span class='ocrx_word' id='word_1_507' title='bbox 2557 1003 2586 1042; x_wconf 93' lang='lat' dir='ltr'><strong>a</strong></span> <span class='ocrx_word' id='word_1_508' title='bbox 2613 985 2792 1043; x_wconf 76' lang='lat' dir='ltr'><strong>Verbo</strong></span> <span class='ocrx_word' id='word_1_509' title='bbox 2823 987 2940 1054; x_wconf 85' lang='lat' dir='ltr'><strong>Dei,</strong></span> <span class='ocrx_word' id='word_1_510' title='bbox 2975 998 3034 1044; x_wconf 93' lang='lat' dir='ltr'><strong>ut</strong></span> <span class='ocrx_word' id='word_1_511' title='bbox 3056 989 3224 1048; x_wconf 88' lang='lat' dir='ltr'><strong>Filius</strong></span> <span class='ocrx_word' id='word_1_512' title='bbox 3244 992 3339 1049; x_wconf 89' lang='lat' dir='ltr'><strong>Dei</strong></span> <span class='ocrx_word' id='word_1_513' title='bbox 3365 1003 3526 1062; x_wconf 88' lang='lat' dir='ltr'><strong>esset,</strong></span> <span class='ocrx_word' id='word_1_514' title='bbox 3557 999 3697 1054; x_wconf 88' lang='lat' dir='ltr'><strong>sicut.</strong></span> <span class='ocrx_word' id='word_1_515' title='bbox 3721 1016 3804 1056; x_wconf 88' lang='lat' dir='ltr'><strong>so-</strong></span> 
     </span>
    </p>
   </div>
   <div class='ocr_carea' id='block_1_69' title="bbox 2217 1077 3802 1161">
    <p class='ocr_par' dir='ltr' id='par_1_69' title="bbox 2217 1077 3802 1161">
     <span class='ocr_line' id='line_1_69' title="bbox 2217 1077 3802 1161; baseline 0.009 -28"><span class='ocrx_word' id='word_1_516' title='bbox 2217 1077 2322 1134; x_wconf 75' lang='lat' dir='ltr'><strong>litis</strong></span> <span class='ocrx_word' id='word_1_517' title='bbox 2351 1079 2718 1136; x_wconf 88' lang='lat' dir='ltr'><strong>tantummodo</strong></span> <span class='ocrx_word' id='word_1_518' title='bbox 2746 1081 2889 1136; x_wconf 84' lang='lat' dir='ltr'><strong>beati</strong></span> <span class='ocrx_word' id='word_1_519' title='bbox 2916 1082 3196 1153; x_wconf 83' lang='lat' dir='ltr'><strong>Augustini</strong></span> <span class='ocrx_word' id='word_1_520' title='bbox 3227 1088 3532 1144; x_wconf 89' lang='lat' dir='ltr'><strong>testimonio</strong></span> <span class='ocrx_word' id='word_1_521' title='bbox 3569 1092 3802 1161; x_wconf 82' lang='lat' dir='ltr'><strong>proban-</strong></span> 
     </span>
    </p>
   </div>
   <div class='ocr_carea' id='block_1_70' title="bbox 2217 1171 3801 1248">
    <p class='ocr_par' dir='ltr' id='par_1_70' title="bbox 2217 1171 3801 1248">
     <span class='ocr_line' id='line_1_70' title="bbox 2217 1171 3801 1248; baseline 0.009 -20"><span class='ocrx_word' id='word_1_522' title='bbox 2217 1171 2349 1228; x_wconf 92' lang='lat' dir='ltr'><strong>dum</strong></span> <span class='ocrx_word' id='word_1_523' title='bbox 2370 1185 2489 1228; x_wconf 88' lang='lat' dir='ltr'><strong>esse</strong></span> <span class='ocrx_word' id='word_1_524' title='bbox 2519 1174 2650 1228; x_wconf 89' lang='lat' dir='ltr'><strong>satis</strong></span> <span class='ocrx_word' id='word_1_525' title='bbox 2693 1175 2919 1229; x_wconf 83' lang='lat' dir='ltr'><strong>aestimo.</strong></span> <span class='ocrx_word' id='word_1_526' title='bbox 2949 1175 3040 1230; x_wconf 91' lang='lat' dir='ltr'><strong>Ait</strong></span> <span class='ocrx_word' id='word_1_527' title='bbox 3065 1177 3206 1231; x_wconf 90' lang='lat' dir='ltr'><strong>enim</strong></span> <span class='ocrx_word' id='word_1_528' title='bbox 3242 1188 3363 1248; x_wconf 91' lang='lat' dir='ltr'><strong>post</strong></span> <span class='ocrx_word' id='word_1_529' title='bbox 3389 1181 3492 1236; x_wconf 88' lang='lat' dir='ltr'><strong>alia</strong></span> <span class='ocrx_word' id='word_1_530' title='bbox 3520 1185 3801 1242; x_wconf 72' lang='lat' dir='ltr'><strong>catholicae</strong></span> 
     </span>
    </p>
   </div>
   <div class='ocr_carea' id='block_1_71' title="bbox 2217 1261 3798 1348">
    <p class='ocr_par' dir='ltr' id='par_1_71' title="bbox 2217 1261 3798 1348">
     <span class='ocr_line' id='line_1_71' title="bbox 2217 1261 3798 1348; baseline 0.009 -30"><span class='ocrx_word' id='word_1_531' title='bbox 2217 1261 2342 1318; x_wconf 81' lang='lat' dir='ltr'><strong>ﬁdei</strong></span> <span class='ocrx_word' id='word_1_532' title='bbox 2369 1263 2615 1333; x_wconf 88' lang='lat' dir='ltr'><strong>dogmata</strong></span> <span class='ocrx_word' id='word_1_533' title='bbox 2637 1264 2692 1317; x_wconf 90' lang='lat' dir='ltr'><strong>in</strong></span> <span class='ocrx_word' id='word_1_534' title='bbox 2713 1263 2913 1330; x_wconf 86' lang='lat' dir='ltr'><strong>libello,</strong></span> <span class='ocrx_word' id='word_1_535' title='bbox 2933 1268 3026 1337; x_wconf 91' lang='lat' dir='ltr'><strong>qui</strong></span> <span class='ocrx_word' id='word_1_536' title='bbox 3049 1267 3245 1323; x_wconf 86' lang='lat' dir='ltr'><strong>dicitur</strong></span> <span class='ocrx_word' id='word_1_537' title='bbox 3271 1269 3619 1329; x_wconf 87' lang='lat' dir='ltr'><strong>Enchiridion</strong></span> <span class='ocrx_word' id='word_1_538' title='bbox 3649 1275 3798 1348; x_wconf 90' lang='lat' dir='ltr'><strong>(Cap.</strong></span> 
     </span>
    </p>
   </div>
   <div class='ocr_carea' id='block_1_72' title="bbox 2217 1351 3802 1426">
    <p class='ocr_par' dir='ltr' id='par_1_72' title="bbox 2217 1351 3802 1426">
     <span class='ocr_line' id='line_1_72' title="bbox 2217 1351 3802 1426; baseline 0.011 -18"><span class='ocrx_word' id='word_1_539' title='bbox 2217 1351 2309 1424; x_wconf 78' lang='lat'><strong>36)</strong></span> <span class='ocrx_word' id='word_1_540' title='bbox 2342 1372 2354 1407; x_wconf 92' lang='lat'><strong>:</strong></span> <span class='ocrx_word' id='word_1_541' title='bbox 2389 1371 2407 1404; x_wconf 77' lang='grc' dir='ltr'><strong>ι</strong></span> <span class='ocrx_word' id='word_1_542' title='bbox 2437 1354 2576 1422; x_wconf 89' lang='lat' dir='ltr'><strong>Quid</strong></span> <span class='ocrx_word' id='word_1_543' title='bbox 2604 1355 2770 1422; x_wconf 90' lang='lat' dir='ltr'><strong>enim,</strong></span> <span class='ocrx_word' id='word_1_544' title='bbox 2801 1357 2993 1426; x_wconf 91' lang='lat' dir='ltr'><strong>inquit,</strong></span> <span class='ocrx_word' id='word_1_545' title='bbox 3021 1368 3216 1415; x_wconf 86' lang='lat' dir='ltr'><strong>natura</strong></span> <span class='ocrx_word' id='word_1_546' title='bbox 3245 1362 3481 1418; x_wconf 88' lang='lat' dir='ltr'><strong>humana</strong></span> <span class='ocrx_word' id='word_1_547' title='bbox 3508 1365 3562 1420; x_wconf 91' lang='lat' dir='ltr'><strong>in</strong></span> <span class='ocrx_word' id='word_1_548' title='bbox 3586 1367 3802 1425; x_wconf 89' lang='lat' dir='ltr'><strong>homine</strong></span> 
     </span>
    </p>
   </div>
   <div class='ocr_carea' id='block_1_73' title="bbox 2217 1443 3801 1525">
    <p class='ocr_par' dir='ltr' id='par_1_73' title="bbox 2217 1443 3801 1525">
     <span class='ocr_line' id='line_1_73' title="bbox 2217 1443 3801 1525; baseline 0.009 -23"><span class='ocrx_word' id='word_1_549' title='bbox 2217 1443 2434 1502; x_wconf 89' lang='lat' dir='ltr'><strong>Christo</strong></span> <span class='ocrx_word' id='word_1_550' title='bbox 2474 1449 2692 1512; x_wconf 88' lang='lat' dir='ltr'><strong>meruit,</strong></span> <span class='ocrx_word' id='word_1_551' title='bbox 2733 1457 2791 1503; x_wconf 91' lang='lat' dir='ltr'><strong>ut</strong></span> <span class='ocrx_word' id='word_1_552' title='bbox 2831 1451 2887 1504; x_wconf 91' lang='lat' dir='ltr'><strong>in</strong></span> <span class='ocrx_word' id='word_1_553' title='bbox 2931 1453 3192 1508; x_wconf 86' lang='lat' dir='ltr'><strong>unitatem</strong></span> <span class='ocrx_word' id='word_1_554' title='bbox 3237 1469 3481 1525; x_wconf 70' lang='lat' dir='ltr'><strong>persona:</strong></span> <span class='ocrx_word' id='word_1_555' title='bbox 3509 1460 3654 1515; x_wconf 89' lang='lat' dir='ltr'><strong>unici</strong></span> <span class='ocrx_word' id='word_1_556' title='bbox 3685 1459 3801 1517; x_wconf 86' lang='lat' dir='ltr'><strong>Filii</strong></span> 
     </span>
    </p>
   </div>
   <div class='ocr_carea' id='block_1_74' title="bbox 2217 1535 3802 1622">
    <p class='ocr_par' dir='ltr' id='par_1_74' title="bbox 2217 1535 3802 1622">
     <span class='ocr_line' id='line_1_74' title="bbox 2217 1535 3802 1622; baseline 0.011 -30"><span class='ocrx_word' id='word_1_557' title='bbox 2217 1535 2313 1592; x_wconf 90' lang='lat' dir='ltr'><strong>Dei</strong></span> <span class='ocrx_word' id='word_1_558' title='bbox 2345 1538 2691 1609; x_wconf 87' lang='lat' dir='ltr'><strong>singulariter</strong></span> <span class='ocrx_word' id='word_1_559' title='bbox 2721 1549 2865 1596; x_wconf 89' lang='lat' dir='ltr'><strong>esset</strong></span> <span class='ocrx_word' id='word_1_560' title='bbox 2888 1547 3195 1616; x_wconf 88' lang='lat' dir='ltr'><strong>assumpta?</strong></span> <span class='ocrx_word' id='word_1_561' title='bbox 3225 1547 3353 1614; x_wconf 69' lang='lat' dir='ltr'><strong>Qua:</strong></span> <span class='ocrx_word' id='word_1_562' title='bbox 3374 1550 3511 1605; x_wconf 91' lang='lat' dir='ltr'><strong>bona</strong></span> <span class='ocrx_word' id='word_1_563' title='bbox 3532 1553 3802 1622; x_wconf 87' lang='lat' dir='ltr'><strong>voluntas,</strong></span> 
     </span>
    </p>
   </div>
   <div class='ocr_carea' id='block_1_75' title="bbox 2217 1627 3804 1715">
    <p class='ocr_par' dir='ltr' id='par_1_75' title="bbox 2217 1627 3804 1715">
     <span class='ocr_line' id='line_1_75' title="bbox 2217 1627 3804 1715; baseline 0.013 -33"><span class='ocrx_word' id='word_1_564' title='bbox 2217 1627 2372 1696; x_wconf 89' lang='lat' dir='ltr'><strong>cujus</strong></span> <span class='ocrx_word' id='word_1_565' title='bbox 2400 1629 2526 1684; x_wconf 91' lang='lat' dir='ltr'><strong>boni</strong></span> <span class='ocrx_word' id='word_1_566' title='bbox 2571 1632 2834 1700; x_wconf 88' lang='lat' dir='ltr'><strong>propositi</strong></span> <span class='ocrx_word' id='word_1_567' title='bbox 2881 1635 3130 1699; x_wconf 89' lang='lat' dir='ltr'><strong>studium,</strong></span> <span class='ocrx_word' id='word_1_568' title='bbox 3163 1652 3282 1706; x_wconf 86' lang='lat' dir='ltr'><strong>quae</strong></span> <span class='ocrx_word' id='word_1_569' title='bbox 3307 1639 3448 1694; x_wconf 89' lang='lat' dir='ltr'><strong>bona</strong></span> <span class='ocrx_word' id='word_1_570' title='bbox 3473 1657 3635 1712; x_wconf 81' lang='lat' dir='ltr'><strong>Opera</strong></span> <span class='ocrx_word' id='word_1_571' title='bbox 3668 1662 3804 1715; x_wconf 70' lang='lat' dir='ltr'><strong>prae-</strong></span> 
     </span>
    </p>
   </div>
   <div class='ocr_carea' id='block_1_76' title="bbox 2219 1721 3803 1806">
    <p class='ocr_par' dir='ltr' id='par_1_76' title="bbox 2219 1721 3803 1806">
     <span class='ocr_line' id='line_1_76' title="bbox 2219 1721 3803 1806; baseline 0.013 -34"><span class='ocrx_word' id='word_1_572' title='bbox 2219 1727 2516 1782; x_wconf 88' lang='lat' dir='ltr'><strong>cesserunt,</strong></span> <span class='ocrx_word' id='word_1_573' title='bbox 2545 1721 2740 1789; x_wconf 89' lang='lat' dir='ltr'><strong>quibus</strong></span> <span class='ocrx_word' id='word_1_574' title='bbox 2765 1733 3065 1780; x_wconf 87' lang='lat' dir='ltr'><strong>mereretur</strong></span> <span class='ocrx_word' id='word_1_575' title='bbox 3091 1727 3190 1782; x_wconf 78' lang='lat' dir='ltr'><strong>iste</strong></span> <span class='ocrx_word' id='word_1_576' title='bbox 3210 1730 3374 1786; x_wconf 90' lang='lat' dir='ltr'><strong>homo</strong></span> <span class='ocrx_word' id='word_1_577' title='bbox 3396 1748 3502 1786; x_wconf 87' lang='lat' dir='ltr'><strong>una</strong></span> <span class='ocrx_word' id='word_1_578' title='bbox 3542 1734 3658 1790; x_wconf 87' lang='lat' dir='ltr'><strong>ﬁeri</strong></span> <span class='ocrx_word' id='word_1_579' title='bbox 3683 1752 3803 1806; x_wconf 91' lang='lat' dir='ltr'><strong>per-</strong></span> 
     </span>
    </p>
   </div>
   <div class='ocr_carea' id='block_1_77' title="bbox 2147 1789 3802 1891">
    <p class='ocr_par' dir='ltr' id='par_1_77' title="bbox 2147 1789 3802 1891">
     <span class='ocr_line' id='line_1_77' title="bbox 2147 1789 3802 1891; baseline 0.013 -25"><span class='ocrx_word' id='word_1_580' title='bbox 2147 1789 2196 1850; x_wconf 75' lang='grc' dir='ltr'><strong>Β</strong></span> <span class='ocrx_word' id='word_1_581' title='bbox 2220 1825 2351 1868; x_wconf 82' lang='lat' dir='ltr'><strong>sena</strong></span> <span class='ocrx_word' id='word_1_582' title='bbox 2394 1825 2516 1867; x_wconf 90' lang='lat' dir='ltr'><strong>cum</strong></span> <span class='ocrx_word' id='word_1_583' title='bbox 2545 1811 2690 1869; x_wconf 85' lang='lat' dir='ltr'><strong>Deo?</strong></span> <span class='ocrx_word' id='word_1_584' title='bbox 2717 1813 2964 1888; x_wconf 85' lang='lat' dir='ltr'><strong>Nunquid</strong></span> <span class='ocrx_word' id='word_1_585' title='bbox 3000 1828 3158 1876; x_wconf 89' lang='lat' dir='ltr'><strong>antea</strong></span> <span class='ocrx_word' id='word_1_586' title='bbox 3190 1821 3290 1878; x_wconf 84' lang='lat' dir='ltr'><strong>fuit</strong></span> <span class='ocrx_word' id='word_1_587' title='bbox 3325 1824 3506 1891; x_wconf 92' lang='lat' dir='ltr'><strong>homo,</strong></span> <span class='ocrx_word' id='word_1_588' title='bbox 3540 1839 3593 1883; x_wconf 89' lang='lat' dir='ltr'><strong>et</strong></span> <span class='ocrx_word' id='word_1_589' title='bbox 3625 1789 3729 1886; x_wconf 60' lang='grc' dir='ltr'><strong>ἣδε</strong></span> <span class='ocrx_word' id='word_1_590' title='bbox 3757 1831 3802 1887; x_wconf 88' lang='lat' dir='ltr'><strong>ei</strong></span> 
     </span>
    </p>
   </div>
   <div class='ocr_carea' id='block_1_78' title="bbox 2219 1906 3804 1990">
    <p class='ocr_par' dir='ltr' id='par_1_78' title="bbox 2219 1906 3804 1990">
     <span class='ocr_line' id='line_1_78' title="bbox 2219 1906 3804 1990; baseline 0.013 -31"><span class='ocrx_word' id='word_1_591' title='bbox 2219 1906 2492 1974; x_wconf 80' lang='lat' dir='ltr'><strong>singulare</strong></span> <span class='ocrx_word' id='word_1_592' title='bbox 2537 1907 2858 1965; x_wconf 89' lang='lat' dir='ltr'><strong>beneﬁcium</strong></span> <span class='ocrx_word' id='word_1_593' title='bbox 2905 1914 3202 1981; x_wconf 80' lang='lat' dir='ltr'><strong>praestitum</strong></span> <span class='ocrx_word' id='word_1_594' title='bbox 3243 1923 3341 1980; x_wconf 88' lang='lat' dir='ltr'><strong>est,</strong></span> <span class='ocrx_word' id='word_1_595' title='bbox 3373 1926 3432 1971; x_wconf 92' lang='lat' dir='ltr'><strong>ut</strong></span> <span class='ocrx_word' id='word_1_596' title='bbox 3459 1919 3804 1990; x_wconf 85' lang='lat' dir='ltr'><strong>singulariter</strong></span> 
     </span>
    </p>
   </div>
   <div class='ocr_carea' id='block_1_79' title="bbox 2215 2000 3803 2086">
    <p class='ocr_par' dir='ltr' id='par_1_79' title="bbox 2215 2000 3803 2086">
     <span class='ocr_line' id='line_1_79' title="bbox 2215 2000 3803 2086; baseline 0.011 -33"><span class='ocrx_word' id='word_1_597' title='bbox 2215 2009 2619 2069; x_wconf 89' lang='lat' dir='ltr'><strong>promereretur</strong></span> <span class='ocrx_word' id='word_1_598' title='bbox 2635 2000 2835 2058; x_wconf 88' lang='lat' dir='ltr'><strong>Deum?</strong></span> <span class='ocrx_word' id='word_1_599' title='bbox 2859 2003 3060 2077; x_wconf 87' lang='lat' dir='ltr'><strong>Nempe</strong></span> <span class='ocrx_word' id='word_1_600' title='bbox 3081 2022 3146 2063; x_wconf 79' lang='lat' dir='ltr'><strong>ex</strong></span> <span class='ocrx_word' id='word_1_601' title='bbox 3169 2024 3275 2078; x_wconf 90' lang='lat' dir='ltr'><strong>quo</strong></span> <span class='ocrx_word' id='word_1_602' title='bbox 3295 2009 3458 2065; x_wconf 90' lang='lat' dir='ltr'><strong>homo</strong></span> <span class='ocrx_word' id='word_1_603' title='bbox 3479 2027 3597 2068; x_wconf 89' lang='lat' dir='ltr'><strong>esse</strong></span> <span class='ocrx_word' id='word_1_604' title='bbox 3617 2017 3803 2086; x_wconf 64' lang='lat' dir='ltr'><strong>erepit,</strong></span> 
     </span>
    </p>
   </div>
   <div class='ocr_carea' id='block_1_80' title="bbox 2216 2092 3800 2166">
    <p class='ocr_par' dir='ltr' id='par_1_80' title="bbox 2216 2092 3800 2166">
     <span class='ocr_line' id='line_1_80' title="bbox 2216 2092 3800 2166; baseline 0.008 -20"><span class='ocrx_word' id='word_1_605' title='bbox 2216 2105 2324 2148; x_wconf 86' lang='lat' dir='ltr'><strong>non</strong></span> <span class='ocrx_word' id='word_1_606' title='bbox 2348 2092 2490 2148; x_wconf 86' lang='lat' dir='ltr'><strong>aliud</strong></span> <span class='ocrx_word' id='word_1_607' title='bbox 2505 2093 2668 2164; x_wconf 71' lang='lat' dir='ltr'><strong>ccepi!</strong></span> <span class='ocrx_word' id='word_1_608' title='bbox 2698 2109 2818 2151; x_wconf 88' lang='lat' dir='ltr'><strong>esse</strong></span> <span class='ocrx_word' id='word_1_609' title='bbox 2843 2101 3004 2166; x_wconf 87' lang='lat' dir='ltr'><strong>quam</strong></span> <span class='ocrx_word' id='word_1_610' title='bbox 3031 2096 3124 2154; x_wconf 86' lang='lat' dir='ltr'><strong>Dei</strong></span> <span class='ocrx_word' id='word_1_611' title='bbox 3147 2098 3331 2165; x_wconf 84' lang='lat' dir='ltr'><strong>Filius,</strong></span> <span class='ocrx_word' id='word_1_612' title='bbox 3356 2103 3530 2158; x_wconf 87' lang='lat' dir='ltr'><strong>ethoc</strong></span> <span class='ocrx_word' id='word_1_613' title='bbox 3558 2106 3800 2162; x_wconf 64' lang='lat' dir='ltr'><strong>unicus.»</strong></span> 
     </span>
    </p>
   </div>
   <div class='ocr_carea' id='block_1_81' title="bbox 2217 2183 3807 2270">
    <p class='ocr_par' dir='ltr' id='par_1_81' title="bbox 2217 2183 3807 2270">
     <span class='ocr_line' id='line_1_81' title="bbox 2217 2183 3807 2270; baseline 0.01 -31"><span class='ocrx_word' id='word_1_614' title='bbox 2217 2183 2357 2253; x_wconf 85' lang='lat' dir='ltr'><strong>Quid</strong></span> <span class='ocrx_word' id='word_1_615' title='bbox 2385 2185 2475 2242; x_wconf 91' lang='lat' dir='ltr'><strong>hic</strong></span> <span class='ocrx_word' id='word_1_616' title='bbox 2507 2196 2676 2243; x_wconf 88' lang='lat' dir='ltr'><strong>restat</strong></span> <span class='ocrx_word' id='word_1_617' title='bbox 2705 2187 3017 2256; x_wconf 88' lang='lat' dir='ltr'><strong>dubietatis,</strong></span> <span class='ocrx_word' id='word_1_618' title='bbox 3064 2208 3133 2246; x_wconf 88' lang='lat' dir='ltr'><strong>an</strong></span> <span class='ocrx_word' id='word_1_619' title='bbox 3176 2191 3424 2250; x_wconf 89' lang='lat' dir='ltr'><strong>Christus</strong></span> <span class='ocrx_word' id='word_1_620' title='bbox 3477 2197 3528 2250; x_wconf 88' lang='lat' dir='ltr'><strong>in</strong></span> <span class='ocrx_word' id='word_1_621' title='bbox 3576 2207 3807 2270; x_wconf 82' lang='lat' dir='ltr'><strong>utraque</strong></span> 
     </span>
    </p>
   </div>
   <div class='ocr_carea' id='block_1_82' title="bbox 2216 2283 3808 2362">
    <p class='ocr_par' dir='ltr' id='par_1_82' title="bbox 2216 2283 3808 2362">
     <span class='ocr_line' id='line_1_82' title="bbox 2216 2283 3808 2362; baseline 0.009 -28"><span class='ocrx_word' id='word_1_622' title='bbox 2216 2287 2413 2335; x_wconf 88' lang='lat' dir='ltr'><strong>natura</strong></span> <span class='ocrx_word' id='word_1_623' title='bbox 2441 2297 2580 2336; x_wconf 91' lang='lat' dir='ltr'><strong>unus</strong></span> <span class='ocrx_word' id='word_1_624' title='bbox 2605 2289 2660 2336; x_wconf 89' lang='lat' dir='ltr'><strong>et</strong></span> <span class='ocrx_word' id='word_1_625' title='bbox 2697 2283 2889 2338; x_wconf 91' lang='lat' dir='ltr'><strong>unicus</strong></span> <span class='ocrx_word' id='word_1_626' title='bbox 2917 2284 2985 2338; x_wconf 90' lang='lat' dir='ltr'><strong>sit</strong></span> <span class='ocrx_word' id='word_1_627' title='bbox 3011 2283 3181 2340; x_wconf 89' lang='lat' dir='ltr'><strong>Filius</strong></span> <span class='ocrx_word' id='word_1_628' title='bbox 3207 2285 3336 2341; x_wconf 88' lang='lat' dir='ltr'><strong>Dei?</strong></span> <span class='ocrx_word' id='word_1_629' title='bbox 3363 2287 3514 2343; x_wconf 90' lang='lat' dir='ltr'><strong>Sicut</strong></span> <span class='ocrx_word' id='word_1_630' title='bbox 3553 2293 3698 2346; x_wconf 91' lang='lat' dir='ltr'><strong>enim</strong></span> <span class='ocrx_word' id='word_1_631' title='bbox 3731 2293 3808 2362; x_wconf 84' lang='lat' dir='ltr'><strong>di-</strong></span> 
     </span>
    </p>
   </div>
   <div class='ocr_carea' id='block_1_83' title="bbox 2215 2371 3805 2447">
    <p class='ocr_par' dir='ltr' id='par_1_83' title="bbox 2215 2371 3805 2447">
     <span class='ocr_line' id='line_1_83' title="bbox 2215 2371 3805 2447; baseline 0.011 -22"><span class='ocrx_word' id='word_1_632' title='bbox 2215 2371 2354 2426; x_wconf 69' lang='lat' dir='ltr'><strong>vina:</strong></span> <span class='ocrx_word' id='word_1_633' title='bbox 2375 2381 2584 2429; x_wconf 73' lang='lat' dir='ltr'><strong>natura:</strong></span> <span class='ocrx_word' id='word_1_634' title='bbox 2610 2375 2711 2430; x_wconf 87' lang='lat' dir='ltr'><strong>iste</strong></span> <span class='ocrx_word' id='word_1_635' title='bbox 2735 2377 3037 2447; x_wconf 76' lang='lat' dir='ltr'><strong>praecipuus</strong></span> <span class='ocrx_word' id='word_1_636' title='bbox 3059 2375 3247 2434; x_wconf 91' lang='lat' dir='ltr'><strong>doctor</strong></span> <span class='ocrx_word' id='word_1_637' title='bbox 3276 2382 3420 2436; x_wconf 89' lang='lat' dir='ltr'><strong>unici</strong></span> <span class='ocrx_word' id='word_1_638' title='bbox 3450 2382 3570 2438; x_wconf 88' lang='lat' dir='ltr'><strong>Filii</strong></span> <span class='ocrx_word' id='word_1_639' title='bbox 3606 2400 3805 2442; x_wconf 86' lang='lat' dir='ltr'><strong>nomen</strong></span> 
     </span>
    </p>
   </div>
   <div class='ocr_carea' id='block_1_84' title="bbox 2216 2465 3802 2549">
    <p class='ocr_par' dir='ltr' id='par_1_84' title="bbox 2216 2465 3802 2549">
     <span class='ocr_line' id='line_1_84' title="bbox 2216 2465 3802 2549; baseline 0.011 -32"><span class='ocrx_word' id='word_1_640' title='bbox 2216 2465 2482 2534; x_wconf 87' lang='lat' dir='ltr'><strong>apposuit,</strong></span> <span class='ocrx_word' id='word_1_641' title='bbox 2505 2465 2578 2520; x_wconf 84' lang='lat' dir='ltr'><strong>ita</strong></span> <span class='ocrx_word' id='word_1_642' title='bbox 2601 2466 2762 2521; x_wconf 88' lang='lat' dir='ltr'><strong>etiam</strong></span> <span class='ocrx_word' id='word_1_643' title='bbox 2791 2467 3057 2534; x_wconf 61' lang='lat' dir='ltr'><strong>humanae,</strong></span> <span class='ocrx_word' id='word_1_644' title='bbox 3084 2468 3211 2525; x_wconf 92' lang='lat' dir='ltr'><strong>dum</strong></span> <span class='ocrx_word' id='word_1_645' title='bbox 3233 2471 3345 2526; x_wconf 89' lang='lat' dir='ltr'><strong>ait:</strong></span> <span class='ocrx_word' id='word_1_646' title='bbox 3373 2471 3576 2546; x_wconf 85' lang='lat' dir='ltr'><strong>Nempe</strong></span> <span class='ocrx_word' id='word_1_647' title='bbox 3599 2493 3667 2531; x_wconf 79' lang='lat' dir='ltr'><strong>ex</strong></span> <span class='ocrx_word' id='word_1_648' title='bbox 3693 2494 3802 2549; x_wconf 91' lang='lat' dir='ltr'><strong>quo</strong></span> 
     </span>
    </p>
   </div>
   <div class='ocr_carea' id='block_1_85' title="bbox 2213 2557 3806 2638">
    <p class='ocr_par' dir='ltr' id='par_1_85' title="bbox 2213 2557 3806 2638">
     <span class='ocr_line' id='line_1_85' title="bbox 2213 2557 3806 2638; baseline 0.008 -26"><span class='ocrx_word' id='word_1_649' title='bbox 2213 2557 2376 2612; x_wconf 92' lang='lat' dir='ltr'><strong>homo</strong></span> <span class='ocrx_word' id='word_1_650' title='bbox 2405 2558 2568 2626; x_wconf 62' lang='lat' dir='ltr'><strong>carpit</strong></span> <span class='ocrx_word' id='word_1_651' title='bbox 2599 2573 2736 2620; x_wconf 85' lang='lat' dir='ltr'><strong>esse,</strong></span> <span class='ocrx_word' id='word_1_652' title='bbox 2779 2574 2886 2614; x_wconf 87' lang='lat' dir='ltr'><strong>non</strong></span> <span class='ocrx_word' id='word_1_653' title='bbox 2937 2559 3078 2616; x_wconf 87' lang='lat' dir='ltr'><strong>aliud</strong></span> <span class='ocrx_word' id='word_1_654' title='bbox 3117 2578 3237 2618; x_wconf 86' lang='lat' dir='ltr'><strong>esse</strong></span> <span class='ocrx_word' id='word_1_655' title='bbox 3283 2567 3446 2635; x_wconf 86' lang='lat' dir='ltr'><strong>coepit</strong></span> <span class='ocrx_word' id='word_1_656' title='bbox 3494 2583 3656 2638; x_wconf 88' lang='lat' dir='ltr'><strong>quam</strong></span> <span class='ocrx_word' id='word_1_657' title='bbox 3709 2569 3806 2627; x_wconf 91' lang='lat' dir='ltr'><strong>Dei</strong></span> 
     </span>
    </p>
   </div>
   <div class='ocr_carea' id='block_1_86' title="bbox 2214 2645 3808 2726">
    <p class='ocr_par' dir='ltr' id='par_1_86' title="bbox 2214 2645 3808 2726">
     <span class='ocr_line' id='line_1_86' title="bbox 2214 2645 3808 2726; baseline 0.009 -24"><span class='ocrx_word' id='word_1_658' title='bbox 2214 2645 2402 2714; x_wconf 89' lang='lat' dir='ltr'><strong>Filius,</strong></span> <span class='ocrx_word' id='word_1_659' title='bbox 2435 2658 2490 2702; x_wconf 90' lang='lat' dir='ltr'><strong>et</strong></span> <span class='ocrx_word' id='word_1_660' title='bbox 2533 2649 2640 2705; x_wconf 92' lang='lat' dir='ltr'><strong>hoc</strong></span> <span class='ocrx_word' id='word_1_661' title='bbox 2683 2651 2894 2706; x_wconf 89' lang='lat' dir='ltr'><strong>unicus.</strong></span> <span class='ocrx_word' id='word_1_662' title='bbox 2947 2652 3011 2707; x_wconf 86' lang='lat' dir='ltr'><strong>Et</strong></span> <span class='ocrx_word' id='word_1_663' title='bbox 3055 2662 3176 2723; x_wconf 91' lang='lat' dir='ltr'><strong>post</strong></span> <span class='ocrx_word' id='word_1_664' title='bbox 3209 2671 3380 2726; x_wconf 89' lang='lat' dir='ltr'><strong>pauca</strong></span> <span class='ocrx_word' id='word_1_665' title='bbox 3425 2659 3695 2715; x_wconf 82' lang='lat' dir='ltr'><strong>subinfert</strong></span> <span class='ocrx_word' id='word_1_666' title='bbox 3743 2663 3808 2718; x_wconf 83' lang='lat' dir='ltr'><strong>de</strong></span> 
     </span>
    </p>
   </div>
   <div class='ocr_carea' id='block_1_87' title="bbox 2215 2729 3811 2817">
    <p class='ocr_par' dir='ltr' id='par_1_87' title="bbox 2215 2729 3811 2817">
     <span class='ocr_line' id='line_1_87' title="bbox 2215 2729 3811 2817; baseline 0.01 -24"><span class='ocrx_word' id='word_1_667' title='bbox 2215 2729 2431 2793; x_wconf 84' lang='lat' dir='ltr'><strong>Christo</strong></span> <span class='ocrx_word' id='word_1_668' title='bbox 2462 2755 2476 2793; x_wconf 92' lang='lat'>:</span> <span class='ocrx_word' id='word_1_669' title='bbox 2515 2759 2533 2790; x_wconf 74' lang='grc' dir='ltr'><strong>ι</strong></span> <span class='ocrx_word' id='word_1_670' title='bbox 2565 2735 2756 2806; x_wconf 81' lang='lat' dir='ltr'><strong>Homo,</strong></span> <span class='ocrx_word' id='word_1_671' title='bbox 2789 2743 2992 2812; x_wconf 89' lang='lat' dir='ltr'><strong>inquit,</strong></span> <span class='ocrx_word' id='word_1_672' title='bbox 3030 2745 3190 2801; x_wconf 88' lang='lat' dir='ltr'><strong>nullis</strong></span> <span class='ocrx_word' id='word_1_673' title='bbox 3222 2751 3652 2817; x_wconf 68' lang='lat' dir='ltr'><strong>praecedentibus</strong></span> <span class='ocrx_word' id='word_1_674' title='bbox 3694 2769 3811 2810; x_wconf 86' lang='lat' dir='ltr'><strong>me-</strong></span> 
     </span>
    </p>
   </div>
   <div class='ocr_carea' id='block_1_88' title="bbox 2217 2830 3806 2920">
    <p class='ocr_par' dir='ltr' id='par_1_88' title="bbox 2217 2830 3806 2920">
     <span class='ocr_line' id='line_1_88' title="bbox 2217 2830 3806 2920; baseline 0.013 -36"><span class='ocrx_word' id='word_1_675' title='bbox 2217 2830 2335 2886; x_wconf 70' lang='lat' dir='ltr'><strong>ritis</strong></span> <span class='ocrx_word' id='word_1_676' title='bbox 2377 2831 2428 2885; x_wconf 88' lang='lat' dir='ltr'><strong>in</strong></span> <span class='ocrx_word' id='word_1_677' title='bbox 2460 2833 2574 2902; x_wconf 89' lang='lat' dir='ltr'><strong>ipso</strong></span> <span class='ocrx_word' id='word_1_678' title='bbox 2613 2833 2836 2889; x_wconf 81' lang='lat' dir='ltr'><strong>exordio</strong></span> <span class='ocrx_word' id='word_1_679' title='bbox 2874 2844 3080 2892; x_wconf 73' lang='lat' dir='ltr'><strong>naturae</strong></span> <span class='ocrx_word' id='word_1_680' title='bbox 3124 2853 3252 2906; x_wconf 70' lang='lat' dir='ltr'><strong>sum,</strong></span> <span class='ocrx_word' id='word_1_681' title='bbox 3304 2858 3412 2911; x_wconf 90' lang='lat' dir='ltr'><strong>quo</strong></span> <span class='ocrx_word' id='word_1_682' title='bbox 3457 2859 3577 2899; x_wconf 79' lang='lat' dir='ltr'><strong>esse</strong></span> <span class='ocrx_word' id='word_1_683' title='bbox 3617 2849 3806 2920; x_wconf 71' lang='lat' dir='ltr'><strong>CCI-pit,</strong></span> 
     </span>
    </p>
   </div>
   <div class='ocr_carea' id='block_1_89' title="bbox 2215 2921 3808 3006">
    <p class='ocr_par' dir='ltr' id='par_1_89' title="bbox 2215 2921 3808 3006">
     <span class='ocr_line' id='line_1_89' title="bbox 2215 2921 3808 3006; baseline 0.012 -31"><span class='ocrx_word' id='word_1_684' title='bbox 2215 2921 2392 2976; x_wconf 74' lang='lat' dir='ltr'><strong>Verbo</strong></span> <span class='ocrx_word' id='word_1_685' title='bbox 2425 2921 2518 2976; x_wconf 87' lang='lat' dir='ltr'><strong>Dei</strong></span> <span class='ocrx_word' id='word_1_686' title='bbox 2552 2925 2896 2994; x_wconf 76' lang='lat' dir='ltr'><strong>capularetur</strong></span> <span class='ocrx_word' id='word_1_687' title='bbox 2923 2925 2974 2982; x_wconf 91' lang='lat' dir='ltr'><strong>in</strong></span> <span class='ocrx_word' id='word_1_688' title='bbox 3004 2936 3207 2985; x_wconf 88' lang='lat' dir='ltr'><strong>tantam</strong></span> <span class='ocrx_word' id='word_1_689' title='bbox 3239 2949 3484 3002; x_wconf 67' lang='lat' dir='ltr'><strong>persona:</strong></span> <span class='ocrx_word' id='word_1_690' title='bbox 3517 2938 3808 3006; x_wconf 86' lang='lat' dir='ltr'><strong>unitatem,</strong></span> 
     </span>
    </p>
   </div>
   <div class='ocr_carea' id='block_1_90' title="bbox 2213 3012 3811 3095">
    <p class='ocr_par' dir='ltr' id='par_1_90' title="bbox 2213 3012 3811 3095">
     <span class='ocr_line' id='line_1_90' title="bbox 2213 3012 3811 3095; baseline 0.014 -31"><span class='ocrx_word' id='word_1_691' title='bbox 2213 3018 2273 3065; x_wconf 88' lang='lat' dir='ltr'><strong>ut</strong></span> <span class='ocrx_word' id='word_1_692' title='bbox 2303 3012 2443 3066; x_wconf 84' lang='lat' dir='ltr'><strong>idem</strong></span> <span class='ocrx_word' id='word_1_693' title='bbox 2476 3014 2588 3082; x_wconf 89' lang='lat' dir='ltr'><strong>ipse</strong></span> <span class='ocrx_word' id='word_1_694' title='bbox 2633 3024 2778 3070; x_wconf 86' lang='lat' dir='ltr'><strong>esset</strong></span> <span class='ocrx_word' id='word_1_695' title='bbox 2823 3016 2916 3070; x_wconf 88' lang='lat' dir='ltr'><strong>Dei</strong></span> <span class='ocrx_word' id='word_1_696' title='bbox 2961 3016 3152 3085; x_wconf 87' lang='lat' dir='ltr'><strong>Filius,</strong></span> <span class='ocrx_word' id='word_1_697' title='bbox 3182 3023 3272 3091; x_wconf 89' lang='lat' dir='ltr'><strong>qui</strong></span> <span class='ocrx_word' id='word_1_698' title='bbox 3301 3023 3441 3080; x_wconf 87' lang='lat' dir='ltr'><strong>ﬁlius</strong></span> <span class='ocrx_word' id='word_1_699' title='bbox 3475 3027 3734 3095; x_wconf 84' lang='lat' dir='ltr'><strong>hominis,</strong></span> <span class='ocrx_word' id='word_1_700' title='bbox 3759 3041 3811 3088; x_wconf 88' lang='lat' dir='ltr'><strong>et</strong></span> 
     </span>
    </p>
   </div>
   <div class='ocr_carea' id='block_1_91' title="bbox 2214 3101 3810 3188">
    <p class='ocr_par' dir='ltr' id='par_1_91' title="bbox 2214 3101 3810 3188">
     <span class='ocr_line' id='line_1_91' title="bbox 2214 3101 3810 3188; baseline 0.014 -33"><span class='ocrx_word' id='word_1_701' title='bbox 2214 3101 2355 3157; x_wconf 88' lang='lat' dir='ltr'><strong>ﬁlius</strong></span> <span class='ocrx_word' id='word_1_702' title='bbox 2399 3104 2654 3170; x_wconf 87' lang='lat' dir='ltr'><strong>hominis,</strong></span> <span class='ocrx_word' id='word_1_703' title='bbox 2702 3107 2792 3176; x_wconf 78' lang='lat' dir='ltr'><strong>qui</strong></span> <span class='ocrx_word' id='word_1_704' title='bbox 2821 3107 2992 3165; x_wconf 84' lang='lat' dir='ltr'><strong>Filius</strong></span> <span class='ocrx_word' id='word_1_705' title='bbox 3027 3110 3141 3166; x_wconf 90' lang='lat' dir='ltr'><strong>Dei.</strong></span> <span class='ocrx_word' id='word_1_706' title='bbox 3183 3134 3199 3164; x_wconf 85' lang='grc'><strong>›</strong></span> <span class='ocrx_word' id='word_1_707' title='bbox 3232 3114 3344 3169; x_wconf 90' lang='lat' dir='ltr'><strong>lloc</strong></span> <span class='ocrx_word' id='word_1_708' title='bbox 3369 3119 3564 3188; x_wconf 72' lang='lat' dir='ltr'><strong>srepius</strong></span> <span class='ocrx_word' id='word_1_709' title='bbox 3593 3131 3698 3176; x_wconf 75' lang='lat' dir='ltr'><strong>tua:</strong></span> <span class='ocrx_word' id='word_1_710' title='bbox 3729 3124 3810 3178; x_wconf 91' lang='lat' dir='ltr'><strong>in-</strong></span> 
     </span>
    </p>
   </div>
   <div class='ocr_carea' id='block_1_92' title="bbox 2216 3193 3808 3274">
    <p class='ocr_par' dir='ltr' id='par_1_92' title="bbox 2216 3193 3808 3274">
     <span class='ocr_line' id='line_1_92' title="bbox 2216 3193 3808 3274; baseline 0.014 -28"><span class='ocrx_word' id='word_1_711' title='bbox 2216 3193 2370 3249; x_wconf 87' lang='lat' dir='ltr'><strong>culco</strong></span> <span class='ocrx_word' id='word_1_712' title='bbox 2398 3196 2672 3262; x_wconf 83' lang='lat' dir='ltr'><strong>charitati,</strong></span> <span class='ocrx_word' id='word_1_713' title='bbox 2704 3207 2764 3252; x_wconf 91' lang='lat' dir='ltr'><strong>ut</strong></span> <span class='ocrx_word' id='word_1_714' title='bbox 2791 3215 2855 3253; x_wconf 80' lang='lat' dir='ltr'><strong>ex</strong></span> <span class='ocrx_word' id='word_1_715' title='bbox 2887 3199 2971 3256; x_wconf 89' lang='lat' dir='ltr'><strong>bis</strong></span> <span class='ocrx_word' id='word_1_716' title='bbox 2995 3203 3172 3258; x_wconf 82' lang='lat' dir='ltr'><strong>verbis</strong></span> <span class='ocrx_word' id='word_1_717' title='bbox 3201 3204 3358 3274; x_wconf 87' lang='lat' dir='ltr'><strong>hujus</strong></span> <span class='ocrx_word' id='word_1_718' title='bbox 3384 3208 3678 3267; x_wconf 84' lang='lat' dir='ltr'><strong>doctissimi</strong></span> <span class='ocrx_word' id='word_1_719' title='bbox 3709 3213 3808 3274; x_wconf 85' lang='lat' dir='ltr'><strong>Pa-</strong></span> 
     </span>
    </p>
   </div>
   <div class='ocr_carea' id='block_1_93' title="bbox 2212 3284 3809 3375">
    <p class='ocr_par' dir='ltr' id='par_1_93' title="bbox 2212 3284 3809 3375">
     <span class='ocr_line' id='line_1_93' title="bbox 2212 3284 3809 3375; baseline 0.016 -38"><span class='ocrx_word' id='word_1_720' title='bbox 2212 3284 2312 3339; x_wconf 87' lang='lat' dir='ltr'><strong>tris</strong></span> <span class='ocrx_word' id='word_1_721' title='bbox 2339 3294 2388 3339; x_wconf 89' lang='lat' dir='ltr'><strong>tc</strong></span> <span class='ocrx_word' id='word_1_722' title='bbox 2415 3285 2753 3354; x_wconf 89' lang='lat' dir='ltr'><strong>admoneam,</strong></span> <span class='ocrx_word' id='word_1_723' title='bbox 2787 3294 2928 3359; x_wconf 90' lang='lat' dir='ltr'><strong>quod</strong></span> <span class='ocrx_word' id='word_1_724' title='bbox 2957 3292 3095 3347; x_wconf 87' lang='lat' dir='ltr'><strong>idem</strong></span> <span class='ocrx_word' id='word_1_725' title='bbox 3120 3291 3251 3364; x_wconf 87' lang='lat' dir='ltr'><strong>ipse,</strong></span> <span class='ocrx_word' id='word_1_726' title='bbox 3277 3298 3366 3367; x_wconf 91' lang='lat' dir='ltr'><strong>qui</strong></span> <span class='ocrx_word' id='word_1_727' title='bbox 3391 3308 3533 3356; x_wconf 89' lang='lat' dir='ltr'><strong>totus</strong></span> <span class='ocrx_word' id='word_1_728' title='bbox 3551 3307 3809 3375; x_wconf 88' lang='lat' dir='ltr'><strong>proprius</strong></span> 
     </span>
    </p>
   </div>
   <div class='ocr_carea' id='block_1_94' title="bbox 2211 3373 3807 3453">
    <p class='ocr_par' dir='ltr' id='par_1_94' title="bbox 2211 3373 3807 3453">
     <span class='ocr_line' id='line_1_94' title="bbox 2211 3373 3807 3453; baseline 0.015 -25"><span class='ocrx_word' id='word_1_729' title='bbox 2211 3383 2296 3429; x_wconf 87' lang='lat' dir='ltr'><strong>est</strong></span> <span class='ocrx_word' id='word_1_730' title='bbox 2317 3373 2490 3431; x_wconf 68' lang='lat' dir='ltr'><strong>beatae</strong></span> <span class='ocrx_word' id='word_1_731' title='bbox 2523 3379 2759 3450; x_wconf 83' lang='lat' dir='ltr'><strong>Virginis</strong></span> <span class='ocrx_word' id='word_1_732' title='bbox 2791 3379 2952 3448; x_wconf 90' lang='lat' dir='ltr'><strong>ﬁlius,</strong></span> <span class='ocrx_word' id='word_1_733' title='bbox 2981 3391 3125 3439; x_wconf 88' lang='lat' dir='ltr'><strong>totus</strong></span> <span class='ocrx_word' id='word_1_734' title='bbox 3170 3387 3334 3442; x_wconf 89' lang='lat' dir='ltr'><strong>etiam</strong></span> <span class='ocrx_word' id='word_1_735' title='bbox 3363 3390 3433 3443; x_wconf 85' lang='lat' dir='ltr'><strong>sit</strong></span> <span class='ocrx_word' id='word_1_736' title='bbox 3478 3391 3574 3447; x_wconf 89' lang='lat' dir='ltr'><strong>Dei</strong></span> <span class='ocrx_word' id='word_1_737' title='bbox 3626 3373 3807 3453; x_wconf 74' lang='lat' dir='ltr'><strong>Patris</strong></span> 
     </span>
    </p>
   </div>
   <div class='ocr_carea' id='block_1_95' title="bbox 2210 3465 3807 3545">
    <p class='ocr_par' dir='ltr' id='par_1_95' title="bbox 2210 3465 3807 3545">
     <span class='ocr_line' id='line_1_95' title="bbox 2210 3465 3807 3545; baseline 0.014 -24"><span class='ocrx_word' id='word_1_738' title='bbox 2210 3465 2398 3522; x_wconf 86' lang='lat' dir='ltr'><strong>Filius.</strong></span> <span class='ocrx_word' id='word_1_739' title='bbox 2433 3467 2545 3527; x_wconf 87' lang='lat' dir='ltr'><strong>Hoc</strong></span> <span class='ocrx_word' id='word_1_740' title='bbox 2573 3472 2734 3526; x_wconf 87' lang='lat' dir='ltr'><strong>etiam</strong></span> <span class='ocrx_word' id='word_1_741' title='bbox 2761 3489 2826 3528; x_wconf 81' lang='lat' dir='ltr'><strong>ex</strong></span> <span class='ocrx_word' id='word_1_742' title='bbox 2853 3475 3275 3545; x_wconf 87' lang='lat' dir='ltr'><strong>reciprocatione</strong></span> <span class='ocrx_word' id='word_1_743' title='bbox 3298 3481 3486 3536; x_wconf 91' lang='lat' dir='ltr'><strong>horum</strong></span> <span class='ocrx_word' id='word_1_744' title='bbox 3513 3485 3807 3544; x_wconf 82' lang='lat' dir='ltr'><strong>verborum</strong></span> 
     </span>
    </p>
   </div>
   <div class='ocr_carea' id='block_1_96' title="bbox 2211 3553 3808 3652">
    <p class='ocr_par' dir='ltr' id='par_1_96' title="bbox 2211 3553 3808 3652">
     <span class='ocr_line' id='line_1_96' title="bbox 2211 3553 3808 3652; baseline 0.017 -40"><span class='ocrx_word' id='word_1_745' title='bbox 2211 3553 2482 3627; x_wconf 82' lang='lat' dir='ltr'><strong>facillime,</strong></span> <span class='ocrx_word' id='word_1_746' title='bbox 2543 3559 2774 3620; x_wconf 83' lang='lat' dir='ltr'><strong>ﬁdeliter</strong></span> <span class='ocrx_word' id='word_1_747' title='bbox 2828 3567 3028 3638; x_wconf 88' lang='lat' dir='ltr'><strong>legenti</strong></span> <span class='ocrx_word' id='word_1_748' title='bbox 3079 3581 3134 3625; x_wconf 90' lang='lat' dir='ltr'><strong>et</strong></span> <span class='ocrx_word' id='word_1_749' title='bbox 3176 3575 3441 3630; x_wconf 72' lang='lat' dir='ltr'><strong>veraciter</strong></span> <span class='ocrx_word' id='word_1_750' title='bbox 3481 3577 3808 3652; x_wconf 82' lang='lat' dir='ltr'><strong>intelligenti</strong></span> 
     </span>
    </p>
   </div>
   <div class='ocr_carea' id='block_1_97' title="bbox 2209 3655 3808 3732">
    <p class='ocr_par' dir='ltr' id='par_1_97' title="bbox 2209 3655 3808 3732">
     <span class='ocr_line' id='line_1_97' title="bbox 2209 3655 3808 3732; baseline 0.016 -28"><span class='ocrx_word' id='word_1_751' title='bbox 2209 3660 2378 3721; x_wconf 85' lang='lat' dir='ltr'><strong>patet,</strong></span> <span class='ocrx_word' id='word_1_752' title='bbox 2409 3655 2532 3709; x_wconf 85' lang='lat' dir='ltr'><strong>dum</strong></span> <span class='ocrx_word' id='word_1_753' title='bbox 2556 3656 2656 3712; x_wconf 88' lang='lat' dir='ltr'><strong>iste</strong></span> <span class='ocrx_word' id='word_1_754' title='bbox 2677 3668 2895 3714; x_wconf 87' lang='lat' dir='ltr'><strong>sanctus</strong></span> <span class='ocrx_word' id='word_1_755' title='bbox 2921 3663 3111 3718; x_wconf 89' lang='lat' dir='ltr'><strong>doctor</strong></span> <span class='ocrx_word' id='word_1_756' title='bbox 3133 3663 3360 3721; x_wconf 80' lang='lat' dir='ltr'><strong>afﬁrmat</strong></span> <span class='ocrx_word' id='word_1_757' title='bbox 3402 3671 3652 3726; x_wconf 73' lang='lat' dir='ltr'><strong>eumdem</strong></span> <span class='ocrx_word' id='word_1_758' title='bbox 3683 3690 3808 3732; x_wconf 80' lang='lat' dir='ltr'><strong>esse</strong></span> 
     </span>
    </p>
   </div>
   <div class='ocr_carea' id='block_1_98' title="bbox 2209 3744 3806 3833">
    <p class='ocr_par' dir='ltr' id='par_1_98' title="bbox 2209 3744 3806 3833">
     <span class='ocr_line' id='line_1_98' title="bbox 2209 3744 3806 3833; baseline 0.015 -34"><span class='ocrx_word' id='word_1_759' title='bbox 2209 3744 2408 3802; x_wconf 72' lang='lat' dir='ltr'><strong>Filium</strong></span> <span class='ocrx_word' id='word_1_760' title='bbox 2435 3749 2550 3816; x_wconf 88' lang='lat' dir='ltr'><strong>Dei,</strong></span> <span class='ocrx_word' id='word_1_761' title='bbox 2581 3753 2673 3822; x_wconf 88' lang='lat' dir='ltr'><strong>qui</strong></span> <span class='ocrx_word' id='word_1_762' title='bbox 2699 3752 2838 3808; x_wconf 90' lang='lat' dir='ltr'><strong>ﬁlius</strong></span> <span class='ocrx_word' id='word_1_763' title='bbox 2862 3763 2944 3810; x_wconf 90' lang='lat' dir='ltr'><strong>est</strong></span> <span class='ocrx_word' id='word_1_764' title='bbox 2974 3756 3228 3824; x_wconf 82' lang='lat' dir='ltr'><strong>hominis,</strong></span> <span class='ocrx_word' id='word_1_765' title='bbox 3255 3768 3312 3814; x_wconf 88' lang='lat' dir='ltr'><strong>et</strong></span> <span class='ocrx_word' id='word_1_766' title='bbox 3340 3760 3510 3818; x_wconf 81' lang='lat' dir='ltr'><strong>ﬁlium</strong></span> <span class='ocrx_word' id='word_1_767' title='bbox 3543 3764 3806 3833; x_wconf 82' lang='lat' dir='ltr'><strong>hominis,</strong></span> 
     </span>
    </p>
   </div>
   <div class='ocr_carea' id='block_1_99' title="bbox 2213 3841 2763 3910">
    <p class='ocr_par' dir='ltr' id='par_1_99' title="bbox 2213 3841 2763 3910">
     <span class='ocr_line' id='line_1_99' title="bbox 2213 3841 2763 3910; baseline 0.007 -15"><span class='ocrx_word' id='word_1_768' title='bbox 2213 3841 2304 3910; x_wconf 83' lang='lat' dir='ltr'><strong>qui</strong></span> <span class='ocrx_word' id='word_1_769' title='bbox 2335 3841 2507 3899; x_wconf 84' lang='lat' dir='ltr'><strong>Filius</strong></span> <span class='ocrx_word' id='word_1_770' title='bbox 2535 3853 2618 3900; x_wconf 88' lang='lat' dir='ltr'><strong>est</strong></span> <span class='ocrx_word' id='word_1_771' title='bbox 2647 3843 2763 3899; x_wconf 89' lang='lat' dir='ltr'><strong>Dei.</strong></span> 
     </span>
    </p>
   </div>
   <div class='ocr_carea' id='block_1_100' title="bbox 2279 3929 3810 4016">
    <p class='ocr_par' dir='ltr' id='par_1_100' title="bbox 2279 3929 3810 4016">
     <span class='ocr_line' id='line_1_100' title="bbox 2279 3929 3810 4016; baseline 0.015 -30"><span class='ocrx_word' id='word_1_772' title='bbox 2279 3929 2395 3987; x_wconf 71' lang='lat' dir='ltr'><strong>XII.</strong></span> <span class='ocrx_word' id='word_1_773' title='bbox 2417 3929 2820 4006; x_wconf 83' lang='lat' dir='ltr'><strong>Perspiciamus</strong></span> <span class='ocrx_word' id='word_1_774' title='bbox 2841 3938 3007 3994; x_wconf 89' lang='lat' dir='ltr'><strong>etiam</strong></span> <span class='ocrx_word' id='word_1_775' title='bbox 3031 3949 3086 3994; x_wconf 89' lang='lat' dir='ltr'><strong>et</strong></span> <span class='ocrx_word' id='word_1_776' title='bbox 3110 3957 3174 3996; x_wconf 86' lang='lat' dir='ltr'><strong>ea</strong></span> <span class='ocrx_word' id='word_1_777' title='bbox 3200 3943 3383 4011; x_wconf 85' lang='lat' dir='ltr'><strong>verba,</strong></span> <span class='ocrx_word' id='word_1_778' title='bbox 3408 3962 3530 4016; x_wconf 70' lang='lat' dir='ltr'><strong>quze</strong></span> <span class='ocrx_word' id='word_1_779' title='bbox 3557 3957 3615 4003; x_wconf 90' lang='lat' dir='ltr'><strong>tu</strong></span> <span class='ocrx_word' id='word_1_780' title='bbox 3641 3954 3810 4008; x_wconf 86' lang='lat' dir='ltr'><strong>solita</strong></span> 
     </span>
    </p>
   </div>
   <div class='ocr_carea' id='block_1_101' title="bbox 2211 4021 3808 4113">
    <p class='ocr_par' dir='ltr' id='par_1_101' title="bbox 2211 4021 3808 4113">
     <span class='ocr_line' id='line_1_101' title="bbox 2211 4021 3808 4113; baseline 0.015 -34"><span class='ocrx_word' id='word_1_781' title='bbox 2211 4023 2503 4080; x_wconf 87' lang='lat' dir='ltr'><strong>calliditate</strong></span> <span class='ocrx_word' id='word_1_782' title='bbox 2531 4021 2816 4097; x_wconf 76' lang='lat' dir='ltr'><strong>Augustini</strong></span> <span class='ocrx_word' id='word_1_783' title='bbox 2853 4031 3046 4087; x_wconf 85' lang='lat' dir='ltr'><strong>scribis</strong></span> <span class='ocrx_word' id='word_1_784' title='bbox 3073 4049 3190 4088; x_wconf 87' lang='lat' dir='ltr'><strong>esse</strong></span> <span class='ocrx_word' id='word_1_785' title='bbox 3219 4035 3272 4090; x_wconf 90' lang='lat' dir='ltr'><strong>in</strong></span> <span class='ocrx_word' id='word_1_786' title='bbox 3303 4043 3534 4106; x_wconf 85' lang='lat' dir='ltr'><strong>quadam</strong></span> <span class='ocrx_word' id='word_1_787' title='bbox 3559 4041 3808 4113; x_wconf 76' lang='lat' dir='ltr'><strong>Epistula</strong></span> 
     </span>
    </p>
   </div>
   <div class='ocr_carea' id='block_1_102' title="bbox 2211 4115 3803 4208">
    <p class='ocr_par' dir='ltr' id='par_1_102' title="bbox 2211 4115 3803 4208">
     <span class='ocr_line' id='line_1_102' title="bbox 2211 4115 3803 4208; baseline 0.014 -37"><span class='ocrx_word' id='word_1_788' title='bbox 2211 4117 2276 4171; x_wconf 88' lang='lat' dir='ltr'><strong>ad</strong></span> <span class='ocrx_word' id='word_1_789' title='bbox 2305 4115 2586 4183; x_wconf 79' lang='lat' dir='ltr'><strong>Evodium,</strong></span> <span class='ocrx_word' id='word_1_790' title='bbox 2633 4119 2878 4176; x_wconf 84' lang='lat' dir='ltr'><strong>referens</strong></span> <span class='ocrx_word' id='word_1_791' title='bbox 2907 4141 3027 4178; x_wconf 89' lang='lat' dir='ltr'><strong>eum</strong></span> <span class='ocrx_word' id='word_1_792' title='bbox 3059 4125 3259 4182; x_wconf 76' lang='lat' dir='ltr'><strong>dixisse</strong></span> <span class='ocrx_word' id='word_1_793' title='bbox 3291 4128 3481 4201; x_wconf 83' lang='lat' dir='ltr'><strong>(Epist.</strong></span> <span class='ocrx_word' id='word_1_794' title='bbox 3521 4134 3646 4200; x_wconf 83' lang='lat' dir='ltr'><strong>i69,</strong></span> <span class='ocrx_word' id='word_1_795' title='bbox 3675 4154 3803 4208; x_wconf 83' lang='lat' dir='ltr'><strong>cap.</strong></span> 
     </span>
    </p>
   </div>
   <div class='ocr_carea' id='block_1_103' title="bbox 2209 4205 3807 4289">
    <p class='ocr_par' dir='ltr' id='par_1_103' title="bbox 2209 4205 3807 4289">
     <span class='ocr_line' id='line_1_103' title="bbox 2209 4205 3807 4289; baseline 0.013 -24"><span class='ocrx_word' id='word_1_796' title='bbox 2209 4205 2264 4283; x_wconf 74' lang='lat'><strong>‘2)</strong></span> <span class='ocrx_word' id='word_1_797' title='bbox 2292 4229 2303 4264; x_wconf 96' lang='lat'>:</span> <span class='ocrx_word' id='word_1_798' title='bbox 2343 4231 2361 4262; x_wconf 77' lang='grc' dir='ltr'>σ</span> <span class='ocrx_word' id='word_1_799' title='bbox 2393 4212 2543 4267; x_wconf 91' lang='lat' dir='ltr'><strong>Sicut</strong></span> <span class='ocrx_word' id='word_1_800' title='bbox 2569 4213 2730 4269; x_wconf 89' lang='lat' dir='ltr'><strong>Pater</strong></span> <span class='ocrx_word' id='word_1_801' title='bbox 2755 4217 2808 4270; x_wconf 88' lang='lat' dir='ltr'><strong>in</strong></span> <span class='ocrx_word' id='word_1_802' title='bbox 2837 4233 2968 4272; x_wconf 85' lang='lat' dir='ltr'><strong>voce</strong></span> <span class='ocrx_word' id='word_1_803' title='bbox 2987 4260 3000 4283; x_wconf 96' lang='lat'><strong>,</strong></span> <span class='ocrx_word' id='word_1_804' title='bbox 3030 4234 3134 4289; x_wconf 86' lang='lat' dir='ltr'><strong>qua</strong></span> <span class='ocrx_word' id='word_1_805' title='bbox 3178 4223 3356 4276; x_wconf 88' lang='lat' dir='ltr'><strong>sonuit</strong></span> <span class='ocrx_word' id='word_1_806' title='bbox 3387 4243 3402 4277; x_wconf 85' lang='lat'><strong>:</strong></span> <span class='ocrx_word' id='word_1_807' title='bbox 3435 4223 3512 4280; x_wconf 74' lang='lat' dir='ltr'><strong>Tu</strong></span> <span class='ocrx_word' id='word_1_808' title='bbox 3535 4245 3593 4282; x_wconf 77' lang='lat' dir='ltr'><strong>es</strong></span> <span class='ocrx_word' id='word_1_809' title='bbox 3625 4205 3807 4287; x_wconf 65' lang='lat' dir='ltr'><strong>Filius</strong></span> 
     </span>
    </p>
   </div>
   <div class='ocr_carea' id='block_1_104' title="bbox 2210 4303 3809 4394">
    <p class='ocr_par' dir='ltr' id='par_1_104' title="bbox 2210 4303 3809 4394">
     <span class='ocr_line' id='line_1_104' title="bbox 2210 4303 3809 4394; baseline 0.015 -38"><span class='ocrx_word' id='word_1_810' title='bbox 2210 4321 2374 4370; x_wconf 70' lang='lat' dir='ltr'><strong>naeus,</strong></span> <span class='ocrx_word' id='word_1_811' title='bbox 2401 4313 2456 4358; x_wconf 89' lang='lat' dir='ltr'><strong>et</strong></span> <span class='ocrx_word' id='word_1_812' title='bbox 2482 4303 2650 4360; x_wconf 84' lang='lat' dir='ltr'><strong>Filius</strong></span> <span class='ocrx_word' id='word_1_813' title='bbox 2681 4307 2732 4360; x_wconf 91' lang='lat' dir='ltr'><strong>in</strong></span> <span class='ocrx_word' id='word_1_814' title='bbox 2765 4309 2982 4364; x_wconf 90' lang='lat' dir='ltr'><strong>homine</strong></span> <span class='ocrx_word' id='word_1_815' title='bbox 3023 4312 3296 4382; x_wconf 85' lang='lat' dir='ltr'><strong>adoptivo,</strong></span> <span class='ocrx_word' id='word_1_816' title='bbox 3344 4332 3505 4386; x_wconf 84' lang='lat' dir='ltr'><strong>quem</strong></span> <span class='ocrx_word' id='word_1_817' title='bbox 3559 4326 3809 4394; x_wconf 76' lang='lat' dir='ltr'><strong>suscepit</strong></span> 
     </span>
    </p>
   </div>
   <div class='ocr_carea' id='block_1_105' title="bbox 2209 4397 3806 4485">
    <p class='ocr_par' dir='ltr' id='par_1_105' title="bbox 2209 4397 3806 4485">
     <span class='ocr_line' id='line_1_105' title="bbox 2209 4397 3806 4485; baseline 0.015 -36"><span class='ocrx_word' id='word_1_818' title='bbox 2209 4411 2276 4450; x_wconf 83' lang='lat' dir='ltr'><strong>ex</strong></span> <span class='ocrx_word' id='word_1_819' title='bbox 2311 4397 2538 4467; x_wconf 78' lang='lat' dir='ltr'><strong>Virgine,</strong></span> <span class='ocrx_word' id='word_1_820' title='bbox 2567 4407 2618 4453; x_wconf 91' lang='lat' dir='ltr'><strong>et</strong></span> <span class='ocrx_word' id='word_1_821' title='bbox 2662 4398 2896 4470; x_wconf 84' lang='lat' dir='ltr'><strong>Spiritus</strong></span> <span class='ocrx_word' id='word_1_822' title='bbox 2941 4412 3162 4460; x_wconf 85' lang='lat' dir='ltr'><strong>sanctus</strong></span> <span class='ocrx_word' id='word_1_823' title='bbox 3203 4408 3260 4462; x_wconf 89' lang='lat' dir='ltr'><strong>in</strong></span> <span class='ocrx_word' id='word_1_824' title='bbox 3311 4409 3569 4468; x_wconf 70' lang='lat' dir='ltr'><strong>columbae</strong></span> <span class='ocrx_word' id='word_1_825' title='bbox 3616 4419 3806 4485; x_wconf 81' lang='lat' dir='ltr'><strong>specie</strong></span> 
     </span>
    </p>
   </div>
   <div class='ocr_carea' id='block_1_106' title="bbox 2209 4485 3806 4573">
    <p class='ocr_par' dir='ltr' id='par_1_106' title="bbox 2209 4485 3806 4573">
     <span class='ocr_line' id='line_1_106' title="bbox 2209 4485 3806 4573; baseline 0.014 -30"><span class='ocrx_word' id='word_1_826' title='bbox 2209 4489 2498 4559; x_wconf 88' lang='lat' dir='ltr'><strong>corporali.</strong></span> <span class='ocrx_word' id='word_1_827' title='bbox 2530 4511 2547 4542; x_wconf 76' lang='grc' dir='ltr'><strong>ι</strong></span> <span class='ocrx_word' id='word_1_828' title='bbox 2582 4485 2708 4546; x_wconf 75' lang='lat' dir='ltr'><strong>Haec</strong></span> <span class='ocrx_word' id='word_1_829' title='bbox 2733 4493 2949 4562; x_wconf 88' lang='lat' dir='ltr'><strong>quidem</strong></span> <span class='ocrx_word' id='word_1_830' title='bbox 2979 4499 3162 4562; x_wconf 78' lang='lat' dir='ltr'><strong>verba,</strong></span> <span class='ocrx_word' id='word_1_831' title='bbox 3199 4505 3385 4557; x_wconf 87' lang='lat' dir='ltr'><strong>nescio</strong></span> <span class='ocrx_word' id='word_1_832' title='bbox 3413 4505 3536 4573; x_wconf 87' lang='lat' dir='ltr'><strong>quis</strong></span> <span class='ocrx_word' id='word_1_833' title='bbox 3572 4505 3806 4565; x_wconf 83' lang='lat' dir='ltr'><strong>falsator</strong></span> 
     </span>
    </p>
   </div>
   <div class='ocr_carea' id='block_1_107' title="bbox 2211 4575 3806 4670">
    <p class='ocr_par' dir='ltr' id='par_1_107' title="bbox 2211 4575 3806 4670">
     <span class='ocr_line' id='line_1_107' title="bbox 2211 4575 3806 4670; baseline 0.014 -38"><span class='ocrx_word' id='word_1_834' title='bbox 2211 4575 2395 4632; x_wconf 78' lang='lat' dir='ltr'><strong>furtim</strong></span> <span class='ocrx_word' id='word_1_835' title='bbox 2442 4579 2597 4634; x_wconf 87' lang='lat' dir='ltr'><strong>unica</strong></span> <span class='ocrx_word' id='word_1_836' title='bbox 2629 4598 2789 4636; x_wconf 86' lang='lat' dir='ltr'><strong>manu</strong></span> <span class='ocrx_word' id='word_1_837' title='bbox 2817 4582 2970 4655; x_wconf 67' lang='lat' dir='ltr'><strong>(Cod.</strong></span> <span class='ocrx_word' id='word_1_838' title='bbox 3004 4587 3208 4652; x_wconf 84' lang='lat' dir='ltr'><strong>Paris.,</strong></span> <span class='ocrx_word' id='word_1_839' title='bbox 3241 4607 3378 4646; x_wconf 83' lang='lat' dir='ltr'><strong>unca</strong></span> <span class='ocrx_word' id='word_1_840' title='bbox 3407 4596 3588 4669; x_wconf 83' lang='lat' dir='ltr'><strong>manu]</strong></span> <span class='ocrx_word' id='word_1_841' title='bbox 3617 4603 3806 4670; x_wconf 79' lang='lat' dir='ltr'><strong>rapuit</strong></span> 
     </span>
    </p>
   </div>
   <div class='ocr_carea' id='block_1_108' title="bbox 2211 4669 3805 4759">
    <p class='ocr_par' dir='ltr' id='par_1_108' title="bbox 2211 4669 3805 4759">
     <span class='ocr_line' id='line_1_108' title="bbox 2211 4669 3805 4759; baseline 0.014 -35"><span class='ocrx_word' id='word_1_842' title='bbox 2211 4669 2276 4725; x_wconf 91' lang='lat' dir='ltr'><strong>de</strong></span> <span class='ocrx_word' id='word_1_843' title='bbox 2325 4673 2662 4728; x_wconf 88' lang='lat' dir='ltr'><strong>sermonibus</strong></span> <span class='ocrx_word' id='word_1_844' title='bbox 2709 4675 2881 4728; x_wconf 87' lang='lat' dir='ltr'><strong>sancti</strong></span> <span class='ocrx_word' id='word_1_845' title='bbox 2925 4676 3242 4748; x_wconf 85' lang='lat' dir='ltr'><strong>Augustini,</strong></span> <span class='ocrx_word' id='word_1_846' title='bbox 3289 4691 3343 4737; x_wconf 89' lang='lat' dir='ltr'><strong>et</strong></span> <span class='ocrx_word' id='word_1_847' title='bbox 3393 4669 3805 4759; x_wconf 79' lang='lat' dir='ltr'><strong>superaddidit,</strong></span> 
     </span>
    </p>
   </div>
   <div class='ocr_carea' id='block_1_109' title="bbox 2210 4765 3805 4849">
    <p class='ocr_par' dir='ltr' id='par_1_109' title="bbox 2210 4765 3805 4849">
     <span class='ocr_line' id='line_1_109' title="bbox 2210 4765 3805 4849; baseline 0.013 -31"><span class='ocrx_word' id='word_1_848' title='bbox 2210 4765 2352 4836; x_wconf 89' lang='lat' dir='ltr'><strong>quod</strong></span> <span class='ocrx_word' id='word_1_849' title='bbox 2384 4765 2472 4820; x_wconf 91' lang='lat' dir='ltr'><strong>ille</strong></span> <span class='ocrx_word' id='word_1_850' title='bbox 2507 4781 2780 4836; x_wconf 84' lang='lat' dir='ltr'><strong>nunquam</strong></span> <span class='ocrx_word' id='word_1_851' title='bbox 2811 4766 2947 4822; x_wconf 71' lang='lat' dir='ltr'><strong>dixit</strong></span> <span class='ocrx_word' id='word_1_852' title='bbox 2976 4783 2990 4823; x_wconf 85' lang='lat'><strong>:</strong></span> <span class='ocrx_word' id='word_1_853' title='bbox 3022 4770 3076 4824; x_wconf 84' lang='lat' dir='ltr'><strong>in</strong></span> <span class='ocrx_word' id='word_1_854' title='bbox 3103 4771 3310 4828; x_wconf 85' lang='lat' dir='ltr'><strong>homine</strong></span> <span class='ocrx_word' id='word_1_855' title='bbox 3343 4776 3610 4849; x_wconf 73' lang='lat' dir='ltr'><strong>adoptivo.</strong></span> <span class='ocrx_word' id='word_1_856' title='bbox 3641 4781 3805 4839; x_wconf 84' lang='lat' dir='ltr'><strong>Inve-</strong></span> 
     </span>
    </p>
   </div>
   <div class='ocr_carea' id='block_1_110' title="bbox 2209 4853 3802 4940">
    <p class='ocr_par' dir='ltr' id='par_1_110' title="bbox 2209 4853 3802 4940">
     <span class='ocr_line' id='line_1_110' title="bbox 2209 4853 3802 4940; baseline 0.013 -32"><span class='ocrx_word' id='word_1_857' title='bbox 2209 4855 2388 4909; x_wconf 91' lang='lat' dir='ltr'><strong>nimus</strong></span> <span class='ocrx_word' id='word_1_858' title='bbox 2413 4871 2536 4910; x_wconf 92' lang='lat' dir='ltr'><strong>eum</strong></span> <span class='ocrx_word' id='word_1_859' title='bbox 2574 4856 2732 4911; x_wconf 87' lang='lat' dir='ltr'><strong>aliter</strong></span> <span class='ocrx_word' id='word_1_860' title='bbox 2769 4853 2918 4912; x_wconf 89' lang='lat' dir='ltr'><strong>hunc</strong></span> <span class='ocrx_word' id='word_1_861' title='bbox 2949 4861 3198 4917; x_wconf 89' lang='lat' dir='ltr'><strong>eumdem</strong></span> <span class='ocrx_word' id='word_1_862' title='bbox 3221 4866 3512 4935; x_wconf 85' lang='lat' dir='ltr'><strong>protulisse</strong></span> <span class='ocrx_word' id='word_1_863' title='bbox 3547 4884 3802 4940; x_wconf 80' lang='lat' dir='ltr'><strong>sensum,</strong></span> 
     </span>
    </p>
   </div>
   <div class='ocr_carea' id='block_1_111' title="bbox 2207 4949 3800 5031">
    <p class='ocr_par' dir='ltr' id='par_1_111' title="bbox 2207 4949 3800 5031">
     <span class='ocr_line' id='line_1_111' title="bbox 2207 4949 3800 5031; baseline 0.01 -27"><span class='ocrx_word' id='word_1_864' title='bbox 2207 4949 2300 5006; x_wconf 90' lang='lat' dir='ltr'><strong>ubi</strong></span> <span class='ocrx_word' id='word_1_865' title='bbox 2313 4951 2377 5005; x_wconf 92' lang='lat' dir='ltr'><strong>de</strong></span> <span class='ocrx_word' id='word_1_866' title='bbox 2390 4951 2716 5021; x_wconf 82' lang='lat' dir='ltr'><strong>singularum</strong></span> <span class='ocrx_word' id='word_1_867' title='bbox 2729 4954 3040 5022; x_wconf 88' lang='lat' dir='ltr'><strong>operatione</strong></span> <span class='ocrx_word' id='word_1_868' title='bbox 3059 4969 3408 5026; x_wconf 85' lang='lat' dir='ltr'><strong>personarum</strong></span> <span class='ocrx_word' id='word_1_869' title='bbox 3423 4962 3722 5031; x_wconf 83' lang='lat' dir='ltr'><strong>disputavit</strong></span> <span class='ocrx_word' id='word_1_870' title='bbox 3738 4967 3800 5022; x_wconf 71' lang='grc' dir='ltr'><strong>δε</strong></span> 
     </span>
    </p>
   </div>
   <div class='ocr_carea' id='block_1_112' title="bbox 2217 5037 3806 5128">
    <p class='ocr_par' dir='ltr' id='par_1_112' title="bbox 2217 5037 3806 5128">
     <span class='ocr_line' id='line_1_112' title="bbox 2217 5037 3806 5128; baseline 0.012 -38"><span class='ocrx_word' id='word_1_871' title='bbox 2217 5037 2601 5112; x_wconf 69' lang='lat' dir='ltr'><strong>«Singulorum</strong></span> <span class='ocrx_word' id='word_1_872' title='bbox 2643 5051 2844 5108; x_wconf 87' lang='lat' dir='ltr'><strong>autem,</strong></span> <span class='ocrx_word' id='word_1_873' title='bbox 2881 5045 3077 5114; x_wconf 86' lang='lat' dir='ltr'><strong>inquit,</strong></span> <span class='ocrx_word' id='word_1_874' title='bbox 3119 5063 3285 5120; x_wconf 90' lang='lat' dir='ltr'><strong>opera</strong></span> <span class='ocrx_word' id='word_1_875' title='bbox 3331 5050 3806 5128; x_wconf 48' lang='lat' dir='ltr'><strong>dicuntur,“</strong></span> 
     </span>
    </p>
   </div>
   <div class='ocr_carea' id='block_1_113' title="bbox 2209 5133 3805 5216">
    <p class='ocr_par' dir='ltr' id='par_1_113' title="bbox 2209 5133 3805 5216">
     <span class='ocr_line' id='line_1_113' title="bbox 2209 5133 3805 5216; baseline 0.011 -32"><span class='ocrx_word' id='word_1_876' title='bbox 2209 5147 2328 5202; x_wconf 65' lang='lat' dir='ltr'><strong>quae</strong></span> <span class='ocrx_word' id='word_1_877' title='bbox 2360 5133 2428 5186; x_wconf 90' lang='lat' dir='ltr'><strong>ad</strong></span> <span class='ocrx_word' id='word_1_878' title='bbox 2475 5148 2908 5204; x_wconf 87' lang='lat' dir='ltr'><strong>unamquamque</strong></span> <span class='ocrx_word' id='word_1_879' title='bbox 2945 5151 3132 5192; x_wconf 90' lang='lat' dir='ltr'><strong>eorum</strong></span> <span class='ocrx_word' id='word_1_880' title='bbox 3175 5140 3592 5199; x_wconf 81' lang='lat' dir='ltr'><strong>manifestantur</strong></span> <span class='ocrx_word' id='word_1_881' title='bbox 3621 5148 3805 5216; x_wconf 73' lang='lat' dir='ltr'><strong>perti-</strong></span> 
     </span>
    </p>
   </div>
   <div class='ocr_carea' id='block_1_114' title="bbox 2209 5223 3791 5303">
    <p class='ocr_par' dir='ltr' id='par_1_114' title="bbox 2209 5223 3791 5303">
     <span class='ocr_line' id='line_1_114' title="bbox 2209 5223 3791 5303; baseline 0.01 -26"><span class='ocrx_word' id='word_1_882' title='bbox 2209 5239 2340 5278; x_wconf 88' lang='lat' dir='ltr'><strong>nere</strong></span> <span class='ocrx_word' id='word_1_883' title='bbox 2365 5239 2673 5293; x_wconf 87' lang='lat' dir='ltr'><strong>personam.</strong></span> <span class='ocrx_word' id='word_1_884' title='bbox 2706 5223 2860 5280; x_wconf 88' lang='lat' dir='ltr'><strong>Sicut</strong></span> <span class='ocrx_word' id='word_1_885' title='bbox 2888 5235 3046 5284; x_wconf 87' lang='lat' dir='ltr'><strong>natus</strong></span> <span class='ocrx_word' id='word_1_886' title='bbox 3073 5244 3142 5284; x_wconf 76' lang='lat' dir='ltr'><strong>ex</strong></span> <span class='ocrx_word' id='word_1_887' title='bbox 3172 5230 3392 5303; x_wconf 80' lang='lat' dir='ltr'><strong>Virgine</strong></span> <span class='ocrx_word' id='word_1_888' title='bbox 3433 5249 3538 5289; x_wconf 81' lang='lat' dir='ltr'><strong>non</strong></span> <span class='ocrx_word' id='word_1_889' title='bbox 3569 5236 3674 5292; x_wconf 81' lang='lat' dir='ltr'><strong>nisi</strong></span> <span class='ocrx_word' id='word_1_890' title='bbox 3705 5238 3791 5293; x_wconf 81' lang='lat' dir='ltr'><strong>Fi-</strong></span> 
     </span>
    </p>
   </div>
   <div class='ocr_carea' id='block_1_115' title="bbox 2208 5311 3804 5384">
    <p class='ocr_par' dir='ltr' id='par_1_115' title="bbox 2208 5311 3804 5384">
     <span class='ocr_line' id='line_1_115' title="bbox 2208 5311 3804 5384; baseline 0.011 -18"><span class='ocrx_word' id='word_1_891' title='bbox 2208 5312 2313 5367; x_wconf 90' lang='lat' dir='ltr'><strong>lius</strong></span> <span class='ocrx_word' id='word_1_892' title='bbox 2339 5311 2464 5380; x_wconf 89' lang='lat' dir='ltr'><strong>Dei;</strong></span> <span class='ocrx_word' id='word_1_893' title='bbox 2495 5321 2549 5369; x_wconf 92' lang='lat' dir='ltr'><strong>et</strong></span> <span class='ocrx_word' id='word_1_894' title='bbox 2575 5330 2680 5369; x_wconf 78' lang='lat' dir='ltr'><strong>vox</strong></span> <span class='ocrx_word' id='word_1_895' title='bbox 2719 5316 2784 5370; x_wconf 88' lang='lat' dir='ltr'><strong>de</strong></span> <span class='ocrx_word' id='word_1_896' title='bbox 2825 5319 3007 5374; x_wconf 90' lang='lat' dir='ltr'><strong>nube:</strong></span> <span class='ocrx_word' id='word_1_897' title='bbox 3046 5319 3122 5373; x_wconf 85' lang='lat' dir='ltr'><strong>Tu</strong></span> <span class='ocrx_word' id='word_1_898' title='bbox 3156 5337 3209 5376; x_wconf 77' lang='lat' dir='ltr'><strong>es</strong></span> <span class='ocrx_word' id='word_1_899' title='bbox 3258 5319 3430 5376; x_wconf 81' lang='lat' dir='ltr'><strong>Filius</strong></span> <span class='ocrx_word' id='word_1_900' title='bbox 3471 5341 3616 5380; x_wconf 80' lang='lat' dir='ltr'><strong>meus</strong></span> <span class='ocrx_word' id='word_1_901' title='bbox 3659 5328 3804 5384; x_wconf 79' lang='lat' dir='ltr'><strong>dile-</strong></span> 
     </span>
    </p>
   </div>
   <div class='ocr_carea' id='block_1_116' title="bbox 2210 5400 3804 5484">
    <p class='ocr_par' dir='ltr' id='par_1_116' title="bbox 2210 5400 3804 5484">
     <span class='ocr_line' id='line_1_116' title="bbox 2210 5400 3804 5484; baseline 0.011 -28"><span class='ocrx_word' id='word_1_902' title='bbox 2210 5411 2324 5456; x_wconf 81' lang='lat' dir='ltr'><strong>ctus</strong></span> <span class='ocrx_word' id='word_1_903' title='bbox 2369 5400 2592 5475; x_wconf 81' lang='lat' dir='ltr'><strong>(Matth.</strong></span> <span class='ocrx_word' id='word_1_904' title='bbox 2623 5420 2714 5468; x_wconf 87' lang='grc' dir='ltr'><strong>ιιι,</strong></span> <span class='ocrx_word' id='word_1_905' title='bbox 2749 5404 2878 5477; x_wconf 83' lang='grc'><strong>17),</strong></span> <span class='ocrx_word' id='word_1_906' title='bbox 2905 5407 2974 5460; x_wconf 89' lang='lat' dir='ltr'><strong>ad</strong></span> <span class='ocrx_word' id='word_1_907' title='bbox 3017 5407 3184 5463; x_wconf 90' lang='lat' dir='ltr'><strong>solius</strong></span> <span class='ocrx_word' id='word_1_908' title='bbox 3227 5425 3516 5480; x_wconf 87' lang='lat' dir='ltr'><strong>personam</strong></span> <span class='ocrx_word' id='word_1_909' title='bbox 3552 5417 3804 5484; x_wconf 83' lang='lat' dir='ltr'><strong>pertinet</strong></span> 
     </span>
    </p>
   </div>
   <div class='ocr_carea' id='block_1_117' title="bbox 2205 5495 3805 5582">
    <p class='ocr_par' dir='ltr' id='par_1_117' title="bbox 2205 5495 3805 5582">
     <span class='ocr_line' id='line_1_117' title="bbox 2205 5495 3805 5582; baseline 0.011 -32"><span class='ocrx_word' id='word_1_910' title='bbox 2205 5495 2414 5562; x_wconf 81' lang='lat' dir='ltr'><strong>Patris;</strong></span> <span class='ocrx_word' id='word_1_911' title='bbox 2439 5506 2494 5554; x_wconf 90' lang='lat' dir='ltr'><strong>et</strong></span> <span class='ocrx_word' id='word_1_912' title='bbox 2520 5501 2697 5570; x_wconf 86' lang='lat' dir='ltr'><strong>specie</strong></span> <span class='ocrx_word' id='word_1_913' title='bbox 2723 5501 2989 5572; x_wconf 90' lang='lat' dir='ltr'><strong>corporali</strong></span> <span class='ocrx_word' id='word_1_914' title='bbox 3017 5503 3158 5557; x_wconf 87' lang='lat' dir='ltr'><strong>sicut</strong></span> <span class='ocrx_word' id='word_1_915' title='bbox 3179 5505 3424 5561; x_wconf 88' lang='lat' dir='ltr'><strong>columba</strong></span> <span class='ocrx_word' id='word_1_916' title='bbox 3451 5507 3599 5564; x_wconf 81' lang='lat' dir='ltr'><strong>solus</strong></span> <span class='ocrx_word' id='word_1_917' title='bbox 3624 5525 3805 5582; x_wconf 82' lang='lat' dir='ltr'><strong>appa-</strong></span> 
     </span>
    </p>
   </div>
   <div class='ocr_carea' id='block_1_118' title="bbox 2208 5633 3800 5714">
    <p class='ocr_par' dir='ltr' id='par_1_118' title="bbox 2208 5633 3800 5714">
     <span class='ocr_line' id='line_1_118' title="bbox 2208 5633 3800 5714; baseline 0.013 -27"><span class='ocrx_word' id='word_1_918' title='bbox 2208 5633 2909 5714; x_wconf 66' lang='lat' dir='ltr'><strong>nd_adorandan_t_riviﬁcam</strong></span> <span class='ocrx_word' id='word_1_919' title='bbox 2936 5642 3050 5710; x_wconf 76' lang='lat' dir='ltr'><strong>ejus</strong></span> <span class='ocrx_word' id='word_1_920' title='bbox 3091 5660 3294 5700; x_wconf 84' lang='lat' dir='ltr'><strong>crucem</strong></span> <span class='ocrx_word' id='word_1_921' title='bbox 3333 5647 3632 5714; x_wconf 76' lang='lat' dir='ltr'><strong>rdreniunt,</strong></span> <span class='ocrx_word' id='word_1_922' title='bbox 3673 5661 3800 5707; x_wconf 82' lang='lat' dir='ltr'><strong>etc.</strong></span> 
     </span>
    </p>
   </div>
   <div class='ocr_carea' id='block_1_119' title="bbox 2281 5706 3798 5789">
    <p class='ocr_par' dir='ltr' id='par_1_119' title="bbox 2281 5706 3798 5789">
     <span class='ocr_line' id='line_1_119' title="bbox 2281 5706 3798 5789; baseline 0.012 -28"><span class='ocrx_word' id='word_1_923' title='bbox 2281 5706 2308 5746; x_wconf 71' lang='grc' dir='ltr'><strong>ι)</strong></span> <span class='ocrx_word' id='word_1_924' title='bbox 2348 5706 2584 5779; x_wconf 78' lang='lat' dir='ltr'><strong>S.Aug.,</strong></span> <span class='ocrx_word' id='word_1_925' title='bbox 2607 5711 2728 5767; x_wconf 71' lang='lat' dir='ltr'><strong>libr.</strong></span> <span class='ocrx_word' id='word_1_926' title='bbox 2756 5706 2940 5768; x_wconf 78' lang='lat' dir='ltr'><strong>eontra</strong></span> <span class='ocrx_word' id='word_1_927' title='bbox 2959 5706 3140 5770; x_wconf 79' lang='lat' dir='ltr'><strong>Serm.</strong></span> <span class='ocrx_word' id='word_1_928' title='bbox 3164 5718 3509 5785; x_wconf 66' lang='lat' dir='ltr'><strong>Arianorum,</strong></span> <span class='ocrx_word' id='word_1_929' title='bbox 3543 5709 3664 5789; x_wconf 79' lang='lat' dir='ltr'><strong>cap.</strong></span> <span class='ocrx_word' id='word_1_930' title='bbox 3695 5706 3798 5779; x_wconf 73' lang='lat'><strong>15.</strong></span> 
     </span>
    </p>
   </div>
  </div>
