4030 6358
262 362 383 420 269

976 315 1390 411 DOGMATICA.
1427 379 1497 390 -
1529 348 1689 403 ADV.
1731 339 2128 400 ELIPANDUM
2172 346 2353 404 unm
2387 350 2494 406 IV."
2518 379 2589 392 .-
2621 351 2750 407 LIB.
2791 351 2851 405 ιι.

3427 353 3534 412 2'10

259 477 383 534 ruit
428 469 662 544 Spiritus
699 476 934 523 sanctus.
969 466 1168 520 Tamen
1196 473 1250 519 et
1272 463 1413 517 illam
1443 476 1660 515 carnem
1687 461 1852 515 solius
1878 457 1931 515 Δ
1949 456 2322 516 vicissitudine
2345 467 2592 520 eumdem
2613 468 2878 538 replicans
2906 484 3149 536 sensum,
3171 470 3387 527 dixisti:
3419 491 3440 524 ‹
3468 471 3538 540 Et

263 567 417 628 Filii,
457 572 511 616 et
551 559 698 614 illam
727 573 910 612 vocem
941 556 1105 610 solius
1131 554 1305 608 Patris
1325 594 1339 610 .
1367 564 1420 606 ct
1449 553 1592 605 illam
1621 552 1852 621 speciem

249 655 536 714 'eolumbte
562 652 728 708 solius
759 649 991 718 Spiritus
1031 648 1202 702 sancti
1243 653 1426 700 sancta
1467 644 1704 698 Trinitas
1729 659 1854 716 Ope—

262 757 389 806 rata
418 755 518 801 est.
562 765 580 796 ι
619 744 744 798 limo
781 751 905 797 sunt
954 738 1213 794 catholica
1244 738 1426 800 verba,
1460 737 1574 790 hzec
1602 736 1854 805 pratfatus

262 842 497 915 protulit
527 840 704 904 Pater,
733 839 798 894 de
828 837 1110 907 adoptione
1137 837 1315 891 carnis
1343 836 1542 892 Christi
1566 835 1639 888 nil
1667 833 1855 905 adjuno

264 947 436 1003 gens,
469 945 631 999 quam
660 934 836 982 vestra
865 923 1016 997 [Cod.
1051 925 1254 991 Paris.,
1287 927 1428 995 quod
1453 924 1650 996 vestra]
1691 933 1854 980 teme-

265 1027 408 1082 ritas
427 1025 744 1096 pravissime
766 1023 905 1076 illius
927 1021 1153 1074 insternit
1175 1021 1350 1075 dictis.
1373 1020 1448 1073 Ita
1467 1020 1669 1088 absque
1691 1019 1853 1072 dubio

265 1117 327 1175 in
355 1119 476 1172 aliis
518 1115 802 1170 sententiis
820 1153 834 1177 ,
867 1127 1000 1180 quas
1028 1127 1095 1165 ex
1123 1112 1310 1166 eadem
1339 1111 1592 1164 mendosa
1629 1109 1854 1179 epistola

266 1211 374 1266 sub
401 1208 618 1262 nomine
665 1204 904 1272 ejusdem
934 1203 1109 1257 Patris
1145 1203 1420 1271 posuistis,
1459 1201 1758 1256 invenimus
1782 1216 1852 1256 ex

266 1311 467 1356 vestra:
487 1298 740 1352 falsitatis
756 1311 905 1350 more
923 1310 1115 1349 nomen
1137 1294 1434 1362 adoptionis
1457 1293 1694 1347 additum
1711 1309 1850 1358 esse,

266 1390 414 1461 quod
443 1389 589 1444 nullo
617 1388 774 1442 modo
803 1387 890 1440 ille
914 1386 1035 1455 pius
1061 1387 1247 1440 doctor
1287 1387 1465 1454 posuit
1496 1405 1508 1438 ε
1542 1389 1680 1440 sicut
1705 1386 1759 1439 in
1785 1399 1853 1441 eo

266 1481 407 1545 loco,
441 1480 533 1535 ubi
571 1479 879 1548 legebamus
908 1478 975 1530 ab
1005 1491 1071 1530 eo
1099 1477 1316 1538 dictum,
1347 1493 1484 1530 eum.
1519 1495 1538 1526 ι
1568 1477 1684 1532 Hoc
1705 1493 1848 1540 eum,
1887 1505 1890 1508 -

265 1571 468 1640 inquit,
515 1571 808 1624 secundum
853 1581 1075 1623 carnem
1103 1581 1323 1635 passum
1353 1582 1509 1623 esse:
1548 1587 1567 1619 ι
1595 1584 1691 1623 vos
1723 1582 1852 1624 vero

266 1663 564 1719 secundum
579 1659 861 1732 pravitatis
881 1668 1075 1715 vestrae
1090 1659 1532 1714 consuetudinem
1549 1661 1850 1726 addidistis,

265 1772 482 1810 carnem
531 1755 847 1825 adoptivum.
898 1752 1033 1807 Item
1081 1753 1138 1806 in
1189 1752 1294 1806 alio
1339 1753 1456 1806 loco
1499 1752 1677 1807 dicitis
1723 1767 1850 1806 eum

265 1846 470 1902 dixisse
494 1863 506 1898 :
537 1863 558 1896 ι
586 1844 1045 1900 Incommutabilis
1066 1852 1152 1898 est
1177 1851 1338 1914 atque
1361 1851 1657 1898 coartet-nus
1678 1843 1850 1907 Patri,

263 1940 360 1997 sed
407 1941 463 1994 in
494 1938 672 1994 Verbo
695 1939 841 2002 solo;
889 1945 944 1992 et
978 1951 1172 2006 passus
1215 1945 1300 1991 est
1331 1935 1494 1990 Filius
1527 1935 1638 1999 Dei,
1675 1935 1769 1990 sed
1800 1935 1856 1991 in

265 2033 488 2089 homine
509 2031 760 2101 adoptivo
779 2030 894 2084 solo
909 2046 923 2094 ;
941 2036 997 2083 et
1011 2028 1251 2098 sepultus
1269 2035 1354 2082 est
1367 2026 1534 2082 Filius
1554 2026 1668 2090 Dei,
1686 2026 1780 2081 sed
1801 2027 1859 2080 in

265 2138 433 2180 carne
477 2121 728 2190 adoptiva
769 2120 924 2174 sola:
959 2139 976 2171 ι
1014 2118 1314 2189 reperimus
1355 2133 1477 2172 eum
1527 2119 1582 2172 in
1625 2121 1858 2187 quadam

263 2217 488 2274 homilia
505 2215 726 2278 dixisse,
754 2213 842 2266 ubi
865 2212 932 2266 de
955 2220 1269 2265 naturarum
1293 2210 1344 2263 in
1369 2209 1591 2265 Christo
1617 2210 1859 2278 prop-rie-

265 2318 376 2364 tate
421 2307 704 2369 disseruit,
734 2306 881 2359 etde
909 2319 974 2358 eo
1010 2303 1154 2372 quod
1194 2317 1334 2355 unus
1373 2301 1546 2355 Filius
1569 2301 1662 2355 Dei
1693 2310 1854 2368 esset,

264 2403 320 2458 id
345 2410 431 2456 est
466 2401 712 2456 Christus
749 2397 949 2468 (Epist.
993 2395 1128 2466 I69)
1163 2414 1175 2449 :
1213 2415 1232 2446 ‹
1265 2394 1725 2450 Incommutabilis
1750 2403 1854 2462 est,

264 2497 462 2566 inquit,
489 2494 655 2549 Filius
680 2493 796 2556 Dei,
829 2491 927 2546 sed
969 2489 1023 2544 in
1050 2489 1228 2545 Verbo
1253 2489 1395 2553 solo;
1441 2503 1632 2558 passus
1653 2496 1735 2542 est
1763 2488 1855 2542 Fi-

263 2591 368 2644 lius
394 2589 512 2651 Dei,
544 2587 637 2641 sed
660 2586 714 2640 in
745 2585 961 2639 homine
989 2590 1295 2654 assumpto;
1327 2591 1382 2637 et
1409 2582 1647 2652 sepultus
1667 2589 1750 2636 est
1767 2580 1858 2635 Fi-

265 2682 369 2736 lius
395 2679 514 2744 Dei,
556 2677 648 2732 sed
675 2677 733 2730 in
761 2692 925 2731 carne
952 2676 1084 2731 sola.
1119 2697 1138 2727 ι
1163 2676 1296 2730 Item
1324 2676 1379 2728 in
1403 2675 1508 2728 alia
1537 2673 1860 2744 evangelica:

181 2771 184 2773 ’
263 2769 671 2844 praedicationis
691 2767 914 2822 homilia
943 2779 968 2807 α
998 2782 1012 2820 :
1041 2786 1059 2818 ‹
1091 2766 1245 2822 Sicut
1265 2765 1407 2820 enim
1433 2780 1574 2819 unus
1592 2773 1675 2819 est
1695 2765 1858 2820 homo

263 2867 324 2920 in
359 2862 542 2916 anima
573 2859 823 2914 rationali
867 2859 1048 2931 [Aug.,
1087 2859 1265 2913 ani-ma
1295 2857 1590 2929 rationalis]
1623 2866 1677 2912 et
1703 2872 1854 2924 caro,

263 2951 348 3007 sic
389 2968 530 3007 unus
578 2959 662 3008 est
709 2951 956 3007 Christus
1000 2951 1144 3007 Deus
1179 2959 1234 3007 et
1272 2953 1478 3005 homo:
1511 2965 1574 3005 ac
1613 2964 1713 3018 pro
1752 2951 1858 3005 hoc

263 3041 518 3099 Christus
543 3055 625 3098 est
653 3043 813 3110 Deus,
846 3044 1025 3098 anima
1061 3043 1360 3110 rationalis,
1405 3050 1460 3098 et
1499 3057 1646 3098 caro.
1693 3040 1854 3096 Chri-

263 3147 410 3195 stum
446 3139 502 3193 in
531 3137 800 3201 omnibus,
837 3137 1111 3192 Christum
1152 3137 1206 3191 in
1249 3135 1473 3206 singulis
1511 3134 1851 3190 confitemur.
1879 3162 1931 3230 ο

267 3230 403 3298 Quis
431 3239 518 3285 est
535 3245 683 3299 ergo,
708 3247 806 3300 per
825 3245 985 3300 quem
1007 3229 1183 3284 factus
1209 3235 1293 3283 est
1315 3227 1580 3282 mundus?
1609 3227 1857 3280 Christus

263 3321 446 3388 Iesus,
477 3323 572 3378 sed
611 3324 669 3377 in
698 3322 871 3377 forma
906 3321 1019 3376 Dei.
1051 3321 1184 3388 Quis
1211 3328 1294 3375 est
1331 3321 1431 3375 sub
1467 3318 1658 3372 Pontio
1683 3317 1858 3372 Pilato

264 3415 593 3470 crucifixus?
611 3415 860 3470 Christus
886 3413 1063 3478 Jesns,
1087 3415 1182 3469 sed
1203 3415 1255 3468 in
1281 3412 1454 3467 forma
1479 3411 1641 3467 servi.
1675 3431 1693 3462 ι
1723 3410 1858 3464 Item

265 3506 424 3575 eujus
450 3522 608 3578 supra
641 3525 653 3560 :
685 3525 704 3557 ι
731 3507 866 3573 Quis
895 3521 1004 3561 non
1047 3515 1131 3561 est
1169 3506 1456 3561 derelictus
1501 3505 1558 3557 in
1603 3487 1858 3557 inferno?

209 3652 212 3653 ν
267 3597 520 3654 Christus
546 3597 723 3663 Jesus,
751 3599 846 3652 sed
883 3599 937 3652 in
977 3599 1156 3652 anima
1194 3598 1326 3652 sola.
1359 3597 1490 3663 Quis
1517 3603 1858 3651 resurrectu-

265 3707 364 3745 rus
395 3690 574 3744 triduo
597 3691 767 3760 jacui‘t
798 3691 853 3744 in
878 3690 1160 3759 sepulcro?
1195 3689 1443 3743 Christus
1471 3687 1646 3753 Jcsus,
1679 3687 1776 3742 sed
1801 3687 1858 3741 in

267 3797 437 3838 carne
466 3783 596 3836 sola.
626 3782 834 3836 Dicitur
859 3797 988 3852 ergo
1011 3781 1064 3835 in
1089 3783 1181 3836 bis
1210 3781 1434 3851 singulis
1457 3779 1738 3845 Christus;
1767 3793 1860 3833 ve-

266 3889 391 3929 rum
419 3875 534 3928 haec
563 3875 742 3929 omnia
767 3889 870 3928 non
893 3875 1021 3938 duo,
1053 3873 1136 3927 vel
1166 3882 1298 3936 tres,
1322 3873 1415 3926 sed
1436 3886 1576 3925 unus
1596 3879 1677 3925 est
1701 3870 1860 3924 Chri-

267 3974 407 4022 stus.
453 3966 579 4019 Ideo
616 3981 746 4035 ergo
785 3965 957 4020 dixit:
989 3965 1047 4020 Si
1094 3965 1376 4035 diligeretis
1419 3979 1522 4028 me,
1563 3963 1859 4034 gauderetis

273 4057 473 4128 utique,
501 4057 626 4125 quin
655 4056 787 4110 vado
825 4056 893 4108 ad
936 4054 1149 4109 Putrem
1177 4075 1195 4107 ›
1235 4055 1414 4126 (Joan.
1449 4069 1559 4119 xxv,
1583 4053 1694 4124 28).
1723 4054 1860 4108 item

264 4152 360 4206 ubi
391 4150 476 4204 ille
515 4150 957 4220 significationes,
1004 4165 1123 4219 qua:
1163 4149 1330 4204 veteri
1374 4147 1427 4202 in
1474 4149 1591 4218 lege
1625 4146 1861 4216 praelatio
1928 4192 1931 4194 .

268 4252 449 4306 erant,
486 4243 554 4297 de
597 4243 816 4297 Christo
868 4241 1207 4311 proferebat,
1263 4241 1404 4294 inter
1449 4239 1583 4304 alia,
1631 4239 1806 4306 inquit
1843 4254 1856 4290 :

273 4337 582 4392 «Christus
606 4344 725 4390 erat
750 4341 921 4405 petra,
945 4336 1068 4404 quia
1099 4343 1253 4404 petra
1283 4333 1558 4388 Christum
1589 4329 1862 4401 signiﬁca-

267 4429 404 4483 bat:
443 4449 462 4480 ι
499 4441 675 4497 neque
701 4426 792 4480 hic
828 4441 1000 4496 neque
1029 4425 1082 4478 in
1107 4423 1477 4494 superioribus
1504 4421 1636 4476 locis
1658 4419 1860 4489 aliquid

1955 547 2100 604 filius
2127 551 2360 618 hominis
2388 557 2547 611 simul
2574 574 2695 614 cum
2745 563 2921 616 Verbo
2950 565 3232 633 adoptivus
3257 566 3469 622 dicitur.
3507 585 3528 621 ι

1956 639 2094 710 Quid
2127 647 2374 716 nequius,
2404 651 2530 718 quizl
2561 653 2753 723 impius
2783 658 2884 711 dici
2909 659 2992 712 vel
3021 661 3311 728 excogitari
3336 669 3530 731 potest,

1955 747 2115 804 quam
2142 746 2200 790 ut
2221 737 2388 794 Filius
2409 740 2520 802 Dei,
2555 743 2607 797 id
2635 754 2737 811 est,
2763 747 2998 804 Verbum
3027 750 3143 815 Dei,
3171 767 3292 807 cum
3315 753 3535 809 homine

1953 838 2179 899 accepto
2209 831 2416 886 dicatur
2443 833 2761 904 adoptivus?
2793 838 3022 897 Sensisti
3051 842 3276 898 forsitan
3318 854 3368 900 te
3401 845 3536 901 divi-

1955 917 2083 973 dere
2113 919 2387 976 Christum
2418 939 2537 978 cum
2564 925 2809 983 Nestorio
2837 932 2888 984 in
2914 933 3047 989 duas
3071 951 3348 1006 personas,
3371 953 3535 992 unam

1953 1014 2155 1082 proprii
2203 1013 2354 1082 Filii,
2385 1017 2608 1073 alteram
2651 1023 2921 1092 adeptivi?
2955 1025 3108 1082 llunc
3142 1030 3327 1083 volens
3363 1030 3538 1085 vitare

1949 1102 2226 1174 laqueum,
2247 1107 2482 1164 incidisti
2513 1112 2568 1166 in
2607 1115 2933 1183 ergastulum
2960 1117 3174 1173 Arianze
3205 1122 3535 1189 perversita-

1957 1195 2042 1249 tis.
2077 1195 2201 1251 HLBC
2231 1200 2393 1254 verba
2437 1217 2710 1271 nunquam
2748 1206 2918 1260 sancti
2961 1207 3246 1278 Augustini
3296 1212 3532 1279 fuerunt,

1953 1301 2055 1340 nec
2080 1288 2242 1342 etiam
2285 1292 2443 1347 ullius
2471 1295 2719 1350 catholici
2746 1298 2984 1353 doctoris
3009 1301 3092 1354 vel
3118 1302 3384 1374 discipuli.
3412 1305 3538 1362 Haec

1954 1377 2084 1432 olim
2114 1381 2310 1436 Ariana
2341 1399 2532 1442 manus
2559 1389 2735 1444 toxico
2758 1389 2964 1456 calamo
2985 1399 3042 1446 et
3064 1392 3204 1464 nigri
3229 1393 3368 1449 fellis
3395 1405 3538 1451 atra—

1951 1479 2137 1532 mento
2160 1475 2498 1544 perscripsit,
2523 1493 2622 1548 pro
2650 1480 2844 1548 quibus
2871 1481 3032 1551 impia
3059 1492 3235 1538 morte
3259 1500 3378 1539 cum
3401 1485 3536 1541 Juda

1953 1561 2216 1618 traditore
2262 1566 2549 1624 damnatus
2595 1571 2778 1638 periit,
2833 1580 3144 1644 mternoque
3193 1577 3538 1636 anathemate

1951 1654 2249 1722 perculsus,
2283 1673 2349 1714 ac
2379 1657 2596 1716 Satana:
2623 1678 2745 1717 cum
2771 1665 3021 1724 omnibus
3051 1665 3402 1734 complicibus
3427 1667 3540 1722 suis

1953 1744 2203 1812 traditus,
2243 1757 2303 1802 ut
2327 1752 2626 1808 sentiretin
2657 1756 2938 1811 tormentis
2965 1755 3164 1814 diaboli
3199 1757 3343 1828 quod
3373 1757 3542 1814 nollet

1957 1837 2201 1892 confiteri
2228 1840 2280 1893 in
2309 1841 2566 1898 Ecclesiis
2594 1843 2816 1900 Christi.

2027 1927 2167 1983 XIV.
2211 1931 2378 1996 Rade,
2423 1933 2609 2001 frater,
2648 1937 2761 1992 btec
2795 1939 2961 2004 verba
2998 1940 3063 1994 de
3101 1940 3265 1996 corde
3293 1949 3406 2008 tuo,
3443 1943 3540 1998 ha-

1957 2036 2208 2092 rumque,
2225 2025 2532 2094 ubicunque
2557 2028 2887 2095 inveniatur,
2913 2029 3217 2096 litterarum
3241 2034 3541 2089 chartulam

1956 2129 2080 2170 mox
2113 2117 2370 2172 edacibus
2395 2119 2598 2188 ignium
2628 2121 2860 2177 ﬂanimis
2887 2121 3119 2180 immitte
3157 2143 3167 2178 :
3211 2125 3336 2194 quia
3369 2125 3541 2180 satius

1957 2216 2042 2262 est
2065 2207 2239 2262 multo
2285 2208 2385 2264 has
2420 2209 2568 2279 impii
2611 2212 2874 2280 dogmatis
2909 2216 3063 2270 exuri
3095 2215 3348 2284 syllabas,
3379 2231 3540 2284 quam

1957 2299 2196 2356 animam
2248 2309 2394 2354 tuam
2446 2304 2724 2370 perpetuis
2779 2307 2972 2360 ardere
3025 2307 3324 2362 tormentis.
3376 2307 3540 2378 $35

1957 2391 2130 2446 Crede
2175 2391 2330 2457 mihi,
2373 2395 2625 2461 quamvis
2671 2397 2851 2458 ovium
2885 2399 3220 2456 vestimentis
3260 2399 3539 2466 induaris;

1957 2483 2205 2551 quamvis
2253 2485 2578 2540 sacerdotali
2615 2487 2819 2544 honore
2862 2487 3118 2546 infulatus
3164 2492 3428 2560 precedas
3477 2491 3544 2546 ad

1956 2573 2248 2643 populum;
2285 2575 2534 2642 quamvis
2559 2577 2786 2632 barbam
2809 2578 3052 2647 quotidie
3075 2580 3305 2646 raseris;
3333 2581 3377 2636 si
3403 2581 3546 2638 hanc

1956 2681 2064 2721 non
2091 2668 2464 2726 immutaveris
2490 2673 2834 2737 sententiam,
2861 2673 3050 2727 nolens
3079 2673 3266 2736 volens
3287 2689 3544 2729 numera-

1957 2756 2250 2812 beriscum
2287 2760 2474 2826 hircis,
2501 2768 2556 2815 et
2583 2763 2929 2830 deputaberis
2947 2778 3074 2820 eum
3113 2766 3423 2834 pastoribus
3452 2767 3545 2834 qui

1957 2847 2210 2903 videntur
2247 2851 2428 2906 haedos
2469 2867 2692 2921 pascere
2721 2855 2778 2908 in
2821 2854 3180 2910 talernaculis
3213 2855 3407 2918 Cedar,
3451 2857 3544 2926 qui

1957 2941 2153 2998 staturi
2187 2950 2315 2998 sunt
2344 2945 2400 3002 in
2443 2945 2699 3002 sinistris.
2727 2946 2895 3012 Rede,
2929 2949 3058 3005 rade
3085 2949 3268 3014 citius,
3297 2951 3420 3020 pius
3443 2950 3544 3004 Pas

1959 3043 2062 3100 ter,
2094 3034 2235 3092 hanc
2261 3037 2898 3096 sententiamdearcano
2933 3040 3009 3094 tui
3043 3041 3223 3098 cordis
3259 3041 3442 3107 cubili,
3475 3058 3546 3096 ne

1959 3127 2221 3186 Dominus
2246 3137 2390 3196 tuus,
2405 3131 2498 3202 qui
2521 3140 2574 3187 te
2593 3134 2874 3188 constituit
2891 3133 3062 3190 tritici
3083 3135 3212 3189 dare
3233 3150 3543 3196 mensuram

1958 3220 2178 3276 familiae
2217 3236 2346 3288 suae,
2365 3223 2615 3277 inveniat
2637 3240 2756 3280 eam
2785 3225 2840 3278 in
2870 3225 3068 3280 tabulis
3101 3227 3174 3280 tui
3213 3227 3392 3282 cordis
3419 3243 3516 3296 per

1959 3316 2236 3388 scriptam,
2279 3323 2341 3370 et
2389 3317 2534 3372 dicat
2572 3317 2708 3374 tibi:
2747 3317 2854 3372 Has
2889 3334 3000 3373 non
3031 3334 3267 3390 agnoseo
3310 3319 3543 3386 litteras,
3585 3362 3588 3364 -

1959 3411 2060 3465 bas
2085 3411 2318 3480 reprobo
2363 3410 2617 3482 syllabas,
2645 3411 2763 3466 hmo
2795 3413 2960 3470 verba
2989 3427 3097 3470 non
3137 3413 3440 3478 docuerunt
3469 3414 3544 3470 illi

1959 3503 2154 3571 quibus
2199 3516 2299 3571 ego
2325 3501 2438 3557 dixi
2472 3501 2616 3567 :Ite,
2673 3502 2851 3558 docete
2889 3519 3070 3558 enim:
3092 3514 3278 3574 gentes
3315 3503 3541 3576 (Malui.

1957 3617 2155 3668 xxvm,
2181 3601 2290 3672 l9).
2325 3601 2487 3656 Forte
2508 3602 2790 3671 occupatio
2815 3601 3103 3672 pastoralis
3117 3619 3290 3667 .curtr,
3323 3611 3385 3660 id:
3407 3602 3544 3660 λωί-

1957 3696 2068 3750 ctio
2092 3695 2270 3765 impiae
2303 3695 2478 3765 gentis
2505 3703 2558 3750 te
2579 3695 2910 3766 diligentius,
2935 3696 3070 3766 quid
3091 3696 3382 3761 scriberes,
3403 3711 3544 3752 .con-

1959 3786 2202 3842 siderare
2241 3786 2552 3856 impedivit;
2587 3787 2681 3841 sed
2703 3786 3010 3855 junioribus
3041 3787 3147 3842 tuis
3175 3787 3312 3844 male
3351 3789 3546 3844 credu—

1959 3881 2062 3946 lus,
2092 3881 2236 3950 quod
2263 3881 2338 3936 illi
2369 3881 2718 3951 scripserunt,
2743 3881 2832 3937 .vel
2854 3892 2957 3937 tute
2986 3891 3272 3938 suaserunt
3294 3893 3544 3939 senectu-

1960 3974 2022 4036 ti,
2057 3987 2245 4028 verum
2292 3973 2527 4044 putasti,
2569 3973 2715 4043 quod
2754 3974 2967 4042 absque
3011 3974 3160 4028 omni
3207 3973 3544 4031 dubitatione

1958 4067 2155 4122 falsum
2179 4068 2598 4138 haereticumque
2623 4081 2744 4122 esse
2759 4069 3047 4138 probatur.
3551 4141 3556 4144 _

2031 4157 2290 4214 XV.'Sed
2315 4175 2457 4214 nunc
2485 4159 2804 4215 charitatem
2838 4160 2938 4216 bas
2965 4173 3107 4214 meae
3131 4157 3431 4216 devotionis
3461 4159 3541 4216 le-

1961 4251 2197 4324 gentium
2221 4250 2486 4305 litterulas
2528 4249 2750 4320 supplex
2775 4233 3051 4321 depreeor,
3083 4251 3227 4321 quod
3257 4251 3393 4306 mihi
3433 4267 3544 4308 non

1961 4347 2188 4415 imputet
2211 4343 2366 4417 [ϐοά.
2395 4344 2593 4409 Paris.,
2633 4343 2919 4416 imputem]
2947 4352 3129 4398 notam
3163 4343 3540 4415 impatientia,

1961 4441 2086 4512 quia
2108 4440 2426 4510 quibusdam
2449 4439 2504 4494 in
2529 4438 2664 4495 locis
2681 4439 2992 4495 durioribus
3011 4436 3269 4508 pio-Patri
3291 4438 3543 4508 respondi

268 4519 579 4590 adoptionis
607 4518 994 4588 superaddidit,
1031 4531 1194 4588 quam
1223 4515 1512 4570 infidelitas
1542 4513 1856 4586 fingentium
1883 4524 1943 4589 ῃ
1964 4533 2163 4589 verbis.
2211 4531 2388 4586 Causa
2431 4546 2605 4588 causa,
2643 4531 2950 4600 respondit,
2981 4538 3037 4587 θι
3073 4531 3280 4586 ,νοτίης
3319 4527 3546 4585 falsitati

270 4616 548 4670 contraria
575 4613 884 4683 apostolica:
907 4612 1034 4668 fidei
1063 4613 1424 4684 superaddere
1451 4613 1676 4666 studuit.

341 4707 480 4761 XIII.
515 4707 683 4762 Aliam
708 4722 943 4778 quoque,
961 4719 1124 4775 quam
1150 4708 1428 4776 hucusque
1449 4705 1629 4760 studui
1653 4701 1857 4776 [Ἐστία

269 4799 480 4874 distuli]
509 4802 822 4868 rventilare,
846 4799 1168 4856 sententiam
1199 4801 1352 4869 ponis
1375 4798 1692 4867 pravissimo
1718 4795 1864 4850 cala-

269 4909 363 4948 mo
389 4894 740 4964 descriptam,
785 4895 852 4948 de
891 4893 1098 4954 eadem,
1139 4897 1201 4944 ut
1234 4889 1463 4954 asseris,
1491 4887 1714 4962 epistola
1737 4902 1863 4957 pro-

269 4983 439 5038 latam
470 4998 485 5038 :
519 5001 538 5035 ι
563 4983 743 5054 Atque
781 4985 872 5049 ita,
911 4983 1113 5053 inquis,
1140 4991 1196 5036 et
1231 4980 1399 5035 Filius
1429 4979 1526 5034 Dei
1553 4979 1710 5034 simul
1738 4993 1861 5034 cum

271 5077 497 5133 homine
526 5077 807 5147 adoptivus
834 5077 1054 5142 dicitur,
1070 5083 1123 5129 et
1146 5073 1290 5129 illius
1315 5073 1549 5128 hominis
1579 5072 1862 5142 adoptivus

270 5169 439 5226 simul
465 5183 589 5225 cmn
616 5169 790 5226 Verbo
812 5169 1028 5224 dicitur.
1054 5187 1072 5220 ι
1099 5167 1158 5222 In
1178 5164 1389 5221 cmteris
1412 5163 1684 5218 incredula
1710 5177 1864 5217 mens

270 5270 393 5330 tua,
433 5271 489 5316 et
521 5261 684 5333 impia
711 5261 998 5317 aestimatio
1035 5261 1101 5315 de
1128 5258 1463 5314 humanitate
1491 5254 1865 5311 tantummodo

270 5356 485 5413 erravit
511 5354 736 5421 Christi,
763 5371 906 5410 nunc
942 5369 1072 5411 vero
1102 5355 1168 5409 de
1201 5354 1480 5423 impietate
1515 5351 1582 5406 ad
1612 5352 1862 5421 impieta-

273 5459 390 5506 tem
431 5450 726 5520 pervcnisti
765 5450 1183 5513 alrociSsimam,
1219 5446 1498 5501 affirmans-
1537 5445 1734 5499 Filium
1771 5443 1871 5500 Dei

272 5560 404 5602 cum
453 5544 674 5600 homine
719 5560 839 5600 esse
887 5542 1219 5614 adeptivum.
1269 5539 1571 5614 Statimque
1613 5552 1870 5608 perversa

283 5745 288 5748 .
349 5714 378 5744 ι
422 5701 605 5758 Tract.
634 5715 847 5756 Lucxviii
877 5716 931 5755 in
957 5699 1141 5762 50am,
1172 5710 1326 5751 num.
1351 5694 1406 5750 3.

1965 4627 2237 4682 obviavit:
2293 4627 2570 4696 magisque
2621 4625 3068 4681 considerandum
3113 4631 3198 4680 est
3246 4615 3587 4696 legentibus’

1967 4721 2093 4792 quid
2125 4720 2325 4776 dictum
2353 4720 2446 4784 sit,
2475 4734 2638 4790 quam
2659 4719 2780 4788 quis
2803 4716 3024 4772 dinerit.
3053 4715 3161 4772 Nec
3195 4715 3454 4787 quislibet
3488 4714 3544 4769 iu

1964 4814 2163 4868 talibus
2190 4827 2287 4869 suo
2314 4813 2529 4867 nomine
2569 4809 2695 4882 [F.,
2737 4825 2838 4866 suo
2882 4809 3108 4881 nomini]
3155 4809 3545 4879 quiestionibus

1965 4906 2176 4960 laudem
2199 4913 2449 4975 appetere
2475 4903 2664 4966 debet;
2695 4902 2791 4956 sed
2812 4900 3028 4956 Christo
3053 4916 3180 4955 vero
3212 4901 3321 4957 Deo
3341 4909 3395 4956 et
3414 4916 3546 4957 vero

1965 4997 2105 5054 Filio
2133 4997 2229 5051 Dei
2249 4997 2457 5050 laudem
2481 5002 2537 5050 et
2563 4994 2786 5065 gloriam
2823 5001 2939 5049 toto
2963 4993 3144 5048 cordis
3170 4993 3462 5058 intellectu,
3490 5000 3547 5048 et

1967 5091 2194 5166 paciﬁca
2239 5091 2352 5145 oris
2384 5087 2558 5144 officio
2603 5099 2865 5157 quaarere.
2895 5083 3010 5141 "-Sed
3045 5086 3205 5140 modo
3238 5085 3292 5140 in
3329 5093 3541 5155 portum

1969 5195 2164 5258 aptata:
2190 5183 2384 5254 quietis
2407 5181 2800 5253 perveniemes,
2826 5178 3121 5249 pauxillum
3161 5177 3276 5233 vela
3303 5177 3545 5244 depona-

1969 5297 2090 5336 mus
2114 5297 2128 5347 ;
2157 5279 2393 5334 debitam
2421 5275 2633 5348 corpori
2660 5275 2896 5344 quietem
2921 5271 3334 5344 indulgeamus,
3362 5274 3422 5320 ut
3449 5280 3544 5319 au-

1970 5386 2092 5429 rora
2120 5368 2391 5440 sequentis
2419 5368 2524 5424 diei
2547 5367 2883 5431 adveniente,
2903 5379 3027 5421 cum
3043 5361 3322 5420 nova-luce
3345 5369 3544 5414 novum

1970 5466 2118 5522 tertii
2144 5461 2309 5519 libelli
2335 5461 2596 5517 faciamus
2618 5459 2916 5514 exordium.
