4030 6358
525 323 625 382 271

540 440 1560 470 W

1368 318 1430 371 Β.
1469 314 1532 370 F.
1569 310 1793 375 ALBINI
1833 308 1964 367 SEU
2003 306 2281 366 ALCUINI
2316 302 2599 364 OPERUM
2635 300 2813 360 PARS
2850 301 2937 363 Ill.

3694 295 3808 357 27!

1567 419 3791 453 Μ

1711 520 2177 600 EJUSDEM
2255 516 2612 597 ALBINI

957 686 1067 752 DE
1104 681 1707 749 INCABNATIONE
1745 679 2067 744 CHRISTI
2107 677 2212 738 ET
2255 678 2363 739 DE
2402 672 2714 739 DUABUS
2753 670 2837 736 IN
2879 668 2987 733 EO
3027 668 3374 734 NATURIS

1942 821 2208 879 LIBELLI
2244 820 2387 880 DUO

2031 954 2285 1017 NECNON

1503 1080 1619 1144 DE
1661 1078 2085 1146 VERITATE
2129 1076 2382 1141 UNIUS
2416 1073 2821 1141 PERSONE

1908 1204 2115 1261 LIBER
2153 1201 2409 1259 PRIMUS

1042 1312 1225 1436 QUI
1284 1335 1415 1413 ET
1469 1334 1915 1414 TERTIUS
1991 1330 2515 1413 ADVERSUS
2588 1327 3224 1408 ELIPANDUM.

589 1562 631 1619 1.
660 1562 796 1616 Dum
827 1558 1033 1630 Spiritu
1059 1562 1244 1611 sancto
1262 1553 1596 1627 gubernante
1614 1549 1877 1607 orationis
1910 1557 2108 1604 nostra:
2134 1555 2186 1611 Α
2210 1547 2591 1612 ascenderunt,
2637 1554 2693 1601 et
2731 1555 3036 1617 spectemus
3071 1548 3201 1618 quid
3241 1555 3573 1606 revertentes
3599 1564 3802 1609 lenun-

522 1654 796 1724 naviginm
822 1651 889 1704 de
916 1648 1145 1720 fragosis
1173 1646 1596 1715 disputationum
1633 1642 1768 1697 locis
1796 1641 1862 1695 ad
1893 1651 2108 1712 portum

521 1746 703 1799 liberae
726 1741 1009 1797 locutionis
1032 1738 1337 1809 perveniret
1365 1734 1519 1808 [ϐοά.
1570 1732 1767 1798 Paris.,
1799 1732 2063 1804 pervenit]
2090 1750 2104 1797 ;

520 1843 575 1889 et
601 1848 755 1889 rosea
779 1831 983 1886 caelesti
1008 1828 1208 1882 lumine
1229 1841 1422 1880 aurora
1442 1824 1613 1880 oculis
1635 1823 1862 1893 refulget
1883 1823 2103 1887 nostris,

518 1934 574 1981 et
615 1922 877 1993 ﬂorigeris
921 1921 1161 1989 riparum
1209 1916 1436 1971 collibus
1475 1916 1673 1970 diversi
1717 1915 1913 1970 coloris
1947 1915 2104 1969 nobis

515 2027 670 2087 prata
697 2021 992 2085 apparent;
1031 2024 1216 2065 eamus
1249 2024 1346 2079 per
1370 2007 1763 2077 pulcherrimas
1798 2014 2107 2061 sanctorum

514 2108 735 2162 Patrum
764 2104 1132 2176 possessiones
1157 2100 1317 2157 ﬂores
1356 2101 1630 2169 colligere,
1671 2100 1738 2154 ad
1781 2114 2107 2168 componen-

514 2198 638 2252 dam
661 2196 821 2265 capiti
849 2202 1052 2256 nostro,
1087 2192 1140 2246 id
1168 2186 1252 2245 est
1278 2188 1495 2244 Christo
1531 2187 1658 2243 Jesu
1676 2228 1691 2253 ,
1723 2187 2105 2242 ecclesiastica:

513 2286 762 2340 veritatis
790 2297 1067 2338 coronam.
1099 2280 1165 2335 Et
1188 2280 1365 2349 primo
1392 2278 1633 2332 omnium
1663 2293 1761 2348 per
1798 2277 2105 2332 amoenissi-

514 2391 632 2429 mas
675 2373 948 2428 Jordanici
1000 2372 1142 2426 ruris
1191 2370 1336 2440 ripas
1383 2368 1574 2423 humili
1610 2368 1807 2432 corde,
1850 2382 1981 2422 aure
2023 2366 2106 2421 in-

514 2474 679 2529 tenta,
705 2466 915 2519 cervice
940 2463 1214 2524 inclinata,
1240 2460 1579 2516 sanctissima
1611 2458 1910 2514 Salvatoris
1931 2458 2103 2513 nostri

510 2556 818 2612 osculantes
856 2554 1101 2625 vestigia,
1149 2552 1478 2623 pedetentim
1522 2551 1878 2621 procedamus
1918 2550 2105 2605 audire

510 2656 750 2718 paterna:
783 2646 932 2701 vocis
977 2644 1345 2699 testimonium
1376 2644 1441 2697 de
1482 2640 1711 2696 Domino
1754 2649 1939 2695 nostro
1975 2638 2103 2695 Jesu

509 2738 750 2804 Christo,
779 2739 871 2809 qui
893 2736 1167 2808 purissimi
1198 2735 1335 2790 alvei
1367 2733 1582 2789 undulis
1617 2749 1649 2788 a
1674 2734 1835 2790 beato
1861 2749 2102 2805 praecur-

509 2846 633 2887 sore
656 2829 863 2884 Joanne
892 2828 1199 2897 baptizatus
1221 2835 1325 2882 est.

2211 1638 2346 1694 tient
2367 1638 2539 1701 nobis,
2561 1638 2690 1706 quid
2716 1638 2968 1704 viderint,
2990 1638 3073 1693 vel
3096 1638 3222 1709 quid
3247 1638 3534 1694 audierint.
3559 1639 3669 1696 Sed
3694 1642 3803 1700 illis

2208 1731 2659 1786 descendentibus
2685 1731 2811 1785 data
2834 1740 2960 1785 sunt
2983 1732 3064 1786 eis
3083 1740 3374 1801 praecepta,
3405 1733 3583 1788 celare
3605 1733 3725 1787 visa
3746 1743 3806 1789 et

2208 1824 2407 1889 audita,
2454 1823 2623 1879 donec
2671 1822 2812 1877 ﬁlius
2856 1822 3089 1878 hominis
3134 1838 3163 1875 a
3210 1823 3438 1879 mortuis
3488 1833 3804 1895 resurgeret

2206 1914 2423 1985 (Matth.
2452 1915 2605 1986 xvn).
2638 1914 2807 1969 Tanta
2837 1912 2938 1967 fuit
2975 1913 3145 1985 gloria
3175 1913 3400 1970 visionis
3437 1923 3494 1969 et
3539 1915 3803 1985 maiestas

2205 2005 2356 2059 vocis
2382 2015 2644 2074 paternae,
2674 2014 2859 2059 utnon
2890 2004 3079 2059 liceret
3111 2005 3308 2059 mundo
3327 2004 3443 2061 haec
3471 2006 3799 2075 praedicare,

2204 2097 2377 2151 donec
2403 2097 2574 2167 gloria
2599 2096 3013 2151 resurrectionis
3039 2104 3260 2165 peracta
3289 2104 3451 2152 esset.
3476 2097 3615 2152 Ecce
3637 2098 3802 2153 modo

2204 2188 2453 2244 Christus
2480 2188 2627 2242 omni
2664 2188 3066 2257 dispensatione
3105 2189 3296 2244 salutis
3335 2196 3535 2244 nostrae
3574 2199 3802 2259 peracta

2205 2280 2356 2336 sedet
2383 2294 2412 2332 a
2443 2278 2647 2333 dextris
2692 2279 2826 2333 Dei:
2868 2279 3053 2334 dicant
3098 2279 3327 2349 apostoli
3366 2280 3536 2335 libera
3563 2296 3700 2337 voce
3746 2288 3805 2336 et

2204 2370 2415 2442 publica
2462 2369 2843 2439 praedicatione
2879 2369 3008 2440 quid
3052 2371 3323 2427 audierint
3364 2372 3443 2427 vel
3475 2374 3604 2443 quid
3640 2373 3802 2429 vide-

2204 2462 2314 2515 rint
2343 2479 2354 2514 :
2401 2459 2655 2524 Vidimus,
2685 2469 2906 2517 sanctus
2930 2462 3108 2533 inquit
3134 2461 3370 2520 Joannes
3398 2480 3539 2520 unus
3567 2467 3635 2520 de
3669 2465 3804 2521 ﬁliis

2203 2552 2445 2616 tonitrui,
2476 2551 2696 2621 gloriam
2718 2551 2855 2622 ejus,
2893 2551 3117 2623 gloriam
3143 2556 3296 2625 quasi
3324 2555 3578 2626 unigeniti
3615 2574 3650 2611 a
3681 2555 3802 2611 Pa-

2203 2651 2301 2707 tre,
2335 2641 2545 2713 plenum
2580 2642 2756 2711 gratia
2786 2652 2835 2696 et
2866 2644 3080 2697 veritate
3104 2643 3287 2715 (Joan.
3310 2661 3351 2711 ι,
3381 2645 3502 2717 14);
3529 2663 3694 2703 unam
3724 2649 3803 2704 si-

2202 2735 2419 2805 quidem
2449 2733 2761 2805 signiﬁcans
2787 2748 3097 2805 personam,
3135 2735 3190 2790 in
3218 2751 3325 2807 qua
3367 2744 3452 2792 est
3475 2739 3653 2793 omnis
3678 2738 3821 2809 ple-'

2202 2828 2390 2884 nitudo
2413 2828 2658 2884 veritatis
2686 2836 2740 2883 et
2776 2828 2984 2899 gratiae,
3031 2842 3195 2900 super
3218 2845 3382 2900 quam
3407 2831 3524 2886 haec
3551 2846 3656 2887 vox
3700 2848 3803 2903 pa-

576 2923 638 2978 ll.
674 2920 859 2976 Refert
885 2921 1151 2990 siquidem
1188 2920 1395 2986 Lucas,
1425 2937 1566 2977 unus
1607 2922 1673 2977 de
1697 2922 1781 2978 bis
1817 2921 1959 2978 binis
1983 2922 2101 2976 ani-
2130 2899 2178 2961 Β
2204 2928 2371 2975 terna:
2394 2919 2793 2975 testiﬁcationis
2820 2920 2979 2975 allata
3007 2899 3111 2975 est.
3142 2899 3556 2978 Consideremus
3579 2899 3804 2995 quoqiie

509 3015 741 3070 malihus
771 3012 900 3067 olim
930 3013 1307 3083 przeordinatis
1342 3012 1719 3083 Redemptoris
1765 3014 1937 3068 nostri
1964 3014 2100 3069 scri-

505 3106 636 3161 bere
665 3102 947 3171 miracula,
979 3104 1121 3174 quod
1148 3105 1295 3159 omni
1336 3105 1532 3175 populo
1561 3106 1836 3177 baptizato
1856 3146 1871 3171 ,
1899 3116 1954 3162 et
1982 3108 2099 3177 ipso

504 3196 633 3253 Jesu
678 3196 986 3266 baptizato,
1034 3198 1466 3267 ascendenteque
1513 3198 1577 3252 de
1622 3213 1761 3268 aqua
1792 3207 1847 3253 et
1878 3209 2093 3265 orante,

506 3288 740 3359 Spiritus
774 3297 993 3345 sanctus
1019 3289 1073 3342 in
1115 3289 1297 3358 specie
1340 3289 1600 3344 columba:
1629 3290 1910 3345 descendit
1935 3307 2097 3360 super

505 3394 650 3445 eum,
691 3388 746 3434 et
784 3396 888 3435 vox
918 3379 1108 3434 aeterni
1151 3378 1331 3434 Patris
1370 3380 1439 3433 ad
1482 3394 1606 3434 eum
1648 3381 1713 3435 de
1742 3381 1877 3436 caelo
1916 3381 2090 3436 facta:

510 3470 590 3525 Tu
634 3489 687 3527 es
727 3470 901 3526 Filius
941 3488 1086 3525 meus
1126 3470 1365 3537 dilectus,
1414 3472 1470 3524 in
1516 3481 1566 3526 te
1613 3472 1925 3544 complacuit
1968 3474 2096 3528 mihi

507 3561 659 3633 (Luc.
684 3579 763 3622 ιιι,
791 3561 904 3633 22).
932 3563 1000 3616 Et
1024 3576 1092 3616 ne
1121 3560 1261 3616 forte
1290 3562 1508 3617 dubium
1537 3572 1682 3619 esset
1715 3564 1857 3618 inter
1884 3573 2093 3632 tantos,

503 3654 596 3721 qui
629 3653 701 3707 ibi
732 3660 860 3706 tunc
885 3653 1142 3721 temporis
1163 3652 1380 3707 fuerunt
1406 3661 1718 3724 prasentes,
1752 3670 1915 3724 super
1933 3670 2094 3723 quem

504 3742 622 3799 haec
641 3757 745 3797 vox
769 3741 913 3796 facta
942 3741 1152 3808 fuisset,
1177 3744 1324 3799 dicat
1351 3745 1466 3815 ipse
1488 3746 1833 3801 beatissimus
1855 3746 2094 3815 Baptista

503 3836 631 3907 quid
655 3837 898 3901 vidisset,
929 3836 1056 3905 quid
1083 3837 1340 3901 audisset,
1369 3838 1462 3908 qui
1493 3839 1628 3894 vidit
1660 3838 1843 3894 Jcsum
1872 3839 2093 3894 venien-

502 3935 610 3983 tem
638 3927 707 3983 ad
727 3943 807 3992 se,
832 3934 887 3982 et
912 3928 989 3981 ait
1013 3946 1025 3981 :
1069 3926 1204 3982 Ecce
1229 3927 1408 3998 Agnus
1430 3928 1545 3996 Dei,
1571 3946 1686 3984 ecce
1708 3931 1797 4000 qui
1823 3929 1956 3983 tollit
1974 3946 2093 4001 pec-

501 4030 620 4076 cata
660 4020 885 4074 mundi:
923 4021 1007 4075 hic
1038 4030 1111 4075 est
1148 4036 1302 4091 quem
1346 4021 1458 4075 dixi
1502 4021 1664 4087 vobis,
1691 4032 1806 4091 post
1833 4037 1912 4074 me
1954 4022 2091 4075 venit

503 4113 582 4167 vir
607 4111 788 4183 (Joan.
819 4128 857 4175 ι,
884 4111 975 4177 29,
1000 4110 1111 4181 50).
1136 4112 1350 4182 Agnum
1379 4112 1532 4176 dixit,
1557 4111 1732 4166 virum
1761 4112 1917 4176 dixit,
1951 4112 2093 4167 etde

501 4220 568 4259 eo
597 4204 968 4259 testimonium
1014 4204 1324 4274 perhibuit:
1369 4202 1506 4269 Quia
1546 4202 1649 4256 vidi
1691 4201 1951 4274 Spiritum
1992 4202 2092 4259 Dei

2201 3012 2330 3083 quid
2353 3012 2494 3068 idem
2515 3013 2705 3069 beatus
2726 3012 3054 3084 evangelista
3071 3014 3301 3070 recubus
3313 3014 3550 3085 pectoris
3564 3014 3801 3083 Christi,

2200 3104 2253 3159 in
2281 3104 2521 3175 Epistola
2549 3121 2645 3161 sua
2676 3108 2741 3161 de
2767 3106 2957 3162 eadem
2978 3106 3206 3162 sentiret
3226 3121 3380 3175 voce,
3406 3108 3521 3178 qui,
3543 3120 3670 3178 post
3689 3110 3800 3164 alia

2198 3194 2369 3249 multa
2408 3196 2657 3251 veritatis
2686 3196 2991 3252 testimonia
3031 3212 3151 3267 qua:
3193 3198 3259 3253 de
3289 3196 3505 3254 Christo
3532 3200 3797 3269 protulit:

2199 3284 2258 3340 Si
2279 3286 2652 3353 testimonium,
2689 3287 2882 3357 inquit,
2910 3287 3179 3342 hominum
3213 3289 3531 3360 accepimus,
3554 3292 3798 3345 testimo-

2197 3376 2342 3428 nium
2385 3374 2485 3429 Dei
2523 3375 2698 3447 majus
2742 3385 2849 3442 est,
2894 3378 3143 3448 quoniam
3184 3378 3281 3432 hoc
3311 3388 3388 3433 est
3436 3382 3797 3436 testimonium

2198 3463 2295 3518 Dei
2313 3465 2451 3535 quod
2486 3466 2660 3536 majus
2693 3476 2804 3532 est,
2832 3467 2956 3538 quia
2984 3468 3295 3538 testiﬁcatus
3315 3482 3388 3525 est
3414 3471 3478 3525 de
3508 3470 3650 3526 Filio
3671 3490 3796 3541 suo,

2196 3557 2285 3627 qui
2313 3557 2478 3610 credit
2504 3558 2560 3611 in
2588 3556 2733 3612 Filio
2764 3558 2889 3625 Dei,
2940 3559 3090 3614 habet
3130 3563 3480 3618 testimonium
3526 3564 3625 3619 Dei
3655 3566 3711 3619 in
3742 3584 3798 3621 se

2198 3646 2250 3717 (I
2266 3647 2427 3702 Joan.
2444 3663 2499 3713 v,
2518 3647 2697 3719 9,10).
2713 3648 2962 3721 Magnum
2985 3657 3069 3706 est
3089 3653 3456 3709 testimonium
3479 3653 3512 3709 ῐ
3526 3671 3798 3713 τερατευ-

2195 3736 2292 3801 ris,
2321 3738 2412 3806 qui
2442 3739 2640 3794 missus
2675 3749 2760 3795 est
2800 3751 2857 3794 ut
2898 3742 3250 3798 testimonium
3272 3745 3558 3815 perhiberet
3601 3746 3668 3802 de
3707 3748 3797 3803 lu-

2196 3832 2354 3896 mine,
2394 3842 2453 3886 ut
2491 3849 2667 3888 omnes
2715 3835 2983 3891 crederent
3024 3855 3116 3909 per
3157 3839 3326 3893 illum.
3368 3836 3459 3894 Ait
3494 3841 3641 3896 enim
3675 3844 3798 3899 viso

2196 3921 2402 3993 Spiritu
2427 3934 2615 3982 sancto
2645 3926 3005 3983 descendente
3033 3929 3087 3983 in
3126 3930 3455 4001 baptizatum
3482 3930 3668 3988 Jesum
3687 3975 3703 3998 ,
3737 3944 3798 3990 et

2194 4015 2375 4069 audita
2404 4030 2536 4071 voce
2564 4025 2803 4087 paternae
2825 4017 3128 4089 maiestatis
3152 4037 3165 4074 :
3198 4020 3269 4075 Et
3298 4038 3391 4093 ego
3416 4023 3547 4089 vidi,
3568 4010 3625 4079 et
3646 4027 3795 4080 testi-

2192 4106 2425 4159 monium
2444 4107 2706 4176 perhibui,
2728 4110 2853 4179 quia
2876 4110 2958 4165 hic
2980 4120 3055 4167 est
3084 4110 3258 4167 Filius
3283 4111 3383 4168 Dei
3403 4114 3584 4186 (Joan.
3610 4133 3651 4181 i,
3671 4117 3794 4190 54).

2194 4194 2301 4251 Sed
2326 4196 2498 4251 multo
2524 4195 2698 4265 majus
2723 4206 2807 4253 est
2827 4199 2923 4256 Dei
2945 4202 3335 4272 testimonium,
3358 4206 3502 4275 quod
3528 4208 3797 4265 testiﬁca-

502 4294 897 4349 descendam;
925 4273 1079 4366 ,αρεν
1108 4314 1245 4351 εωη,
1288 4297 1509 4353 Addidi;
1546 4313 1779 4367 quoque,
1812 4298 1955 4353 unde
1983 4298 2093 4353 sci-
2121 4273 2166 4339 C
2196 4294 2286 4342 tus
2327 4296 2413 4342 est
2456 4288 2523 4343 de
2562 4288 2703 4344 Filio
2751 4305 2876 4356 suo,
2912 4308 3035 4349 cum
3065 4294 3131 4351 de
3164 4295 3301 4352 melo
3330 4273 3478 4352 illum
3504 4298 3799 4369 alloquens

503 4392 606 4447 ret,
637 4385 759 4454 quis
778 4393 945 4448 esset,
967 4385 1035 4439 de
1057 4402 1163 4455 quo
1185 4388 1548 4443 testimonium
1572 4389 1875 4457 perhibuit:
1902 4387 1971 4442 Et
1999 4405 2092 4459 ego

503 4477 792 4531 nesciebam
832 4492 949 4531 eum
969 4518 983 4541 ,
1022 4477 1111 4532 sed
1139 4480 1226 4549 qui
1253 4480 1420 4550 896
1443 4482 1583 4534 misit
1623 4498 1702 4535 me
1729 4482 1995 4551 baptizare
2036 4481 2092 4534 in

504 4588 663 4641 liqua,
694 4569 782 4623 ille
812 4571 939 4623 mihi
963 4570 1113 4636 dixit,
1144 4589 1300 4642 super
1318 4589 1470 4643 quem
1497 4574 1682 4629 videris
1712 4573 1969 4645 Spiritum
1996 4575 2089 4628 de-

502 4662 856 4726 scendentem,
883 4670 931 4715 et
954 4673 1246 4717 manentem
1273 4680 1428 4734 super
1452 4681 1593 4731 eum,
1614 4666 1698 4720 hic
1718 4666 1902 4737 estqui
1926 4666 2093 4737 bapti-

504 4761 589 4805 sat
618 4752 672 4805 in
699 4749 898 4821 Spiritu
919 4748 1099 4807 sancto
1122 4766 1140 4804 :
1165 4763 1213 4807 et
1241 4771 1334 4824 ego
1364 4754 1490 4821 vidi,
1524 4765 1574 4809 et
1600 4757 1951 4810 testimonium
1974 4773 2092 4826 per-

501 4840 670 4905 hibui,
691 4842 817 4912 quia
839 4842 922 4895 hic
950 4852 1023 4895 est
1046 4840 1218 4898 Filius
1243 4842 1339 4899 Dei
1365 4844 1528 4917 (Ibid.
1557 4862 1687 4900 vers.
1718 4845 1926 4918 51-54).
1952 4847 2091 4903 Ecce

501 4934 872 4990 testimonium
914 4934 1091 4992 Patris
1116 4937 1184 4993 de
1206 4952 1273 4993 eo
1310 4940 1401 5009 qui
1439 4939 1742 5010 baptizatus
1770 4949 1890 4995 est:
1932 4940 2011 4995 Tu
2036 4958 2089 4996 es

501 5027 678 5084 Filius
701 5047 845 5085 meus
867 5030 1110 5099 dilectus,
1132 5034 1187 5088 in
1205 5043 1251 5089 te
1272 5036 1402 5091 mihi
1425 5036 1757 5107 complacuit.
1782 5038 1918 5094 Ecce
1939 5040 2090 5096 testi-

503 5121 742 5175 monium
770 5120 917 5177 beati
953 5120 1214 5179 Joannis:
1260 5125 1327 5179 Et
1365 5142 1457 5196 ego
1483 5126 1611 5193 vidi,
1649 5137 1698 5181 et
1737 5131 2088 5185 testimonium

501 5212 761 5282 perhibui,
790 5214 916 5285 quia
943 5214 1028 5269 hic
1054 5224 1129 5271 est
1159 5214 1332 5270 Filius
1360 5215 1475 5270 Dei.
1514 5216 1683 5285 Quem
1714 5219 1923 5289 Agnum
1961 5223 2086 5289 Dei,

503 5319 666 5375 quem
710 5306 886 5361 virum
932 5308 1250 5375 nominavit,
1292 5309 1438 5365 hunc
1480 5325 1546 5366 ex
1585 5311 1935 5381 inspiratione
1960 5316 2086 5371 mit-

504 5396 668 5450 tentis
696 5412 756 5453 se
778 5398 846 5454 ad
873 5397 1254 5470 baptizandum
1279 5400 1395 5456 sine
1423 5401 1584 5457 dubio
1609 5401 1805 5459 Filium
1831 5404 1925 5461 Dei
1950 5422 2083 5479 prte-

506 5489 724 5546 dicavit.

575 5579 659 5634 lll.
694 5581 785 5637 His
811 5584 865 5637 in
910 5584 1135 5639 collibus
1164 5582 1435 5640 Jordanici
1465 5583 1702 5642 ﬂuminis
1728 5588 1945 5651 auditis,
1993 5604 2084 5645 se-

2196 4379 2271 4434 ait
2296 4398 2308 4432 :
2336 4379 2414 4433 Tu
2442 4397 2495 4434 es
2526 4378 2697 4436 Filius
2724 4398 2870 4437 meus
2889 4384 3130 4451 dilectus,
3152 4388 3208 4440 in
3229 4396 3276 4441 te
3295 4387 3610 4459 complacuit
3633 4392 3793 4446 mihi.

2194 4468 2492 4527 Audiamus
2516 4472 2681 4527 etiam
2724 4475 2994 4544 quomodo
3034 4477 3175 4531 idem
3218 4480 3547 4551 evangelista
3588 4485 3798 4540 terruit

2194 4576 2301 4616 non
2327 4562 2612 4618 credentes
2641 4564 2926 4621 veritatem
2962 4566 3017 4620 in
3050 4566 3187 4623 Filio
3214 4569 3328 4634 Dei,
3361 4572 3452 4641 qui
3475 4570 3795 4641 hujusmodi

2192 4650 2458 4706 subinfert
2493 4652 2659 4708 verba
2700 4651 3039 4713 formidinis:
3076 4656 3181 4723 Qui
3221 4676 3324 4714 non
3360 4663 3524 4717 credit
3552 4663 3607 4718 in
3639 4663 3796 4722 Filio

2190 4741 2313 4808 Dei,
2342 4743 2645 4798 mendacem
2693 4743 2823 4815 facit
2860 4746 3053 4813 Deum,
3089 4751 3339 4819 quoniam
3384 4769 3489 4807 non
3534 4755 3700 4809 credit
3732 4758 3796 4811 in

2191 4834 2486 4889 testimonio
2526 4835 2665 4905 quod
2710 4836 3020 4905 testiﬁcatus
3067 4848 3144 4895 est
3192 4840 3337 4897 Deus
3387 4843 3451 4898 de
3498 4842 3643 4900 Filio
3683 4863 3795 4902 suo

2192 4924 2247 4998 (Ι
2270 4926 2429 4981 Ιοαη.
2458 4942 2515 4992 v,
2549 4927 2657 4999 10).
2691 4928 2829 4994 Quid
2876 4930 3101 5001 impius,
3148 4933 3276 5003 quid
3306 4935 3619 5003 scelestius,
3652 4941 3795 5010 quid

2189 5017 2337 5072 omni
2387 5018 2591 5074 malitia
2630 5018 2817 5089 pejus,
2846 5036 3009 5091 quam
3051 5038 3158 5078 non
3201 5025 3424 5081 credere
3470 5027 3795 5087 testimonio

2189 5108 2321 5175 Dei;
2349 5126 2583 5165 renuens
2610 5126 2801 5166 verum
2828 5112 2921 5168 Dei
2944 5112 3138 5169 Filium
3167 5128 3310 5182 esse,
3337 5118 3403 5173 de
3424 5133 3531 5188 quo
3553 5129 3796 5191 paterna

2189 5215 2293 5257 vox
2322 5200 2435 5255 ait:
2476 5200 2554 5255 Tu
2589 5216 2643 5256 es
2684 5200 2733 5255 F
2737 5202 2862 5259 ilius
2891 5220 3036 5260 meus
3077 5205 3347 5263 dilectus?
3392 5208 3546 5276 Quod
3588 5212 3798 5274 beatus

2187 5291 2516 5364 evangelista
2570 5291 2766 5349 iterum
2823 5295 3130 5368 iterumque
3189 5299 3467 5360 inculcans
3510 5305 3748 5378 replicat
3774 5323 3800 5365 :

2189 5380 2418 5448 Scimus,
2455 5383 2721 5455 inquiens,
2750 5389 3000 5458 quoniam
3027 5387 3204 5446 Filius
3234 5391 3335 5448 Dei
3361 5396 3520 5463 venit,
3557 5406 3606 5452 et
3634 5396 3799 5455 dedit

2189 5476 2336 5531 nobis
2364 5493 2591 5540 sensum,
2621 5488 2678 5532 ut
2703 5496 3075 5551 cognoscamus
3099 5500 3277 5539 verum
3315 5485 3507 5555 Deum,
3535 5497 3583 5545 et
3609 5490 3797 5550 simus

2188 5565 2243 5619 in
2266 5583 2385 5622 vero
2415 5566 2557 5625 Filio
2579 5569 2692 5640 ejus
2716 5571 2845 5626 Iesu
2884 5570 3094 5629 Christo
3122 5573 3308 5647 (Ibid.,
3336 5596 3469 5635 vers.
3496 5579 3611 5652 20).
3635 5580 3797 5648 Quid

507 5684 752 5740 quamur,
798 5674 923 5730 licet
963 5692 990 5729 a
1031 5675 1207 5743 longe,
1243 5676 1468 5745 vestigia
1498 5675 1779 5732 beatorum
1823 5679 2088 5750 apostolo—
2114 5659 2166 5723 Ι)
2189 5669 2330 5724 enim
2360 5671 2600 5742 apertius
2636 5672 2722 5728 his
2746 5673 2959 5741 verbiS.
3006 5678 3136 5747 quid
3168 5679 3399 5749 dulcius.
3430 5683 3557 5755 quid
3584 5685 3797 5742 adver-

507 5775 649 5827 rum,
678 5765 919 5835 quicum
948 5765 1164 5826 Christo
1199 5766 1527 5827 sanctissimi
1568 5773 1849 5829 cacumina
1887 5774 2086 5832 montis

2191 5789 2284 5831 sus
2309 5788 2498 5831 omnes
2530 5773 2765 5832 haereses
2791 5775 2988 5838 fortius
3019 5782 3199 5852 potuit
3225 5779 3375 5844 dicit
3409 5783 3660 5847 Christus
3686 5794 3793 5845 est
