4030 6358
268 294 358 354 273

918 285 1338 346 DOGMATICA.
1380 276 1450 329 ί·-
1487 284 1646 346 ΑΙΝ.
1684 279 2084 342 ELIPANDUM
2120 278 2299 339 LIBRI
2334 279 2424 339 IV.
2461 310 2529 322 -—-
2555 275 2680 335 LIB.
2722 277 2806 334 Ill.

3396 276 3502 333 27b

264 423 408 468 verus
433 404 604 461 Filius
646 402 759 469 Dei,
793 412 845 459 et
877 402 1053 458 omnis
1095 403 1296 458 veritas
1330 403 1386 457 in
1421 418 1487 457 eo
1520 410 1605 458 est
1628 420 1659 475 ;g
1688 402 1830 458 sicut
1850 398 1904 463 Α
1931 396 2106 470 Super
2132 414 2253 455 eam
2284 397 2547 467 siquidem
2580 404 2850 459 naturam,
2875 407 2995 463 quae
3014 402 3138 448 ante
3166 394 3350 449 oculos
3374 410 3506 465 apo—

271 503 446 577 ipsein
472 497 764 570 Evangelia
795 496 905 551 ait:
944 495 1058 567 Ego
1082 513 1199 550 sum
1224 497 1485 565 veritasget
1513 496 1617 551 vita
1646 493 1827 567 (Joan.

271 611 367 660 xxv,
391 593 464 664 6).
504 591 582 645 De
610 590 839 645 veritate
860 587 1062 643 Christi
1088 587 1184 643 Dei
1213 589 1384 643 nostri
1406 589 1600 658 saepius
1625 589 1717 658 qui
1745 605 1832 644 su-

270 703 359 760 pra
387 693 651 749 testatur;
695 683 772 737 ait
800 682 944 738 enim
988 682 1042 735 in
1081 679 1304 751 praefata
1336 681 1571 751 Epistola
1602 681 1832 752 quodam

270 778 407 834 loco:
450 776 519 829 Et
551 773 780 844 Spiritus
802 782 899 839 est,
929 771 1018 842 qui
1043 771 1373 840 testificatur,
1410 774 1655 843 quoniam
1683 769 1835 826 Chri-

271 881 369 925 stus
392 877 465 923 est
491 867 677 922 veritas
706 864 759 935 (I
785 864 945 919 Joan.
973 879 1028 928 v,
1053 860 1129 933 6).
1156 861 1288 916 Item
1312 880 1325 916 :
1369 863 1675 935 Quicunque
1708 880 1834 917 con-

274 961 424 1030 fessus
453 958 609 1023 fuerit
631 957 879 1027 quoniam
900 955 1056 1009 Jesus
1086 967 1159 1010 est
1197 954 1368 1010 Filius
1394 956 1513 1020 Dei,
1543 956 1680 1009 Deus
1699 955 1753 1007 in
1777 970 1836 1008 eo

273 1062 449 1117 manet,
478 1061 527 1105 et
549 1052 658 1120 ipse
680 1050 735 1103 in
763 1048 873 1102 Deo
906 1046 957 1117 (I
984 1048 1143 1103 Joan.
1172 1065 1245 1113 iv,
1272 1049 1349 1120 5).
1375 1047 1544 1115 Quem
1568 1062 1697 1119 ergo
1718 1046 1840 1115 Spi-

273 1150 397 1203 ritus
439 1154 659 1202 sanctus
707 1145 991 1199 veritatem
1033 1143 1321 1213 prtedicat,
1366 1142 1606 1212 Baptista
1643 1140 1837 1195 Filium

277 1240 360 1295 Dei
382 1254 568 1294 verum
613 1238 849 1309 agnovit,
895 1235 1225 1306 evangelista
1256 1233 1528 1289 multoties
1556 1233 1839 1288 veritatem

276 1332 528 1402 appellat;
571 1338 630 1383 ut
652 1329 937 1384 credamus
964 1326 1298 1396 ﬁrmiterquc
1325 1335 1600 1380 teneamus
1625 1337 1840 1377 omnem

277 1424 549 1478 veritatem
582 1435 703 1475 esse
735 1420 789 1473 in
824 1417 1040 1473 Christo
1067 1415 1214 1472 Jesu.
1249 1416 1485 1472 Taceant
1508 1413 1804 1485 blasphemi
1824 1454 1856 1487 ,η

281 1514 366 1583 qui
391 1513 535 1566 hunc
567 1523 757 1565 verum
798 1509 967 1563 Deum
993 1506 1079 1561 vel
1117 1522 1303 1561 verum
1333 1506 1425 1560 Dei
1452 1505 1647 1559 Filium
1678 1504 1841 1559 dene-

279 1610 433 1674 gant;
468 1608 765 1671 pereatque
789 1596 1050 1652 memoria
1079 1609 1268 1649 eorum
1298 1595 1363 1649 de
1394 1602 1559 1658 terra,
1589 1592 1680 1662 qui
1711 1591 1846 1647 scri-

1934 489 2194 546 stolorum
2222 487 2603 558 transﬁgurata
2627 492 2733 552 est,
2759 484 2875 539 haec
2899 498 3002 539 vox
3031 482 3170 539 facta
3198 491 3301 549 est,
3324 493 3381 538 ut
3403 485 3510 539 sci-

1934 591 2057 638 rent
2099 582 2376 637 audientes
2399 595 2517 649 quae
2552 577 2828 633 distinctio
2874 584 3018 632 esset
3062 576 3203 631 inter
3242 576 3425 644 illum,
3453 584 3508 631 et

1936 674 2155 747 Moysen
2228 674 2544 742 Eliamque,
2603 672 2697 741 qui
2744 687 2867 726 cum
2919 686 2985 726 eo
3043 678 3407 740 apparuerunt
3457 670 3510 725 in

1936 776 2156 832 monte;
2187 766 2269 821 vel
2305 781 2467 835 quem
2507 764 2730 818 credere
2765 763 3069 833 mundoque
3097 762 3389 832 praedicare
3418 762 3510 816 de-

1934 859 2198 914 buissent.
2231 856 2385 910 Nulla
2413 854 2575 923 igitur
2600 852 2911 921 imaginatio
2935 867 3033 906 nec
3055 852 3109 905 in
3135 851 3252 905 Filii
3276 851 3513 916 nomine,

1937 968 2038 1007 nec
2066 953 2119 1006 in
2148 950 2335 1006 salutis
2361 957 2559 1003 nostrae
2598 942 2994 1014 dispensatione
3033 944 3083 996 in
3115 942 3331 998 Christo
3374 942 3513 1009 fuit;

1940 1045 2032 1100 sed
2060 1054 2170 1099 tota
2204 1044 2407 1098 veritas
2448 1049 2503 1096 et
2540 1039 2731 1095 divina:
2760 1037 3045 1106 potestatis
3077 1036 3371 1105 plenitudo,
3406 1045 3518 1091 tota

1941 1144 2139 1191 nostrae
2175 1135 2363 1190 salutis
2392 1131 2653 1203 perfectio
2693 1139 2854 1200 atque
2882 1130 3295 1184 consummatio.
3326 1128 3521 1200 Imagi-

1942 1226 2089 1280 natio
2117 1226 2361 1295 quaedam
2392 1223 2444 1277 in
2468 1222 2592 1277 (iliis
2622 1221 2759 1276 solet
2784 1236 2905 1276 esse
2934 1219 3221 1290 adOptivis,
3244 1214 3353 1274 nhn
3378 1221 3521 1274 veri-

1943 1319 2069 1376 tatis
2096 1318 2409 1387 integritas;
2433 1316 2573 1385 quod
2604 1314 2826 1384 impium
2846 1323 2929 1369 est
2958 1314 3014 1367 in
3034 1312 3250 1369 Christo
3278 1315 3517 1367 credere.

1946 1408 2053 1464 Sed
2078 1408 2253 1462 omnis
2277 1406 2479 1461 veritas
2513 1404 2567 1459 in
2614 1418 2678 1458 eo
2716 1412 2772 1459 et
2816 1404 3061 1459 veritatis
3102 1401 3379 1472 plenitudo
3404 1418 3523 1457 cre-

1946 1500 2115 1555 denda
2143 1508 2246 1554 est.
2277 1498 2406 1566 Quae
2432 1505 2517 1553 est
2542 1512 2773 1568 persona
2792 1496 2913 1551 Filii
2940 1496 3054 1559 Dei,
3093 1504 3147 1550 et
3171 1496 3298 1564 quid
3324 1494 3526 1566 signiﬁ-

1947 1593 2199 1657 candum,
2228 1591 2355 1645 dum
2377 1590 2606 1645 dicimus
2636 1589 2851 1643 tertiam
2876 1589 2927 1643 in
2956 1586 3217 1642 Trinitate
3240 1602 3523 1656 personam

280 1686 460 1751 bentes
482 1693 819 1763 scripserunt
855 1688 1217 1758 iniquitatem,
1262 1692 1322 1740 ut
1365 1685 1679 1740 subvertant
1706 1698 1737 1736 a
1760 1681 1846 1735 via
1874 1753 1918 1763 _
1946 1683 2069 1738 Filii
2096 1682 2208 1743 Dei,
2239 1681 2346 1737 nisi
2383 1680 2740 1751 unigenitum,
2782 1680 3024 1745 unicum,
3054 1680 3329 1749 proprium
3353 1687 3408 1732 et
3435 1693 3527 1733 ve-

273 1784 511 1839 veritatis
539 1782 703 1838 corda
753 1779 1159 1835 innocentium:
1197 1791 1301 1831 n00
1345 1781 1645 1830 metuentes
1686 1772 1846 1828 ῑθηί-
1873 1753 1921 1815 Β
1952 1797 2070 1838 rum
2113 1780 2309 1836 Filium
2352 1778 2446 1833 Dei
2490 1778 2954 1834 demonstramus?
2983 1777 3041 1831 In
3075 1775 3233 1844 hujus
3262 1775 3528 1830 excellen-

274 1875 373 1930 bile
397 1874 492 1929 Dei
536 1872 815 1943 judicium,
844 1871 986 1942 quod
1032 1868 1271 1923 futurum
1316 1876 1400 1922 est
1443 1881 1606 1936 super
1630 1880 1724 1921 eos
1751 1864 1844 1936 qui

274 1963 480 2018 veritati
511 1962 790 2023 resistunt,
818 1959 1045 2014 credunt
1070 1965 1249 2011 autem
1276 1956 1575 2011 mendacio.

342 2054 427 2108 IV.
455 2053 774 2107 Audivimus
803 2050 963 2106 modo
991 2049 1119 2121 quid
1157 2050 1461 2122 prazcipuus
1485 2046 1846 2119 evangelista,

276 2145 410 2200 ﬁlius
435 2145 701 2214 siquidem
746 2142 989 2205 tonitrui,
1036 2142 1359 2197 intellexerit
1385 2142 1450 2196 de
1478 2141 1583 2196 hac
1610 2149 1850 2211 paterna:

275 2236 667 2292 testiﬁcationis
711 2250 879 2290 voce:
937 2235 1329 2304 interrogemus
1372 2248 1585 2302 quoque
1632 2230 1849 2287 beatum

273 2329 489 2384 Petrum
518 2327 885 2397 coapostolum
910 2324 1043 2394 ejus,
1074 2326 1159 2379 cui
1180 2333 1389 2378 naturae
1408 2325 1523 2378 haec
1547 2338 1647 2377 vox
1670 2322 1851 2377 Patris

275 2423 507 2477 maxime
536 2419 861 2475 conveniat?
898 2418 1046 2472 Dixit
1072 2417 1254 2487 itaque
1279 2417 1331 2471 in
1362 2415 1597 2484 Epistola
1624 2416 1850 2469 sanctis-

274 2513 429 2576 sima,
456 2518 577 2581 post
602 2508 767 2563 multa
789 2522 906 2577 quae
932 2508 997 2562 de
1017 2506 1206 2562 salutis
1234 2515 1431 2561 nostra:
1451 2504 1852 2573 dispensatione

273 2615 330 2663 et
352 2605 650 2660 Salvatoris
679 2602 847 2673 gloria
875 2601 1270 2670 conscripserat
1293 2614 1308 2653 :
1341 2598 1463 2653 Non
1485 2599 1620 2652 enim
1646 2599 1848 2663 doctas,

274 2698 542 2767 inquiens,
569 2693 778 2765 fabulas
814 2692 977 2763 897
1026 2692 1188 2745 secuti
1236 2700 1411 2745 notam
1456 2691 1673 2759 fecimus
1711 2689 1850 2744 vobis

274 2788 485 2844 Domini
511 2784 676 2840 nostri
704 2783 830 2838 Jesu
869 2782 1066 2837 Christi
1097 2782 1352 2843 virtutem,
1392 2781 1481 2834 sed
1505 2779 1852 2851 speculatores

276 2878 403 2948 facti
422 2876 564 2931 illius
586 2872 983 2945 magnitudinis.
1012 2873 1282 2942 Accipiens
1311 2872 1446 2925 enim
1476 2888 1506 2923 a
1546 2869 1654 2925 Deo
1692 2870 1851 2925 Patre

271 2971 520 3023 honorem
560 2975 608 3021 et
650 2965 895 3036 gloriam,
924 2980 1042 3018 voce
1067 2961 1279 3033 delapsa
1308 2962 1376 3014 ad
1406 2977 1522 3015 eum
1548 2961 1852 3030 hujusmodi

1945 1876 2076 1930 tiam
2104 1872 2595 1943 pr0prietatemque
2628 1884 2874 1941 personae
2898 1877 3174 1937 assumpta
3213 1876 3297 1923 est
3333 1877 3526 1923 natura

1946 1965 2300 2023 humanitatis
2340 1971 2539 2019 nostra:
2566 1978 2632 2017 ex
2662 1964 2820 2018 beata
2859 1962 3113 2033 Virgine,
3153 1971 3211 2016 ut
3237 1970 3379 2017 esset
3404 1978 3526 2017 cum

1946 2057 2059 2111 Deo
2092 2057 2186 2112 Dei
2227 2055 2362 2111 Filio
2401 2055 2454 2109 in
2484 2054 2701 2125 propria
2749 2067 2978 2122 persona
3020 2052 3312 2123 unigeniti,
3359 2052 3529 2119 unici,

1946 2149 2149 2221 proprii
2175 2156 2229 2202 et
2252 2147 2365 2201 veri
2392 2146 2511 2200 Filii
2542 2146 2635 2200 Dei
2662 2162 2678 2210 ;
2702 2153 2758 2201 et
2790 2160 2911 2199 cum
2940 2152 3247 2199 assumente
3279 2144 3331 2199 in
3354 2159 3417 2197 eo
3439 2144 3529 2213 qui

1949 2249 2256 2310 assumptus
2284 2246 2388 2304 est,
2435 2234 2614 2291 essent
2644 2236 2760 2291 hmc
2787 2234 2987 2290 omnia.
3019 2233 3077 2289 Si
3104 2235 3395 2303 quidquam
3435 2233 3532 2286 ho-

1948 2348 2067 2386 rum
2099 2331 2251 2385 deest
2288 2330 2342 2383 in
2378 2327 2709 2382 humanitate
2751 2325 2993 2390 Christi,
3041 2340 3148 2378 non
3197 2332 3279 2378 est
3326 2325 3532 2392 integra

1948 2421 2070 2476 Filii
2100 2421 2195 2474 Dei
2223 2434 2451 2489 persona
2494 2417 2548 2472 in
2580 2432 2645 2472 eo
2672 2417 2763 2486 qui
2800 2416 3108 2486 unigenitus
3133 2423 3236 2479 est,
3266 2429 3446 2479 verus,
3479 2423 3534 2470 et

1948 2513 2218 2585 proprius,
2247 2520 2302 2566 et
2339 2508 2611 2579 perfectus
2639 2508 2807 2563 Filius
2850 2508 2945 2563 Dei
2990 2508 3042 2561 in
3072 2523 3164 2562 sua
3196 2522 3445 2576 persona.
3476 2506 3534 2562 In

1949 2605 2110 2674 hujus
2138 2619 2268 2661 vero
2300 2620 2541 2676 persona:
2570 2606 2953 2673 proprietatem
2980 2602 3214 2658 exaltata
3240 2608 3343 2666 est,
3376 2609 3435 2654 ut
3455 2600 3537 2655 di-

1949 2698 2145 2759 ximus,
2181 2697 2419 2751 humana
2449 2703 2673 2759 natura,
2723 2702 2782 2748 ut
2824 2702 2970 2749 esset
3001 2709 3159 2755 unus,
3206 2691 3533 2761 unigenitus,

1952 2789 2115 2852 idem,
2142 2787 2392 2856 proprius
2414 2794 2470 2841 et
2504 2800 2668 2839 verus
2703 2783 2871 2839 Fllius
2898 2783 3015 2847 Dei,
3061 2782 3196 2836 nihil
3232 2780 3538 2849 adoptionis

1952 2878 2158 2932 habens
2174 2876 2257 2930 vel
2279 2875 2556 2931 divisionis
2581 2876 2633 2929 in
2656 2889 2902 2944 persona:
2922 2873 3200 2943 dignitate.
3222 2871 3299 2926 Ea
3320 2880 3535 2935 natura,

1954 2969 2041 3025 cui
2067 2968 2269 3022 dictum
2293 2975 2375 3021 est
2399 2986 2411 3020 :
2454 2965 2617 3021 Terra
2639 2984 2713 3031 es,
2748 2975 2793 3020 et
2821 2966 2875 3019 in
2904 2976 3099 3019 terram
3122 2964 3220 3018 ibis
3251 2960 3415 3034 (Gen.
3449 2978 3536 3028 ιη,

272 3076 308 3113 a
333 3057 611 3128 magniﬁca
632 3054 799 3126 gloria
820 3068 839 3107 :
879 3053 983 3109 Hic
1011 3061 1087 3108 est
1130 3050 1304 3107 Filius
1346 3068 1489 3106 meus
1525 3050 1773 3115 dilectus,
1797 3052 1852 3106 in

1960 3061 2087 3131 l9);
2119 3069 2170 3115 et
2193 3076 2314 3130 quae
2345 3061 2398 3114 in
2421 3075 2529 3114 una
2555 3060 2842 3115 concordia
2878 3072 2977 3128 pro
3003 3057 3240 3127 peccatis
3270 3055 3542 3127 protopla-

271 3165 378 3221 quo
402 3149 531 3202 mihi
556 3148 679 3203 bene
707 3144 996 3216 complacui
1024 3161 1042 3199 :
1081 3153 1131 3198 et
1172 3144 1305 3198 hanc
1338 3160 1511 3198 vocem
1537 3159 1628 3198 nos
1654 3143 1858 3197 audivi-

272 3256 394 3293 mus
419 3240 484 3292 de
511 3236 637 3291 caelo
662 3235 901 3301 allatam,
930 3250 1049 3289 cum
1069 3249 1294 3289 essemus
1324 3248 1443 3287 cum
1470 3234 1583 3303 ipso
1608 3233 1664 3286 in
1689 3241 1861 3287 monte

273 3342 482 3396 sancto,
510 3339 558 3384 et
584 3329 832 3383 habemus
858 3328 1143 3397 ﬁrmiorem
1181 3326 1533 3397 propheticum
1574 3341 1861 3379 sermonem

275 3425 365 3499 (II
398 3425 544 3479 Petr.
571 3440 611 3489 ι,
643 3422 710 3477 16
734 3420 888 3493 seq.).
937 3420 1068 3487 Quis
1108 3427 1191 3475 est
1234 3433 1397 3489 ergo,
1429 3434 1462 3473 ο
1503 3417 1731 3483 fratres,
1773 3416 1863 3471 ille

272 3515 630 3589 propheticus
654 3527 853 3579 sermo,
881 3511 974 3582 qui
996 3526 1061 3566 ex
1084 3510 1186 3565 hoc
1212 3509 1517 3564 testimonio
1543 3508 1637 3563 Dei
1664 3516 1864 3563 sanctae

276 3606 623 3663 auctoritatis
653 3604 1049 3658 ﬁrmamentum
1078 3602 1304 3671 accepit,
1346 3601 1449 3655 nisi
1476 3599 1609 3654 illud
1637 3600 1779 3668 quod
1808 3599 1865 3654 in

274 3698 493 3770 psalmo
521 3696 745 3765 legitur,
778 3703 837 3749 ut
874 3693 1046 3749 sancti
1082 3701 1402 3747 tractatores
1448 3691 1863 3747 intellexerunt:

274 3786 334 3842 Γ
337 3788 463 3841 ilius
509 3802 655 3840 meus
694 3801 747 3839 es
795 3793 871 3849 tu,
903 3800 995 3854 ego
1025 3784 1179 3839 hodie
1217 3782 1371 3853 genui
1400 3791 1446 3835 te
1476 3779 1646 3853 (Psal.
1680 3797 1740 3846 ιι,
1771 3779 1869 3852 7)?

1960 3150 2028 3206 sti
2054 3166 2180 3205 cum
2206 3149 2419 3204 diabolo
2456 3148 2597 3204 facta
2644 3157 2746 3213 est,
2788 3150 2844 3203 in
2882 3163 3047 3203 unam
3087 3162 3372 3218 personam
3417 3160 3541 3202 cum

1959 3241 2054 3296 Dei
2084 3240 2221 3296 Filio
2240 3241 2521 3311 conjuncta
2546 3248 2627 3294 est
2650 3240 2890 3310 praprio,
2915 3253 3023 3294 non
3047 3238 3331 3308 adoptivo:
3354 3245 3544 3308 etquae

1962 3332 2172 3388 diabolo
2193 3340 2412 3403 propter
2440 3340 2720 3401 peccatum
2745 3330 2985 3401 sulijecta
3012 3339 3113 3395 est,
3140 3344 3302 3399 super
3325 3328 3546 3398 angelos

1960 3433 2183 3497 propter
2231 3426 2561 3495 triumphum
2589 3424 2793 3480 Christi
2819 3423 3054 3479 exaltata
3098 3431 3214 3489 est,
3245 3432 3300 3478 et
3338 3423 3546 3479 audivit

1964 3533 1995 3572 a
2042 3518 2151 3572 Deo
2196 3517 2393 3571 Patre:
2450 3515 2583 3571 Sede
2628 3535 2660 3571 a
2694 3516 2891 3571 dextris
2934 3516 3059 3571 meis
3100 3513 3272 3587 (Psal.
3316 3529 3429 3579 cxx,
3467 3512 3544 3586 1).

1966 3607 2238 3678 Quidquid
2265 3609 2408 3663 enim
2452 3608 2505 3661 in
2547 3607 2634 3661 illa
2664 3605 2896 3661 mirabili
2926 3616 2981 3661 et
3024 3604 3281 3660 ineffabili
3325 3602 3548 3673 conjun-

1967 3686 2145 3754 ctione
2176 3698 2472 3752 divinitatis
2502 3698 2957 3766 humanitatisque
2984 3698 3036 3750 in
3064 3695 3341 3751 Salvatore
3360 3702 3548 3750 nostro

1968 3795 2175 3858 gestum
2206 3794 2324 3851 est,
2346 3792 2561 3849 ,cuncta
2590 3784 2758 3839 solida
2798 3793 2851 3838 et
2897 3783 3132 3853 perfecta
3167 3784 3397 3837 veritate
3425 3798 3547 3853 per-

276 3878 442 3947 Quod
473 3879 640 3932 etiam
687 3876 1051 3931 Wslimonium
1096 3874 1472 3947 propheticum
1515 3871 1714 3926 Paulus
1745 3885 1871 3941 ειρο-
1971 3890 2089 3936 acta
2123 3888 2287 3945 sunt;
2321 3887 2382 3933 ut
2421 3878 2669 3934 liberatio
2698 3885 2880 3932 nostra
2902 3892 3030 3932 vera
3061 3880 3162 3942 sit,
3189 3876 3329 3931 sicut
3356 3876 3550 3946 ipsein

275 3972 479 4027 slolica
508 3969 831 4024 auctoritate
858 3966 1057 4022 ludatis
1083 3966 1408 4038 praedicans.
1447 3963 1514 4019 de
1543 3962 1743 4018 Chiis“
1772 3963 1872 4016 ιλιι·
1971 3972 2261 4043 Evangelia
2302 3971 2414 4025 ait:
2446 3970 2503 4025 Si
2533 3970 2720 4025 veritas
2765 3968 3055 4023 liberaverit
3087 3985 3203 4035 vos,
3248 3985 3361 4023 vere
3401 3966 3551 4021 liberi

275 4062 553 4117 maaitate
575 4060 952 4129 prophetatum
973 4072 1093 4113 esse
1118 4064 1343 4111 testatus
1364 4063 1447 4111 est
1465 4074 1477 4108 ε
1498 4054 1568 4109 Et
1592 4070 1684 4109 nos
1710 4053 1855 4108 vobis

1974 4065 2118 4120 eritis
2142 4064 2323 4134 (Joan.
2352 4079 2471 4123 vin,
2497 4061 2611 4133 56).

276 4154 384 4217 ait,
409 4152 787 4207 annuntiamus
816 4166 951 4213 eam,
983 4165 1100 4219 qua:
1139 4149 1209 4201 ad
1253 4145 1440 4201 Patres
1472 4156 1674 4201 nostros
1700 4162 1855 4217 repro-

2044 4156 2132 4212 Vl.
2166 4154 2301 4211 Cum
2344 4155 2521 4210 omnis
2561 4155 2764 4210 veritas
2806 4156 2876 4209 sit
2918 4155 2970 4209 in
3001 4151 3238 4218 Christo,
3286 4150 3553 4223 quomodo

278 4245 472 4300 missio
502 4243 646 4313 facta
674 4252 789 4307 est;
821 4241 1069 4313 quoniam
1094 4242 1229 4294 hanc
1255 4240 1397 4295 Deus
1427 4240 1722 4310 adimplevit
1750 4238 1855 4308 ﬁlii

1973 4264 2082 4304 non
2130 4256 2213 4304 est
2252 4263 2414 4303 verus
2452 4248 2626 4312 Deus,
2657 4256 2749 4302 aut
2784 4264 2943 4303 verus
2978 4247 3146 4303 Filius
3188 4246 3322 4302 Dei?
3366 4243 3556 4300 Nonne

276 4336 507 4399 nostris,
540 4335 854 4388 resuscitans
880 4332 1093 4398 Iesum,
1121 4333 1255 4387 sicut
1283 4340 1331 4386 et
1358 4333 1411 4386 in
1452 4331 1652 4403 psalmo
1681 4347 1721 4386 ιι
1747 4332 1878 4385 scri-
1976 4339 2152 4394 οιηηῑε
2190 4346 2377 4395 sancta
2406 4337 2499 4393 Dei
2528 4339 2769 4411 Ecclesia
2799 4340 2849 4393 in
2878 4339 3120 4410 symbolo
3156 4336 3421 4394 catholico
3464 4337 3556 4392 de.
3656 4344 3663 4353 ν

273 4432 436 4494 ptum
468 4432 543 4477 est
565 4438 584 4475 :
614 4420 789 4476 Filius
827 4439 969 4477 meus
995 4440 1047 4477 es
1074 4433 1153 4488 tu,
1189 4438 1281 4492 ego
1305 4421 1459 4475 hodie
1486 4422 1639 4491 genui
1664 4431 1712 4476 te
1738 4422 1876 4493 (Act.
1905 4436 1958 4497 ι)
1983 4436 2202 4484 camare.
2233 4427 2389 4494 solet,
2421 4428 2754 4499 unigenitum
2778 4428 2870 4483 Dei
2897 4427 3091 4482 Filium
3117 4442 3356 4497 passum,
3382 4432 3439 4481 et
3472 4440 3546 4480 se.

276 4531 413 4579 xm,
440 4512 532 4577 32,
562 4512 674 4583 35).
704 4512 761 4567 1n
788 4526 852 4566 ea
872 4513 1015 4567 enim
1040 4522 1233 4567 natura
1271 4511 1625 4567 resuscitatus
1649 4520 1735 4568 est
1758 4511 1877 4567 Sal-

274 4619 452 4664 vator
482 4616 700 4673 noster,
745 4622 865 4677 qua:
894 4607 959 4662 de
1004 4606 1224 4677 Virgine
1264 4612 1538 4674 assumpta
1579 4613 1681 4660 est.
1726 4605 1795 4659 Et
1819 4613 1880 4659 ut

278 4701 500 4757 certius
522 4700 756 4754 sciamus
783 4698 851 4753 de
878 4712 981 4767 qua
1004 4705 1198 4752 natura
1225 4711 1330 4751 vox
1359 4704 1581 4767 paterna
1617 4696 1883 4751 insenuis-

277 4801 374 4847 set
399 4810 415 4845 :
464 4790 570 4844 Hic
595 4800 670 4844 est
697 4787 872 4843 Filius
909 4804 1054 4842 meus
1083 4787 1302 4843 dilectus
1321 4828 1336 4853 ,
1367 4787 1423 4839 in
1458 4802 1561 4858 quo
1588 4785 1717 4840 mihi
1758 4785 1882 4841 bene

278 4882 614 4955 complacui,
663 4882 926 4953 praemisit
967 4891 1096 4935 ante
1123 4881 1316 4936 beatus
1351 4878 1542 4934 Petrus
1570 4878 1880 4947 apostolus:

277 4978 578 5047 Accipiens
602 4977 741 5032 enim
768 4994 801 5030 a
825 4974 934 5029 Deo
962 4972 1125 5029 Patre
1144 4975 1393 5028 honorem
1413 4982 1459 5028 et
1480 4973 1722 5043 gloriam.
1749 4972 1887 5027 Abs-

277 5082 403 5138 que
425 5067 592 5122 dubio
612 5068 847 5122 humana
870 5074 1061 5121 natura
1081 5066 1288 5136 accepit
1310 5065 1571 5121 honorem
1588 5072 1643 5119 et
1659 5063 1886 5135 gloriam

278 5175 470 5230 quam
498 5158 690 5213 habuit
714 5157 1041 5213 :eternaliter
1070 5158 1321 5214 divinitas
1346 5155 1471 5213 Filii
1501 5154 1598 5212 Dei
1630 5170 1755 5210 cum
1778 5154 1888 5211 Deo

1979 4519 2203 4589 pultum,
2236 4527 2291 4574 et
2320 4519 2479 4572 tertia
2507 4518 2591 4573 die
2618 4518 2997 4580 resurrexisse,
3024 4518 3150 4573 dum
3173 4517 3287 4571 haec
3307 4518 3359 4571 in
3382 4515 3558 4571 forma

1979 4611 2121 4665 servi
2151 4609 2289 4663 facta
2318 4618 2474 4674 sunt,
2521 4625 2627 4664 non
2670 4610 2723 4663 in
2766 4616 2980 4663 aeternae
3019 4607 3315 4661 divinitatis
3355 4605 3557 4676 gloria,

1979 4716 2098 4771 quae
2144 4700 2487 4770 impassibilis
2514 4707 2598 4754 est
2627 4707 2683 4754 et
2724 4698 3043 4753 immortalis
3067 4713 3163 4768 per
3183 4698 3405 4753 omnia?
3449 4695 3560 4752 Sed

1981 4800 2129 4847 tanta
2156 4800 2240 4847 est
2263 4792 2444 4847 unitas
2467 4805 2731 4861 personae,
2757 4797 2816 4843 ut
2851 4789 3106 4844 Dominus
3134 4788 3317 4858 gloria:
3345 4784 3560 4843 cruciﬁ-

1983 4897 2087 4936 xus
2120 4881 2354 4947 dicatur,
2382 4889 2437 4935 et
2460 4880 2769 4950 unigenitus
2794 4880 2951 4934 datus
2974 4879 3038 4933 ad
3066 4879 3391 4949 passionem,
3423 4877 3563 4933 sicut

1985 4971 2240 5042 praefatus
2265 4969 2589 5039 evangelista
2626 4970 2731 5023 ait:
2765 4968 2852 5023 Sic
2879 4971 3016 5023 enim
3038 4968 3219 5024 dilexit
3250 4969 3389 5025 Deus
3411 4985 3563 5025 mun-

1987 5062 2132 5124 dum,
2166 5071 2223 5114 ut
2247 5058 2447 5114 Filium
2474 5077 2627 5115 suum
2658 5063 2977 5132 unigenitum
3003 5062 3171 5135 898
3196 5064 3343 5119 daret
3377 5064 3559 5135 (Joan.

1988 5173 2073 5221 lli,
2108 5154 2213 5227 16).
2243 5154 2412 5221 Quem
2440 5155 2583 5209 enim
2612 5154 2845 5210 Joannes
2876 5156 3206 5227 unigenitum
3244 5158 3387 5215 dicit.
3416 5157 3560 5210 hunc

277 5250 470 5306 Patre
496 5257 552 5304 et
581 5248 786 5319 Spiritu
808 5258 1016 5305 sancto.
1990 5249 2180 5304 beatus
2204 5247 2401 5302 Paulus
2426 5248 2695 5317 apostolus
2720 5250 2993 5319 proprium
3020 5250 3214 5307 Filium
3244 5248 3559 5314 nominavit,

368 5342 441 5398 Ἴ.
501 5340 682 5396 Multis
727 5341 1050 5397 testimoniis
1097 5341 1163 5397 de
1210 5349 1521 5397 sanctarum
1570 5337 1893 5394 auctoritate
1993 5341 2083 5396 ubi
2116 5341 2221 5395 ait:
2261 5340 2364 5407 Qui
2390 5346 2600 5414 proprio
2628 5341 2768 5397 Filio
2797 5361 2893 5398 suo
2940 5362 3041 5398 non
3081 5344 3323 5415 pepercit,
3353 5341 3444 5397 sed
3470 5357 3565 5412 pro

278 5433 720 5504 Scripturarum
768 5432 987 5502 probari
1016 5432 1217 5502 poterit
1263 5431 1449 5486 Iesum
1493 5429 1767 5486 Christum
1803 5444 1896 5485 ve-
1996 5431 2141 5486 nobis
2169 5432 2405 5487 omnibus
2448 5433 2667 5487 tradidit
2702 5450 2819 5488 eum
2853 5433 3044 5505 (Rom.
3079 5450 3194 5497 vin,
3220 5431 3341 5504 52).
3391 5431 3565 5498 Quem

274 5543 427 5581 rum
456 5526 559 5583 Dei
583 5540 703 5581 esse
724 5525 939 5593 Filium,
972 5526 1063 5597 qui
1102 5540 1169 5581 ex
1206 5526 1363 5580 beata
1390 5525 1595 5595 virgine
1622 5524 1786 5578 Maria
1812 5524 1896 5578 fa-
1998 5523 2179 5578 datum
2208 5524 2273 5579 ad
2296 5525 2600 5593 passionem
2628 5525 2764 5579 dixit
2794 5523 3137 5594 evangelista,
3169 5524 3312 5577 hunc
3338 5521 3565 5593 Aposto-

277 5626 427 5672 ctus
456 5624 544 5671 est
572 5617 757 5671 homo.
789 5616 896 5673 Sed
925 5619 1010 5673 cui
1040 5619 1155 5674 hare
1178 5616 1488 5673 testimonia
1526 5617 1773 5671 altissimi
1804 5617 1896 5673 Dei
1997 5615 2083 5671 lus
2112 5616 2364 5670 traditum
2406 5631 2525 5671 esse
2559 5632 2656 5687 pro
2686 5615 2840 5671 nobis
2879 5614 3131 5670 ostendit.
3176 5612 3281 5667 Sed
3320 5629 3459 5669 unus
3486 5621 3568 5670 est

278 5708 497 5767 Patris
519 5723 632 5768 non
659 5709 947 5781 sufﬁciunt,
977 5714 1163 5783 nescio
1192 5710 1323 5786 quid
1353 5711 1404 5771 ei
1430 5708 1676 5771 sullicere
1704 5712 1895 5769 valeat.
2000 5708 2167 5767 Filius
2194 5708 2288 5765 Dei
2314 5707 2469 5766 Jesus
2507 5707 2752 5765 Christus
2771 5748 2785 5773 ,
2837 5706 3101 5779 uniusque
3131 5705 3331 5778 absque
3359 5706 3568 5763 dubita-
