4030 6358
261 249 356 306 ΞΠ

898 244 1323 304 ΒΟΕΜΑΤΙΟΔ.
1357 272 1432 289 -
1463 241 1625 302 ΔῙΠ.
1664 237 1844 298 ΕιιΡι

1945 237 2068 296 ΠΜ
2102 238 2284 300 LIBRI
2320 237 2410 298 iV.
2448 267 2518 280 —
2553 235 2682 296 LIB.
2718 233 2809 292 ιιι.

3399 235 3505 293 2³18

261 364 446 420 hiscum
490 357 634 414 Deus
661 355 876 429 (Matth.
916 373 958 422 ι,
1002 357 1117 431 25).
1141 357 1241 417 Cui
1266 372 1480 416 rursum
1508 355 1650 412 idem
1689 353 1822 410 Pro-
1844 357 1897 418 Α
1923 351 2038 421 ipse
2084 350 2398 406 terminavit
2449 349 2736 414 sententia,
2783 346 2972 402 dicens
3002 362 3020 400 :
3051 343 3199 402 Tunc
3238 346 3388 402 ibunt
3417 349 3505 418 hi,

259 456 412 530 pheta
451 453 554 508 sub
579 451 778 508 senarii
809 452 1022 508 numeri
1063 453 1394 522 perfectione
1417 451 1570 523 plura
1619 450 1826 506 addidit

260 547 487 612 nomina,
518 542 611 600 ubi
643 543 720 598 ait
750 560 764 596 :
796 540 1061 600 Parvulas
1095 552 1250 598 natus
1275 553 1350 600 est
1380 543 1548 607 nobis,
1581 550 1630 597 et
1653 539 1825 596 Filius

261 640 404 694 datus
447 645 526 691 est
573 635 721 689 nobis
768 632 954 704 (Isaia:
977 649 1053 702 ιχ,
1083 634 1159 706 6).
1183 635 1250 690 Et
1269 650 1340 692 ne
1361 635 1584 690 dubium
1607 633 1830 689 cuilibet

262 729 389 785 foret
411 727 480 784 de
516 741 625 796 quo
652 724 894 789 dixisset,
932 723 1214 793 adiunxit:
1245 735 1294 782 et
1327 727 1498 796 factus
1526 733 1601 780 est
1629 723 1829 795 princi-

261 832 401 894 patus
437 836 596 892 super
617 820 891 876 humerum
911 819 1024 890 ejus
1041 859 1058 884 ,
1083 819 1271 889 utique
1301 818 1632 875 Salvatorem
1664 819 1830 888 signi-

262 913 418 968 ﬁcans
451 919 719 976 nostrum,
757 912 850 982 qui
871 926 1175 982 properans
1210 912 1278 967 ad
1313 911 1580 982 passionis
1629 912 1823 977 locum,

263 1011 452 1058 sancta:
471 1002 675 1059 Crucis
694 1003 948 1060 vexillum
970 1020 1066 1059 suo
1088 1014 1308 1074 portare
1327 1006 1552 1060 humero
1580 1005 1736 1075 digna
1745 1013 1830 1061 tus

262 1100 355 1148 est.
383 1092 482 1147 Cui
506 1091 732 1162 parvulo
756 1108 884 1148 mox
908 1093 1206 1149 distinctim
1231 1095 1345 1152 haec
1363 1095 1708 1165 proprietatis
1729 1111 1829 1150 no-

263 1183 394 1236 mina
425 1182 684 1252 imposuit
731 1198 746 1236 :
799 1183 870 1238 Et
921 1185 1210 1252 vocabitur,
1267 1186 1460 1254 inquit,
1494 1203 1680 1241 nomen
1715 1188 1830 1256 ejus

262 1273 600 1338 admirabilis,
633 1274 992 1342 consiliarius,
1033 1275 1194 1343 Deus,
1249 1276 1418 1346 fortis,
1465 1279 1705 1349 princeps
1742 1295 1831 1348 pa-

261 1368 348 1430 cis,
384 1377 536 1436 pater
555 1366 724 1436 futuri
756 1368 968 1434 saeculi;
996 1369 1073 1422 nil
1095 1370 1398 1438 adoptionis
1423 1370 1510 1425 vel
1558 1385 1832 1440 nuncupa-

260 1459 484 1528 pationis
508 1459 594 1514 his
615 1460 817 1515 addens
850 1462 1187 1528 nominibus;
1211 1463 1304 1518 sed
1331 1464 1490 1532 plane
1513 1479 1677 1534 quem
1702 1479 1830 1533 par-

262 1551 436 1606 vulum
465 1562 654 1608 natum
678 1561 733 1608 et
767 1553 962 1610 Filium
993 1556 1149 1610 nobis
1179 1557 1361 1612 datum
1393 1557 1660 1627 prmdixit,
1689 1557 1834 1612 hunc

261 1644 502 1699 eumdem
554 1645 746 1710 Deum,
800 1662 907 1702 non
959 1647 1134 1704 solum
1189 1648 1380 1715 Deum,
1421 1650 1518 1705 sed
1557 1659 1611 1704 et
1635 1649 1834 1705 fortem

1925 443 1981 499 id
2008 448 2112 508 est,
2141 441 2316 510 impii,
2342 441 2400 496 in
2432 440 2744 512 supplicium
2767 447 3022 494 aeternum
3043 451 3062 490 :
3081 437 3218 509 justi
3247 449 3422 493 autem
3450 441 3510 495 in

1924 534 2086 589 uitam
2121 543 2370 590 teternam
2411 532 2576 604 (Ibid.
2608 532 2723 605 46).
2753 532 2832 586 De
2875 545 2983 602 quo
3025 531 3185 587 etiam
3219 531 3424 603 judicio
3449 539 3507 588 et

1925 627 2041 698 ipse
2084 627 2272 683 doctor
2313 627 2556 698 gentium
2597 625 2992 684 dixit:0mnes
3029 636 3228 698 oportet
3249 643 3344 682 nos
3369 635 3511 682 stare

1927 731 2049 776 ante
2095 720 2327 776 tribunal
2359 720 2553 788 Christi
2582 720 2669 792 (11
2698 721 2822 779 Cor.
2857 740 2913 789 v,
2942 721 3052 794 10).
3082 722 3236 790 Quod
3274 721 3514 779 tribunal

1928 811 2128 870 Christi
2179 813 2235 868 in
2278 813 2384 869 alio
2427 812 2547 868 loco
2588 813 2888 870 nominavit
2915 813 3150 868 tribunal
3175 813 3514 877 Dei,'osten-

1930 907 2064 964 deus
2117 905 2394 963 Christum
2419 922 2538 962 esse
2567 905 2737 962 Deum
2763 906 2926 962 etiam
2956 915 3010 965 et
3033 922 3286 978 magnum
3316 905 3510 972 Deum,

1927 1000 2021 1054 ubi
2069 1000 2146 1055 ait
2194 1018 2207 1055 :
2263 1000 2640 1072 Exspectantes
2685 998 2890 1054 beatam
2935 1016 3078 1070 spem
3124 1009 3174 1053 et
3232 998 3512 1053 adventum

1928 1091 2104 1160 magni
2154 1091 2252 1146 Dei
2300 1101 2348 1146 et
2413 1089 2703 1146 Saluatoris
2751 1091 2916 1144 nostri
2965 1088 3097 1143 Je‘s-u
3149 1087 3341 1146 Christi
3388 1089 3514 1161 (Tit.

1929 1197 1992 1247 ιι,
2036 1182 2146 1254 15).
2181 1183 2257 1238 De
2285 1198 2392 1254 quo
2418 1191 2475 1238 et
2515 1181 2752 1240 Joannes
2781 1180 3113 1252 evangelista
3143 1181 3219 1234 ait
3252 1199 3264 1234 :
3298 1180 3400 1234 Hic
3429 1197 3516 1235 ve-

1930 1289 2020 1328 rus
2075 1285 2151 1329 est
2195 1275 2358 1343 Deus,
2403 1286 2451 1332 et
2486 1278 2591 1332 vita
2639 1284 2834 1330 (eterna
2879 1273 2931 1347 (Ι
2959 1275 3118 1329 Joan.
3172 1290 3226 1339 v,
3269 1273 3380 1345 20).
3411 1274 3521 1329 Nec

1932 1367 2075 1422 nuda
2106 1369 2180 1423 ibi
2230 1371 2562 1440 nuncupatio
2607 1369 2787 1426 locum
2818 1367 3044 1434 invenit,
3085 1365 3177 1422 ubi
3205 1374 3287 1420 est
3319 1367 3524 1421 veritas

1931 1462 2150 1522 virtutis
2176 1462 2394 1528 divinae,
2425 1478 2591 1533 quam
2633 1462 2921 1517 veritatem
2968 1460 3163 1515 divinae
3213 1459 3432 1513 virtutis
3466 1459 3523 1513 in

1934 1559 2047 1616 lilio
2087 1558 2323 1614 hominis
2367 1573 2508 1622 esse,
2543 1558 2602 1611 in
2640 1556 2875 1611 sanitate
2912 1552 3194 1624 paralytici
3223 1553 3335 1622 ipse
3365 1550 3517 1607 Chri-

1937 1663 2054 1711 stus
2101 1652 2359 1717 ostendit,
2422 1651 2514 1706 ubi
2566 1649 2764 1706 Judmis
2795 1646 3156 1718 cogitantibus
3211 1645 3355 1700 inter
3387 1660 3446 1700 se
3499 1661 3515 1699 :

263 1735 420 1789 Deum
463 1736 772 1805 δνβθηίλνίῐ·
825 1738 958 1794 Item
1007 1747 1132 1808 post
1158 1741 1388 1810 plurima
1417 1741 1610 1797 divinae
1657 1742 1832 1797 laudis
1860 1727 1910 1790 Β
1936 1747 2066 1816 Quis
2093 1755 2258 1818 potest
2285 1752 2499 1816 peccata
2549 1743 2836 1808 dimittere,
2865 1741 2965 1795 nisi
3000 1739 3143 1794 solus
3191 1737 3332 1792 Deus
3353 1738 3378 1790 7
3432 1752 3522 1793 re-

262 1827 506 1897 insignia,
533 1829 801 1894 eumdem,
830 1845 992 1898 quem
1013 1831 1430 1902 Redemptorem
1459 1833 1664 1888 sciebat
1703 1849 1833 1888 ven-

263 1927 455 1983 turum,
486 1919 768 1975 Dominum
800 1922 1120 1977 exercituum
1164 1933 1220 1980 et
1267 1925 1436 1980 Deum
1467 1927 1636 1980 omnis
1678 1936 1832 1981 term

264 2013 435 2067 vocari
461 2014 746 2082 praedixit;
777 2017 868 2071 ubi
896 2017 1040 2082 huic.
1073 2034 1191 2089 quae
1211 2021 1480 2089 quondam
1514 2022 1570 2076 in
1596 2021 1830 2076 viduita-

263 2106 328 2157 tis
379 2120 614 2162 mmrore
650 2107 895 2175 sedebat,
959 2110 1194 2178 plurima
1243 2112 1628 2168 consolationis
1668 2114 1834 2169 verba

263 2195 587 2265 proferebat,
632 2197 960 2270 subjungens
988 2215 1004 2255 :
1037 2201 1193 2267 Quia,
1238 2204 1435 2272 inquit,
1479 2205 1835 2259 dominabitur

262 2285 359 2348 tui,
411 2287 498 2355 qui
535 2286 657 2354 fecit
695 2298 763 2353 te,
801 2289 1058 2346 Dominus
1087 2295 1409 2350 exercituum
1470 2311 1657 2350 nomen
1678 2295 1832 2364 ejus:

261 2385 310 2430 ct
335 2375 645 2446 Redemptor
685 2387 804 2434 tuus
826 2390 1042 2436 sanctus
1072 2381 1266 2450 Israel,
1299 2384 1441 2440 Deus
1485 2387 1653 2440 omnis
1681 2393 1835 2441 teme

262 2468 525 2522 vocabitur
546 2469 703 2540 (lsai.
737 2488 848 2538 Liv,
887 2473 963 2544 5).

332 2560 400 2615 Χ.
455 2561 662 2629 Quibus
696 2565 860 2620 etiam
905 2566 1214 2624 nominibus
1265 2583 1500 2626 consona
1551 2569 1838 2628 Psalmista

262 2654 534 2710 concinuit
561 2671 689 2712 voce
717 2671 731 2710 :
765 2658 896 2724 Quis
920 2669 996 2714 est
1020 2659 1137 2728 iste,
1162 2662 1472 2726 decantans,
1502 2678 1594 2718 rex
1619 2663 1841 2734 gloria?

264 2743 518 2802 Dominus
560 2747 712 2818 {ortis
736 2759 786 2804 et
830 2761 1031 2820 potens,
1067 2751 1323 2807 Dominus
1353 2762 1532 2823 potens
1553 2755 1608 2808 in
1634 2753 1836 2824 praelia.

265 2837 333 2892 Et
360 2840 534 2895 adhuc
580 2841 802 2906 addidit,
855 2844 997 2898 sicut
1027 2853 1152 2900 ante
1175 2844 1520 2916 praediximus
1548 2846 1841 2902 :Dominus

265 2931 513 2984 uirtutum
562 2932 671 3002 ipse
702 2943 776 2988 est
807 2951 896 2988 res:
943 2934 1124 3005 gloria:
1167 2935 1342 3006 (Psal.
1371 2952 1530 3003 xxm,
1575 2937 1745 3008 8-10).
1775 2938 1843 2992 Et

265 3021 396 3074 alibi
427 3040 438 3074 :
472 3019 654 3076 Gloria
695 3033 742 3076 et
773 3024 968 3079 honore
997 3026 1260 3080 coronasti
1286 3043 1424 3091 eum,
1452 3038 1499 3081 et
1524 3028 1841 3082 constituisti

265 3128 386 3164 eum
423 3128 576 3181 super
612 3129 768 3182 opera
795 3130 1046 3168 manuum
1073 3124 1306 3169 tuarum.
1349 3115 1540 3180 Omnia
1577 3117 1845 3186 subjecisti

265 3201 361 3256 sub
398 3203 616 3270 pedibus
644 3203 780 3272 ejus.
812 3201 984 3276 (Psal.
1034 3221 1152 3271 vm,
1201 3207 1234 3260 6
1289 3207 1420 3279 seq.)
1459 3208 1578 3274 Quo
1599 3208 1846 3278 exemplo

265 3289 396 3344 dum
429 3290 716 3360 Apostolus
743 3293 820 3346 uti
846 3294 1034 3361 voluit,
1067 3295 1264 3364 adjecit
1293 3315 1306 3350 :
1340 3297 1409 3352 In
1440 3315 1498 3352 eo
1521 3300 1679 3364 enim,
1705 3298 1846 3369 quod

265 3383 428 3447 dixit,
461 3385 635 3437 omnia
666 3385 930 3456 subjecisti
953 3387 1046 3440 sub
1084 3389 1296 3457 pedibus
1335 3390 1468 3460 ejus,
1493 3391 1624 3446 nihil
1650 3391 1848 3448 dimisit

267 3492 373 3529 non
405 3474 454 3528 ei
482 3475 770 3546 subjectum
801 3476 986 3550 (Hebr.
1021 3496 1084 3546 ιι,
1107 3479 1183 3552 8).
1214 3481 1466 3551 Nunquid
1502 3482 1659 3538 alicui
1684 3483 1848 3554 adop-

266 3565 384 3619 tivo
417 3565 546 3632 lilio,
596 3567 683 3621 vel
725 3570 1088 3640 nuncupativo
1114 3571 1224 3628 Deo
1246 3573 1428 3629 omnia
1455 3573 1699 3644 subjecta
1725 3590 1847 3632 esse

267 3655 602 3712 credendum
630 3667 732 3724 est,
777 3667 835 3713 et
887 3675 994 3714 non
1050 3661 1224 3732 magis
1265 3661 1348 3732 illi
1394 3664 1515 3729 soli,
1581 3666 1674 3735 qui
1726 3666 1848 3721 uni-

264 3748 488 3820 genitus
528 3756 632 3814 est,
660 3756 716 3803 et
749 3751 1000 3821 proprius
1029 3752 1123 3807 Dei
1152 3752 1319 3808 Filius
1357 3755 1412 3809 in
1463 3757 1690 3812 duarum
1718 3775 1849 3816 cou-

258 3836 549 3907 junctione
571 3842 911 3896 naturarum?
934 3843 1008 3898 De
1030 3860 1136 3914 quo
1145 3846 1400 3914 praefatus
1424 3847 1710 3906 Psalmista
1727 3851 1848 3906 lau-

263 3929 435 3984 dabili
460 3939 682 3998 peracto
723 3932 910 3988 salutis
948 3945 1147 3991 nostra:
1179 3938 1448 4008 triumpho
1467 3940 1851 4000 aitzAscendit

262 4021 412 4081 Deus
459 4023 512 4080 in
529 4023 866 4096 jztbilatione,
913 4036 960 4084 et
988 4027 1243 4086 Dominus
1270 4033 1325 4087 in
1350 4051 1469 4089 uoce
1506 4035 1642 4090 tuba:
1671 4035 1848 4108 (Psal.

263 4132 419 4181 ιιι-ι,
452 4115 528 4186 6).
580 4116 720 4172 Deus
767 4120 1016 4185 ascendit,
1070 4120 1222 4187 dixit,
1255 4131 1311 4176 et
1356 4122 1614 4180 Dominus
1661 4129 1847 4182 ueniet.

263 4205 391 4274 Quo
419 4206 690 4262 versiculo
711 4211 860 4278 paria
891 4198 1214 4268 asCendente
1238 4211 1453 4268 Christo
1473 4215 1718 4286 angelica
1744 4234 1850 4274 vox

262 4300 586 4370 apostolicis
641 4302 880 4357 insonuit
918 4304 1160 4370 auribus,
1190 4305 1418 4364 dicens:
1460 4306 1570 4361 Viri
1614 4308 1849 4380 Galilcei,

215 4392 218 4394 ⁷
260 4391 397 4461 quid
423 4391 508 4445 hic
552 4393 700 4446 statis
744 4396 1045 4465 aspicientes
1086 4398 1140 4451 in
1169 4397 1390 4452 aetum?
1441 4400 1523 4453 hic
1557 4398 1732 4466 Iesus,
1761 4406 1850 4474 qui

263 4493 574 4554 assumptus
615 4495 690 4539 est
717 4503 751 4540 a
793 4488 954 4554 vobis,
992 4490 1066 4543 sic
1097 4491 1274 4557 ueniet,
1315 4493 1749 4563 quemadmodum
1776 4497 1854 4550 vi-

264 4574 429 4627 distis
480 4591 599 4628 eum
651 4586 853 4630 euntem
907 4579 963 4632 in
1020 4580 1204 4634 ctelum
1257 4581 1394 4654 (Act.
1463 4585 1640 4655 ι,11).
1690 4585 1856 4656 Cujus

261 4663 546 4720 adventus
591 4666 1078 4724 manifestationem
1124 4680 1496 4743 terroremque
1524 4673 1855 4746 Psalmigra-

259 4756 416 4828 phus
448 4759 685 4813 ostendit
714 4778 726 4812 :
755 4759 898 4815 Deus
923 4763 1252 4833 manifestus,
1278 4765 1481 4830 dicens,
1506 4766 1692 4833 veniet,
1719 4768 1858 4825 Deus

264 4857 455 4900 noster
503 4865 609 4903 non
645 4850 816 4904 silebit
865 4851 1038 4925 (Psal.
1088 4871 1235 4922 xux,
1286 4856 1363 4928 5).
1420 4857 1564 4913 Deus
1598 4866 1682 4914 est
1730 4875 1861 4931 ergo

261 4937 414 5008 ipse,
465 4939 558 5010 qui
610 4950 666 4996 et
714 4941 856 4999 illius
899 4945 1155 5012 hominis,
1195 4955 1320 5002 ante
1364 4949 1516 5018 cujus
1561 4949 1862 5020 maiestatis

261 5027 541 5084 thronum
587 5033 1062 5103 congregabuntur
1109 5037 1273 5108 900
1317 5054 1506 5094 omnes
1551 5051 1761 5110 gentes,
1807 5049 1864 5098 et

262 5119 562 5176 discernet
609 5138 702 5178 eas
731 5124 869 5180 sicut
899 5136 1086 5196 pastor
1131 5144 1368 5200 gregem,
1398 5138 1644 5188 statuens
1671 5148 1800 5188 oves
1829 5149 1864 5188 a

260 5209 510 5279 dextris,
557 5213 740 5271 haedos
779 5225 961 5272 autem
991 5235 1023 5274 a
1053 5219 1306 5278 sinistris.
1337 5222 1406 5278 Et
1451 5231 1512 5280 ut
1538 5239 1663 5279 eum
1691 5226 1864 5297 magis

259 5304 368 5360 illa
394 5307 486 5360 die
508 5321 692 5377 regem
723 5309 1030 5378 timeamus,
1056 5327 1218 5382 quam
1239 5330 1456 5370 servum
1478 5313 1862 5385 despiciamus,

257 5397 354 5450 ait
380 5397 504 5469 ipse
537 5417 551 5452 :
587 5399 730 5456 Tunc
766 5403 900 5458 dicet
926 5422 1016 5459 rea:
1055 5407 1134 5460 his
1159 5408 1249 5478 qui
1290 5425 1322 5461 a
1345 5408 1543 5462 dextris
1575 5409 1688 5478 ejus
1719 5420 1862 5476 sunt,

255 5496 329 5542 et
353 5497 559 5543 caetera
573 5505 690 5559 qua:
710 5502 1010 5564 sequuntur
1031 5495 1085 5549 in
1107 5496 1431 5550 discretione
1447 5495 1676 5552 duorum
1697 5500 1868 5569 agmi—

255 5595 431 5654 num,
486 5579 759 5648 iustorum
830 5585 1036 5642 scilicet
1091 5598 1257 5660 atque
1313 5588 1601 5658 impiorum
1649 5589 1864 5664 (Matth.

254 5687 410 5744 xxv,
469 5673 584 5752 54).
633 5674 800 5751 Cujus
841 5677 1032 5750 iudicii
1075 5681 1325 5738 ultimam
1355 5680 1737 5740 discretionem
1765 5683 1870 5742 hac

1933 1839 2174 1909 spondit:
2195 1835 2263 1890 Ut
2288 1833 2466 1890 sciatis
2489 1833 2614 1904 quia
2640 1831 2816 1885 Filius
2837 1831 3065 1884 hominis
3089 1838 3392 1900 potestatem
3421 1827 3519 1882 ha-

1935 1928 2016 1983 bc:
2049 1928 2104 1980 in
2135 1935 2277 1980 terra
2317 1922 2612 1978 dimittendi
2639 1931 2874 1992 peccatu,
2905 1930 3030 1974 tunc
3074 1920 3148 1974 ait
3184 1919 3475 1990 paralytico
3499 1935 3523 1976 :

1934 2019 2123 2091 Surge,
2159 2017 2282 2073 tolle
2327 2018 2516 2071 lectum
2570 2025 2737 2080 tuum,
2773 2023 2822 2070 et
2855 2013 2983 2068 vade
3024 2013 3082 2067 in
3130 2011 3341 2066 domum
3377 2022 3526 2066 tuam

1936 2109 2155 2183 (Matth.
2183 2125 2260 2174 ιχ,
2285 2107 2360 2179 6).
2391 2106 2460 2162 Et
2483 2119 2669 2168 vocem
2688 2103 2924 2174 iubentis
2945 2119 3073 2162 mox
3087 2103 3292 2160 sanitas
3314 2101 3527 2174 paraly-

1935 2201 2030 2256 tici
2078 2205 2371 2255 consecuta
2401 2205 2505 2252 est.

2007 2291 2098 2346 XI.
2139 2293 2217 2347 Ac
2261 2307 2329 2346 ne
2380 2291 2521 2348 forte
2549 2290 2673 2362 quis
2703 2291 2950 2348 dubitare
3004 2295 3170 2360 queat
3210 2304 3278 2342 an
3306 2288 3394 2343 ille
3433 2288 3527 2358 qui

1935 2399 2130 2456 passus
2154 2392 2238 2438 est
2279 2383 2579 2438 divinitatis
2622 2383 2820 2438 habeat
2869 2380 3120 2454 gloriam,
3150 2380 3293 2452 legat
3321 2379 3375 2432 in
3418 2378 3524 2433 Da-

1939 2476 2078 2531 niele
2125 2475 2270 2530 illius
2321 2473 2788 2530 excellentissuma
2834 2479 3234 2528 sacramentum
3277 2469 3522 2534 visionis,

1937 2565 2030 2621 ubi
2077 2565 2213 2620 vidit
2263 2563 2432 2618 ﬁlium
2461 2565 2696 2618 hominis
2742 2563 2810 2618 ad
2867 2564 3152 2632 antiquum
3203 2561 3527 2630 perductum

1941 2671 2062 2711 esse
2115 2655 2324 2710 dierum
2358 2671 2370 2707 :
2402 2654 2751 2724 Aspiciebam,
2779 2655 2974 2724 inquit,
3031 2655 3086 2707 in
3112 2654 3307 2707 visione
3338 2653 3527 2717 noctis,

1942 2754 1992 2800 et
2013 2761 2127 2799 ecce
2152 2759 2269 2798 cum
2297 2743 2519 2798 nubibus
2542 2742 2654 2798 εωῑὶ
2681 2745 2831 2814 quasi
2852 2743 2995 2811 ﬁlius
3017 2743 3244 2796 hominis
3274 2742 3524 2808 veniebat,

1943 2845 1992 2890 et
2021 2851 2184 2906 usque
2209 2835 2276 2888 ad
2309 2835 2583 2906 antiquum
2606 2834 2809 2889 dierum
2832 2833 3078 2906 per-venit,
3102 2842 3150 2886 et
3175 2833 3230 2886 in
3257 2841 3530 2903 conspectu

1944 2929 2060 3000 ejus
2088 2927 2386 2982 obtulerunt
2441 2945 2580 2994 eum,
2612 2936 2661 2982 et
2699 2927 2840 2981 dedit
2870 2929 2916 2981 ei
2944 2934 3264 2997 potestatem,
3296 2934 3343 2978 et
3370 2924 3532 2978 hono-

1947 3038 2080 3087 rem,
2123 3031 2170 3075 et
2201 3037 2456 3092 regnum;
2484 3031 2532 3074 et
2573 3037 2748 3074 omnes
2791 3019 2992 3092 pepuli,
3043 3019 3208 3073 tribus
3240 3027 3288 3072 et
3339 3017 3530 3088 lingua:

1949 3111 2050 3182 ipsi
2095 3113 2331 3167 servient.
2367 3111 2608 3168 Potestas
2638 3113 2772 3184 ejus,
2795 3121 3022 3184 potestas
3046 3122 3265 3177 teterna,
3288 3127 3404 3182 qua:
3428 3128 3533 3166 non

1948 3206 2254 3276 auferetur;
2303 3215 2351 3260 et
2400 3222 2614 3276 regnum
2665 3205 2800 3276 ejus,
2845 3205 2985 3277 quod
3039 3221 3143 3260 non
3173 3211 3533 3272 corrumpetur

1949 3296 2112 3368 (Dan.
2147 3313 2242 3362 vn,
2272 3297 2476 3369 1344).
2510 3296 2608 3351 Cui
2639 3295 2830 3352 beatus
2860 3295 3096 3351 Joannes
3118 3295 3455 3364 evangelista
3478 3294 3533 3348 in
3565 3323 3584 3337 -

1949 3387 2368 3445 rcvelationibus
2391 3389 2506 3444 suis
2531 3389 2688 3445 valde
2709 3388 2936 3460 aequalia
2972 3405 3031 3444 se
3066 3388 3266 3442 vidisse
3289 3385 3354 3441 de
3377 3385 3535 3442 Chri—

1949 3489 2058 3548 sto,
2087 3481 2178 3552 qui
2206 3482 2417 3536 occisus
2444 3489 2548 3546 est,
2579 3491 2808 3537 testatur
2837 3500 2851 3536 :
2878 3481 2947 3536 Et
2969 3481 3093 3546 vidi,
3121 3481 3316 3550 inquit,
3344 3489 3391 3532 et
3421 3496 3536 3533 ecce

1948 3576 2004 3630 in
2031 3577 2200 3630 medio
2231 3576 2404 3630 throni
2427 3586 2656 3647 quatuor
2694 3576 2970 3641 animalia,
3019 3584 3066 3630 et
3091 3575 3148 3630 in
3173 3573 3342 3628 medio
3369 3573 3539 3628 senio-

1950 3681 2069 3722 rum
2105 3683 2298 3736 agnum
2325 3675 2549 3722 stantem
2575 3676 2824 3739 tanquam
2847 3667 3093 3731 occisum,
3127 3666 3400 3721 habentem
3423 3681 3540 3719 cor-

1950 3773 2058 3812 nua
2079 3767 2294 3828 septem,
2317 3765 2366 3811 et
2393 3756 2571 3812 oculos
2599 3768 2812 3829 septem,
2842 3761 2932 3829 qui
2952 3768 3070 3813 sunt
3103 3768 3294 3828 septem
3324 3756 3537 3827 spiritus

1950 3844 2050 3900 Dei
2069 3845 2215 3899 missi
2237 3847 2293 3900 in
2318 3861 2521 3900 omnem
2543 3855 2737 3901 terram
2764 3846 2945 3919 (Apoc.
2977 3865 3034 3912 v,
3059 3847 3136 3918 6).
3161 3846 3228 3899 Et
3252 3854 3375 3916 post
3397 3861 3534 3914 pau-

1949 3953 2036 4003 ca,
2062 3946 2296 4008 quatuor
2315 3938 2566 3995 animalia
2593 3948 2648 3994 et
2669 3939 2855 4010 viginti
2883 3949 3115 4009 quatuor
3143 3940 3384 3995 seniores
3404 3955 3536 3994 can-

1947 4038 2066 4086 tare
2091 4038 2356 4084 memorat
2380 4047 2393 4084 :
2420 4029 2624 4101 Dignus
2648 4047 2722 4096 es,
2754 4029 2976 4084 Domine
3004 4030 3167 4096 Deus,
3203 4032 3436 4101 accipere
3467 4029 3534 4083 li-

1953 4119 2102 4174 brum
2140 4129 2187 4175 et
2217 4120 2413 4175 solvere
2453 4121 2726 4191 signacula
2754 4121 2892 4190 ejus,
2935 4122 3182 4180 quoniam
3219 4123 3418 4175 occisus
3463 4137 3539 4188 es,

1951 4221 2002 4266 et
2028 4212 2291 4266 redemisti
2330 4229 2422 4266 nos
2452 4211 2562 4266 Deo
2587 4213 2643 4265 in
2664 4212 2918 4282 sanguine
2941 4220 3028 4266 tuo
3057 4211 3217 4284 (Ibid.
3247 4213 3300 4278 8,
3332 4212 3408 4282 9).
3443 4211 3541 4267 Cui

1951 4305 2191 4359 victoriae
2210 4304 2385 4358 omnis
2406 4303 2667 4359 caelorum
2690 4305 2962 4360 exercitus
2984 4313 3290 4370 attestatur,
3308 4305 3494 4360 dicens
3524 4323 3538 4360 :

1952 4394 2156 4467 Dignus
2186 4405 2260 4450 est
2290 4412 2456 4466 agnus
2480 4398 2570 4466 qui
2601 4398 2800 4451 occisus
2828 4407 2923 4463 est,
2964 4399 3195 4470 accipere
3225 4397 3470 4469 gloriam,
3494 4409 3542 4452 et

1952 4445 2152 4467 —’a""'
2293 4445 2451 4466 Tm
2482 4445 2566 4466 τ--τ
2603 4445 2797 4451 -ν--ν-τ-
2829 4445 2923 4463 my
2965 4445 3070 4452 ην-
3114 4445 3192 4452 --ν

1878 4445 1933 4507 D
1960 4487 2229 4553 honorem,
2261 4497 2310 4542 et
2348 4487 2692 4555 divinitatem,
2729 4499 2777 4543 et
2808 4445 3188 4559 fortitudingm,
3221 4445 3267 4543 ἔτ
3310 4499 3542 4560 potesta-

1962 4585 2063 4630 tem
2113 4575 2274 4648 (Ibid.
2325 4576 2434 4648 12).
2479 4576 2618 4632 Ecce
2645 4593 2817 4648 agnus
2843 4579 3077 4644 occisus,
3109 4579 3313 4662 lipbens
3341 4595 3540 4634 cornua

1964 4677 2192 4738 septem,
2237 4668 2290 4724 id
2312 4677 2418 4734 est,
2453 4669 2619 4725 totius
2664 4670 2850 4725 mundi
2879 4684 3076 4740 regna;
3107 4671 3313 4725 habens
3360 4671 3544 4726 oculos

1966 4771 2198 4832 septem,
2235 4761 2289 4816 id
2313 4770 2418 4825 est,
2439 4762 2579 4816 dona
2607 4761 2938 4832 septiformis
2958 4761 3212 4833 Spiritus,
3242 4779 3361 4834 quae
3379 4764 3546 4820 Isaias

1969 4854 2290 4910 nominatim
2331 4868 2496 4924 super
2521 4852 2732 4920 ﬂorem,
2760 4855 2854 4924 qui
2877 4855 2944 4910 de
2972 4856 3124 4926 virga
3167 4857 3369 4912 radicis
3393 4855 3546 4913 Jesse

1963 4946 2230 5012 ascendit,
2258 4947 2602 5014 requiescere
2631 4947 2902 5016 pmdixit.
2945 4949 3088 5004 Ecce
3113 4947 3376 5004 Dominus
3401 4949 3546 5004 Deus

1962 5037 2176 5093 occisus
2212 5036 2431 5102 dicitur,
2473 5036 2564 5105 qui
2604 5051 2707 5092 nos
2749 5036 2981 5093 redemit
3027 5041 3290 5110 sanguine
3336 5056 3452 5104 suo,
3489 5047 3546 5092 et

1962 5125 2096 5184 fecit
2117 5127 2220 5182 sibi
2267 5142 2493 5198 regnum
2521 5136 2576 5182 et
2620 5129 2932 5186 sacerdotes
2981 5131 3037 5187 in
3084 5140 3368 5187 internum.
3419 5129 3546 5184 Haec

1963 5221 2146 5279 omnia
2192 5219 2489 5276 secundum
2540 5220 2898 5277 humanitatis
2941 5231 3194 5278 naturam
3229 5222 3326 5278 Dei
3354 5220 3541 5286 lilium,
3601 5241 3604 5246 ·

1969 5311 2063 5384 qui
2090 5311 2302 5367 occisus
2327 5319 2430 5375 est,
2456 5325 2646 5367 omnes
2668 5313 2924 5383 angelicae
2948 5323 3244 5384 potestates
3271 5309 3549 5382 accepisse

1968 5411 2254 5462 testantur.
2287 5402 2476 5458 Nonne
2500 5403 2589 5458 ille
2625 5404 2758 5475 ipse,
2785 5406 2839 5460 id
2869 5416 2972 5474 est,
3005 5407 3272 5472 Christus,
3313 5402 3548 5460 alIirma-

1970 5499 2065 5553 bat
2086 5504 2208 5568 post
2234 5495 2650 5551 resurrectionis
2681 5496 2927 5567 gloriam,
2958 5500 3100 5554 hanc
3132 5497 3290 5566 hujus
3314 5493 3548 5568 prophe-

1975 5591 2094 5644 ticae
2113 5590 2198 5644 vel
2231 5587 2540 5660 apostolicae
2583 5587 2807 5644 visionis
2828 5589 3138 5656 veritatem,
3165 5587 3293 5643 dum
3323 5585 3440 5643 suis
3463 5584 3549 5644 di-

1975 5684 2129 5742 cebat
2181 5682 2457 5752 discipulis
2510 5696 2526 5737 :
2571 5680 2714 5739 Data
2753 5692 2830 5740 est
2857 5682 2988 5739 mihi
3025 5683 3192 5742 cumis
3229 5691 3462 5759 potestas
3488 5681 3552 5742 in
