4030 6358
547 279 652 335 279

1378 263 1440 319 Β.
1479 262 1541 318 F.
1579 257 1807 317 ALBINI
1856 256 1988 316 SEU
2027 254 2304 316 ALCUINI
2340 254 2624 317 OPERUM
2659 255 2840 315 PARS
2875 253 2962 316 Ill.

3712 266 3817 326 280

546 392 672 449 caelo
734 396 784 445 et
828 389 885 444 in
926 394 1068 441 terra
1118 380 1332 456 (Matth.
1371 392 1574 443 xxvin,
1615 375 1742 449 18)?
1806 374 1953 430 Heu!
1996 374 2132 446 proh
2161 380 2208 438 Α
2235 373 2506 429 diversum
2555 384 2676 427 esse
2703 370 2970 438 Christus,
3012 380 3177 441 quam
3206 368 3350 427 Deus
3397 380 3512 439 est;
3542 372 3687 431 Deus
3718 378 3819 449 igi-

548 486 732 543 dolorl
766 482 954 538 infelix
987 478 1186 537 anima,
1214 488 1333 545 qum
1361 473 1446 526 his
1474 469 1725 526 omnibus
1750 466 2022 523 incredula
2050 474 2133 521 est

544 579 806 641 testibus,
860 583 917 629 et
958 587 1065 626 non
1112 569 1348 638 seipsam
1400 563 1646 635 corrigit,
1701 571 1762 616 ut
1786 560 1972 617 credat
2021 568 2129 613 tam
2172 622 2175 627 η

2166 696 2181 707 ,ν
2232 656 2477 700 sanctum
2510 663 2522 699 :
2556 647 2600 701 si
2630 662 2759 701 vero
2790 660 2887 716 per
2935 647 3245 718 adoptivum
3276 664 3473 704 nomen
3516 651 3608 707 hic
3635 652 3824 712 Domi-

542 670 819 743 pmclara:
847 662 1190 721 auctoritatis
1220 658 1577 715 testimoniis!

614 783 726 839 ΧΠ.
769 781 838 836 At
868 794 988 844 vos,
1029 777 1131 830 viri
1186 773 1399 837 fratres,
1448 769 1882 842 expergiscimini
1913 768 2129 824 tandem

547 874 854 943 aliquando,
888 880 944 925 et
994 868 1249 940 lacrymis
1280 864 1613 935 poenitentia:
1642 862 1816 917 lavate
1848 863 1915 917 de
1953 861 2130 918 cordi-

540 967 642 1021 bus
684 964 880 1020 vestris
930 963 1161 1025 litteras,
1213 973 1350 1029 quas
1401 958 1557 1028 nigro
1617 956 1948 1012 infidelitatis
2006 954 2128 1010 felle

538 1057 835 1128 scripsistis
862 1056 916 1109 in
945 1055 1026 1109 eis
1071 1053 1117 1107 si
1142 1052 1296 1106 vobis
1317 1050 1528 1121 placeat
1551 1050 1889 1104 mansionem
1923 1048 2128 1103 habere

540 1149 591 1203 in
630 1150 791 1203 domo
838 1146 1018 1202 Patris
1044 1145 1208 1210 illius,
1249 1142 1336 1198 cui
1365 1144 1487 1197 data
1528 1148 1611 1196 est
1657 1141 1833 1195 omnis
1888 1147 2128 1211 potestas

537 1240 861 1303 caelestium,
892 1236 1233 1292 terrestrium
1276 1243 1330 1291 et
1368 1233 1723 1289 infernorum.
1754 1232 2042 1302 Hucusque
2072 1232 2127 1287 in

538 1332 887 1401 longinquam
941 1330 1234 1400 regionem,
1266 1327 1583 1383 recedentes
1626 1342 1657 1380 a
1689 1327 1847 1382 domo
1884 1336 2127 1397 paternae

533 1423 770 1490 pietatis,
831 1435 1027 1491 porcos
1072 1420 1297 1490 pavistis
1350 1420 1450 1475 sub
1488 1420 1704 1490 spiritu,
1763 1419 1857 1488 qui
1888 1418 2126 1490 alligavit

534 1528 632 1567 vos
655 1513 707 1566 in
738 1513 837 1567 alis
865 1514 978 1569 suis
1006 1531 1017 1567 :
1053 1512 1148 1568 sed
1177 1515 1404 1583 surgite,
1436 1514 1646 1583 surgite
1676 1513 1742 1567 de
1770 1512 2014 1582 pristinae
2040 1512 2122 1566 in-

536 1603 808 1658 ﬁdelitatis
856 1612 1116 1670 stercore,
1162 1603 1515 1659 recordantes
1570 1603 2016 1672 benignissimam
2048 1601 2124 1670 pii

534 1696 713 1751 Patris
768 1695 1132 1761 clementiam,
1193 1697 1259 1751 ad
1312 1711 1472 1766 quem
1546 1702 1881 1749 revertentes
1931 1693 2119 1748 humili

531 1800 663 1841 voce
717 1787 879 1843 dicite
913 1806 924 1839 :
958 1786 1140 1852 Pater,
1167 1789 1493 1858 peccavimus
1524 1788 1579 1839 in
1611 1786 1736 1839 cwlo
1766 1796 1814 1839 et
1852 1802 2030 1839 coram
2073 1794 2122 1839 te

534 1875 683 1947 (Luc.
719 1894 806 1941 xv,
838 1878 930 1949 21)
969 1896 981 1930 :
1015 1885 1074 1931 ut
1113 1878 1261 1946 digni
1308 1878 1618 1932 habeamini
1676 1877 1957 1932 catholica:
1998 1876 2123 1931 ﬁdei

531 1973 722 2026 stolam
747 1972 917 2027 indui.
947 1972 1015 2025 In
1043 1971 1352 2025 malevolam
1376 1973 1632 2037 animam,
1659 1972 1790 2027 dicit
1815 1970 2120 2042 Scriptura,

529 2061 787 2131 sapientia
820 2063 914 2116 Dei
945 2080 1049 2117 non
1073 2062 1290 2117 intrabit
1324 2061 1474 2134 (Sap.
1505 2080 1545 2128 ι,
1576 2063 1652 2136 4).
1686 2063 1862 2118 Nolite
1894 2074 2121 2121 conten-

528 2151 651 2206 tiosi
682 2168 825 2218 esse,
866 2164 1104 2209 vestram
1138 2163 1385 2210 amantes
1405 2155 1751 2209 sententiam.
1783 2155 1988 2210 Habete
2022 2156 2123 2210 hu-

530 2246 817 2300 militatem
858 2246 1099 2301 discendi
1141 2256 1196 2300 et
1236 2246 1564 2301 desiderium
1595 2247 1979 2303 ecclesiasticae
2030 2264 2124 2304 ve-

530 2334 728 2401 ritatis,
758 2337 1060 2392 certissime
1082 2338 1337 2402 scientes,
1366 2338 1510 2408 quod
1539 2340 1657 2394 sine
1696 2339 1856 2409 hujus
1880 2357 2123 2397 commu-

530 2427 695 2482 nione
726 2428 997 2493 Ecclesite,
1034 2446 1154 2501 quae
1184 2432 1237 2485 in
1276 2440 1421 2486 terra
1448 2435 1848 2504 peregrinatur,
1888 2435 1978 2491 illa
2004 2452 2123 2507 qua!

530 2536 651 2573 cum
691 2520 908 2577 Christo
935 2532 1127 2594 regnat
1164 2524 1220 2578 in
1247 2525 1419 2591 cmlis,
1450 2542 1726 2597 nunquam
1756 2543 1856 2584 vos
1897 2529 2123 2600 recipiet

534 2609 588 2663 in
617 2626 808 2680 pacem
843 2623 1119 2683 perpetua:
1141 2616 1510 2671 beatitudinis.

596 2726 755 2797 θοι
788 2728 925 2782 Xlll.
968 2728 1107 2797 Quia
1150 2732 1241 2787 ille
1278 2748 1423 2804 saepe
1464 2735 1776 2792 nominatus
1801 2735 1986 2806 Pater,
2038 2739 2123 2794 vir

530 2816 790 2885 dignitate
836 2821 1165 2877 venerabilis
1216 2822 1520 2893 Elipantus,
1551 2828 1759 2881 utinam
1792 2836 1847 2882 et
1880 2827 1984 2884 ﬁde
2032 2843 2122 2883 ca-

528 2906 727 2962 tholica
783 2908 1137 2977 honorabilis,
1185 2921 1353 2970 testes
1399 2931 1612 2986 quoque
1662 2919 1795 2973 alios
1820 2918 2117 2990 ﬂagitabat,

526 3012 835 3067 quaeramus
871 3005 1150 3061 succincto
1188 3021 1439 3063 sermone
1466 3010 1777 3067 testimonia
1817 3013 1884 3067 de
1906 3022 2123 3068 sancto-

528 3104 647 3143 rum
679 3091 953 3159 opusculis
982 3092 1227 3161 Patrum,
1278 3113 1449 3167 pauca
1475 3115 1542 3153 ex
1578 3100 1846 3170 plurimis,
1887 3118 2117 3172 quorum
2146 3100 2194 3165 C

526 3180 616 3237 ille
659 3184 879 3239 nomina
922 3187 976 3239 in
1018 3188 1130 3242 suis
1167 3188 1423 3244 litterulis
1447 3192 1647 3261 posuit,
1678 3208 1926 3249 asserens
1966 3210 2024 3249 se
2051 3210 2117 3251 ex

526 3289 714 3330 eorum
746 3277 907 3331 dictis
935 3288 1122 3333 nostro
1165 3281 1460 3337 credidisse
1503 3282 1881 3358 [crediturum]
1909 3288 2113 3355 errori;

474 3352 495 3366 ’
525 3375 580 3419 et
629 3367 826 3422 mirum
872 3383 1041 3439 quare
1084 3372 1326 3439 quolibet
1349 3352 1614 3447 [cuilibet]
1644 3378 1817 3431 errori
1849 3352 1907 3433 se
1940 3352 2117 3435 credi;

526 3458 672 3515 disse
694 3461 824 3515 velit
853 3459 1055 3516 dicere.
1105 3463 1307 3519 Tamen
1361 3482 1427 3521 ex
1473 3468 1686 3523 illorum
1735 3472 2119 3528 sacratissimis

526 3546 726 3605 litteris
768 3554 1011 3621 probabo
1040 3570 1125 3609 me
1155 3571 1261 3610 non
1291 3572 1525 3622 errasse,
1562 3559 1820 3631 illumque
1844 3564 2118 3633 corrigere

528 3655 615 3693 me
640 3640 776 3696 velle
802 3645 1101 3700 osmndam.
1130 3647 1278 3702 Beati
1317 3648 1620 3727 Athanasii,
1653 3651 1863 3718 Hilarii,
1886 3654 2119 3710 Ambro-

527 3732 613 3795 sii,
661 3733 972 3804 Augustini,
1016 3737 1205 3793 Isidori
1257 3742 1562 3797 testimonia
1614 3746 1878 3814 poposcit.
1907 3744 2117 3801 Addam

526 3835 740 3891 quoque
784 3832 839 3879 et
890 3826 1025 3883 alios
1068 3830 1136 3884 ad
1180 3833 1614 3902 supplementum
1664 3838 1911 3893 veritatis
1950 3845 2115 3894 testes

525 3912 766 3968 idoneos.
794 3914 1182 3990 Hieronymum
1204 3924 1467 3992 siquidem
1494 3928 1815 3983 castissima:
1836 3928 1983 3994 ﬁdei,
2011 3929 2117 3985 He-

486 4023 497 4029 -
523 4001 854 4072 braicarum,
878 4007 1215 4078 Graecarum,
1246 4030 1345 4069 nec
1366 4032 1472 4071 non
1496 4027 1551 4071 et
1576 4018 1889 4074 Latinarum
1913 4021 2115 4075 doctis-

525 4095 722 4151 simum
776 4101 1098 4172 magistrum
1157 4104 1482 4161 litterarum.
1534 4106 1853 4179 Gregorium
1899 4126 2114 4180 quoque

525 4189 837 4256 apostolicae
889 4194 1033 4250 sedis
1080 4196 1390 4264 pontificem
1443 4214 1541 4267 per
1588 4201 1771 4255 omnia
1810 4200 2114 4269 purissimae

526 4276 650 4332 ﬁdei
686 4280 890 4346 virum;
919 4300 1019 4339 nec
1046 4301 1151 4340 non
1179 4297 1234 4341 et
1259 4287 1517 4358 Cyrillum
1541 4288 1894 4345 fortissimum
1923 4291 2114 4347 Nesto-

527 4368 696 4423 riante
745 4382 905 4427 secta:
952 4376 1373 4445 destructorem;
1411 4382 1575 4435 etiam
1597 4391 1650 4435 et
1696 4382 2110 4453 Fulgentianum

530 4460 915 4536 [Fulgentium]
968 4467 1378 4526 luculentissimi
1426 4476 1694 4530 sermonis
1758 4485 1813 4531 et
1870 4479 2111 4546 probata:
2143 4484 2192 4543 ι)

528 4552 653 4607 ﬁdei
708 4556 1015 4624 doctorem;
1069 4562 1146 4615 uti
1197 4577 1386 4618 eorum
1440 4568 1679 4621 omnium
1728 4569 2110 4625 sacratissimis

527 4646 703 4702 victus
738 4650 1076 4719 dogmatibus
1103 4667 1161 4707 se
1181 4654 1311 4709 olim
1338 4665 1596 4727 agnoscat
1619 4674 1823 4715 errare.

596 4760 736 4818 XIV.
794 4762 1030 4821 Hilarius
1092 4784 1328 4840 namque
1374 4786 1482 4826 non
1529 4786 1711 4840 parvae
1757 4772 1812 4826 in
1869 4772 2109 4829 Ecclesia

526 4852 729 4909 Christi
777 4860 1118 4916 auctoritatis
1144 4860 1358 4928 doctor,
1384 4862 1706 4932 Arianteque
1730 4864 1971 4933 perﬁdia:
1999 4864 2109 4922 for-

526 4948 767 5006 tissimus
791 4950 1109 5019 debellator,
1141 4956 1197 5009 in
1235 4954 1389 5010 libris
1415 4971 1553 5025 quos
1574 4970 1673 5025 pro
1705 4973 1866 5013 causa
1892 4968 2111 5027 aposto-

525 5043 643 5100 lica:
671 5045 792 5103 lidei
842 5049 1111 5105 catholico
1141 5049 1282 5120 stylo
1313 5052 1579 5116 exaravit,
1630 5052 1785 5107 valde
1811 5051 2109 5123 probabilia

524 5136 593 5192 de
620 5136 839 5195 Christo
855 5141 1082 5211 protulit
1106 5143 1432 5210 testimonia,
1461 5144 1527 5199 de
1549 5146 1746 5214 quibus
1780 5160 1951 5215 pauca
1975 5159 2112 5214 pra:-

520 5227 698 5287 iibare
742 5245 921 5287 ratum
978 5248 1196 5290 censeo.
1252 5234 1311 5291 In
1367 5237 1507 5292 libro
1537 5255 1628 5293 vin
1678 5239 1961 5293 catholica:
1986 5237 2109 5293 ﬁdei

524 5321 668 5379 inter
697 5332 893 5381 caetera
923 5326 1005 5381 sic
1034 5328 1109 5382 ait
1138 5340 1164 5369 ιι
1200 5347 1212 5381 :
1253 5347 1271 5379 ι
1310 5330 1402 5385 Sic
1429 5346 1534 5385 non
1578 5340 1758 5401 potest
1810 5332 1956 5387 aliud
1980 5331 2109 5401 quid

598 5511 626 5575 ξ
747 5502 940 5570 Hilam,
979 5504 1101 5561 libr.
1130 5522 1230 5562 vnt
1257 5509 1323 5563 de
1355 5507 1610 5562 Trinitat.
1636 5525 1783 5565 num.
1816 5511 1901 5575 27,
1942 5512 2030 5568 28.

596 5568 1416 5650 l3Qum“ansulisinclusimus,
1468 5593 1574 5631 non
1626 5589 1751 5633 sunt
1808 5568 2102 5650 Ambrosii,

524 5638 621 5694 sed
653 5639 875 5715 Paulini
918 5645 1300 5715 Aquileiensis,
1342 5638 1465 5702 libr.
1518 5664 1575 5703 ιιι
1634 5659 1820 5704 contra
1873 5638 2103 5709 Felicem

528 5723 628 5779 cap
649 5710 711 5764 2|
737 5730 751 5778 ;
799 5730 919 5783 quae
943 5710 1052 5785 quo
1077 5732 1261 5771 errore
1287 5718 1391 5773 huc
1412 5720 1479 5775 ab
1505 5718 1733 5776 Alcuino
1764 5721 1865 5778 sub
1886 5726 2103 5781 nomine

2235 474 2322 520 tur
2352 467 2601 522 Christus
2643 474 2746 530 est,
2793 484 2811 517 ι
2847 463 2913 516 Ει
2957 477 3174 518 rursum
3207 482 3221 517 :
3278 482 3294 515 ι
3333 462 3390 519 Si
3439 480 3537 536 per
3565 475 3817 528 naturam

2232 554 2328 609 Dei
2366 556 2614 611 Christus
2664 557 2761 612 tibi
2814 555 3075 610 Dominus
3120 563 3223 620 est,
3278 557 3503 615 habebis
3549 558 3819 631 Spiritum

2229 757 2333 796 nus
2362 752 2460 802 est,
2493 740 2699 811 Spiritu
2724 750 2914 795 sancto
2938 757 3135 797 carens
3158 743 3349 812 spiritu
3372 746 3579 801 erroris
3601 748 3818 804 anima-

2230 833 2325 889 ris.
2372 853 2390 884 ι
2427 833 2561 888 ltem
2590 848 2653 887 ex
2689 832 2825 887 libro
2867 848 3050 888 nono:
3087 849 3110 885 ι
3146 832 3316 889 Homo
3343 836 3525 907 itaque
3568 838 3823 897 Christus

2228 924 2404 990 Iesus,
2444 926 2753 998 unigenitus
2798 926 2957 989 Deus,
3001 942 3099 998 per
3133 943 3352 985 carnem
3382 938 3436 985 et
3479 933 3729 999 verbum,
3756 943 3823 991 ut

2228 1017 2465 1073 hominis
2504 1018 2667 1083 ﬁlius,
2701 1018 2775 1073 ita
2813 1028 2867 1074 et
2899 1020 2994 1073 Dei
3029 1020 3217 1076 Filius.
3256 1041 3274 1073 ι
3312 1020 3597 1079 Hominem
3652 1024 3820 1082 Chri-

2230 1118 2375 1164 stum
2421 1107 2607 1164 Jesum
2642 1109 2745 1165 iste
2794 1112 3210 1181 probatissimus
3239 1112 3429 1168 doctor
3476 1115 3822 1184 unigenitum

2226 1198 2395 1253 Deum
2422 1200 2704 1255 denuntiat
2731 1217 2746 1266 ;
2777 1202 2917 1256 sicut
2943 1203 3178 1257 hominis
3203 1210 3289 1258 est
3312 1204 3474 1271 ﬁlius,
3501 1207 3597 1271 ait,
3625 1208 3701 1261 ita
3732 1216 3822 1265 est

2225 1300 2281 1347 et
2308 1293 2403 1347 Dei
2431 1292 2623 1348 Filius.
2661 1292 2718 1347 Si
2739 1295 2992 1364 proprius
3021 1304 3104 1350 est
3126 1296 3362 1351 hominis
3392 1296 3535 1352 ﬁlius
3564 1297 3823 1357 Salvator

2226 1393 2425 1446 noster,
2452 1385 2704 1455 proprius
2725 1394 2810 1441 est
2835 1386 3100 1455 siquidem
3122 1395 3179 1441 et
3203 1386 3301 1443 Dei
3328 1387 3498 1443 Filius
3522 1392 3822 1449 secundum

2224 1476 2384 1544 hujus
2423 1476 2751 1531 sanctissimi
2801 1476 2982 1533 Patris
3027 1478 3208 1533 ﬁdem.
3260 1479 3392 1533 Item
3434 1481 3486 1535 in
3536 1482 3675 1537 libro
3719 1500 3756 1539 ι
3799 1500 3815 1539 :

2231 1587 2249 1619 ‹
2279 1568 2589 1639 Apostolica
2630 1569 2895 1639 siquidem
2921 1570 3054 1625 ﬁdes
3084 1586 3191 1625 non
3223 1572 3431 1641 patitur
3453 1573 3638 1629 Jesum
3662 1575 3824 1634 Chri-

2224 1668 2387 1725 stum,
2440 1668 2499 1713 ut
2521 1658 2681 1714 Jesus
2709 1675 2815 1714 non
2853 1661 2967 1730 ipse
2996 1661 3067 1716 sit
3090 1660 3363 1729 Christus,
3394 1680 3495 1721 nec
3516 1665 3687 1722 ﬁlium
3717 1669 3823 1725 ho-

2152 1743 2197 1804 Β
2227 1752 2388 1805 minis
2437 1752 2697 1806 discernit
2742 1768 2773 1806 a
2822 1752 2916 1808 Dei
2964 1755 3125 1811 Filio.
3162 1776 3180 1809 ι
3214 1755 3467 1827 quuid
3509 1775 3617 1814 non
3648 1759 3821 1818 ﬁlium

2226 1841 2463 1896 hominis
2502 1843 2762 1897 discernit
2802 1859 2832 1897 a
2870 1844 3006 1899 Filio
3043 1846 3137 1900 Dei
3169 1847 3275 1911 ille,
3310 1851 3400 1919 qui
3438 1848 3606 1906 ﬁlium
3636 1854 3819 1911 homi-

2224 1932 2312 1986 nis
2337 1933 2647 2002 adoptivum
2675 1935 2952 2004 pracdicat,
2987 1945 3040 1991 et
3070 1936 3266 1992 Filium
3297 1940 3410 2007 Dei,
3446 1958 3574 1997 vere
3599 1943 3814 2001 ﬁlium?

2226 2027 2282 2081 ln
2312 2028 2450 2083 libro
2474 2045 2547 2082 xn
2582 2046 2594 2081 :
2632 2048 2649 2079 ι
2682 2030 2741 2084 ln
2768 2046 2827 2086 se
2864 2034 3008 2087 enim
3053 2049 3178 2089 eum
3218 2035 3359 2092 Deus
3389 2038 3736 2108 gloriﬁcavit,
3764 2043 3819 2098 id

2224 2128 2327 2184 est,
2362 2120 2415 2174 in
2445 2135 2509 2174 ea
2542 2129 2757 2186 natura,
2783 2138 2888 2192 qua
2918 2125 3059 2180 Deus
3086 2135 3189 2192 est,
3212 2135 3274 2182 ut
3302 2129 3372 2182 sit
3390 2130 3531 2185 Deus
3551 2134 3739 2187 omnia
3761 2134 3813 2188 in

2223 2208 2495 2268 omnibus:
2546 2213 2622 2267 De
2670 2216 2906 2271 humana
2951 2218 3081 2273 dicit
3126 2228 3339 2285 natura,
3366 2238 3487 2293 quae
3512 2224 3817 2295 gloriﬁcata

2222 2313 2327 2371 est,
2359 2306 2432 2360 ita
2462 2315 2522 2361 ut
2550 2308 2619 2361 sit
2639 2309 2780 2364 Deus
2803 2311 2985 2365 omnia
3010 2313 3065 2367 in
3096 2316 3366 2372 omnibus.
3410 2337 3429 2369 ι

2293 2398 2409 2452 XV.
2457 2400 2587 2455 item
2631 2400 2964 2458 fortissimus
2991 2415 3181 2460 contra
3206 2406 3487 2464 htereticas
3511 2411 3817 2481 pravitates

2222 2488 2450 2544 bellator
2510 2492 2700 2546 beatus
2760 2492 3079 2551 Ambrosius
3132 2496 3549 2555 Mediolanensis
3601 2503 3817 2572 episco-

2222 2598 2322 2652 pus
2349 2584 2400 2647 ιι,
2433 2586 2715 2653 perspicue
2744 2585 3022 2643 Christum
3050 2591 3344 2645 secundum
3377 2592 3451 2659 id,
3478 2596 3622 2662 quod
3650 2595 3815 2649 homo

2223 2685 2327 2741 est,
2361 2678 2637 2747 pr0prium
2690 2678 2781 2733 Dei
2826 2680 3021 2735 Filium
3066 2682 3301 2737 afﬁrmat
3339 2699 3477 2748 esse,
3507 2687 3650 2741 sicut
3683 2687 3815 2760 legi-

2223 2778 2311 2823 tur
2355 2770 2408 2823 in
2437 2771 2795 2839 expositione,
2824 2788 2984 2842 quam
3016 2774 3143 2830 fecit
3167 2777 3220 2831 in
3252 2777 3601 2848 Evangelium
3626 2779 3811 2844 Lucae,

2224 2859 2421 2931 [illum,
2446 2862 2642 2944 inquit,
2676 2865 2729 2919 id
2769 2876 2874 2931 est,
2909 2865 3183 2923 Christum
3232 2870 3499 2925 veraciter
3526 2872 3812 2941 prOpriun

2220 2951 2315 3007 Dei
2339 2953 2534 3009 Filium
2564 2956 2872 3023 conﬁtetur,
2903 2967 2960 3014 et
2999 2975 3122 3015 eum
3144 2976 3284 3025 esse,
3314 2977 3475 3032 quem
3506 2964 3813 3019 secundum

2222 3046 2612 3102 humanitatem
2634 3065 2736 3103 vox
2755 3058 2979 3119 paterna
2998 3053 3229 3107 intonuit
3245 3053 3428 3125 (etiam
3447 3054 3512 3109 de
3533 3068 3598 3108 eo
3620 3070 3809 3122 versu,

2224 3138 2317 3206 qui
2337 3138 2392 3190 in
2413 3136 2629 3195 Psalmo
2648 3142 2885 3197 secundo
2905 3142 3103 3213 legitur
3125 3163 3137 3197 :
3159 3142 3333 3199 Filius
3361 3160 3507 3201 meus
3520 3162 3573 3199 es
3600 3155 3681 3211 tu,
3713 3163 3810 3218 ego

2223 3229 2376 3284 hodie
2406 3232 2561 3300 genui
2585 3240 2633 3285 te
2657 3231 2829 3303 [PsaL
2862 3251 2921 3301 ιι,
2944 3235 3045 3307 7]).
3073 3235 3181 3292 Nec
3205 3239 3325 3294 ideo
3349 3237 3425 3311 [in
3453 3238 3541 3311 eo]
3560 3240 3813 3309 quidem,

2224 3322 2418 3392 inquit,
2450 3325 2608 3380 datur
2645 3327 2742 3381 tibi
2763 3326 2991 3383 facultas
3034 3328 3308 3387 refellendi
3336 3347 3483 3387 more
3508 3342 3621 3397 tuo,
3649 3334 3813 3405 quasi

2222 3416 2515 3471 secundum
2540 3418 2775 3474 divinam
2802 3424 3176 3479 tantummodo
3200 3434 3326 3480 ante
3352 3425 3547 3481 srecnla
3579 3443 3817 3499 genera-

2224 3508 2421 3562 tionem
2471 3511 2575 3565 hoc
2603 3512 2804 3566 dictum
2856 3513 3076 3580 fuisset;
3128 3515 3256 3572 licet
3300 3526 3485 3587 posset
3522 3528 3577 3575 et
3621 3521 3690 3575 de
3719 3520 3814 3576 illa

2222 3614 2328 3654 non
2372 3601 2815 3659 inconvenienter
2863 3606 3168 3661 intimatum
3199 3608 3390 3662 videri.
3418 3610 3815 3666 Verumtamen

2220 3706 2286 3746 ex
2334 3694 2765 3762 praecedentibus
2793 3704 2848 3751 et
2888 3697 3339 3766 subsequentibus
3381 3700 3816 3756 circumstantiis

2221 3781 2289 3837 de
2328 3786 2583 3851 secunda,
2610 3802 2772 3855 quam
2819 3788 3189 3857 temporaliter
3206 3804 3305 3858 pro
3334 3789 3491 3844 nobis
3525 3791 3812 3861 suscipere

2218 3893 2326 3934 non
2357 3881 2657 3946 abhorruit,
2690 3883 2972 3938 nativitate
2996 3885 3316 3954 prmdictum
3360 3885 3464 3939 hoc
3492 3886 3697 3939 rectius
3727 3886 3815 3941 in-

2218 3972 2385 4042 telligi
2442 3987 2545 4026 non
2581 3972 2873 4029 inhibetur.
2901 3974 3036 4030 Nam
3080 3992 3095 4030 :
3143 3975 3257 4046 Ego
3286 3986 3459 4030 autem
3491 3977 3817 4031 constitutus

2216 4078 2333 4116 sum
2376 4078 2467 4115 rex
2519 4062 2582 4116 ab
2632 4080 2689 4116 eo
2727 4081 2885 4135 super
2934 4064 3063 4120 Sion
3119 4075 3345 4120 montem
3398 4076 3640 4119 sanctum
3690 4066 3816 4136 ejus

2218 4151 2379 4224 (Ibid.
2405 4152 2480 4225 6),
2514 4161 2586 4216 et,
2621 4154 2829 4226 postula
2878 4173 2910 4210 a
2944 4174 3048 4221 me,
3091 4167 3140 4211 et
3169 4157 3305 4211 dabo
3347 4158 3441 4211 tibi
3492 4167 3690 4228 gentes,
3740 4159 3814 4213 ad

2216 4258 2472 4314 magnum
2519 4245 2735 4315 pietatis
2766 4256 3189 4313 sacramentum,
3220 4249 3363 4317 quod
3401 4262 3501 4319 per
3525 4248 3818 4319 dispensa-

2216 4337 2415 4393 tionan
2443 4339 2623 4393 carnis
2650 4340 2900 4409 apparuit
2926 4340 2979 4393 in
3008 4340 3225 4401 mundo,
3253 4326 3534 4410 perspicue
3562 4341 3814 4398 adverti-

2217 4435 2305 4481 tur
2346 4431 2531 4498 procul
2575 4431 2737 4486 dubio
2767 4431 3087 4503 pertinere].
3122 4452 3140 4484 ‹
3173 4432 3306 4499 Quis
3326 4442 3429 4498 est,
3472 4434 3647 4503 inquit
3673 4435 3815 4491 Am-

2214 4521 2430 4577 brosius
2476 4534 2524 4588 α,
2577 4523 2664 4578 ille
2711 4525 2963 4593 proprius
3014 4523 3111 4578 Dei
3163 4524 3354 4589 Filius,
3405 4525 3509 4580 nisi
3548 4526 3635 4580 cui
3670 4543 3814 4583 voce

2213 4617 2437 4681 paterna
2480 4610 2683 4667 dictum
2723 4623 2807 4668 est
2850 4632 2862 4667 :
2907 4612 3079 4667 Filius
3128 4629 3274 4669 meus
3323 4631 3375 4669 es
3415 4623 3491 4681 tu,
3522 4632 3617 4685 ego
3646 4615 3813 4672 hodie

2211 4705 2365 4773 genui
2409 4705 2498 4757 te?
2540 4725 2557 4755 ι
2593 4704 2649 4758 ln
2681 4704 2819 4759 libro
2866 4716 3047 4760 autem
3080 4706 3145 4760 de
3175 4705 3552 4761 lncarnatione
3594 4706 3814 4762 Christi

2213 4809 2265 4847 vi
2294 4793 2342 4858 ά,
2392 4794 2519 4864 quia
2567 4795 2816 4852 Christus
2850 4797 3012 4867 902
3059 4812 3221 4853 verus
3265 4798 3359 4853 Dei
3390 4797 3557 4852 Filius
3587 4799 3680 4860 sit,
3727 4800 3815 4854 sic

2211 4886 2324 4939 ait:
2363 4905 2381 4937 ‹
2415 4886 2713 4952 Adversus,
2767 4889 2962 4959 inquit,
3014 4905 3204 4945 omnes
3249 4890 3485 4945 haereses
3526 4893 3817 4961 generalis

2211 4976 2314 5030 ista
2341 4976 2472 5032 ﬁdes
2495 4986 2607 5043 cst;
2650 4979 2775 5048 quia
2804 4978 3053 5035 Christus
3073 4988 3155 5033 est
3180 4980 3275 5035 Dei
3303 4979 3493 5044 Filius,
3520 4991 3574 5036 et
3594 4984 3812 5054 sempi-

2216 5073 2400 5120 ternus
2441 5083 2506 5121 ex
2553 5067 2736 5133 Patre,
2775 5077 2829 5123 et
2879 5069 3171 5124 hodiernus
3210 5084 3274 5123 ex
3303 5072 3517 5140 Virgine
3564 5070 3815 5142 [.4mbr.,

2212 5165 2267 5210 et
2293 5167 2454 5213 natus
2485 5174 2552 5213 ex
2580 5158 2749 5213 Maria
2777 5159 3027 5232 virgine].
3060 5180 3078 5212 ι
3119 5160 3187 5214 Ει
3211 5160 3370 5230 paulo
3397 5169 3519 5230 post
3550 5180 3563 5215 :
3608 5180 3625 5212 ι
3659 5161 3818 5221 Cum

2212 5249 2469 5305 Dominus
2521 5250 2750 5323 [Ambr.,
2796 5250 2960 5324 Deus]
3005 5267 3220 5322 semper
3256 5262 3401 5308 esset
3428 5262 3691 5323 aeternus,
3723 5258 3821 5315 in-

2209 5342 2538 5399 carnationis
2575 5352 2914 5401 sacramenta
2963 5345 3225 5415 suscepit,
3286 5361 3392 5400 non
3438 5346 3663 5413 divisus,
3701 5349 3813 5404 sed

2210 5517 2267 5574 S.
2296 5520 2565 5576 Ambrosii
2606 5523 2871 5577 translata
2912 5522 3039 5583 sint,
3074 5520 3407 5583 ignoramus.

2282 5601 2303 5627 ο
2341 5589 2397 5643 S.
2430 5591 2705 5655 Ambros.,
2743 5593 2864 5647 libr.
2893 5607 2974 5647 ιιι.
3014 5591 3067 5644 in
3093 5589 3227 5645 Luc.
3265 5607 3414 5645 num.
3453 5591 3506 5645 9.

2278 5659 2303 5698 ἀ
2334 5660 2519 5716 Potius
2570 5663 2624 5717 in
2672 5663 2810 5719 libro
2848 5665 2913 5718 de
2955 5660 3170 5724 Incarn.
3203 5661 3355 5718 Dom.
3408 5661 3789 5724 Sacramenta

2207 5744 2325 5801 cap.
2357 5730 2409 5796 5,
2441 5748 2587 5787 num.
2624 5732 2713 5788 35.
3212 5770 3215 5775 ν
