4030 6358
273 316 367 377 ὶ81

944 304 1360 366 DOGM-ATICA.
1399 282 1470 349 ὲ-
1504 303 1664 363 Αον.
1706 299 2106 361 ELIPANDUM
2144 301 2324 359 unm
2360 301 2449 359 1v.
2491 276 2560 344 ς
2595 301 2723 358 LIB.
2765 300 2850 359 III.

3422 300 3529 361 982

276 452 439 503 unus;
473 433 600 506 quia
627 438 918 499 utrumque
961 444 1117 494 unus,
1143 435 1199 483 et
1216 442 1354 482 unus
1377 426 1433 481 in
1459 435 1710 494 utroque,
1738 423 1844 479 hoc
1866 424 1916 482 Δ
1947 428 2301 475 transeamus.
2334 420 2468 475 Nam
2508 422 2561 475 in
2597 422 2774 490 primo
2809 428 2864 476 et
2904 420 3138 476 secundo
3177 419 3532 479 Praedestina—

274 540 375 595 est,
405 527 493 583 vel
529 523 811 581 divinitate
839 520 923 575 vel
949 535 1197 589 corpore.
1230 539 1249 571 ι

341 619 478 675 XVI.
509 617 782 671 Habemus
800 629 1015 683 quoque
1029 611 1305 666 Athanasii
1328 609 1713 672 testimonium,
1736 624 1845 663 non

275 713 378 768 tale
397 710 559 780 quale
580 706 869 763 infidelitas
899 705 1092 773 quaerit
1117 711 1319 765 vestra,
1349 701 1442 756 sed
1472 700 1628 769 quale
1659 701 1847 753 catho-

273 808 388 862 liae
435 800 693 861 convenit
729 798 853 851 ﬁdei
886 815 897 847 :
928 797 1067 850 sicut
1096 795 1150 849 in
1188 794 1413 864 epistola
1440 808 1600 862 quam
1626 792 1691 844 ad
1721 788 1846 858 Epi-

276 907 473 954 ctetum
498 891 866 951 ecclesiastica
892 903 1067 959 penna
1098 887 1356 957 depinxit,
1396 894 1677 939 exaratum
1720 882 1850 950 legi-

276 1006 412 1045 mus.
460 987 594 1041 Post
636 983 867 1054 plurima
911 996 1030 1049 quae
1083 980 1151 1033 de
1223 977 1590 1033 incarnatione
1645 973 1847 1028 Christi

276 1077 672 1149 elegantissime
731 1073 1019 1142 expressit,
1069 1071 1172 1125 hoc
1224 1084 1435 1139 quoque
1488 1065 1845 1122 subinl'ertn:

284 1189 301 1221 ι
345 1168 463 1221 Non
515 1166 730 1235 quidem
775 1178 872 1233 per
906 1161 1267 1232 adoptionem,
1310 1160 1502 1229 inquit,
1548 1160 1662 1212 haec
1709 1155 1848 1211 facta

275 1270 416 1324 sunt,
442 1258 606 1322 absit,
639 1260 784 1311 sicut
812 1255 1028 1324 quidam
1059 1254 1506 1308 existimaverunt
1538 1252 1668 1306 :sed
1712 1252 1852 1305 sicut

276 1364 355 1407 est
382 1351 607 1413 veritas,
638 1349 854 1404 homine
902 1346 1042 1401 facto
1084 1345 1381 1407 Salvatore,
1424 1345 1587 1398 totius
1618 1342 1851 1397 hominis

276 1445 418 1500 salus
458 1442 601 1496 facta
629 1448 731 1495 est.
780 1437 838 1493 Si
880 1439 1025 1493 enim
1069 1438 1354 1507 adoptione
1383 1436 1578 1491 eratin
1625 1448 1850 1502 corpore

276 1535 513 1591 Verbum
559 1528 854 1585 secundum
907 1528 1047 1591 illos,
1107 1527 1270 1598 (quod
1336 1536 1516 1581 autem
1566 1524 1853 1594 adoptione

276 1630 495 1691 dicitur,
519 1624 802 1693 phantasia
830 1621 933 1691 est)
964 1621 1231 1689 reperitur
1257 1628 1312 1674 et
1358 1618 1601 1689 putative
1626 1618 1789 1670 salus.
1825 1635 1843 1667 ι

276 1719 411 1787 Quid
438 1716 653 1778 melius,
685 1713 811 1783 quid
837 1713 1019 1767 verius
1042 1712 1215 1781 potuit
1236 1711 1339 1766 dici
1371 1726 1528 1779 quam
1553 1709 1679 1762 illud
1710 1708 1851 1777 quod

275 1780 372 1865 iste
417 1780 784 1861 nobilissimus
829 1804 1016 1857 doctor
1044 1780 1212 1863 dixit,
1244 1816 1348 1855 non
1387 1816 1483 1869 per
1511 1799 1849 1867 adoptionem
1887 1780 1929 1839 Β

275 1899 387 1954 haec
412 1911 536 1950 esse
587 1895 746 1957 facta,
779 1908 900 1961 qua:
949 1890 1015 1945 de
1042 1889 1242 1945 Christi
1292 1889 1543 1959 leguntur
1579 1890 1853 1956 dispensa-

275 1986 439 2049 tione,
498 1985 594 2040 sed
641 1984 695 2036 in
744 1982 971 2036 veritate
1008 1980 1190 2035 omnia
1220 1981 1333 2034 hcce
1363 1980 1612 2048 peracta?
1640 1979 1744 2032 l~ta
1782 1979 1855 2033 si-

277 2075 493 2144 quidem
541 2074 707 2128 verha
754 2070 896 2125 illius
926 2069 991 2124 ad
1044 2071 1437 2124 humanitatem
1466 2070 1736 2139 pertinere
1761 2070 1856 2124 de-

282 2170 661 2217 monstrantur
685 2159 849 2214 dicta.
886 2158 989 2212 Per
1030 2160 1081 2213 id
1131 2161 1271 2228 quod
1293 2160 1388 2223 ait,
1414 2159 1553 2228 facta
1582 2170 1721 2223 sunt,
1748 2175 1854 2213 non

277 2253 495 2323 quidem
520 2252 771 2306 divinitas
796 2249 936 2304 facta
957 2259 1064 2315 est,
1091 2251 1184 2304 sed
1206 2251 1532 2314 humanitas,
1557 2266 1718 2319 quam
1749 2266 1856 2305 non

277 2360 371 2415 per
398 2343 745 2413 adoptionem
793 2344 895 2397 iste
924 2343 1045 2411 pius
1095 2341 1255 2396 Pater
1307 2341 1503 2395 factam
1537 2358 1656 2396 esse
1716 2341 1858 2395 aﬁir—

280 2442 411 2488 mat.
440 2432 589 2487 Idem
629 2432 744 2501 ipse
772 2432 824 2485 in
855 2431 1058 2485 Libello
1084 2430 1207 2485 ﬁdei
1238 2446 1368 2495 suae,
1415 2446 1575 2499 quem
1606 2431 1859 2501 dialogis-

281 2526 387 2579 tico
443 2539 697 2579 sermone
747 2532 935 2577 contra
987 2523 1271 2577 haereticas
1300 2522 1595 2592 pravitates
1632 2538 1860 2577 exaran-

282 2616 407 2671 dum
433 2631 553 2670 esse
580 2616 843 2684 optimum
867 2614 1100 2678 censuit,
1130 2622 1251 2682 post
1279 2614 1446 2667 multa
1476 2628 1643 2668 sacrm
1664 2614 1861 2669 doctri-

283 2722 364 2760 na:
408 2705 622 2774 eloquia
693 2705 807 2759 hare
865 2704 984 2758 loco
1051 2714 1354 2774 Opportuno
1445 2704 1709 2759 subinl‘ert
1763 2705 1789 2744 δ
1843 2722 1856 2759 :

290 2815 307 2847 ι
356 2796 675 2851 lncarnatus
728 2804 830 2862 est,
880 2796 1073 2865 inquit,
1144 2797 1451 2864 unigenitus
1505 2808 1715 2852 secreto
1774 2797 1861 2853 illo

282 2888 563 2957 mysterio,
617 2886 761 2956 quod
812 2887 927 2956 ipse
989 2887 1159 2941 novit.
1190 2886 1443 2942 Nostrum
1502 2902 1733 2956 namque
1779 2894 1864 2941 est

283 2979 524 3041 credere,
548 2977 691 3031 illius
714 2992 890 3031 nosse.
914 2976 992 3031 Ac
1015 2978 1091 3031 sic
1116 2976 1228 3047 ipse
1258 2976 1400 3031 Deus
1428 2977 1661 3031 Verbum
1691 2983 1862 3029 totum

282 3068 605 3137 suscipiens,
635 3069 776 3137 quod
814 3076 899 3122 est
951 3068 1201 3133 hominis,
1261 3068 1421 3123 homo
1466 3068 1527 3122 ﬁt
1554 3068 1858 3139 [Athanas.,

281 3160 445 3215 homo
496 3159 626 3231 sit];
663 3168 718 3215 et
764 3172 1072 3229 assumptus
1107 3160 1269 3214 homo
1318 3168 1488 3214 totum
1526 3160 1857 3231 accipiendo,

281 3252 426 3323 quod
470 3252 567 3307 Dei
622 3260 728 3317 est,
768 3252 911 3306 aliud
949 3268 1110 3321 quam
1159 3252 1301 3307 Deus
1357 3269 1477 3308 esse
1525 3269 1631 3308 non
1688 3255 1864 3323 potuit

284 3343 509 3418 [Idem.,
539 3360 645 3400 non
682 3344 896 3417 possit].
932 3366 951 3398 ι
988 3344 1045 3400 Si
1069 3361 1198 3415 ergo
1218 3346 1380 3400 homo
1405 3354 1577 3401 totum
1603 3347 1861 3415 suscepit,

283 3441 429 3511 quod
460 3440 554 3493 Dei
585 3449 688 3504 est,
713 3441 817 3496 hoc
844 3440 1107 3510 siquidem
1149 3443 1385 3512 suscepit
1417 3483 1431 3508 ,
1465 3451 1524 3496 ut
1553 3443 1694 3497 Deus
1721 3450 1867 3497 esset

285 3548 470 3597 verus,
496 3540 549 3587 et
578 3531 745 3588 Filius
792 3533 887 3587 Dei
932 3548 1112 3597 verus,
1170 3534 1499 3604 unigenitus,
1549 3535 1760 3598 unicus,
1813 3539 1868 3587 et

287 3623 539 3693 proprius
567 3639 581 3678 :
614 3623 717 3677 hoc
735 3632 903 3677 totum
927 3623 981 3677 in
1008 3622 1102 3678 Dei
1128 3622 1264 3677 Filio
1299 3623 1398 3677 fuit
1421 3633 1545 3678 ante
1570 3624 1749 3680 omnia
1770 3640 1868 3678 sae-

289 3714 438 3778 cula;
468 3714 573 3767 hoc
601 3712 709 3767 ﬁlio
747 3714 1004 3793 hominis,
1038 3730 1197 3783 quem
1236 3715 1570 3785 plenitudine
1612 3717 1870 3785 temporis

290 3817 353 3856 ex
386 3802 637 3874 virginali
681 3811 835 3857 utero
880 3804 1188 3873 assumpsit,
1240 3805 1294 3857 in
1346 3805 1461 3873 ipso
1507 3805 1872 3875 conceptionis

291 3892 448 3947 initio
493 3893 771 3962 proprium
828 3893 949 3959 fuit,
979 3903 1041 3948 ut
1085 3895 1299 3960 unicus,
1350 3896 1682 3964 unigenitus,
1711 3912 1873 3953 verus

288 3991 343 4037 et
374 3984 629 4051 proprius
670 3982 836 4037 Filius
862 3983 955 4038 Dei
978 3994 1144 4039 esset.

361 4070 525 4125 XVII.
575 4072 888 4138 Qumramus
912 4074 1075 4128 etiam
1099 4074 1227 4145 quid
1256 4076 1597 4131 acutissimus
1626 4084 1680 4131 et
1706 4077 1761 4131 in
1788 4092 1875 4132 ca-

291 4161 491 4217 tholica
532 4163 635 4217 ﬁde
677 4165 1054 4220 veracissimus
1091 4167 1277 4221 doctor
1317 4167 1508 4222 beatus
1546 4168 1877 4239 Augustinus

290 4254 468 4319 dicat,
499 4261 767 4322 quatenus
799 4256 845 4309 si
887 4257 1275 4312 antedictorum
1317 4260 1538 4314 credere
1578 4261 1729 4315 vobis
1771 4277 1875 4315 non

289 4345 505 4415 placeat
524 4346 804 4401 doctorum
830 4350 1174 4416 testimoniis,
1198 4350 1279 4406 vel
1302 4351 1446 4407 illius
1472 4353 1695 4417 credite,
1717 4369 1875 4422 quem

1946 511 2151 566 tionum
2180 512 2317 566 libro
2346 511 2499 583 (Cap.
2538 513 2623 577 15,
2651 530 2798 568 num.
2824 512 2936 581 50),
2964 512 3029 567 de
3057 513 3381 584 proprietate
3411 530 3532 584 qua:

1947 608 2000 661 in
2044 606 2258 660 Christo
2295 615 2408 669 est,
2452 615 2637 675 aperto
2672 622 2920 662 sermone
2951 606 3198 676 profatur
3237 625 3250 661 :
3290 626 3308 660 ι
3346 607 3534 665 Nonne

1946 697 2199 762 facienLe,
2236 697 2430 766 inquit,
2460 714 2521 752 ac
2553 700 2878 768 suscipiente
2911 699 3107 765 Verl'o,
3137 702 3248 770 ipse
3280 702 3442 756 homo
3465 716 3533 757 ex

1949 805 2057 859 quo
2084 806 2203 845 esse
2225 790 2404 859 cmpit,
2435 788 2603 843 Filius
2632 790 2726 844 Dei
2753 794 2943 845 unicus
2977 807 3096 847 esse
3125 792 3319 863 coepit?
3348 792 3536 848 Nonne

1948 879 2143 935 Filium
2183 881 2278 934 Dei
2318 880 2536 935 unicum
2569 879 2766 936 femina
2806 883 2892 937 illa
2930 886 3102 954 gratia
3140 885 3296 954 plena
3337 899 3535 941 conce-

1948 973 2064 1042 pit?
2106 971 2292 1027 Nonne
2331 973 2396 1026 dc
2435 971 2637 1041 Spiritu
2678 982 2864 1028 sancto
2901 984 2955 1029 et
2999 976 3206 1046 virgine
3240 975 3405 1030 Maria
3438 975 3536 1031 Dei

1949 1064 2118 1119 Filius
2147 1065 2337 1120 unicus
2366 1077 2525 1119 natus
2554 1066 2673 1119 est?
2702 1085 2721 1119 ι
2757 1067 2889 1120 Item
2934 1067 2986 1121 in
3024 1069 3256 1123 secundo
3294 1068 3534 1137 ejusdem

1950 1156 2141 1227 Operis
2166 1159 2303 1213 libro
2333 1172 2353 1198 ο
2388 1178 2399 1211 :
2434 1179 2452 1209 ι
2487 1159 2715 1224 Fidelis,
2749 1160 2968 1230 inquam
2989 1202 3002 1225 ,
3046 1162 3139 1231 qui
3172 1162 3227 1216 in
3260 1177 3326 1216 eo
3352 1176 3539 1216 veram

1952 1259 2201 1304 naturam
2239 1251 2414 1305 credit
2454 1260 2507 1305 et
2537 1251 2824 1306 conﬁtetur
2854 1252 3140 1306 humanam
3163 1293 3177 1316 ,
3216 1252 3267 1306 id
3294 1262 3408 1317 est,
3444 1266 3541 1307 no-

1952 1349 2161 1406 stram,
2222 1342 2470 1409 quamvis
2525 1341 2874 1412 singulariter
2930 1341 3254 1410 suscipiente
3313 1340 3539 1397 Domino

1955 1430 2134 1503 [Aug.,
2174 1432 2305 1503 Deo]
2337 1433 2542 1497 Verbo,
2577 1435 2629 1486 in
2656 1433 2872 1488 unicum
2904 1432 2998 1485 Dei
3026 1432 3223 1486 Filium
3250 1432 3539 1486 sublimata

1955 1522 2109 1595 [Cod.
2148 1522 2350 1589 Paris.,
2381 1526 2666 1581 sublimata
2697 1524 2825 1595 est],
2858 1527 2933 1579 ita
2985 1533 3045 1579 ut
3088 1525 3180 1594 qui
3226 1526 3451 1593 suscipit
3488 1533 3543 1580 et

1955 1616 2097 1685 quod
2125 1616 2358 1685 suscepit
2382 1632 2490 1670 una
2518 1624 2662 1671 esset
2700 1618 2753 1670 in
2778 1617 3039 1671 Triuitate
3066 1631 3317 1686 persona.
3357 1636 3373 1668 ι
3406 1616 3541 1670 Bea-

1955 1720 2043 1763 tus
2071 1710 2387 1778 \ugustinus
2404 1710 2693 1771 veridicus,
2712 1710 3110 1779 profabilisque
3124 1709 3369 1764 veritatis
3389 1709 3545 1763 testis

1958 1798 2172 1851 unicum
2196 1798 2326 1852 dicit
2340 1796 2433 1853 Dei
2450 1798 2663 1862 Filium,
2682 1799 2841 1867 903
2864 1799 2954 1867 qui
2978 1799 3283 1868 unigenitus
3303 1798 3368 1852 de
3390 1806 3545 1852 utero

1957 1888 2110 1957 quasi
2146 1901 2373 1957 sponsus
2400 1886 2466 1942 de
2494 1887 2729 1940 thalamo
2757 1888 3020 1955 processit
3058 1888 3110 1940 in
3145 1888 3415 1957 regionem
3449 1901 3547 1942 no-

1958 1985 2145 2031 stram.
2195 1976 2395 2031 Unicus
2443 1992 2674 2045 namque
2717 1976 2800 2030 vel
2854 1977 3158 2046 unigenitus
3200 1978 3546 2047 proprietatis

1956 2082 2150 2121 nomen
2174 2078 2256 2121 est
2275 2107 2288 2130 ,
2318 2082 2421 2120 non
2454 2067 2847 2121 communionis
2885 2082 3007 2121 cum
3045 2067 3328 2136 adoptivis.
3358 2067 3413 2122 In
3438 2076 3550 2126 tra-

1958 2167 2100 2213 ctatu
2123 2158 2718 2230 videlicetnonagesimi
2737 2160 2860 2213 noni
2882 2160 3073 2229 psalmi
3094 2161 3260 2214 habes
3274 2160 3347 2214 ita
3362 2159 3544 2229 (Num.

1960 2249 2047 2320 15)
2077 2267 2089 2302 :
2122 2269 2139 2299 ι
2174 2249 2367 2304 Scitote
2400 2254 2647 2321 quoniam
2681 2251 2934 2304 Dominus
2956 2252 3063 2321 ipse
3089 2261 3162 2304 est
3201 2249 3341 2304 Deus
3372 2248 3546 2320 (Psal.

1957 2356 2104 2406 xcn,
2130 2340 2206 2412 5).
2241 2342 2371 2409 Quis
2401 2344 2592 2407 nescit,
2632 2344 2828 2412 inquit,
2864 2344 3120 2412 quoniam
3148 2342 3407 2398 Dominus
3436 2345 3550 2412 ipse

1959 2445 2041 2489 est
2060 2435 2238 2489 Deus?
2274 2435 2533 2490 Dominus
2558 2437 2647 2490 ille
2678 2452 2782 2490 non
2806 2436 2956 2490 vobis
2992 2436 3215 2490 vilescat
3244 2435 3552 2491 :cruciﬁxi-

1960 2529 2077 2590 stis,
2097 2526 2421 2597 ﬁagellastis,
2440 2529 2613 2597 sputis
2635 2528 2890 2593 illinistis,
2906 2528 3075 2598 spinis
3087 2518 3404 2591 coronastis,
3418 2536 3548 2592 ctc.,

1962 2620 2212 2675 custodes
2238 2619 2304 2673 ad
2328 2620 2630 2689 sepulcrum
2662 2621 2918 2688 posuistis
2948 2638 2960 2674 :
2994 2622 3107 2690 ipse
3129 2628 3212 2675 est
3239 2620 3401 2675 Deus.
3434 2618 3553 2673 Sci-

1961 2719 2064 2764 tote
2114 2709 2361 2779 quoniam
2406 2709 2659 2762 Dominus
2696 2711 2815 2780 ipse
2858 2720 2933 2763 est
2970 2709 3133 2764 Deus.
3169 2730 3188 2761 ι
3219 2709 3388 2779 Igitur
3413 2718 3468 2764 et
3497 2710 3553 2764 in

1960 2800 2169 2868 psalmo
2208 2815 2294 2853 ctx
2342 2800 2627 2853 humanam
2668 2808 2913 2854 naturam
2956 2801 3009 2853 in
3056 2801 3414 2869 Redemptore
3456 2816 3553 2854 no-

1964 2899 2098 2955 stro,
2126 2906 2244 2959 qum
2271 2890 2428 2960 longa
2457 2900 2738 2959 parentum
2762 2892 2901 2945 linea
2930 2893 2996 2945 de
3016 2894 3222 2946 semine
3246 2893 3409 2947 David
3431 2901 3552 2948 orta

1962 2994 2065 3047 est,
2091 2983 2333 3037 eamdem
2359 2996 2478 3037 esse
2500 2991 2555 3036 et
2577 2983 2861 3037 Dominum
2891 2982 3082 3048 David,
3106 2991 3161 3036 et
3189 2981 3354 3037 ﬁlium
3382 2983 3553 3039 David

1965 3074 2247 3128 manifeste
2274 3074 2468 3143 probat
2489 3088 2554 3126 ex
2580 3088 2645 3127 eo
2664 3072 2952 3137 versiculo,
2981 3087 3140 3141 quem
3170 3074 3281 3142 ipse
3304 3073 3554 3130 Salvator

1965 3164 2163 3219 Judmis
2188 3164 2465 3235 proposuit
2501 3165 2553 3217 in
2585 3164 2932 3233 quaestionem
2952 3203 2965 3228 ,
2996 3165 3263 3233 quomodo
3290 3167 3556 3236 potuisset

1963 3258 2103 3312 ﬁlius
2134 3256 2302 3311 David
2329 3270 2481 3320 esse,
2513 3265 2566 3311 cl
2605 3255 2854 3312 dominus
2888 3255 3092 3321 David,
3132 3257 3317 3312 dicens
3355 3277 3367 3312 :
3410 3258 3556 3314 Dixit

1962 3346 2219 3401 Dominus
2272 3345 2494 3415 Domino
2536 3361 2678 3409 meo,
2730 3345 2849 3399 sede
2888 3363 2920 3398 a
2963 3346 3163 3401 dextris
3204 3348 3331 3401 meis
3381 3344 3552 3418 (Psal.

1965 3453 2083 3502 cxx,
2118 3437 2192 3505 I).
2235 3436 2291 3491 Si
2326 3436 2501 3499 ﬁlius,
2541 3435 2810 3505 quomodo
2836 3435 3136 3491 Dominus?
3168 3436 3319 3503 Quod
3363 3439 3556 3495 beatus

1965 3528 2298 3595 Augustinus
2335 3527 2388 3580 in
2429 3527 2763 3596 expositione
2792 3524 3027 3593 ejusdem
3057 3527 3245 3596 psalmi
3283 3528 3354 3582 ita
3385 3528 3558 3583 disse-

1967 3620 2076 3672 ruit
2112 3618 2290 3689 (Num.
2317 3616 2368 3689 7)
2395 3632 2447 3670 :t
2466 3616 2950 3686 Novimus,inqnit,
2971 3618 3244 3673 Christum
3272 3620 3462 3675 sedere
3486 3621 3554 3676 ad

1970 3710 2244 3764 dexteram
2273 3708 2449 3763 Patris
2472 3717 2593 3779 post
2617 3710 3069 3765 resurrectionem
3095 3726 3126 3764 a
3155 3712 3400 3777 morttlis,
3426 3722 3482 3767 et
3503 3713 3555 3767 in

1971 3801 2122 3855 cmlis
2168 3801 2558 3854 ascensionem.
2591 3798 2815 3853 Factum
2855 3809 2938 3853 est
2973 3799 3119 3868 jam,
3162 3816 3262 3856 nec
3298 3803 3557 3868 vidimus,

1972 3892 2066 3947 sed
2090 3892 2390 3952 credimus;
2425 3890 2478 3943 in
2510 3890 2661 3944 libris
2688 3890 2913 3960 legimus
2934 3930 2948 3955 ,
2974 3891 3323 3960 praedicatum
3355 3892 3561 3949 audivi-

1974 3998 2112 4045 mus,
2146 3983 2249 4037 ﬁde
2280 3983 2593 4037 retinemus.
2619 3982 2771 4037 Unde
2792 3991 2844 4036 et
2865 3997 2930 4036 eo
2952 3984 3090 4051 ipso,
3111 3984 3254 4051 quod
3281 3994 3398 4037 erat
3422 3982 3563 4040 ﬁlius

1974 4074 2138 4128 David
2165 4074 2433 4138 Christus,
2458 4073 2633 4127 factus
2654 4082 2736 4128 est
2759 4073 3017 4127 Dominus
3039 4073 3228 4128 David.
3257 4074 3387 4129 Illud
3415 4075 3561 4128 enim

1974 4165 2117 4235 quod
2144 4172 2329 4219 natum
2360 4173 2443 4219 est
2471 4179 2535 4219 ex
2564 4165 2768 4218 semine
2795 4164 2984 4229 David,
3017 4166 3090 4218 ita
3113 4165 3433 4220 honoratum
3456 4173 3559 4231 est,

1975 4266 2033 4309 ut
2060 4266 2201 4311 esset
2236 4264 2290 4311 et
2316 4257 2576 4310 Dominus
2599 4256 2816 4311 David.»
2846 4258 2997 4322 Quod
3031 4258 3223 4312 iterum
3259 4258 3562 4325 iterumque

1978 4345 2232 4415 replicat,
2263 4361 2329 4400 ne
2365 4345 2502 4401 forte
2532 4347 2617 4401 cui
2648 4346 2913 4402 dubitatio
2942 4346 3098 4413 foret,
3124 4347 3189 4402 de
3217 4362 3323 4416 qua
3358 4347 3562 4403 dictum

290 4451 392 4491 vos
420 4437 748 4506 singularius
777 4448 967 4494 vestrae
991 4442 1239 4510 opitulari
1268 4452 1426 4499 secta:
1456 4443 1591 4499 falso
1620 4445 1873 4514 opinatis.
1910 4480 1956 4539 υ
1980 4438 2051 4492 sit
2073 4446 2258 4491 natura
2287 4456 2298 4491 ε
2328 4437 2470 4491 Dixit
2496 4438 2749 4491 Dominus
2771 4437 2995 4493 Domino
3018 4455 3153 4504 mea.
3172 4439 3292 4493 sede
3309 4456 3342 4491 α
3363 4440 3562 4494 dextris

292 4525 352 4581 Si
384 4529 632 4583 eruditus
655 4529 924 4598 quislibet,
948 4540 1002 4585 et
1030 4542 1174 4587 recte
1203 4535 1503 4606 intelligens
1532 4536 1721 4603 lector,
1744 4537 1880 4592 mul-

291 4616 509 4687 tiplFees
533 4617 831 4672 litterarum
860 4636 1078 4676 suarum
1116 4624 1330 4680 codices
1362 4625 1680 4695 perlustret,
1720 4629 1884 4684 veris-

290 4707 435 4762 sime
457 4723 579 4761 eum
616 4709 851 4764 inveniet
882 4712 1038 4766 nobis
1066 4723 1423 4770 consentanea
1458 4718 1725 4783 scribere,
1764 4734 1883 4773 cre-

292 4796 462 4861 dere,
508 4807 564 4852 et
591 4800 887 4869 praedicare
922 4802 987 4856 de
1030 4800 1246 4858 Christo
1270 4845 1284 4869 ,
1330 4821 1436 4860 non
1474 4808 1643 4862 vobis.
1679 4806 1784 4862 Sed
1818 4809 1883 4862 de

292 4887 549 4959 plurimis
571 4892 800 4962 exempli
823 4894 996 4964 gratia
1014 4909 1184 4963 pauca
1207 4897 1630 4967 perstringamus
1650 4913 1713 4952 ex
1738 4898 1881 4954 illius

294 4978 458 5034 dictis
486 4981 797 5037 testimonia
815 5024 830 5047 ,
857 4999 925 5038 ne
958 4999 1148 5054 magna
1177 4986 1462 5041 mulLitudo
1490 4990 1774 5043 verborum
1804 4989 1884 5043 fa-

293 5069 511 5125 stidiosi
533 5070 752 5127 lectoris
772 5075 1007 5128 animum
1031 5077 1201 5147 magis
1225 5087 1412 5132 oneret
1447 5094 1606 5147 quam
1638 5079 1882 5134 aediﬁcet.

294 5160 365 5214 Et
387 5176 492 5214 non
527 5170 810 5232 tangamus
843 5165 1003 5227 illud,
1035 5168 1175 5235 quod
1204 5168 1362 5237 paulo
1397 5177 1519 5223 ante
1551 5168 1617 5223 de
1648 5168 1889 5224 Enchiri-

293 5250 430 5305 dion
472 5253 786 5322 posuimus,
836 5257 930 5311 sed
965 5258 1033 5312 ad
1074 5259 1178 5312 alia
1220 5259 1417 5330 ingenii
1447 5260 1528 5315 sui
1558 5261 1887 5316 munimenta

374 5428 487 5484 IIS.
518 5430 847 5490 Athanasius
874 5476 888 5500 ,
931 5445 1061 5491 tom.
1107 5437 1128 5491 I
1175 5437 1218 5491 Ο
1289 5454 1405 5493 rum
1456 5448 1598 5510 part.
1644 5455 1709 5493 ιι.
1760 5441 1880 5495 Viti.

374 5505 417 5553 ι.
494 5500 732 5557 Madrisii
804 5506 1039 5561 Onerum
1116 5509 1175 5561 S.
1222 5452 1438 5561 ιἔξιυηηί
1493 5510 1880 5561 Auuileieusis.

293 5505 432 5639 :2;
470 5500 732 5625 1Igitrlrisii
804 5506 1039 5575 Operum
1116 5509 1175 5562 S.
1222 5500 1882 5580 Paulini'Aquileiensis,

378 5639 492 5729 ES:
535 5642 870 5729 Athanasius
894 5648 987 5729 de
1011 5649 1112 5703 ﬁde
1138 5664 1233 5729 sua
1287 5659 1416 5702 tom.
1450 5649 1510 5729 _lI
1540 5649 1699 5719 Oper.
1734 5651 1883 5715 Quod

298 5722 490 5771 tamen
527 5716 845 5783 opusculum
884 5720 1121 5778 editores
1142 5721 1286 5778 inter
1316 5722 1499 5792 Spuria
1522 5716 1836 5794 computant
1867 5738 1881 5778 .-

1981 4531 2127 4583 meis.
2155 4527 2410 4595 Adjunxit
2433 4544 2561 4599 ergo
2589 4537 2643 4581 et
2668 4529 2784 4583 haec
2805 4530 2968 4584 verba
2998 4548 3009 4583 :
3044 4548 3062 4579 ι
3099 4528 3175 4582 Eo
3202 4529 3338 4598 ipso,
3366 4530 3561 4599 inquit,

1981 4621 2121 4689 quod
2151 4636 2366 4675 carnem
2397 4622 2604 4689 accepit
2638 4619 2913 4683 Christus,
2940 4621 3082 4690 quod
3109 4622 3163 4676 in
3191 4637 3353 4677 carne
3377 4620 3561 4695 [Aug.,

1982 4710 2036 4763 in
2066 4712 2255 4765 eadem
2282 4710 2466 4782 carne]
2494 4721 2740 4766 mortuus
2760 4720 2872 4777 est,
2907 4713 3049 4781 quod
3087 4712 3141 4767 in
3180 4714 3369 4769 eadem
3401 4727 3563 4769 carne

1982 4804 2310 4868 resurrexit,
2352 4804 2494 4871 quod
2536 4804 2592 4856 in
2636 4804 2823 4858 eadem
2858 4805 3100 4859 ascendit
3138 4806 3190 4859 in
3234 4805 3464 4872 caelum,
3509 4815 3562 4864 et

1984 4898 2131 4952 sedet
2168 4899 2233 4950 ad
2267 4898 2543 4952 dexteram
2582 4896 2784 4962 Patris;
2824 4905 2879 4952 et
2924 4898 2976 4951 in
3011 4899 3197 4954 eadem
3241 4899 3356 4970 ipsa
3399 4915 3564 4956 carne

1984 4990 2063 5043 sic
2089 4990 2346 5042 honorata
2366 5028 2379 5049 ,
2423 4988 2500 5041 sic
2538 4987 2862 5052 clariﬁcata,
2902 4990 2982 5045 sic
3013 4989 3067 5044 in
3103 4990 3375 5047 caelestem
3406 4992 3562 5047 habi-

1985 5089 2098 5133 tum
2120 5088 2443 5135 commutata
2464 5122 2477 5145 ,
2508 5090 2562 5134 et
2602 5081 2745 5136 ﬁlius
2771 5092 2851 5136 est
2880 5083 3044 5138 David
3063 5125 3076 5148 ,
3105 5092 3159 5139 et
3188 5084 3444 5140 Dominus
3480 5091 3564 5139 est

1986 5170 2169 5225 David.
2210 5192 2227 5222 ι
2264 5170 2429 5237 Quem
2474 5188 2688 5227 sensum
2727 5176 3014 5245 apostolica
3041 5178 3200 5232 etiam
3244 5175 3563 5231 auctoritate

1986 5264 2193 5317 curavit
2217 5263 2529 5320 dilucidare.
2559 5283 2576 5315 ι
2606 5264 2912 5322 Secundum
2941 5268 3101 5335 hanc,
3124 5268 3317 5338 inquit,
3348 5266 3562 5336 dispen-

1990 5437 2235 5563 gumldem
2266 5438 2442 5493 locum
2483 5439 2581 5495 sub
2627 5443 2841 5498 nomine
2894 5443 3174 5499 Athanasii
3219 5444 3349 5498 citat
3393 5441 3558 5499 etiam

2035 5524 2265 5563 autnus.

2035 5524 2265 5563 auunus.

2063 5592 2083 5616 ο
2116 5577 2171 5633 S.
2215 5581 2375 5653 Aug,
2408 5581 2529 5653 libr.
2560 5585 2623 5638 de
2652 5584 2800 5638 Dono
2828 5585 3262 5653 perseverantia,
3286 5598 3433 5638 num.
3461 5581 3550 5639 67.

1989 5650 2096 5705 Cur
2126 5667 2253 5705 vero
2277 5652 2414 5705 liber
2441 5652 2542 5707 iste
2582 5654 2791 5708 dicatur
2817 5650 3079 5708 secundus
3109 5655 3175 5709 de
3205 5654 3561 5710 Prmdestina-

1989 5723 2155 5790 tione,
2187 5720 2406 5779 consule
2434 5725 2851 5781 admonitionem
2880 5724 3001 5778 huic
3026 5724 3164 5783 libro
3188 5726 3485 5798 praeﬁxum.
