4030 6358
425 227 534 286 285

1260 231 1323 287 Β.
1363 230 1426 288 F.
1467 231 1692 288 ALBINI
1731 231 1865 288 SEU
1907 228 2178 286 ALCUINI
2215 229 2498 288 OPERUM
2531 229 2712 286 PARS
2749 229 2837 286 IlI.

3587 231 3696 292 284

425 347 688 404 sationem
709 345 966 402 transitus
989 345 1216 412 Christi,
1239 349 1402 404 etiam
1431 357 1485 404 et
1505 349 1634 404 illud
1657 351 1724 406 ab
1751 349 2004 420 Apostolo
2031 343 2080 406 Α
2108 347 2209 400 ait:
2235 347 2450 417 Oportet
2475 355 2522 400 et
2551 346 2700 400 illum
2722 359 2970 412 crescere,
2997 359 3077 400 me
3097 351 3272 400 autem
3295 343 3494 412 minui,
3517 345 3690 406 dixit:

423 439 622 496 dicitur
645 457 660 494 :
685 437 912 512 Propter
933 441 1072 513 quod
1091 457 1208 496 eum
1227 441 1476 496 exultavit
1503 461 1536 496 a
1559 445 1802 510 mortuis,
1834 447 1882 508 et
1911 445 2008 498 do-

423 533 562 586 nauit
589 529 670 586 illi
699 549 914 598 nomen,
947 533 1086 604 quod
1113 543 1188 586 est
1225 549 1381 603 super
1417 551 1566 588 omne
1603 551 1816 601 nomen,
1855 545 1910 590 ut
1953 537 2009 590 in

421 622 632 678 nomine
663 621 792 678 Jesu
840 641 992 678 omne
1035 641 1166 696 genu
1207 627 1469 694 ﬂectatur,
1501 625 1800 694 ctelestium,
1847 637 2012 682 terre-

421 715 682 768 striumet
731 713 1054 786 infernarum
1095 715 1314 788 (Philip.
1349 733 1408 782 ιι,
1455 717 1564 790 l0).
1617 719 1877 784 Donavit,
1927 720 2010 774 in-

421 809 560 878 quit,
589 809 640 864 ei
675 823 904 876 nomen,
931 809 986 864 id
1013 819 1126 876 est,
1159 827 1320 882 super
1355 827 1516 868 omne
1541 829 1758 880 nomen,
1791 813 2008 870 Christo

421 899 610 970 utique
643 901 934 956 secundum
979 901 1282 966 hominem,
1314 901 1530 960 Christo
1557 905 1850 960 secundum
1875 921 2006 964 car-

423 1009 546 1048 nem
573 1001 808 1060 mortuo,
849 997 1152 1066 resurgenti
1173 1037 1186 1062 ,
1223 996 1530 1052 ascendenti
1557 998 1768 1052 donavit
1797 1009 2010 1064 nomen,

357 1069 362 1074 ’
421 1086 556 1156 quod
577 1095 652 1142 est
675 1104 830 1158 super
855 1105 1004 1144 omne
1027 1107 1244 1154 nomen;
1271 1099 1328 1144 ut
1365 1091 1418 1146 in
1457 1092 1664 1145 nomine
1693 1089 1822 1146 Iesu
1859 1107 2010 1146 omne

419 1195 554 1264 genu
580 1181 844 1250 ﬂectatur,
882 1183 1186 1250 cmlestium,
1221 1185 1542 1239 terrestrium
1571 1193 1620 1238 et
1659 1185 2004 1254 infernarum.

419 1269 522 1326 Ubi
547 1272 654 1328 erit
677 1271 876 1338 David,
903 1283 964 1330 ut
991 1291 1096 1330 non
1137 1277 1184 1332 ei
1215 1277 1286 1332 sit
1325 1276 1620 1330 Dominus?
1653 1275 1710 1330 In
1749 1277 1886 1331 cmlo
1915 1275 2006 1344 sit,

417 1363 472 1416 in
503 1371 646 1419 terra
677 1367 768 1428 sit,
794 1368 846 1420 in
873 1365 1082 1422 inferno
1105 1369 1214 1422 sit:
1245 1367 1504 1422 Dominus
1525 1367 1641 1435 ejus
1661 1369 1780 1430 erit,
1807 1368 1898 1438 qui
1925 1375 2008 1422 est

417 1453 676 1510 Deminus
695 1455 1016 1518 etelestium,
1047 1459 1385 1514 terrestrium
1412 1465 1464 1512 et
1485 1457 1838 1512 iufernorum.
1865 1457 2008 1512 Gau-

415 1545 542 1600 deat
585 1561 718 1616 ergo
761 1548 1040 1602 nobiscum
1091 1549 1292 1614 David,
1329 1549 1424 1602 lilii
1465 1549 1546 1604 sui
1593 1549 1874 1602 nativitatc
1913 1549 2008 1602 ho-

417 1647 658 1702 noratus,
693 1640 966 1696 dominatu
997 1641 1258 1698 liberatus
1291 1660 1304 1696 :
1339 1651 1394 1697 et
1413 1642 1652 1712 gaudens
1681 1643 1844 1706 dicat,
1887 1649 1944 1694 ut
1973 1655 2003 1694 a

2113 439 2216 504 Qui
2239 441 2426 510 accipit
2475 441 2828 494 testimonium
2857 438 2990 510 ejus,
3020 437 3242 508 signavit
3265 439 3388 508 quia
3416 437 3560 494 Deus
3609 459 3696 496 ee-

2111 548 2209 584 ma:
2257 541 2352 586 est.
2387 531 2720 588 Subsecutus
2747 531 2824 590 ait
2865 551 2878 586 :
2925 530 3048 586 Non
3097 531 3234 585 enim
3289 531 3358 584 ad
3389 549 3694 588 mensuram

2107 622 2198 676 dat
2249 623 2392 678 Deus
2421 621 2674 694 Spiritum
2725 623 2906 696 (Joan.
2941 621 3144 690 111,50,
3193 623 3285 688 55,
3339 623 3452 694 54).
3483 623 3558 678 De
3583 641 3694 694 quo

2107 713 2250 769 idem
2304 717 2396 784 qui
2445 731 2608 786 supra
2659 717 2714 772 in
2765 717 2954 772 eodem
3007 715 3270 772 Sermone
3315 715 3526 786 (Traet.
3575 731 3692 784 χιιι,

2107 823 2256 862 num.
2295 809 2430 882 10):
2481 827 2500 860 ι
2561 808 2722 876 Audi,
2771 811 2966 880 inquit,
3007 807 3322 880 Apostolum
3375 809 3692 866 dicentem:

2109 897 2408 954 Secundum
2455 917 2752 956 mensuram
2783 901 3084 956 donationis
3139 897 3336 956 Christi
3359 899 3576 972 (Ephes.
3611 917 3690 968 tv,

2109 991 2184 1063 7).
2217 991 2536 1048 Hominibus
2565 993 2634 1048 ad
2689 1009 2998 1050 mensuram
3043 993 3172 1060 dat;
3211 991 3376 1046 unico
3397 991 3532 1046 Filio
3579 1005 3692 1048 non

2107 1085 2200 1140 dat
2229 1086 2296 1140 ad
2319 1101 2648 1142 mensuram.
2687 1105 2706 1138 ι
2733 1085 2802 1140 Et
2827 1086 2892 1140 de
2919 1101 2984 1140 eo
3021 1085 3166 1156 quod
3195 1083 3284 1138 hic
3309 1083 3422 1138 ait:
3453 1081 3695 1154 Sign’arit

2106 1177 2230 1246 quia
2280 1175 2421 1232 Deus
2449 1193 2606 1232 verax
2651 1187 2770 1231 est:
2803 1159 2934 1232 item
2969 1183 3050 1246 et.
3075 1175 3143 1231 de
3189 1191 3256 1230 eo
3306 1175 3448 1244 quod
3477 1175 3598 1246 alio
3639 1177 3694 1229 in

2107 1267 2226 1322 loco
2251 1269 2364 1338 ipsa
2387 1269 2598 1324 Veritas
2621 1269 2694 1322 ait
2723 1286 2736 1322 :
2767 1267 2924 1322 Hunc
2951 1269 3086 1322 enim
3110 1263 3272 1320 Pater
3295 1267 3516 1336 signavit
3547 1265 3694 1318 Deus

2109 1359 2290 1432 (Joan.
2321 1377 2398 1426 vt,
2429 1359 2541 1432 97),
2563 1359 2728 1414 talem
2755 1361 3026 1430 cooptavit
3065 1359 3566 1428 interpretationem
3607 1357 3694 1410 di-
3731 1413 3740 1424 ,

2108 1469 2236 1509 cens
2283 1455 2490 1525 (Tract.
2529 1471 2656 1520 xxv,
2707 1471 2858 1508 num.
2907 1453 3038 1522 il):
3073 1473 3090 1506 ι
3127 1451 3250 1516 iste,
3297 1451 3492 1521 inquit,
3543 1449 3692 1506 ﬁlius

2107 1545 2342 1600 hominis
2376 1555 2430 1600 et
2477 1543 2644 1600 Filius
2691 1545 2786 1600 Dei
2835 1555 2934 1610 est,
2969 1547 3070 1602 iste
3123 1547 3284 1600 homo
3333 1544 3495 1600 etiam
3547 1543 3696 1598 Deus

2107 1645 2210 1690 est.
2249 1657 2266 1690 ι
2299 1637 2364 1691 Et
2391 1637 2554 1706 paulo
2583 1647 2700 1707 post
2735 1655 2747 1691 :
2795 1657 2814 1688 ι
2849 1637 2972 1690 Ideo
3003 1639 3140 1690 hunc
3167 1637 3312 1692 enim
3359 1635 3496 1688 Deus
3527 1631 3698 1718 Patet;

417 1733 774 1802 gaudentibus
801 1735 1052 1790 audiatur
1083 1753 1096 1789 :
1129 1735 1274 1790 Dixit
1309 1735 1560 1790 Dominus
1599 1735 1828 1790 Domino
1865 1751 2000 1800 meo,
2035 1709 2082 1769 Β
2106 1733 2350 1800 signavit.
2407 1731 2634 1802 Signare
2687 1731 2818 1801 quid
2865 1741 2969 1796 est,
3014 1731 3116 1786 nisi
3165 1729 3441 1800 proprium
3485 1729 3716 1798 aliquid'

414 1821 534 1876 sede
557 1841 590 1876 a
625 1823 820 1880 dea-tris
847 1827 995 1898 meis.
1039 1845 1060 1878 ι
1095 1825 1248 1882 Unde
1275 1835 1358 1883 est
1397 1827 1646 1882 l'rivolosa
1676 1825 2004 1896 nuncupatio

413 1911 730 1982 divinitatis,
775 1917 866 1970 ubi
921 1926 1028 1972 tam
1072 1919 1178 1972 alta
1228 1927 1310 1974 est
1351 1919 1646 1973 dominatio
1681 1921 2006 1990 potestatis?

413 2003 570 2060 Unde
591 2013 674 2062 est
695 2009 916 2078 aequalis
941 2011 1220 2066 nobiscum
1245 2013 1462 2082 adOptio
1487 2013 1540 2066 in
1563 2011 1674 2068 ﬁlio
1699 2013 1888 2078 David,
1913 2013 2004 2070 ubi

409 2105 494 2152 est
523 2105 632 2178 tam
659 2101 928 2156 excellens
960 2117 1122 2172 supra
1151 2119 1339 2158 omnes
1371 2104 1619 2158 caelestes
1651 2105 1879 2158 virtutes
1908 2104 2004 2160 do-

409 2189 690 2246 minatus?
715 2191 840 2248 Hzec
861 2193 1150 2272 dicm/quia
1175 2195 1392 2248 memini
1418 2209 1502 2249 me
1523 2197 1780 2264 scriptum
1809 2196 2002 2264 legisse

409 2275 552 2333 inter
588 2279 724 2336 alias
767 2281 924 2350 hujus
953 2299 1104 2338 nova:
1141 2293 1302 2338 sectae
1333 2285 1562 2356 ineptias
1584 2328 1598 2350 ,
1639 2285 1912 2341 Christum
1947 2287 2002 2342 in

409 2371 592 2426 divina
615 2377 984 2430 tantummodo
1009 2385 1196 2430 natura
1227 2377 1514 2432 Dominum
1541 2391 1659 2432 esse
1679 2377 1868 2442 David,
1893 2393 2002 2432 non

407 2473 476 2515 ex
508 2461 764 2526 humana,
795 2479 902 2534 qua
929 2466 996 2520 de
1019 2465 1226 2520 semine
1259 2465 1430 2520 David
1451 2467 1678 2536 sumpsit
1705 2467 1996 2536 originem;

407 2565 474 2606 ac
511 2551 634 2606 ideo
665 2554 894 2626 longiori
937 2565 1086 2612 textu
1131 2573 1408 2614 sermones
1453 2559 1508 2612 in
1549 2561 1650 2614 hoc
1687 2559 1804 2614 loco
1846 2561 2000 2630 posui

408 2641 584 2696 sancti
609 2641 914 2714 Augustini.
951 2645 1030 2700 Ita
1057 2648 1198 2702 idem
1245 2649 1297 2702 in
1337 2649 1546 2718 psalmo
1587 2667 1658 2704 LII
1693 2649 1862 2722 (num.
1893 2649 1946 2721 5)
1983 2667 1996 2704 :

415 2747 436 2782 ι
469 2729 602 2786 Cum
633 2733 684 2788 in
721 2731 892 2790 forma
921 2739 1060 2791 servi
1093 2747 1378 2808 appareret
1407 2741 1460 2794 in
1501 2749 1642 2795 terra
1663 2782 1677 2806 ,
1720 2741 1996 2806 dixerunt,

407 2822 498 2890 qui
522 2837 644 2878 eum
663 2827 1048 2882 cruciliverunt
1075 2851 1088 2884 ι
1117 2829 1232 2884 Non
1263 2839 1346 2886 est
1367 2832 1526 2886 Deus.
1553 2831 1690 2898 Quia
1715 2831 1884 2886 Filius
1903 2831 1998 2886 Dei

409 2923 544 2976 erat,
571 2915 757 2984 utique
783 2917 926 2972 Deus
947 2929 1066 2974 erat
1083 2961 1096 2984 ,
1125 2923 1374 2991 proprius
1413 2923 1579 2978 Filius
1607 2923 1703 2978 Dei
1724 2933 1778 2978 et
1803 2939 1994 2990 verus;

405 3003 500 3058 sed
525 3003 602 3058 illi
631 3008 870 3074 corrupti
897 3017 1042 3074 sunt,
1071 3017 1125 3062 et
1155 3011 1544 3068 abominabiles
1575 3013 1701 3069 facti
1723 3025 1876 3084 sunt,
1901 3019 1994 3088 qui

405 3093 660 3150 dixerunt
689 3095 872 3166 [Aug.,
900 3099 1028 3167 quid
1057 3099 1362 3172 dixerunt?]
1393 3121 1406 3154 :
1443 3101 1558 3156 Non
1586 3113 1669 3158 est
1697 3105 1838 3162 Deus
1861 3149 1874 3174 ,
1905 3125 1996 3164 oc-

405 3184 648 3240 eidamus
665 3199 810 3242 eum.
843 3207 862 3240 ι
889 3188 1030 3244 Ecce
1055 3193 1334 3262 proprium
1365 3189 1628 3248 et'verum
1653 3195 1746 3250 Dei
1775 3195 1996 3268 Filium,

405 3277 498 3344 qui
525 3277 818 3334 cruciﬁxus
843 3289 928 3336 est
953 3297 984 3335 a
1007 3281 1224 3346 Judznis,
1255 3283 1477 3351 fatetur,
1507 3287 1644 3340 sicut
1675 3303 1888 3360 semper
1917 3289 1998 3348 fa-

407 3369 514 3424 teri
553 3369 902 3442 dignoscitur.
955 3375 1088 3430 ltcm
1131 3378 1196 3432 de
1235 3379 1441 3434 unitate
1475 3381 1759 3460 potestatis
1801 3383 1856 3438 in
1897 3383 1994 3440 Dei

405 3457 544 3514 Filio
567 3459 756 3518 beatus
777 3463 888 3520 Leo
913 3481 1052 3536 papa
1085 3469 1394 3538 expressius
1433 3469 1488 3524 in
1517 3457 1750 3540 quadam
1775 3475 1994 3530 homilia

405 3547 766 3621 Theophanim
793 3555 880 3611 die
911 3555 1134 3628 legenda
1165 3559 1384 3628 protulit
1413 3559 1612 3632 (Serm.
1643 3563 1730 3628 51,
1765 3579 1882 3634 cap.
1911 3563 1990 3636 2),

410 3659 430 3696 1
461 3643 715 3712 scienter,
749 3647 1020 3718 inquiens,
1055 3651 1290 3706 divinam
1317 3653 1714 3726 humanamque
1740 3667 1992 3712 naturam

403 3733 460 3788 in
489 3736 696 3792 unitate
731 3747 1072 3806 venerantes,
1099 3743 1224 3812 quia
1253 3747 1396 3812 quod
1433 3755 1552 3802 erat
1588 3749 1642 3802 in
1673 3749 1992 3808 substantiis

403 3825 700 3894 proprium,
731 3843 838 3884 non
869 3837 988 3884 erat
1015 3831 1066 3884 in
1091 3841 1360 3902 potestate
1385 3835 1678 3893 diversum.
1715 3861 1736 3892 ι

471 3913 656 3970 XVIII.
711 3917 816 3974 Sed
853 3927 1192 3978 transeamus
1231 3925 1390 3980 modo
1423 3929 1491 3982 ad
1537 3929 1746 3997 praelati
1801 3931 1986 3986 Patris

401 4006 826 4076 pulcherrimum
877 4027 1056 4084 Opus,
1119 4013 1476 4070 llomiliarum
1531 4019 1796 4088 siquidem
1847 4021 1986 4098 [in]

401 4095 748 4172 Evangelium
775 4103 916 4158 beati
939 4103 1162 4162 Joannis
1188 4109 1550 4178 evangelistze,
1571 4095 1982 4184 perspicientes,

401 4189 528 4256 quid
555 4191 608 4243 in
637 4191 716 4246 eis
765 4191 931 4266 904
969 4197 1168 4250 sentiat
1200 4197 1264 4252 de
1293 4198 1532 4254 Christo.
1567 4201 1710 4256 Dicit
1741 4204 1804 4258 de
1835 4207 1986 4260 testi-

403 4279 586 4334 monio
639 4279 860 4338 Joannis
919 4287 1174 4356 Baptistae
1231 4289 1374 4346 inter
1423 4291 1528 4346 alia
1587 4293 1803 4364 (Tract.
1863 4313 1981 4364 v11,

2109 1821 2370 1894 [poucrc‘l
2397 1823 2508 1878 Hoc
2529 1833 2612 1878 est
2641 1823 2786 1878 enim
2834 1823 3064 1894 signare,
3115 1823 3391 1892 imponere
3437 1817 3690 1890 aliquid],

2105 1929 2212 1984 quo
2247 1929 2352 1968 non
2393 1914 2755 1970 confundatur
2783 1929 2905 1968 cum
2931 1913 3160 1968 caneris.
3217 1911 3445 1982 Signare
3479 1921 3564 1966 est
3617 1911 3694 1964 si-

2105 2021 2266 2076 gnum
2295 2007 2372 2060 rei
2395 2021 2617 2077 ponere.
2659 2003 2971 2076 Cuicunque
2999 2003 3072 2058 rei
3105 2003 3260 2072 ponis
3287 2001 3522 2072 signum,
3567 1999 3694 2056 ideo

2103 2099 2259 2168 ponis
2285 2097 2516 2168 signum,
2547 2113 2615 2152 ne
2637 2095 2858 2152 confusa
2881 2111 3001 2154 cum
3035 2095 3177 2158 aliis,
3218 2109 3248 2148 a
3293 2101 3344 2146 te
3381 2109 3490 2146 non
3515 2091 3694 2162 possit

2105 2189 2344 2258 agnosci.
2377 2185 2540 2242 Pater
2561 2203 2690 2256 ergo
2707 2205 2822 2242 eum
2845 2187 3088 2258 signauit.
3117 2184 3252 2252 Quid
3275 2191 3386 2246 est,
3423 2181 3648 2254 signat-it
3667 2181 3696 2236 .’

2103 2279 2388 2350 Proprium
2403 2281 2655 2350 quiddam
2679 2281 2754 2334 illi
2771 2281 2934 2344 dedit,
2961 2295 3028 2334 ne
3049 2277 3260 2332 caeteris
3277 2283 3692 2342 compararetur

2103 2371 2432 2426 hominibus.
2463 2373 2586 2428 ideo
2615 2372 2704 2444 [de
2739 2371 2850 2443 illo]
2879 2371 3082 2426 dictum
3109 2376 3228 2424 est:
3269 2365 3428 2422 Until
3450 2377 3498 2420 te
3521 2365 3686 2430 Deus,

2101 2465 2243 2518 Deus
2271 2475 2390 2520 tuus
2421 2466 2532 2519 oleo
2583 2465 2779 2518 lrrtitite
2807 2481 2916 2536 pra:
2953 2461 3291 2534 participibus
3321 2461 3422 2514 tuis
3453 2479 3472 2512 ι
3509 2455 3690 2528 (Psal.

2101 2574 2248 2622 xmv,
2291 2558 2368 2630 8).
2421 2557 2784 2612 Excellentius
2827 2556 3030 2626 aliquid
3087 2555 3279 2610 beatus
3321 2553 3540 2622 quidem
3577 2549 3692 2604 Au-

2101 2650 2350 2720 gustinus
2380 2663 2500 2702 cum
2527 2647 2796 2718 Propheta
2827 2647 3090 2701 intellexit
3109 2645 3160 2698 in
3186 2643 3440 2700 unctione
3458 2641 3688 2718 Christi,

2101 2755 2260 2808 quam
2286 2741 2374 2794 isti
2397 2739 2520 2794 novi
2554 2739 2856 2792 divinarum
2881 2745 3214 2793 scrutatores
3237 2751 3420 2790 rerum
3447 2735 3690 2788 obscuro

2101 2831 2430 2886 inﬁdelitatis
2465 2833 2628 2888 corde
2655 2813 2952 2902 intelligere
2991 2837 3226 2900 queunt;
3259 2835 3320 2882 ut
3343 2837 3466 2898 pote
3493 2823 3690 2880 eodem

2101 2927 2392 2996 inspiratus
2413 2925 2601 2996 spiritu
2631 2926 2684 2978 in
2711 2925 2958 2978 veritatis
2981 2921 3378 2986 testiﬁcatione,
3402 2933 3512 2990 quo
3529 2917 3690 2972 Chri-

2099 3027 2214 3072 stus
2243 3025 2436 3071 unctus
2461 3027 2546 3072 est
2575 3017 2628 3070 in
2658 3025 2815 3070 utero
2857 3011 3124 3086 virginali.
3178 3011 3297 3064 Prae
3327 3005 3688 3078 participibus

2097 3109 2294 3180 quippe
2321 3117 2514 3166 unctus
2550 3116 2634 3164 est
2683 3107 2932 3162 Salvator
2959 3113 3164 3168 noster,
3209 3101 3334 3170 quia
3365 3113 3554 3154 omnes
3587 3113 3690 3152 nos

2095 3201 2246 3272 prius
2285 3209 2600 3274 peccatores
2627 3199 2876 3254 homines
2915 3197 3222 3258 existimas,
3253 3201 3304 3248 et
3335 3189 3686 3262 postmodum

2095 3309 2192 3364 per
2245 3293 2552 3348 unctionem
2601 3291 2774 3346 sancti
2807 3289 3042 3360 Spiritus
3094 3283 3535 3346 sanctiﬁcamur;
3567 3281 3688 3348 ipse

2095 3393 2274 3440 autem
2313 3385 2552 3440 existens
2584 3385 2725 3438 Deus
2751 3391 2878 3438 ante
2905 3379 3124 3444 saecula,
3155 3393 3250 3450 per
3277 3383 3524 3430 sanctum
3553 3371 3684 3440 Spi-

2093 3473 2255 3529 ritum
2289 3475 2340 3530 iu
2371 3485 2526 3530 utero
2565 3473 2804 3546 Virginis
2841 3473 3004 3528 homo
3035 3477 3324 3539 conceptus
3353 3473 3436 3520 est
3471 3463 3526 3518 in
3573 3461 3684 3516 ﬁne

2093 3567 2432 3622 surculorum.
2491 3567 2567 3620 lhi
2609 3567 2678 3622 ah
2731 3563 2922 3620 eodem
2967 3561 3172 3632 Spiritu
3207 3567 3402 3613 unctus
3429 3563 3532 3620 est,
3583 3553 3682 3608 ubi

2091 3669 2408 3730 conceptus;
2439 3675 2538 3714 nec
2563 3667 2686 3714 ante
2707 3665 3019 3728 conceptus,
3042 3665 3096 3710 ct
3119 3651 3458 3724 postmodum
3479 3655 3682 3702 unctus

2091 3761 2190 3807 est.
2221 3751 2326 3806 Sed
2367 3753 2472 3806 hoc
2500 3751 2672 3820 ipsum
2701 3749 2768 3805 de
2797 3747 3000 3818 Spiritu
3037 3753 3244 3806 sancto,
3277 3751 3332 3797 et
3368 3755 3532 3796 came
3552 3737 3682 3792 Vir-

2089 3843 2226 3916 ginis
2243 3843 2450 3914 concipi
2471 3859 2499 3898 a
2529 3827 2730 3914 Spiritu
2753 3849 2960 3904 sancto,
2993 3839 3120 3910 ungi
3145 3837 3247 3902 fuit
3295 3833 3678 3894 Abundantius

2089 3935 2230 3990 enim
2261 3951 2384 3988 cum
2423 3935 2672 3990 omnibus
2696 3933 2896 3988 sanctis
2923 3939 3142 3986 unctum
3163 3941 3282 3982 esse
3305 3925 3424 3980 oleo
3445 3923 3670 3986 laetitia},

2089 4025 2142 4080 id
2167 4035 2274 4090 est,
2323 4027 2528 4096 Spiritu
2558 4033 2764 4088 sancto,
2799 4021 3063 4104 intellesit
3105 4033 3320 4090 quoque
3363 4011 3672 4086 Apostolus.

2089 4115 2296 4171 Unctus
2323 4124 2404 4170 est
2431 4115 2640 4186 Moyses
2661 4157 2674 4180 ,
2703 4115 2842 4168 sicut
2874 4113 3054 4168 caueri
3081 4109 3252 4166 sancti
3285 4109 3336 4162 in
3359 4105 3676 4176 adoptivum

2089 4209 2256 4264 lilium
2287 4227 2298 4262 :
2333 4217 2524 4264 unctus
2553 4217 2634 4263 est
2663 4207 2912 4263 Christus
2939 4205 2992 4259 in
3023 4211 3178 4258 utero
3203 4197 3450 4272 virginali
3477 4197 3528 4250 in
3545 4209 3676 4264 pro-

2083 4299 2260 4370 prium
2291 4299 2483 4354 Filium
2509 4299 2624 4352 Dei.
2657 4297 2752 4354 llis
2775 4297 2952 4352 verbis
2992 4304 3046 4350 et
3069 4295 3262 4350 beatus
3313 4289 3508 4344 Petrus
3541 4299 3674 4340 cou-

401 4383 552 4424 num.
593 4369 649 4438 4)
691 4389 704 4422 :
745 4391 764 4424 ι
799 4373 956 4428 Nullo
999 4379 1160 4432 modo
1201 4389 1382 4436 autem
1423 4393 1646 4451 possunt
1695 4387 1874 4442 dicere
1925 4405 1982 4444 sc
2013 4391 2250 4474 Dscntit
2275 4391 2526 4461 princeps
2547 4390 2911 4462 apostolorum
2931 4389 3152 4442 dicens:
3191 4382 3350 4438 Unrit
3380 4397 3496 4434 cum
3523 4377 3668 4432 Deus

401 4459 604 4517 habere
649 4465 992 4530 charitatem,
1021 4469 1112 4536 qui
1142 4469 1386 4526 dividunt
1433 4473 1756 4532 Trinitatem
1787 4479 1944 4552 [Aug.
1963 4523 1978 4548 ,

401 4551 494 4620 qui
529 4551 774 4610 dividunt
819 4557 1128 4630 unitatem].
1163 4559 1288 4616 Πειξο
1329 4563 1472 4618 dicta
1515 4577 1657 4632 sunt,
1703 4551 1982 4638 sequentia

403 4643 700 4704 videamus.
735 4649 1016 4707 Perhihuit
1053 4653 1288 4712 Joannes
1315 4659 1684 4716 testimonium
1707 4704 1720 4728 ,
1755 4665 1879 4733 quia
1906 4667 1984 4720 vi-

401 4735 500 4792 dit.
555 4737 722 4804 Quale
781 4743 1150 4800 testimonium
1201 4749 1510 4816 perhibuit?
1559 4751 1696 4818 Quia
1747 4755 1854 4824 ipse
1907 4765 1984 4811 est

401 4825 580 4918 Filius
607 4831 724 4888 Dei.
757 4833 1050 4906 Oportebat
1076 4855 1206 4912 ergo
1235 4850 1296 4898 ut
1317 4843 1406 4900 ille
1433 4845 1750 4914 haptizaret,
1783 4851 1872 4918 qui
1901 4861 1986 4908 est

399 4917 572 4976 Filius
609 4923 705 4978 Dei
753 4927 962 4994 unicus,
1003 4947 1109 4987 non
1136 4933 1442 5004 adoptatus.
1471 4935 1724 5008 Adoptati
1755 4941 1848 4996 ﬁlii
1875 4943 1980 4996 mi-

399 5012 556 5106 nistri
583 5023 712 5071 sunt
741 5017 900 5074 unici.
943 5019 1142 5082 Unicus
1181 5027 1346 5082 habet
1371 5037 1711 5100 potestatem,
1743 5033 1982 5106 adoptati

399 5104 782 5164 ministerium.
821 5129 840 5163 ι
883 5109 978 5168 His
1003 5115 1188 5172 verbis
1223 5121 1460 5176 ostendit
1507 5125 1786 5196 perspicue
1819 5104 1980 5182 Chri-

397 5201 540 5250 stum
563 5199 784 5256 unicum
809 5217 930 5258 esse
961 5205 1150 5276 ﬁlium,
1181 5225 1280 5266 nos
1301 5227 1430 5268 vero
1473 5213 1778 5286 adoptatos.
1809 5219 1978 5284 Quam

397 5301 530 5380 vero
555 5291 816 5348 unitatem
845 5293 940 5351 ﬁlii
997 5299 1088 5370 qui
1115 5301 1352 5359 dividere
1401 5307 1608 5374 volunt,
1641 5325 1980 5380 nequaquam

399 5377 720 5438 charitatem
751 5387 952 5442 habere
973 5391 1244 5458 videntur,
1269 5395 1410 5450 sicut
1449 5397 1550 5450 iste
1581 5377 1981 5468 prml‘atusma-

399 5467 568 5538 gister
595 5481 861 5544 testatur;
893 5479 986 5534 sed
1035 5481 1090 5534 in
1121 5497 1186 5536 eo
1209 5487 1352 5552 quod
1383 5467 1654 5542 Christum
1707 5491 1896 5546 dividit
1927 5493 1979 5546 in

399 5565 678 5632 proprium
719 5579 776 5624 et
817 5571 1124 5642 adoptivum
1171 5573 1362 5640 tilium,
1399 5577 1634 5646 seipsum
1687 5579 1874 5634 dividit
1911 5583 1978 5636 ab

399 5653 608 5714 unitate
629 5661 910 5722 catholica:
935 5665 1104 5738 pacis.
1137 5665 1272 5722 item
1293 5667 1388 5724 ubi
1409 5665 1644 5727 Joannes
1671 5672 1734 5728 de
1761 5673 1977 5732 Christo

2087 4484 2292 4556 Spiritu
2341 4495 2518 4538 sancto
2564 4495 2612 4538 et
2661 4483 2864 4540 uirtute.
2919 4481 3054 4536 Item
3081 4479 3154 4534 ibi
3201 4477 3256 4532 in
3286 4475 3496 4534 eodem,
3525 4471 3668 4524 Deus

2085 4575 2310 4630 Patrum
2359 4585 2654 4630 nostrorum
2683 4573 2995 4646 gloriﬁcavit
3040 4569 3242 4626 Filium
3271 4583 3426 4622 suum
3456 4563 3666 4630 Iesum,

2083 4683 2236 4738 quem
2260 4685 2345 4720 ros
2371 4667 2578 4736 quidem
2625 4665 2938 4730 tradidistis,
2977 4674 3023 4718 et
3069 4663 3296 4733 negastis
3325 4667 3445 4713 ante
3475 4656 3664 4726 faciem.

2085 4755 2538 4828 Pilatijudicante
2561 4755 2650 4810 illo
2671 4755 2864 4808 dimitti
2895 4754 3032 4824 (Act.
3057 4771 3112 4819 Χ,
3141 4752 3252 4818 38).
3277 4749 3474 4804 Filiqu
3505 4759 3664 4802 suum

2085 4847 2216 4904 dicit
2237 4863 2340 4902 non
2370 4847 2697 4917 adoptivum,
2727 4845 2820 4902 sed
2851 4845 3100 4900 familiari
3119 4841 3454 4914 pronomine,
3483 4851 3664 4902 suum,

2085 4939 2138 4994 id
2194 4947 2278 4994 est
2327 4939 2622 5010 proprium,
2687 4939 2778 5010 qui
2827 4937 3054 4992 traditus
3089 4944 3172 4992 est
3207 4951 3236 4990 a
3263 4931 3483 4988 Judaais.
3523 4925 3666 4996 Quid

2082 5045 2212 5086 vero
2265 5031 2330 5086 de
2373 5046 2438 5084 eo
2489 5031 2622 5084 dicit
2677 5031 2868 5084 beatus
2891 5029 3240 5100 Augustinus,
3273 5026 3358 5082 cui
3411 5025 3466 5078 in
3497 5035 3662 5078 cruce

2081 5123 2332 5194 pendenti
2379 5139 2410 5176 a
2457 5121 2654 5178 Judaeis
2715 5123 3028 5178 insultatum
3077 5123 3198 5178 est?
3239 5119 3666 5178 Consideremus

2081 5235 2150 5274 an
2181 5219 2428 5274 eumdem
2473 5235 2662 5274 verum
2691 5219 2784 5274 Dei
2809 5219 3006 5276 Filium
3039 5223 3244 5288 credat,
3275 5221 3360 5276 cui
3391 5221 3466 5276 illi
3509 5220 3664 5276 dixe.

2083 5319 2206 5364 runt
2233 5325 2246 5362 :
2283 5307 2452 5362 Fiiius
2477 5307 2572 5362 Dei
2601 5325 2676 5374 es,
2705 5311 2986 5366 descendas
3009 5329 3146 5366 nunc
3167 5313 3232 5366 de
3255 5329 3408 5366 cruce
3437 5309 3656 5380 (Matth.

2079 5417 2252 5466 xxvn,
2277 5399 2388 5468 40).
2427 5419 2444 5452 ι
2483 5403 2660 5466 Quare
2698 5417 2846 5472 ergo.
2883 5403 3076 5474 inquit,
3099 5419 3204 5460 non
3231 5405 3466 5460 ostendit
3491 5401 3661 5458 insul-

2081 5495 2344 5556 tantibus,
2369 5493 2494 5562 quia
2525 5495 2638 5564 ipse
2661 5503 2779 5550 erat
2805 5495 2972 5550 Filius
2995 5497 3108 5560 Dei,
3141 5505 3200 5550 ut
3237 5497 3280 5552 si
3309 5511 3366 5551 se
3401 5497 3662 5566 permise-

2077 5583 2152 5636 rit
2195 5585 2244 5638 in
2285 5599 2446 5638 cruce
2473 5585 2670 5650 levari,
2723 5587 2914 5642 saltem
2963 5603 3084 5642 cum
3135 5589 3212 5644 illi
3263 5589 3562 5644 dixerunt:
3595 5583 3661 5642 Si

2077 5675 2252 5734 Filius
2275 5679 2374 5736 Dei
2407 5687 2503 5750 est,
2535 5679 2816 5740 descendat
2839 5681 2906 5738 de
2929 5699 3102 5754 cruce,
3131 5693 3261 5742 tunc
3287 5685 3658 5753 descenderet,
