4030 6358
281 259 420 317 285

955 254 1374 314 DOGMATICA.
1415 288 1486 299 —
1518 256 1676 312 Μὶν.
1717 256 2114 314 ELIPANDUM
2153 259 2331 315 LIBRI
2368 260 2458 318 IV.
2499 293 2566 302 --
2593 262 2722 318 LIB.
2763 263 2850 319 IV.

3437 257 3544 316 286

283 382 336 430 et
360 374 673 429 ostenderet
712 371 793 427 eis
825 387 1011 426 verum
1041 390 1097 428 se
1126 389 1245 428 esse
1305 371 1503 426 Filium
1542 372 1660 438 Dei,
1708 387 1869 442 quem
1899 377 1944 436 Α
1975 371 2190 432 nobilis,
2241 375 2501 444 dignitate
2551 374 2812 438 sublimis,
2854 373 3015 443 imple
3051 373 3194 444 quod
3227 373 3548 444 promisisti,

284 466 357 522 illi
387 466 506 522 ausi
526 472 653 520 sunt
677 465 940 519 irridere?
966 464 1162 519 Noluit.
1190 465 1366 530 Quare
1390 463 1592 519 uoluit?
1621 464 1874 533 Nunquid

285 561 408 630 quia
458 573 568 613 non
616 558 824 628 potuit?
855 559 1034 611 Potuit
1075 559 1251 627 plane.
1297 557 1435 623 Quid
1471 567 1551 611 est
1580 558 1721 610 enim
1754 573 1870 611 amr

283 653 423 724 plius
434 651 506 706 de
523 657 688 706 (truce
707 651 1052 714 descendere,
1071 666 1136 705 an
1161 652 1224 704 de
1254 651 1500 721 sepulcro
1520 653 1866 721 resurgere?»

353 742 514 798 XIX...
533 741 630 795 His
657 742 906 796 omnibus
936 742 1261 812 supradictis
1292 741 1542 797 Patribus
1568 743 1756 796 beatus
1780 742 1876 797 Isi-

289 835 473 898 dorus,
508 835 690 890 lumen
732 831 1030 902 Hispaniae,
1067 834 1120 887 in
1167 834 1373 888 unitate
1399 849 1644 903 persona:
1673 843 1726 888 et
1751 849 1876 903 pro-

285 934 518 1003 prietate
569 938 886 984 naturarum
928 929 1305 998 Redemptoris
1347 931 1516 984 nostri
1569 929 1876 983 consentire

286 1023 602 1104 agnoscitur
623 1033 648 1063 ι
680 1036 694 1075 :
721 1041 752 1084 ,ι
788 1021 978 1086 Homo,
1009 1021 1197 1092 inquit,
1227 1020 1473 1075 Christus
1494 1019 1668 1084 Jesus,
1693 1036 1878 1090 quam-

285 1116 368 1168 vis
394 1115 542 1168 aliud
591 1115 662 1168 sit
709 1128 776 1168 ex
805 1111 987 1177 Patre,
1020 1111 1160 1166 aliud
1190 1111 1350 1182 905
1378 1128 1442 1165 ex
1475 1112 1725 1182 Virgine;
1769 1127 1876 1166 non

287 1213 471 1260 tamen
527 1204 667 1259 alius
694 1219 760 1258 ex
812 1203 994 1268 Patre,
1042 1202 1177 1256 alius
1227 1218 1293 1256 ex
1327 1201 1708 1273 Virginczsed
1760 1202 1876 1271 ipse

288 1305 526 1352 :eternus
556 1311 622 1354 ex
653 1295 834 1360 Patre,
889 1295 1003 1365 ipse
1051 1293 1362 1363 temporalis
1412 1309 1474 1346 ex
1506 1303 1699 1350 matre.
1738 1313 1756 1346 ι
1811 1293 1879 1348 Ει

287 1385 448 1454 paulo
472 1379 648 1453 post:
687 1402 704 1435 ι
747 1383 970 1438 Maneus
999 1398 1138 1437 unus
1163 1383 1228 1436 de
1253 1391 1511 1452 utroque,
1551 1391 1605 1436 et
1645 1384 1698 1437 in
1728 1392 1878 1438 utra-

274 1494 393 1549 que
429 1489 651 1543 natura,
708 1491 807 1533 nec
855 1484 1169 1531 naturarum
1209 1476 1548 1546 cepulatione
1597 1477 1874 1541 confusus,

289 1587 390 1626 nec
411 1577 731 1624 naturarum
757 1569 1103 1623 distinctione
1132 1568 1456 1637 geminatus.
1500 1589 1517 1620 ι
1554 1567 1734 1635 Quare
1781 1583 1878 1622 vos

290 1670 479 1716 contra
507 1661 697 1729 Optimi
727 1661 962 1715 doctoris
993 1660 1159 1716 vestri
1187 1659 1582 1715 confessionem
1636 1660 1876 1730 gemina-

1973 464 2059 518 l'ac
2098 473 2157 518 ut
2197 465 2400 520 dixisti.
2442 465 2608 522 Decet
2635 467 2791 537 plane
2823 476 2968 521 tuam
3015 482 3278 521 annosam
3318 466 3556 537 pruden-

1975 559 2101 611 tiam
2133 557 2426 612 veridicum
2456 574 2593 614 esse.
2637 559 2832 615 Recole
2867 569 2916 614 te
2956 560 3130 629 ipsum
3164 560 3270 613 tuis
3321 557 3557 613 constri-

1975 658 2119 703 ctum
2143 665 2261 702 esse
2285 649 2500 714 verbis;
2533 651 2575 703 si
2609 652 2801 705 horum
2826 651 2943 714 tibi,
2969 666 3105 720 quos
3134 648 3552 715 nominavimus,

1974 741 2194 796 Patrum
2223 741 2534 797 testimonia
2559 741 2857 810 proferrem
2891 742 2956 795 de
2985 742 3214 797 veritate
3237 741 3292 794 in
3315 739 3552 806 Christo,

1975 835 2028 888 in
2060 835 2253 900 nostri,
2283 851 2389 890 non
2421 843 2479 888 ut
2521 834 2657 889 dicis
2696 835 2899 888 erroris
2946 844 3172 898 sectam,
3221 833 3314 888 sed
3362 841 3423 886 ut
3455 847 3556 887 nr-

1977 928 2280 983 ccrtissime
2327 927 2549 992 scimus,
2594 935 2648 981 et
2679 927 2962 982 verissime
3008 929 3318 997 probamus,
3371 925 3530 980 catho

1977 1020 2093 1074 lie:e
2123 1019 2246 1073 Ildei
2281 1019 2564 1074 veritatem
2601 1026 2651 1073 te
2696 1017 2928 1072 transire
2963 1019 3118 1073 velle.
3163 1019 3308 1085 Quos
3341 1025 3398 1071 tu
3445 1015 3552 1070 cle-

1978 1111 2102 1182 gisti
2151 1119 2336 1175 testes,
2384 1112 2576 1165 horum
2623 1109 2721 1164 tibi
2774 1109 3028 1188 proposui
3084 1109 3446 1172 abundanter,
3499 1115 3560 1161 ut

1978 1220 2122 1270 reor,
2180 1215 2568 1259 consentaneas
2632 1204 2686 1256 in
2752 1202 2855 1256 tidc
2913 1187 3178 1256 catholica
3237 1187 3560 1256 sententias.

1978 1295 2100 1352 Noli
2128 1297 2194 1352 ab
2221 1311 2408 1350 eorum
2440 1297 2694 1351 recedere
2722 1294 2948 1358 unitate,
2980 1292 3034 1346 in
3062 1307 3292 1361 quorum
3323 1290 3418 1345 tibi
3443 1290 3560 1360 pla-

1979 1393 2090 1454 cuit
2134 1390 2474 1446 auctoritate.
2530 1387 2875 1443 Prol‘eramus
2929 1392 2983 1439 et
3035 1385 3151 1448 tibi,
3193 1382 3460 1454 quamvis,
3502 1388 3562 1436 ut

1982 1481 2163 1547 timeo,
2191 1481 2402 1549 ingrato
2427 1479 2680 1543 auditori,
2715 1478 2890 1532 adhuc
2911 1484 2965 1531 et
2989 1475 3219 1529 aliorum
3245 1472 3425 1543 magni
3464 1487 3562 1527 no-

1979 1571 2142 1626 minis
2187 1572 2470 1626 doctorum
2520 1570 2908 1640 acceptabilcm
2955 1565 3252 1623 universali
3305 1563 3563 1640 Ecclesia:

1981 1667 2035 1722 in
2079 1675 2265 1723 sancta
2314 1667 2418 1722 fide
2473 1666 3208 1734 confessionem:quatcnus
3239 1658 3321 1714 vel
3372 1658 3564 1711 erube-

291 1753 361 1808 tis
385 1751 662 1807 Christum
705 1753 760 1806 iu
799 1767 987 1807 verum
1017 1760 1071 1807 et
1105 1769 1212 1806 non
1259 1768 1444 1806 verum
1489 1751 1684 1805 Filium
1739 1751 1877 1804 Dei?
1905 1739 1956 1800 Β
1984 1777 2162 1828 sccns,
2189 1769 2242 1816 te
2275 1760 2447 1816 solum
2481 1760 2566 1814 his
2599 1759 2852 1814 omnibus
2876 1771 2995 1812 esse
3025 1753 3380 1818 contrarium,
3416 1761 3564 1805 tuam

255 1865 260 1868 ·
293 1841 447 1898 Sient
476 1843 543 1898 de
563 1857 694 1898 vero
721 1843 855 1896 FlllO
893 1859 1001 1897 non
1029 1849 1209 1912 potest
1245 1843 1350 1897 dici
1383 1842 1687 1912 adoptivus,
1723 1842 1796 1896 ita
1824 1849 1878 1896 et

293 1937 360 1993 de
382 1938 638 2008 adoptivo
668 1955 774 1992 non
803 1947 981 2007 potest
1009 1939 1112 1993 dici
1141 1954 1300 1993 verus
1331 1938 1472 1994 filius
1502 1939 1550 1992 ιι.
1581 1937 1647 1992 Εῑ
1668 1955 1734 1994 ex
1777 1939 1880 1994 hac

295 2029 723 2098 reciprocatione
771 2031 1078 2085 necessario
1128 2030 1352 2101 intelligi
1379 2031 1555 2096 datur,
1592 2031 1725 2086 duas
1760 2045 1881 2087 esse

295 2135 576 2193 personas,
602 2124 880 2192 proprium
902 2131 957 2176 et
984 2123 1294 2193 adoptivum
1329 2123 1520 2178 lilium.

368 2209 488 2266 XX.
538 2211 652 2276 Eia,
706 2212 953 2282 Elipante
977 2213 1061 2266 vir
1091 2219 1366 2269 senectute
1404 2212 1606 2282 gravis,
1637 2213 1880 2270 moribus

365 2368 391 2432 _I
418 2357 477 2432 _S.
507 2357 768 2432 Isidorus,
803 2359 928 2432 libr.
959 2375 977 2414 ι
1010 2361 1254 2416 Sentent.
1288 2378 1408 2432 cap.
1439 2363 1526 2417 16.

365 2425 395 2465 δ
419 2427 498 2481 Ita
530 2444 714 2483 veram
755 2429 1042 2485 lectionem
1072 2425 1410 2488 restituimus
1448 2449 1514 2487 ex
1553 2433 1686 2490 Cod.
1717 2436 1875 2490 Pari-

297 2494 486 2554 Ilensi.
508 2497 567 2554 In
595 2500 754 2555 editis
791 2499 937 2554 enim
967 2501 1042 2555 ita
1072 2503 1329 2558 mendose
1365 2504 1680 2574 legebatur:
1728 2505 1879 2561 Sicut

1986 1853 2623 1923 corrigassentcntiam;
2657 1851 2762 1913 vel,
2802 1848 2946 1920 quod
2975 1848 3140 1914 absit,
3175 1846 3218 1901 si
3245 1856 3565 1915 permaneas

1986 1947 2039 2001 in
2068 1946 2464 2009 incredulitate,
2499 1945 2568 1998 ab
2605 1942 2690 1997 his
2719 1941 2969 1997 omnibus
3012 1937 3305 2009 apostolico
3350 1933 3567 1990 feriaris

1985 2055 2264 2094 mucrone.
2317 2037 2423 2092 Sed
2453 2037 2554 2092 hoc
2589 2035 2656 2090 ab
2685 2033 2908 2088 alterius
2939 2030 3206 2088 sermonis
3233 2026 3457 2084 exordio
3481 2025 3568 2080 in-

1988 2130 2296 2200 cipiendum
2319 2145 2437 2185 esse
2464 2135 2642 2183 ratum
2663 2125 2920 2181 arbitror.

1989 2381 2054 2424 ae
2097 2378 2243 2422 utero
2273 2366 2417 2436 ﬁlius
2459 2382 2564 2420 non
2606 2371 2794 2436 potest
2816 2361 2926 2416 dici
2957 2355 3374 2436 adoptiumﬁta
3418 2360 3467 2408 et
3504 2349 3570 2405 de

1983 2441 2152 2511 optivo
2179 2427 2284 2494 non.
2303 2449 2468 2496 ooteu
2493 2427 2892 2506 dici'adoptivus
2913 2427 3069 2487 verus
3093 2427 3250 2484 ‘iliu.

314 2630 3560 2666 MM

713 2735 948 2814 LIBER
991 2736 1412 2811 SECUNDUS,
1457 2735 1594 2811 QUI
1635 2738 1738 2797 ET
1781 2737 2151 2810 QUARTUS
2195 2736 2610 2799 ADVERSUS
2651 2733 3142 2798 ELIPANDUM.

364 2963 407 3023 ι.
433 2964 689 3034 Quamvis
713 2965 928 3022 diverso
952 2967 1112 3023 modo
1129 2969 1231 3024 viri
1255 2967 1462 3038 injusti,
1498 2970 1588 3040 qui
1615 2971 1684 3026 ab
1710 2970 1883 3026 eccle-

301 3057 519 3115 siastica
554 3067 896 3114 recesserunt
917 3073 1066 3127 pace,
1099 3075 1309 3116 errasse
1354 3070 1667 3126 noscantur,
1697 3060 1879 3117 tamen
1907 3040 1955 3104 Ο

297 3161 364 3204 ex
411 3165 521 3204 uno
567 3149 811 3218 superba:
861 3147 1109 3204 elationis
1160 3150 1306 3204 fonte
1357 3166 1492 3220 pene
1546 3152 1883 3206 diversarum

298 3235 452 3308 Origo
481 3245 751 3292 sectarum
780 3237 1058 3302 ebullivit;
1091 3237 1218 3292 dum
1252 3237 1480 3307 quisque
1511 3237 1722 3292 illorum
1751 3254 1882 3308 pro-

295 3326 432 3398 pria:
478 3327 652 3398 magis
699 3327 866 3382 voluit
912 3343 1030 3382 esse
1071 3326 1324 3383 defensor
1370 3330 1672 3395 sententire,
1721 3345 1883 3399 quam

295 3419 546 3473 veritatis
603 3425 871 3486 sectator;
922 3428 977 3474 et
1026 3422 1168 3476 unde
1209 3436 1307 3475 suo
1354 3421 1560 3476 nomini
1603 3424 1883 3492 satagebat

298 3507 531 3578 gloriam
591 3511 898 3580 acquirere,
957 3510 1082 3566 inde
1134 3511 1576 3581 reprehensibilis
1627 3512 1884 3583 justeque

298 3599 552 3655 omnibus
591 3599 812 3654 odiosus
847 3599 1070 3655 eli'ectus
1097 3607 1198 3656 est.
1244 3601 1420 3657 Cardo
1446 3603 1590 3658 enim
1615 3606 1884 3674 pessimus

295 3697 353 3746 et
378 3692 528 3762 origo
559 3689 849 3756 malorum,
875 3709 994 3762 qua:
1036 3709 1102 3747 ex
1137 3710 1256 3749 sese
1284 3704 1606 3751 cunctarum
1631 3696 1882 3766 impieta-

296 3787 412 3835 tum
456 3782 771 3838 occasiones
817 3786 1044 3854 peperit,
1088 3787 1205 3843 hinc
1244 3797 1346 3854 est,
1401 3787 1530 3844 dum
1585 3790 1886 3846 ccelestium

297 3874 582 3930 doctorum
622 3876 905 3945 sapientia,
949 3879 1082 3933 vitio
1121 3880 1261 3934 male
1291 3881 1723 3952 intelligentiuin,
1755 3898 1885 3951 pro-

299 3963 533 4019 cacitate
562 3973 846 4032 temerata,
897 3984 1006 4022 non
1057 3971 1354 4025 secundum
1387 3972 1470 4025 sui
1523 3987 1715 4027 sensus
1759 3988 1887 4041 pro-

297 4054 586 4122 prietatem
641 4058 1010 4125 perpenditur,
1064 4061 1156 4115 sed
1212 4062 1265 4115 in
1318 4061 1521 4116 alienos
1565 4079 1754 4118 sensus
1787 4079 1886 4133 pro

299 4147 530 4201 arbitrio
555 4155 610 4201 et
636 4147 914 4204 voluntate
941 4151 1189 4219 legentis,
1235 4171 1393 4208 secus
1431 4171 1592 4224 quam
1641 4158 1887 4212 veritatis

299 4237 444 4294 ratio
470 4237 650 4302 habet,
681 4240 977 4294 derivatur.
1007 4242 1071 4295 Et
1103 4244 1206 4296 hoc
1229 4258 1294 4297 ex
1321 4245 1562 4298 omnium
1595 4246 1884 4301 haeretico-

300 4345 421 4382 rum
465 4331 788 4385 commentis
831 4332 1049 4401 cuique,
1107 4343 1321 4390 sanctas
1375 4337 1510 4390 bene
1560 4335 1885 4404 intelligeuti

1988 2969 2143 3036 Quod
2183 2984 2352 3040 genus
2380 2966 2676 3038 impietatis
2705 2973 2761 3021 et
2787 2965 3021 3021 miseriae
3061 2963 3107 3018 si
3137 2960 3359 3034 provida
3387 2967 3570 3016 mente

1984 3059 2067 3112 vel
2109 3059 2300 3113 humili
2331 3059 2697 3128 indagatione,
2731 3075 2765 3113 ο
2803 3057 2966 3113 Pater
3013 3055 3282 3126 Elipante,
3317 3052 3567 3110 conside-

1986 3166 2110 3206 rare
2139 3166 2380 3213 curares,
2416 3164 2690 3219 nunquam
2733 3149 2788 3204 in
2819 3149 2979 3219 hujus
3014 3149 3219 3206 erroris
3261 3147 3473 3204 foveam
3503 3147 3572 3202 ab

1982 3241 2189 3296 unitate
2220 3241 2498 3296 catholica:
2527 3241 2676 3310 pacis
2701 3241 2958 3296 recedens
2997 3239 3317 3296 corruisses.
3348 3237 3452 3294 Ubi
3494 3237 3573 3292 la-

1984 3333 2107 3400 tuit,
2137 3333 2227 3388 ubi
2259 3333 2518 3388 dormivit
2547 3333 2650 3388 hoc
2683 3348 2878 3388 nomen
2915 3331 3220 3401 adoptionis
3246 3330 3330 3388 vel
3358 3343 3570 3385 nuncu-

1983 3422 2217 3492 pationis
2241 3421 2305 3476 de
2329 3420 2568 3488 Christo,
2595 3437 2720 3476 cum
2747 3422 2802 3484 in
2832 3421 3010 3477 Nicaea
3041 3421 3262 3478 civitate
3283 3419 3419 3476 fides
3441 3434 3572 3476 con-

1983 3515 2200 3567 ﬁrmata
2243 3520 2326 3567 est
2371 3512 2642 3568 catholica
2676 3527 2773 3582 per
2814 3519 3088 3568 trecentos
3131 3511 3318 3566 decem
3345 3519 3400 3565 et
3449 3516 3574 3564 octo

1985 3604 2284 3674 episcopos,
2333 3618 2521 3658 omnes
2561 3603 2753 3673 impias
2791 3610 2968 3658 sectas
3012 3600 3326 3667 excludens,
3364 3599 3571 3669 Spiritu

1985 3711 2174 3760 Sancto
2202 3703 2256 3756 in
2283 3700 2537 3758 cordibus
2565 3699 2780 3754 illorum
2805 3697 3098 3768 loquente?
3121 3695 3286 3751 Forte
3309 3695 3416 3752 tuis
3433 3703 3569 3750 tem-

1982 3795 2205 3864 poribus
2258 3793 2372 3848 ιιωο
2393 3792 2562 3862 gloria
2587 3791 2752 3861 908
2779 3806 2932 3845 nova:
2952 3789 3212 3844 doctrina:
3236 3793 3450 3842 servata
3469 3792 3572 3849 est,

1983 3893 2046 3938 ut
2077 3882 2278 3952 aliquid
2306 3881 2430 3936 novi
2464 3880 2753 3944 invenires,
2785 3895 2892 3948 quo
2939 3886 3090 3932 tuum
3131 3891 3328 3931 nomen
3372 3873 3575 3929 exalta-

1987 3975 2157 4030 resin
2185 3973 2335 4027 orbe.
2369 3972 2508 4027 Ecce
2545 3971 2748 4025 factum
2785 3978 2889 4034 est,
2917 3968 3144 4022 celebris
3183 3974 3266 4021 est
3292 3964 3447 4019 valde
3477 3979 3575 4018 no-

1986 4065 2149 4125 minis
2171 4065 2247 4117 tui
2274 4063 2486 4127 notitia,
2517 4061 2611 4116 sed
2639 4077 2745 4115 non
2771 4075 2891 4114 cum
2923 4058 3208 4114 charitatis
3234 4053 3440 4129 [Forte,
3466 4054 3574 4109 cla-

1988 4155 2190 4228 ritatis]
2224 4155 2400 4220 laude,
2441 4153 2535 4210 sed
2571 4169 2693 4208 cum
2723 4151 3110 4208 cxsecrationis
3145 4151 3404 4220 despectu
3430 4165 3444 4211 ;
3471 4163 3572 4202 nec

1988 4262 2109 4302 cum
2140 4263 2204 4302 ea
2233 4245 2608 4300 benedictione
2649 4260 2754 4310 qua
2807 4241 3065 4296 Salomon
3101 4241 3210 4294 ait:
3240 4239 3444 4294 Nomen
3482 4238 3578 4308 ju-

1987 4348 2187 4390 storum
2227 4337 2556 4390 benedicatur
2597 4333 2778 4406 (Prov.
2815 4351 2870 4399 χ,
2917 4333 2990 4405 7).
3035 4332 3177 4388 Cave
3217 4333 3362 4402 quod
3397 4331 3576 4404 sequi-

303 4419 632 4491 Scripturas,
683 4423 1084 4494 deprehendere
1128 4427 1383 4496 perfacile
1434 4437 1538 4494 est,
1583 4431 1724 4498 quod
1770 4445 1879 4484 non
1911 4409 1961 4469 Ι)
1991 4438 2096 4494 tur,
2131 4445 2198 4482 nc
2224 4427 2397 4499 magis
2427 4438 2519 4482 tuo
2549 4427 2752 4482 nomini
2784 4426 2960 4496 aptari
2990 4425 3198 4495 possit:
3231 4423 3437 4478 Nomen
3479 4439 3574 4476 au-

239 4510 242 4512 ’
303 4513 474 4566 solum
508 4513 795 4582 impiorum
822 4517 1166 4585 perversitas,
1219 4519 1546 4586 spiritalium
1590 4519 1879 4575 doctorum

303 4602 595 4658 catholicas
656 4605 712 4658 in
769 4604 1064 4676 Scripturis
1130 4609 1332 4664 sanctis
1404 4611 1880 4680 interpretationes

303 4689 439 4745 male
486 4691 887 4758 intellexerunt,
929 4712 1116 4751 verum
1157 4700 1321 4752 etiam
1371 4699 1533 4770 impia
1575 4699 1882 4755 temeritate

302 4782 383 4834 vel
425 4797 593 4851 prava
620 4783 862 4839 caecitate
893 4786 1197 4843 divinorum
1229 4788 1491 4845 librorum
1539 4792 1880 4846 sanctissima

302 4874 465 4928 verba
508 4874 577 4929 ad
608 4875 692 4931 sui
718 4877 920 4932 erroris
958 4877 1365 4935 similitudinem
1399 4883 1615 4938 trahere
1639 4900 1746 4938 non
1771 4882 1882 4936 for-

305 4965 664 5035 midaverunt,
719 4977 772 5023 et
814 4971 992 5026 adhuc
1021 4971 1386 5029 infelicissime
1427 4975 1492 5029 de
1537 4991 1601 5030 eo
1646 4976 1882 5030 maxime

307 5065 644 5120 erraverunt,
692 5057 745 5112 id
786 5069 888 5124 est,
927 5061 993 5114 de
1020 5061 1246 5118 Domino
1275 5071 1460 5118 nostro
1488 5063 1613 5119 Jesu
1642 5066 1878 5132 Christo,

306 5140 357 5196 in
384 5158 491 5212 quo
515 5145 631 5200 solo
659 5146 993 5218 singulorum
1024 5153 1168 5206 salus
1207 5163 1260 5206 et
1297 5154 1404 5207 vita
1439 5156 1705 5219 consistit,
1744 5156 1883 5211 sicut

304 5233 491 5291 beatus
533 5237 729 5294 Petrus
775 5242 1023 5311 princeps
1079 5245 1457 5313 Apostolorum
1505 5255 1753 5314 testatur,
1803 5248 1884 5303 di-

307 5339 470 5383 cens:
505 5326 618 5383 Nec
645 5329 790 5383 aliud
822 5349 1008 5387 nomen
1033 5336 1212 5388 datum
1252 5348 1324 5391 est
1352 5339 1444 5392 sub
1488 5339 1637 5410 male,
1686 5342 1738 5394 in
1781 5359 1881 5412 quo

310 5427 536 5486 Oporteat
563 5436 656 5474 nos
685 5419 853 5476 salvos
881 5424 1018 5492 ﬁeri.
1053 5427 1190 5496 (Art.
1225 5445 1296 5491 ιν,
1327 5429 1434 5502 12).

373 5505 434 5561 II.
462 5508 598 5575 Quid
628 5512 988 5569 miserabilius
1012 5525 1113 5582 est,
1148 5533 1306 5586 quam
1338 5519 1388 5572 id
1412 5522 1552 5590 quod
1567 5524 1632 5576 ad
1655 5523 1882 5579 salutem

313 5601 556 5658 cautibus
577 5604 760 5660 datum
787 5615 892 5675 est,
917 5609 983 5664 ad
1013 5613 1305 5680 perniciem
1330 5625 1602 5685 perpetuze
1626 5619 1882 5686 perditio-

317 5689 397 5748 nis
441 5707 539 5752 sua
574 5696 848 5758 voluntate
889 5701 1182 5776 quemlibet
1228 5704 1328 5762 sibi
1372 5705 1475 5778 ipsi
1523 5711 1884 5768 convertere?

1990 4527 2112 4581 tem,
2160 4517 2352 4587 inquit,
2401 4519 2679 4589 impiorum
2714 4519 2982 4588 putrescit.
3037 4517 3277 4571 Fuerunt
3323 4516 3484 4570 etiam
3522 4522 3577 4570 et

1989 4607 2170 4662 multa:
2212 4616 2333 4678 post
2377 4607 2534 4676 hujus
2579 4607 2782 4670 Nicaeui
2824 4608 3204 4664 auctoritatem
3239 4607 3454 4664 concilii
3483 4621 3570 4677 sy-

1989 4700 2210 4754 nodales
2249 4689 2716 4772 congregationcs,
2763 4716 2861 4772 per
2900 4701 3140 4756 diversas
3172 4700 3358 4756 mundi
3393 4707 3578 4770 partes

1989 4791 2357 4860 imperialibus
2405 4793 2827 4848 Christianorum
2864 4794 3165 4864 principum
3205 4795 3398 4851 edictis
3446 4811 3579 4853 con-

1987 4892 2216 4948 vocate,
2260 4892 2420 4953 prout
2467 4875 2633 4938 causd
2668 4885 2751 4939 vel
2822 4884 3064 4942 defensio
3115 4888 3397 4946 catholica:
3453 4887 3576 4944 fidei

1991 4983 2179 5029 contra
2232 4976 2515 5030 hmreticas
2558 4977 2863 5046 impietates
2915 4977 3228 5050 ﬂagitabat:
3280 4981 3335 5035 in
3381 4981 3577 5050 quibus

1991 5066 2155 5119 etiam
2195 5067 2328 5122 nihil
2362 5067 2465 5122 tale
2493 5085 2730 5138 unquam
2761 5071 3004 5126 auditum
3039 5081 3144 5140 est,
3173 5073 3256 5127 vel
3285 5073 3480 5128 litteris
3511 5073 3576 5127 de

1991 5155 2207 5212 Christo
2259 5159 2570 5216 mandatum
2624 5162 2920 5228 invenitur,
2963 5163 3120 5232 quale
3171 5174 3350 5220 vestra
3405 5177 3578 5232 nuper

1991 5247 2276 5317 sagacitas,
2309 5250 2393 5305 vel
2441 5253 2610 5322 magis
2654 5254 2956 5322 procacitas
2989 5262 3207 5326 repente
3238 5252 3457 5308 auribus
3492 5251 3576 5304 in-

1990 5339 2111 5394 tulit
2160 5340 2497 5398 Christianis.
2537 5343 2666 5412 Qua:
2705 5356 2788 5400 cst
2837 5347 3049 5402 insolita
3087 5355 3139 5402 et
3185 5345 3331 5400 omni
3366 5342 3575 5398 ratione

1992 5439 2251 5487 extranea
2300 5434 2464 5489 elatio
2502 5439 2696 5492 mentis
2738 5449 2862 5503 IUIB,
2904 5449 2961 5493 ut
3002 5439 3095 5492 tibi
3145 5437 3241 5492 soli
3287 5453 3410 5492 cum
3465 5437 3572 5494 tuis

1992 5524 2179 5591 paucis
2226 5526 2689 5592 mussitatoriims,
2736 5546 2842 5583 non
2881 5528 3211 5593 doctoribus,
3255 5528 3574 5584 universalis

1992 5615 2248 5671 Ecclesia:
2275 5617 2407 5672 ﬁdes
2443 5634 2550 5673 non
2597 5619 2806 5689 placeat
2833 5639 2846 5687 ;
2871 5631 2926 5675 et
2963 5620 3214 5676 omnibus
3249 5622 3446 5691 ubique
3468 5637 3572 5678 una

1993 5728 2127 5772 voce
2157 5697 2514 5796 clamantibus
2557 5715 2836 5774 Christum
2873 5713 3044 5772 Deum
3065 5731 3256 5777 verum
3299 5727 3354 5776 et
3382 5731 3570 5776 verum
