  <div class='ocr_page' id='page_1' title='image "/cluster/home/n/w/nwhite01/storage/ocr_20150623/101/hvd.32044004824769/149.png"; bbox 0 0 4030 6358; ppageno 0'>
   <div class='ocr_carea' id='block_1_1' title="bbox 460 326 563 387">
    <p class='ocr_par' dir='ltr' id='par_1_1' title="bbox 460 326 563 387">
     <span class='ocr_line' id='line_1_1' title="bbox 460 326 563 387; baseline -0.039 0"><span class='ocrx_word' id='word_1_1' title='bbox 460 326 563 387; x_wconf 74' lang='lat'><strong>287</strong></span> 
     </span>
    </p>
   </div>
   <div class='ocr_carea' id='block_1_2' title="bbox 1280 276 2873 380">
    <p class='ocr_par' dir='ltr' id='par_1_2' title="bbox 1280 276 2873 380">
     <span class='ocr_line' id='line_1_2' title="bbox 1280 276 2873 380; baseline -0.004 -1"><span class='ocrx_word' id='word_1_2' title='bbox 1280 325 1339 379; x_wconf 75' lang='grc' dir='ltr'><strong>Β.</strong></span> <span class='ocrx_word' id='word_1_3' title='bbox 1364 296 1442 379; x_wconf 57' lang='grc' dir='ltr'><strong>ἰν.</strong></span> <span class='ocrx_word' id='word_1_4' title='bbox 1478 319 1705 380; x_wconf 80' lang='lat' dir='ltr'><strong>ALBlNl</strong></span> <span class='ocrx_word' id='word_1_5' title='bbox 1744 320 1876 380; x_wconf 73' lang='lat' dir='ltr'><strong>seu</strong></span> <span class='ocrx_word' id='word_1_6' title='bbox 1910 317 2185 380; x_wconf 77' lang='lat' dir='ltr'><strong>ALCUINI</strong></span> <span class='ocrx_word' id='word_1_7' title='bbox 2231 316 2512 376; x_wconf 70' lang='lat' dir='ltr'><strong>eranum</strong></span> <span class='ocrx_word' id='word_1_8' title='bbox 2548 316 2728 374; x_wconf 66' lang='lat' dir='ltr'><strong>rans</strong></span> <span class='ocrx_word' id='word_1_9' title='bbox 2766 276 2873 373; x_wconf 53' lang='grc' dir='ltr'>ιιι(</span> 
     </span>
    </p>
   </div>
   <div class='ocr_carea' id='block_1_3' title="bbox 3556 278 3591 303">
    <p class='ocr_par' dir='ltr' id='par_1_3' title="bbox 3556 278 3591 303">
     <span class='ocr_line' id='line_1_3' title="bbox 3556 278 3591 303; baseline 0 0"><span class='ocrx_word' id='word_1_10' title='bbox 3556 278 3591 303; x_wconf 55' lang='grc' dir='ltr'><strong>κ</strong></span> 
     </span>
    </p>
   </div>
   <div class='ocr_carea' id='block_1_4' title="bbox 3616 323 3725 381">
    <p class='ocr_par' dir='ltr' id='par_1_4' title="bbox 3616 323 3725 381">
     <span class='ocr_line' id='line_1_4' title="bbox 3616 323 3725 381; baseline 0.009 -1"><span class='ocrx_word' id='word_1_11' title='bbox 3616 323 3725 381; x_wconf 70' lang='lat'><strong>288</strong></span> 
     </span>
    </p>
   </div>
   <div class='ocr_carea' id='block_1_5' title="bbox 458 433 3727 504">
    <p class='ocr_par' dir='ltr' id='par_1_5' title="bbox 458 433 3727 504">
     <span class='ocr_line' id='line_1_5' title="bbox 458 433 3727 504; baseline 0.001 -9"><span class='ocrx_word' id='word_1_12' title='bbox 458 440 554 496; x_wconf 87' lang='lat' dir='ltr'><strong>Dei</strong></span> <span class='ocrx_word' id='word_1_13' title='bbox 587 437 804 504; x_wconf 85' lang='lat' dir='ltr'><strong>Filium,</strong></span> <span class='ocrx_word' id='word_1_14' title='bbox 840 447 899 494; x_wconf 84' lang='lat' dir='ltr'><strong>tu</strong></span> <span class='ocrx_word' id='word_1_15' title='bbox 930 434 1075 493; x_wconf 88' lang='lat' dir='ltr'><strong>solus</strong></span> <span class='ocrx_word' id='word_1_16' title='bbox 1118 451 1242 492; x_wconf 91' lang='lat' dir='ltr'><strong>cum</strong></span> <span class='ocrx_word' id='word_1_17' title='bbox 1273 435 1473 492; x_wconf 71' lang='lat' dir='ltr'><strong>Iudaeis</strong></span> <span class='ocrx_word' id='word_1_18' title='bbox 1520 436 1819 492; x_wconf 81' lang='lat' dir='ltr'><strong>reclamans</strong></span> <span class='ocrx_word' id='word_1_19' title='bbox 1865 436 1998 491; x_wconf 90' lang='lat' dir='ltr'><strong>dicis</strong></span> <span class='ocrx_word' id='word_1_20' title='bbox 2024 454 2037 489; x_wconf 91' lang='lat'><strong>:</strong></span> <span class='ocrx_word' id='word_1_21' title='bbox 2068 442 2119 501; x_wconf 74' lang='grc' dir='ltr'><strong>Α</strong></span> <span class='ocrx_word' id='word_1_22' title='bbox 2144 449 2252 489; x_wconf 87' lang='lat' dir='ltr'><strong>non</strong></span> <span class='ocrx_word' id='word_1_23' title='bbox 2273 441 2331 488; x_wconf 92' lang='lat' dir='ltr'><strong>ut</strong></span> <span class='ocrx_word' id='word_1_24' title='bbox 2356 441 2582 489; x_wconf 62' lang='lat' dir='ltr'><strong>caeteros</strong></span> <span class='ocrx_word' id='word_1_25' title='bbox 2611 434 2849 503; x_wconf 76' lang='lat' dir='ltr'><strong>adoptio,</strong></span> <span class='ocrx_word' id='word_1_26' title='bbox 2887 433 2982 489; x_wconf 90' lang='lat' dir='ltr'><strong>sed</strong></span> <span class='ocrx_word' id='word_1_27' title='bbox 3017 443 3211 491; x_wconf 90' lang='lat' dir='ltr'><strong>natura</strong></span> <span class='ocrx_word' id='word_1_28' title='bbox 3240 435 3392 492; x_wconf 90' lang='lat' dir='ltr'><strong>illum</strong></span> <span class='ocrx_word' id='word_1_29' title='bbox 3418 437 3727 501; x_wconf 80' lang='lat' dir='ltr'><strong>divinitatis</strong></span> 
     </span>
    </p>
   </div>
   <div class='ocr_carea' id='block_1_6' title="bbox 457 526 2038 601">
    <p class='ocr_par' dir='ltr' id='par_1_6' title="bbox 457 526 2038 601">
     <span class='ocr_line' id='line_1_6' title="bbox 457 526 2038 601; baseline -0.003 -15"><span class='ocrx_word' id='word_1_30' title='bbox 457 530 663 601; x_wconf 78' lang='lat' dir='ltr'><strong>Dignus</strong></span> <span class='ocrx_word' id='word_1_31' title='bbox 711 540 785 585; x_wconf 83' lang='lat' dir='ltr'><strong>est</strong></span> <span class='ocrx_word' id='word_1_32' title='bbox 827 530 981 594; x_wconf 84' lang='lat' dir='ltr'><strong>mori,</strong></span> <span class='ocrx_word' id='word_1_33' title='bbox 1011 529 1134 600; x_wconf 81' lang='lat' dir='ltr'><strong>quia</strong></span> <span class='ocrx_word' id='word_1_34' title='bbox 1170 526 1365 582; x_wconf 81' lang='lat' dir='ltr'><strong>Filium</strong></span> <span class='ocrx_word' id='word_1_35' title='bbox 1410 529 1507 583; x_wconf 83' lang='lat' dir='ltr'><strong>Dei</strong></span> <span class='ocrx_word' id='word_1_36' title='bbox 1552 547 1605 583; x_wconf 78' lang='lat' dir='ltr'><strong>se</strong></span> <span class='ocrx_word' id='word_1_37' title='bbox 1655 528 1775 598; x_wconf 76' lang='lat' dir='ltr'><strong>fecit</strong></span> <span class='ocrx_word' id='word_1_38' title='bbox 1824 527 2038 600; x_wconf 80' lang='lat' dir='ltr'><strong>(Matth.</strong></span> 
     </span>
    </p>
   </div>
   <div class='ocr_carea' id='block_1_7' title="bbox 456 620 2042 694">
    <p class='ocr_par' dir='ltr' id='par_1_7' title="bbox 456 620 2042 694">
     <span class='ocr_line' id='line_1_7' title="bbox 456 620 2042 694; baseline -0.003 -15"><span class='ocrx_word' id='word_1_39' title='bbox 456 638 611 688; x_wconf 80' lang='lat' dir='ltr'><strong>xm,</strong></span> <span class='ocrx_word' id='word_1_40' title='bbox 641 622 732 687; x_wconf 73' lang='lat'><strong>64,</strong></span> <span class='ocrx_word' id='word_1_41' title='bbox 761 621 849 694; x_wconf 86' lang='lat'><strong>66)</strong></span> <span class='ocrx_word' id='word_1_42' title='bbox 876 640 888 673; x_wconf 89' lang='lat'>:</span> <span class='ocrx_word' id='word_1_43' title='bbox 922 636 1113 691; x_wconf 91' lang='lat' dir='ltr'><strong>meque</strong></span> <span class='ocrx_word' id='word_1_44' title='bbox 1157 621 1429 676; x_wconf 80' lang='lat' dir='ltr'><strong>servulum</strong></span> <span class='ocrx_word' id='word_1_45' title='bbox 1460 621 1603 676; x_wconf 89' lang='lat' dir='ltr'><strong>illius</strong></span> <span class='ocrx_word' id='word_1_46' title='bbox 1652 620 2042 675; x_wconf 86' lang='lat' dir='ltr'><strong>maledictioni-</strong></span> 
     </span>
    </p>
   </div>
   <div class='ocr_carea' id='block_1_8' title="bbox 458 714 2038 785">
    <p class='ocr_par' dir='ltr' id='par_1_8' title="bbox 458 714 2038 785">
     <span class='ocr_line' id='line_1_8' title="bbox 458 714 2038 785; baseline -0.002 -14"><span class='ocrx_word' id='word_1_47' title='bbox 458 715 561 771; x_wconf 89' lang='lat' dir='ltr'><strong>bus</strong></span> <span class='ocrx_word' id='word_1_48' title='bbox 594 714 963 785; x_wconf 90' lang='lat' dir='ltr'><strong>prosequeris,</strong></span> <span class='ocrx_word' id='word_1_49' title='bbox 999 714 1126 768; x_wconf 91' lang='lat' dir='ltr'><strong>dum</strong></span> <span class='ocrx_word' id='word_1_50' title='bbox 1156 729 1256 785; x_wconf 89' lang='lat' dir='ltr'><strong>ego</strong></span> <span class='ocrx_word' id='word_1_51' title='bbox 1303 714 1545 768; x_wconf 90' lang='lat' dir='ltr'><strong>omnium</strong></span> <span class='ocrx_word' id='word_1_52' title='bbox 1590 725 1899 768; x_wconf 87' lang='lat' dir='ltr'><strong>sanctarum</strong></span> <span class='ocrx_word' id='word_1_53' title='bbox 1946 716 2038 768; x_wconf 93' lang='lat' dir='ltr'><strong>do-</strong></span> 
     </span>
    </p>
   </div>
   <div class='ocr_carea' id='block_1_9' title="bbox 460 804 2040 875">
    <p class='ocr_par' dir='ltr' id='par_1_9' title="bbox 460 804 2040 875">
     <span class='ocr_line' id='line_1_9' title="bbox 460 804 2040 875; baseline 0 -15"><span class='ocrx_word' id='word_1_54' title='bbox 460 813 585 861; x_wconf 88' lang='lat' dir='ltr'><strong>ctus</strong></span> <span class='ocrx_word' id='word_1_55' title='bbox 613 807 934 861; x_wconf 90' lang='lat' dir='ltr'><strong>auctoritate</strong></span> <span class='ocrx_word' id='word_1_56' title='bbox 964 804 1386 874; x_wconf 89' lang='lat' dir='ltr'><strong>Scripturarum,</strong></span> <span class='ocrx_word' id='word_1_57' title='bbox 1420 816 1475 862; x_wconf 90' lang='lat' dir='ltr'><strong>et</strong></span> <span class='ocrx_word' id='word_1_58' title='bbox 1494 807 1787 875; x_wconf 89' lang='lat' dir='ltr'><strong>apostolica</strong></span> <span class='ocrx_word' id='word_1_59' title='bbox 1818 808 2040 861; x_wconf 88' lang='lat' dir='ltr'><strong>robora-</strong></span> 
     </span>
    </p>
   </div>
   <div class='ocr_carea' id='block_1_10' title="bbox 461 897 2042 967">
    <p class='ocr_par' dir='ltr' id='par_1_10' title="bbox 461 897 2042 967">
     <span class='ocr_line' id='line_1_10' title="bbox 461 897 2042 967; baseline 0.001 -16"><span class='ocrx_word' id='word_1_60' title='bbox 461 904 550 953; x_wconf 88' lang='lat' dir='ltr'><strong>tus</strong></span> <span class='ocrx_word' id='word_1_61' title='bbox 589 897 993 967; x_wconf 65' lang='lat' dir='ltr'><strong>praadicatione,</strong></span> <span class='ocrx_word' id='word_1_62' title='bbox 1052 912 1266 952; x_wconf 90' lang='lat' dir='ltr'><strong>omnem</strong></span> <span class='ocrx_word' id='word_1_63' title='bbox 1311 898 1364 952; x_wconf 90' lang='lat' dir='ltr'><strong>in</strong></span> <span class='ocrx_word' id='word_1_64' title='bbox 1415 898 1631 953; x_wconf 83' lang='lat' dir='ltr'><strong>Christo</strong></span> <span class='ocrx_word' id='word_1_65' title='bbox 1683 898 1943 953; x_wconf 92' lang='lat' dir='ltr'><strong>conﬁteor</strong></span> <span class='ocrx_word' id='word_1_66' title='bbox 1986 905 2042 952; x_wconf 89' lang='lat' dir='ltr'><strong>et</strong></span> 
     </span>
    </p>
   </div>
   <div class='ocr_carea' id='block_1_11' title="bbox 463 988 2041 1059">
    <p class='ocr_par' dir='ltr' id='par_1_11' title="bbox 463 988 2041 1059">
     <span class='ocr_line' id='line_1_11' title="bbox 463 988 2041 1059; baseline 0.001 -16"><span class='ocrx_word' id='word_1_67' title='bbox 463 988 723 1043; x_wconf 90' lang='lat' dir='ltr'><strong>testiﬁcor</strong></span> <span class='ocrx_word' id='word_1_68' title='bbox 765 989 1070 1053; x_wconf 83' lang='lat' dir='ltr'><strong>veritatem,</strong></span> <span class='ocrx_word' id='word_1_69' title='bbox 1114 990 1254 1043; x_wconf 88' lang='lat' dir='ltr'><strong>sicut</strong></span> <span class='ocrx_word' id='word_1_70' title='bbox 1311 991 1600 1059; x_wconf 88' lang='lat' dir='ltr'><strong>apostolica</strong></span> <span class='ocrx_word' id='word_1_71' title='bbox 1648 992 1890 1046; x_wconf 82' lang='lat' dir='ltr'><strong>doctrina</strong></span> <span class='ocrx_word' id='word_1_72' title='bbox 1942 989 2041 1044; x_wconf 90' lang='lat' dir='ltr'><strong>toti</strong></span> 
     </span>
    </p>
   </div>
   <div class='ocr_carea' id='block_1_12' title="bbox 462 1077 2042 1149">
    <p class='ocr_par' dir='ltr' id='par_1_12' title="bbox 462 1077 2042 1149">
     <span class='ocr_line' id='line_1_12' title="bbox 462 1077 2042 1149; baseline 0.001 -16"><span class='ocrx_word' id='word_1_73' title='bbox 462 1077 683 1133; x_wconf 84' lang='lat' dir='ltr'><strong>tradidit</strong></span> <span class='ocrx_word' id='word_1_74' title='bbox 724 1080 944 1146; x_wconf 90' lang='lat' dir='ltr'><strong>mundo,</strong></span> <span class='ocrx_word' id='word_1_75' title='bbox 999 1089 1053 1133; x_wconf 90' lang='lat' dir='ltr'><strong>et</strong></span> <span class='ocrx_word' id='word_1_76' title='bbox 1081 1080 1280 1149; x_wconf 89' lang='lat' dir='ltr'><strong>ubique</strong></span> <span class='ocrx_word' id='word_1_77' title='bbox 1305 1088 1490 1135; x_wconf 86' lang='lat' dir='ltr'><strong>sancta</strong></span> <span class='ocrx_word' id='word_1_78' title='bbox 1521 1081 1694 1135; x_wconf 84' lang='lat' dir='ltr'><strong>credit</strong></span> <span class='ocrx_word' id='word_1_79' title='bbox 1719 1081 1956 1136; x_wconf 81' lang='lat' dir='ltr'><strong>Ecclesia</strong></span> <span class='ocrx_word' id='word_1_80' title='bbox 1985 1088 2042 1135; x_wconf 89' lang='lat' dir='ltr'><strong>et</strong></span> 
     </span>
    </p>
   </div>
   <div class='ocr_carea' id='block_1_13' title="bbox 460 1167 2036 1240">
    <p class='ocr_par' dir='ltr' id='par_1_13' title="bbox 460 1167 2036 1240">
     <span class='ocr_line' id='line_1_13' title="bbox 460 1167 2036 1240; baseline 0.001 -18"><span class='ocrx_word' id='word_1_81' title='bbox 460 1167 763 1240; x_wconf 65' lang='lat' dir='ltr'><strong>praedicat?</strong></span> <span class='ocrx_word' id='word_1_82' title='bbox 808 1169 888 1223; x_wconf 85' lang='lat' dir='ltr'><strong>Tu</strong></span> <span class='ocrx_word' id='word_1_83' title='bbox 915 1184 1043 1224; x_wconf 88' lang='lat' dir='ltr'><strong>vero</strong></span> <span class='ocrx_word' id='word_1_84' title='bbox 1093 1171 1238 1226; x_wconf 93' lang='lat' dir='ltr'><strong>solus</strong></span> <span class='ocrx_word' id='word_1_85' title='bbox 1282 1172 1368 1226; x_wconf 90' lang='lat' dir='ltr'><strong>his</strong></span> <span class='ocrx_word' id='word_1_86' title='bbox 1416 1171 1666 1226; x_wconf 91' lang='lat' dir='ltr'><strong>omnibus</strong></span> <span class='ocrx_word' id='word_1_87' title='bbox 1714 1171 2036 1236; x_wconf 91' lang='lat' dir='ltr'><strong>contrarius,</strong></span> 
     </span>
    </p>
   </div>
   <div class='ocr_carea' id='block_1_14' title="bbox 462 1260 2035 1333">
    <p class='ocr_par' dir='ltr' id='par_1_14' title="bbox 462 1260 2035 1333">
     <span class='ocr_line' id='line_1_14' title="bbox 462 1260 2035 1333; baseline 0.001 -18"><span class='ocrx_word' id='word_1_88' title='bbox 462 1260 607 1315; x_wconf 88' lang='lat' dir='ltr'><strong>solus</strong></span> <span class='ocrx_word' id='word_1_89' title='bbox 656 1260 749 1315; x_wconf 89' lang='lat' dir='ltr'><strong>tibi</strong></span> <span class='ocrx_word' id='word_1_90' title='bbox 791 1261 1064 1332; x_wconf 73' lang='lat' dir='ltr'><strong>singulare</strong></span> <span class='ocrx_word' id='word_1_91' title='bbox 1116 1263 1415 1333; x_wconf 82' lang='lat' dir='ltr'><strong>magisterii</strong></span> <span class='ocrx_word' id='word_1_92' title='bbox 1470 1278 1667 1317; x_wconf 91' lang='lat' dir='ltr'><strong>nomen</strong></span> <span class='ocrx_word' id='word_1_93' title='bbox 1724 1263 2035 1331; x_wconf 80' lang='lat' dir='ltr'><strong>usui-pasti;</strong></span> 
     </span>
    </p>
   </div>
   <div class='ocr_carea' id='block_1_15' title="bbox 465 1351 2039 1425">
    <p class='ocr_par' dir='ltr' id='par_1_15' title="bbox 465 1351 2039 1425">
     <span class='ocr_line' id='line_1_15' title="bbox 465 1351 2039 1425; baseline 0.002 -19"><span class='ocrx_word' id='word_1_94' title='bbox 465 1351 592 1406; x_wconf 92' lang='lat' dir='ltr'><strong>dum</strong></span> <span class='ocrx_word' id='word_1_95' title='bbox 627 1352 775 1407; x_wconf 88' lang='lat' dir='ltr'><strong>solus</strong></span> <span class='ocrx_word' id='word_1_96' title='bbox 806 1362 1052 1409; x_wconf 91' lang='lat' dir='ltr'><strong>sanctum</strong></span> <span class='ocrx_word' id='word_1_97' title='bbox 1092 1362 1146 1407; x_wconf 92' lang='lat' dir='ltr'><strong>et</strong></span> <span class='ocrx_word' id='word_1_98' title='bbox 1171 1354 1420 1425; x_wconf 80' lang='lat' dir='ltr'><strong>generale</strong></span> <span class='ocrx_word' id='word_1_99' title='bbox 1448 1355 1730 1425; x_wconf 87' lang='lat' dir='ltr'><strong>perdidisti</strong></span> <span class='ocrx_word' id='word_1_100' title='bbox 1759 1354 2039 1409; x_wconf 78' lang='lat' dir='ltr'><strong>catholicae</strong></span> 
     </span>
    </p>
   </div>
   <div class='ocr_carea' id='block_1_16' title="bbox 463 1442 2039 1514">
    <p class='ocr_par' dir='ltr' id='par_1_16' title="bbox 463 1442 2039 1514">
     <span class='ocr_line' id='line_1_16' title="bbox 463 1442 2039 1514; baseline 0 -16"><span class='ocrx_word' id='word_1_101' title='bbox 463 1442 588 1498; x_wconf 87' lang='lat' dir='ltr'><strong>ﬁdei</strong></span> <span class='ocrx_word' id='word_1_102' title='bbox 617 1444 938 1514; x_wconf 84' lang='lat' dir='ltr'><strong>symbolum.</strong></span> <span class='ocrx_word' id='word_1_103' title='bbox 964 1445 1158 1500; x_wconf 83' lang='lat' dir='ltr'><strong>Fertur</strong></span> <span class='ocrx_word' id='word_1_104' title='bbox 1185 1446 1237 1500; x_wconf 92' lang='lat' dir='ltr'><strong>in</strong></span> <span class='ocrx_word' id='word_1_105' title='bbox 1268 1446 1540 1501; x_wconf 66' lang='lat' dir='ltr'><strong>saecularis</strong></span> <span class='ocrx_word' id='word_1_106' title='bbox 1612 1444 1929 1499; x_wconf 68' lang='lat' dir='ltr'><strong>litteratum</strong></span> <span class='ocrx_word' id='word_1_107' title='bbox 1954 1445 2039 1499; x_wconf 90' lang='lat' dir='ltr'><strong>hi-</strong></span> 
     </span>
    </p>
   </div>
   <div class='ocr_carea' id='block_1_17' title="bbox 462 1536 2042 1608">
    <p class='ocr_par' dir='ltr' id='par_1_17' title="bbox 462 1536 2042 1608">
     <span class='ocr_line' id='line_1_17' title="bbox 462 1536 2042 1608; baseline 0.003 -19"><span class='ocrx_word' id='word_1_108' title='bbox 462 1536 647 1590; x_wconf 89' lang='lat' dir='ltr'><strong>storiis</strong></span> <span class='ocrx_word' id='word_1_109' title='bbox 660 1536 945 1606; x_wconf 88' lang='lat' dir='ltr'><strong>profanum</strong></span> <span class='ocrx_word' id='word_1_110' title='bbox 960 1539 1244 1608; x_wconf 87' lang='lat' dir='ltr'><strong>quemdam</strong></span> <span class='ocrx_word' id='word_1_111' title='bbox 1261 1539 1513 1608; x_wconf 84' lang='lat' dir='ltr'><strong>juvenem</strong></span> <span class='ocrx_word' id='word_1_112' title='bbox 1537 1537 1719 1592; x_wconf 85' lang='lat' dir='ltr'><strong>Dianae</strong></span> <span class='ocrx_word' id='word_1_113' title='bbox 1736 1538 2042 1593; x_wconf 90' lang='lat' dir='ltr'><strong>incendisse</strong></span> 
     </span>
    </p>
   </div>
   <div class='ocr_carea' id='block_1_18' title="bbox 462 1626 2043 1699">
    <p class='ocr_par' dir='ltr' id='par_1_18' title="bbox 462 1626 2043 1699">
     <span class='ocr_line' id='line_1_18' title="bbox 462 1626 2043 1699; baseline 0.002 -20"><span class='ocrx_word' id='word_1_114' title='bbox 462 1626 742 1694; x_wconf 67' lang='lat' dir='ltr'><strong>mmplum,</strong></span> <span class='ocrx_word' id='word_1_115' title='bbox 780 1642 900 1697; x_wconf 72' lang='lat' dir='ltr'><strong>quae</strong></span> <span class='ocrx_word' id='word_1_116' title='bbox 927 1628 1106 1699; x_wconf 81' lang='lat' dir='ltr'><strong>magni</strong></span> <span class='ocrx_word' id='word_1_117' title='bbox 1150 1631 1386 1685; x_wconf 88' lang='lat' dir='ltr'><strong>nominis</strong></span> <span class='ocrx_word' id='word_1_118' title='bbox 1421 1630 1561 1699; x_wconf 89' lang='lat' dir='ltr'><strong>apud</strong></span> <span class='ocrx_word' id='word_1_119' title='bbox 1588 1629 1849 1699; x_wconf 87' lang='lat' dir='ltr'><strong>Ephesios</strong></span> <span class='ocrx_word' id='word_1_120' title='bbox 1878 1629 2043 1685; x_wconf 84' lang='lat' dir='ltr'><strong>habe-</strong></span> 
     </span>
    </p>
   </div>
   <div class='ocr_carea' id='block_1_19' title="bbox 462 1715 2035 1791">
    <p class='ocr_par' dir='ltr' id='par_1_19' title="bbox 462 1715 2035 1791">
     <span class='ocr_line' id='line_1_19' title="bbox 462 1715 2035 1791; baseline 0.002 -21"><span class='ocrx_word' id='word_1_121' title='bbox 462 1715 661 1783; x_wconf 88' lang='lat' dir='ltr'><strong>batur;</strong></span> <span class='ocrx_word' id='word_1_122' title='bbox 711 1719 1180 1790; x_wconf 84' lang='lat' dir='ltr'><strong>interrogatusque</strong></span> <span class='ocrx_word' id='word_1_123' title='bbox 1227 1720 1353 1791; x_wconf 89' lang='lat' dir='ltr'><strong>quid</strong></span> <span class='ocrx_word' id='word_1_124' title='bbox 1395 1721 1497 1775; x_wconf 91' lang='lat' dir='ltr'><strong>hoc</strong></span> <span class='ocrx_word' id='word_1_125' title='bbox 1540 1719 1719 1775; x_wconf 86' lang='lat' dir='ltr'><strong>facere</strong></span> <span class='ocrx_word' id='word_1_126' title='bbox 1760 1720 2035 1785; x_wconf 89' lang='lat' dir='ltr'><strong>voluisset,</strong></span> 
     </span>
    </p>
   </div>
   <div class='ocr_carea' id='block_1_20' title="bbox 2140 525 3728 598">
    <p class='ocr_par' dir='ltr' id='par_1_20' title="bbox 2140 525 3728 598">
     <span class='ocr_line' id='line_1_20' title="bbox 2140 525 3728 598; baseline 0.007 -17"><span class='ocrx_word' id='word_1_127' title='bbox 2140 526 2363 581; x_wconf 88' lang='lat' dir='ltr'><strong>exaltat.</strong></span> <span class='ocrx_word' id='word_1_128' title='bbox 2400 548 2418 579; x_wconf 78' lang='grc' dir='ltr'><strong><em>ι</em></strong></span> <span class='ocrx_word' id='word_1_129' title='bbox 2473 525 2571 581; x_wconf 86' lang='lat' dir='ltr'><strong>Hic</strong></span> <span class='ocrx_word' id='word_1_130' title='bbox 2620 527 2849 596; x_wconf 91' lang='lat' dir='ltr'><strong>denique</strong></span> <span class='ocrx_word' id='word_1_131' title='bbox 2900 528 3103 598; x_wconf 86' lang='lat' dir='ltr'><strong>absque</strong></span> <span class='ocrx_word' id='word_1_132' title='bbox 3158 530 3320 586; x_wconf 88' lang='lat' dir='ltr'><strong>dubio</strong></span> <span class='ocrx_word' id='word_1_133' title='bbox 3366 532 3451 586; x_wconf 90' lang='lat' dir='ltr'><strong>vir</strong></span> <span class='ocrx_word' id='word_1_134' title='bbox 3504 545 3728 593; x_wconf 86' lang='lat' dir='ltr'><strong>sanctus</strong></span> 
     </span>
    </p>
   </div>
   <div class='ocr_carea' id='block_1_21' title="bbox 2139 616 3723 696">
    <p class='ocr_par' dir='ltr' id='par_1_21' title="bbox 2139 616 3723 696">
     <span class='ocr_line' id='line_1_21' title="bbox 2139 616 3723 696; baseline 0.008 -26"><span class='ocrx_word' id='word_1_135' title='bbox 2139 616 2355 688; x_wconf 90' lang='lat' dir='ltr'><strong>Deoque</strong></span> <span class='ocrx_word' id='word_1_136' title='bbox 2375 619 2563 687; x_wconf 90' lang='lat' dir='ltr'><strong>plenus</strong></span> <span class='ocrx_word' id='word_1_137' title='bbox 2588 620 2858 674; x_wconf 85' lang='lat' dir='ltr'><strong>hominem</strong></span> <span class='ocrx_word' id='word_1_138' title='bbox 2880 619 3157 676; x_wconf 87' lang='lat' dir='ltr'><strong>Christum</strong></span> <span class='ocrx_word' id='word_1_139' title='bbox 3177 624 3242 678; x_wconf 93' lang='lat' dir='ltr'><strong>de</strong></span> <span class='ocrx_word' id='word_1_140' title='bbox 3266 624 3489 693; x_wconf 75' lang='lat' dir='ltr'><strong>Virgine</strong></span> <span class='ocrx_word' id='word_1_141' title='bbox 3508 636 3723 696; x_wconf 85' lang='lat' dir='ltr'><strong>natum,</strong></span> 
     </span>
    </p>
   </div>
   <div class='ocr_carea' id='block_1_22' title="bbox 2140 713 3729 792">
    <p class='ocr_par' dir='ltr' id='par_1_22' title="bbox 2140 713 3729 792">
     <span class='ocr_line' id='line_1_22' title="bbox 2140 713 3729 792; baseline 0.009 -29"><span class='ocrx_word' id='word_1_142' title='bbox 2140 726 2245 765; x_wconf 91' lang='lat' dir='ltr'><strong>non</strong></span> <span class='ocrx_word' id='word_1_143' title='bbox 2273 719 2333 764; x_wconf 92' lang='lat' dir='ltr'><strong>ut</strong></span> <span class='ocrx_word' id='word_1_144' title='bbox 2371 722 2598 767; x_wconf 69' lang='lat' dir='ltr'><strong>caeteros</strong></span> <span class='ocrx_word' id='word_1_145' title='bbox 2629 713 2721 766; x_wconf 89' lang='lat' dir='ltr'><strong>Dei</strong></span> <span class='ocrx_word' id='word_1_146' title='bbox 2755 713 2893 768; x_wconf 89' lang='lat' dir='ltr'><strong>ﬁlios</strong></span> <span class='ocrx_word' id='word_1_147' title='bbox 2923 715 3126 769; x_wconf 90' lang='lat' dir='ltr'><strong>indulta</strong></span> <span class='ocrx_word' id='word_1_148' title='bbox 3155 718 3459 787; x_wconf 88' lang='lat' dir='ltr'><strong>adoptione,</strong></span> <span class='ocrx_word' id='word_1_149' title='bbox 3495 722 3590 775; x_wconf 89' lang='lat' dir='ltr'><strong>sed</strong></span> <span class='ocrx_word' id='word_1_150' title='bbox 3629 737 3729 792; x_wconf 85' lang='lat' dir='ltr'><strong>per</strong></span> 
     </span>
    </p>
   </div>
   <div class='ocr_carea' id='block_1_23' title="bbox 2138 805 3727 882">
    <p class='ocr_par' dir='ltr' id='par_1_23' title="bbox 2138 805 3727 882">
     <span class='ocr_line' id='line_1_23' title="bbox 2138 805 3727 882; baseline 0.008 -25"><span class='ocrx_word' id='word_1_151' title='bbox 2138 814 2385 858; x_wconf 89' lang='lat' dir='ltr'><strong>naturam</strong></span> <span class='ocrx_word' id='word_1_152' title='bbox 2425 805 2574 859; x_wconf 91' lang='lat' dir='ltr'><strong>illum</strong></span> <span class='ocrx_word' id='word_1_153' title='bbox 2616 807 2909 860; x_wconf 84' lang='lat' dir='ltr'><strong>divinitatis</strong></span> <span class='ocrx_word' id='word_1_154' title='bbox 2952 807 3004 861; x_wconf 92' lang='lat' dir='ltr'><strong>in</strong></span> <span class='ocrx_word' id='word_1_155' title='bbox 3042 808 3137 864; x_wconf 89' lang='lat' dir='ltr'><strong>Dei</strong></span> <span class='ocrx_word' id='word_1_156' title='bbox 3187 809 3380 864; x_wconf 87' lang='lat' dir='ltr'><strong>Filium</strong></span> <span class='ocrx_word' id='word_1_157' title='bbox 3427 822 3727 882; x_wconf 66' lang='lat' dir='ltr'><strong>praemonet</strong></span> 
     </span>
    </p>
   </div>
   <div class='ocr_carea' id='block_1_24' title="bbox 2138 898 3724 978">
    <p class='ocr_par' dir='ltr' id='par_1_24' title="bbox 2138 898 3724 978">
     <span class='ocr_line' id='line_1_24' title="bbox 2138 898 3724 978; baseline 0.006 -27"><span class='ocrx_word' id='word_1_158' title='bbox 2138 898 2450 951; x_wconf 79' lang='lat' dir='ltr'><strong>exaltatum.</strong></span> <span class='ocrx_word' id='word_1_159' title='bbox 2499 898 2639 951; x_wconf 86' lang='lat' dir='ltr'><strong>Idem</strong></span> <span class='ocrx_word' id='word_1_160' title='bbox 2670 898 2722 951; x_wconf 92' lang='lat' dir='ltr'><strong>in</strong></span> <span class='ocrx_word' id='word_1_161' title='bbox 2750 898 2887 953; x_wconf 89' lang='lat' dir='ltr'><strong>libro</strong></span> <span class='ocrx_word' id='word_1_162' title='bbox 2927 915 3051 953; x_wconf 74' lang='lat' dir='ltr'><strong>xxvr</strong></span> <span class='ocrx_word' id='word_1_163' title='bbox 3089 900 3227 972; x_wconf 91' lang='lat' dir='ltr'><strong>(Lib.</strong></span> <span class='ocrx_word' id='word_1_164' title='bbox 3261 918 3432 966; x_wconf 84' lang='lat' dir='ltr'><strong>xxvu,</strong></span> <span class='ocrx_word' id='word_1_165' title='bbox 3462 919 3581 975; x_wconf 87' lang='lat' dir='ltr'><strong>cap.</strong></span> <span class='ocrx_word' id='word_1_166' title='bbox 3624 903 3680 978; x_wconf 74' lang='lat'><strong>2)</strong></span> <span class='ocrx_word' id='word_1_167' title='bbox 3708 923 3724 961; x_wconf 91' lang='lat'><strong>:</strong></span> 
     </span>
    </p>
   </div>
   <div class='ocr_carea' id='block_1_25' title="bbox 2146 986 3728 1064">
    <p class='ocr_par' dir='ltr' id='par_1_25' title="bbox 2146 986 3728 1064">
     <span class='ocr_line' id='line_1_25' title="bbox 2146 986 3728 1064; baseline 0.01 -27"><span class='ocrx_word' id='word_1_168' title='bbox 2146 1005 2163 1037; x_wconf 77' lang='grc' dir='ltr'>ι</span> <span class='ocrx_word' id='word_1_169' title='bbox 2211 986 2541 1057; x_wconf 81' lang='lat' dir='ltr'><strong>Redemptor</strong></span> <span class='ocrx_word' id='word_1_170' title='bbox 2589 989 2853 1057; x_wconf 86' lang='lat' dir='ltr'><strong>siquidem</strong></span> <span class='ocrx_word' id='word_1_171' title='bbox 2903 998 3085 1044; x_wconf 87' lang='lat' dir='ltr'><strong>noster</strong></span> <span class='ocrx_word' id='word_1_172' title='bbox 3131 992 3293 1047; x_wconf 91' lang='lat' dir='ltr'><strong>homo</strong></span> <span class='ocrx_word' id='word_1_173' title='bbox 3341 994 3458 1048; x_wconf 86' lang='lat' dir='ltr'><strong>sine</strong></span> <span class='ocrx_word' id='word_1_174' title='bbox 3496 1006 3728 1064; x_wconf 68' lang='lat' dir='ltr'><strong>pec.~ato</strong></span> 
     </span>
    </p>
   </div>
   <div class='ocr_carea' id='block_1_26' title="bbox 2137 1078 3728 1152">
    <p class='ocr_par' dir='ltr' id='par_1_26' title="bbox 2137 1078 3728 1152">
     <span class='ocr_line' id='line_1_26' title="bbox 2137 1078 3728 1152; baseline 0.006 -18"><span class='ocrx_word' id='word_1_175' title='bbox 2137 1086 2239 1141; x_wconf 87' lang='lat' dir='ltr'><strong>est,</strong></span> <span class='ocrx_word' id='word_1_176' title='bbox 2287 1078 2425 1133; x_wconf 89' lang='lat' dir='ltr'><strong>ﬁlius</strong></span> <span class='ocrx_word' id='word_1_177' title='bbox 2460 1079 2577 1134; x_wconf 90' lang='lat' dir='ltr'><strong>sine</strong></span> <span class='ocrx_word' id='word_1_178' title='bbox 2618 1080 2923 1148; x_wconf 82' lang='lat' dir='ltr'><strong>adoptione.</strong></span> <span class='ocrx_word' id='word_1_179' title='bbox 2966 1102 2981 1132; x_wconf 63' lang='grc' dir='ltr'>θ</span> <span class='ocrx_word' id='word_1_180' title='bbox 3020 1081 3173 1136; x_wconf 88' lang='lat' dir='ltr'><strong>Sicut</strong></span> <span class='ocrx_word' id='word_1_181' title='bbox 3204 1086 3490 1152; x_wconf 89' lang='lat' dir='ltr'><strong>potestatis</strong></span> <span class='ocrx_word' id='word_1_182' title='bbox 3529 1087 3728 1143; x_wconf 67' lang='lat' dir='ltr'><strong>divinae</strong></span> 
     </span>
    </p>
   </div>
   <div class='ocr_carea' id='block_1_27' title="bbox 2137 1171 3732 1245">
    <p class='ocr_par' dir='ltr' id='par_1_27' title="bbox 2137 1171 3732 1245">
     <span class='ocr_line' id='line_1_27' title="bbox 2137 1171 3732 1245; baseline 0.006 -19"><span class='ocrx_word' id='word_1_183' title='bbox 2137 1180 2241 1235; x_wconf 88' lang='lat' dir='ltr'><strong>est,</strong></span> <span class='ocrx_word' id='word_1_184' title='bbox 2268 1180 2327 1225; x_wconf 91' lang='lat' dir='ltr'><strong>ut</strong></span> <span class='ocrx_word' id='word_1_185' title='bbox 2359 1171 2521 1227; x_wconf 92' lang='lat' dir='ltr'><strong>homo</strong></span> <span class='ocrx_word' id='word_1_186' title='bbox 2547 1188 2613 1225; x_wconf 84' lang='lat' dir='ltr'><strong>ex</strong></span> <span class='ocrx_word' id='word_1_187' title='bbox 2637 1172 2883 1242; x_wconf 77' lang='lat' dir='ltr'><strong>virginali</strong></span> <span class='ocrx_word' id='word_1_188' title='bbox 2912 1184 3067 1229; x_wconf 90' lang='lat' dir='ltr'><strong>utero</strong></span> <span class='ocrx_word' id='word_1_189' title='bbox 3090 1175 3207 1229; x_wconf 89' lang='lat' dir='ltr'><strong>sine</strong></span> <span class='ocrx_word' id='word_1_190' title='bbox 3223 1187 3448 1245; x_wconf 89' lang='lat' dir='ltr'><strong>peccato</strong></span> <span class='ocrx_word' id='word_1_191' title='bbox 3475 1193 3732 1235; x_wconf 88' lang='lat' dir='ltr'><strong>nascere-</strong></span> 
     </span>
    </p>
   </div>
   <div class='ocr_carea' id='block_1_28' title="bbox 2139 1263 3730 1339">
    <p class='ocr_par' dir='ltr' id='par_1_28' title="bbox 2139 1263 3730 1339">
     <span class='ocr_line' id='line_1_28' title="bbox 2139 1263 3730 1339; baseline 0.006 -23"><span class='ocrx_word' id='word_1_192' title='bbox 2139 1271 2246 1326; x_wconf 87' lang='lat' dir='ltr'><strong>tur,</strong></span> <span class='ocrx_word' id='word_1_193' title='bbox 2294 1263 2368 1316; x_wconf 87' lang='lat' dir='ltr'><strong>ita</strong></span> <span class='ocrx_word' id='word_1_194' title='bbox 2417 1263 2608 1318; x_wconf 71' lang='lat' dir='ltr'><strong>divina:</strong></span> <span class='ocrx_word' id='word_1_195' title='bbox 2636 1273 2719 1318; x_wconf 89' lang='lat' dir='ltr'><strong>est</strong></span> <span class='ocrx_word' id='word_1_196' title='bbox 2752 1264 2913 1334; x_wconf 78' lang='lat'><strong>907</strong></span> <span class='ocrx_word' id='word_1_197' title='bbox 2952 1265 3187 1331; x_wconf 90' lang='lat' dir='ltr'><strong>virtutis,</strong></span> <span class='ocrx_word' id='word_1_198' title='bbox 3214 1276 3275 1322; x_wconf 91' lang='lat' dir='ltr'><strong>ut</strong></span> <span class='ocrx_word' id='word_1_199' title='bbox 3301 1270 3462 1324; x_wconf 89' lang='lat' dir='ltr'><strong>homo</strong></span> <span class='ocrx_word' id='word_1_200' title='bbox 3491 1270 3600 1333; x_wconf 90' lang='lat' dir='ltr'><strong>ille,</strong></span> <span class='ocrx_word' id='word_1_201' title='bbox 3636 1268 3730 1339; x_wconf 86' lang='lat' dir='ltr'><strong>qui</strong></span> 
     </span>
    </p>
   </div>
   <div class='ocr_carea' id='block_1_29' title="bbox 2139 1354 3731 1429">
    <p class='ocr_par' dir='ltr' id='par_1_29' title="bbox 2139 1354 3731 1429">
     <span class='ocr_line' id='line_1_29' title="bbox 2139 1354 3731 1429; baseline 0.004 -22"><span class='ocrx_word' id='word_1_202' title='bbox 2139 1354 2255 1408; x_wconf 77' lang='lat' dir='ltr'><strong>sine</strong></span> <span class='ocrx_word' id='word_1_203' title='bbox 2283 1362 2505 1423; x_wconf 89' lang='lat' dir='ltr'><strong>peccato</strong></span> <span class='ocrx_word' id='word_1_204' title='bbox 2526 1355 2674 1408; x_wconf 87' lang='lat' dir='ltr'><strong>nasci</strong></span> <span class='ocrx_word' id='word_1_205' title='bbox 2702 1359 2895 1422; x_wconf 85' lang='lat' dir='ltr'><strong>potuit,</strong></span> <span class='ocrx_word' id='word_1_206' title='bbox 2925 1356 3271 1426; x_wconf 79' lang='lat' dir='ltr'><strong>singulariter</strong></span> <span class='ocrx_word' id='word_1_207' title='bbox 3293 1359 3411 1413; x_wconf 87' lang='lat' dir='ltr'><strong>sine</strong></span> <span class='ocrx_word' id='word_1_208' title='bbox 3441 1361 3731 1429; x_wconf 84' lang='lat' dir='ltr'><strong>adoptione</strong></span> 
     </span>
    </p>
   </div>
   <div class='ocr_carea' id='block_1_30' title="bbox 2139 1445 3733 1513">
    <p class='ocr_par' dir='ltr' id='par_1_30' title="bbox 2139 1445 3733 1513">
     <span class='ocr_line' id='line_1_30' title="bbox 2139 1445 3733 1513; baseline 0.008 -14"><span class='ocrx_word' id='word_1_209' title='bbox 2139 1445 2235 1500; x_wconf 88' lang='lat' dir='ltr'><strong>Dei</strong></span> <span class='ocrx_word' id='word_1_210' title='bbox 2278 1454 2422 1501; x_wconf 90' lang='lat' dir='ltr'><strong>esset</strong></span> <span class='ocrx_word' id='word_1_211' title='bbox 2447 1446 2632 1501; x_wconf 84' lang='lat' dir='ltr'><strong>Filius.</strong></span> <span class='ocrx_word' id='word_1_212' title='bbox 2659 1445 2809 1513; x_wconf 86' lang='lat' dir='ltr'><strong>Quod</strong></span> <span class='ocrx_word' id='word_1_213' title='bbox 2842 1448 2894 1500; x_wconf 91' lang='lat' dir='ltr'><strong>in</strong></span> <span class='ocrx_word' id='word_1_214' title='bbox 2930 1447 3069 1503; x_wconf 90' lang='lat' dir='ltr'><strong>libro</strong></span> <span class='ocrx_word' id='word_1_215' title='bbox 3096 1465 3230 1504; x_wconf 84' lang='lat' dir='ltr'><strong>xvm</strong></span> <span class='ocrx_word' id='word_1_216' title='bbox 3264 1451 3404 1505; x_wconf 90' lang='lat' dir='ltr'><strong>idem</strong></span> <span class='ocrx_word' id='word_1_217' title='bbox 3447 1456 3733 1512; x_wconf 89' lang='lat' dir='ltr'><strong>sanctissi-</strong></span> 
     </span>
    </p>
   </div>
   <div class='ocr_carea' id='block_1_31' title="bbox 2139 1536 3733 1611">
    <p class='ocr_par' dir='ltr' id='par_1_31' title="bbox 2139 1536 3733 1611">
     <span class='ocr_line' id='line_1_31' title="bbox 2139 1536 3733 1611; baseline 0.009 -21"><span class='ocrx_word' id='word_1_218' title='bbox 2139 1551 2261 1590; x_wconf 90' lang='lat' dir='ltr'><strong>mus</strong></span> <span class='ocrx_word' id='word_1_219' title='bbox 2295 1536 2458 1591; x_wconf 90' lang='lat' dir='ltr'><strong>Pater</strong></span> <span class='ocrx_word' id='word_1_220' title='bbox 2494 1537 2727 1591; x_wconf 85' lang='lat' dir='ltr'><strong>ostendit</strong></span> <span class='ocrx_word' id='word_1_221' title='bbox 2776 1536 2962 1593; x_wconf 89' lang='lat' dir='ltr'><strong>dicens</strong></span> <span class='ocrx_word' id='word_1_222' title='bbox 3015 1537 3167 1610; x_wconf 89' lang='lat' dir='ltr'><strong>(Cap.</strong></span> <span class='ocrx_word' id='word_1_223' title='bbox 3218 1540 3350 1611; x_wconf 74' lang='lat'><strong>52):</strong></span> <span class='ocrx_word' id='word_1_224' title='bbox 3384 1561 3402 1592; x_wconf 76' lang='grc' dir='ltr'><strong><em>ι</em></strong></span> <span class='ocrx_word' id='word_1_225' title='bbox 3431 1542 3596 1599; x_wconf 80' lang='lat' dir='ltr'><strong>Aliud</strong></span> <span class='ocrx_word' id='word_1_226' title='bbox 3646 1556 3733 1603; x_wconf 89' lang='lat' dir='ltr'><strong>est</strong></span> 
     </span>
    </p>
   </div>
   <div class='ocr_carea' id='block_1_32' title="bbox 2140 1627 3727 1705">
    <p class='ocr_par' dir='ltr' id='par_1_32' title="bbox 2140 1627 3727 1705">
     <span class='ocr_line' id='line_1_32' title="bbox 2140 1627 3727 1705; baseline 0.006 -24"><span class='ocrx_word' id='word_1_227' title='bbox 2140 1627 2283 1681; x_wconf 90' lang='lat' dir='ltr'><strong>enim</strong></span> <span class='ocrx_word' id='word_1_228' title='bbox 2332 1637 2486 1682; x_wconf 89' lang='lat' dir='ltr'><strong>natos</strong></span> <span class='ocrx_word' id='word_1_229' title='bbox 2535 1628 2781 1682; x_wconf 92' lang='lat' dir='ltr'><strong>homines</strong></span> <span class='ocrx_word' id='word_1_230' title='bbox 2820 1628 3048 1699; x_wconf 86' lang='lat' dir='ltr'><strong>gratiam</strong></span> <span class='ocrx_word' id='word_1_231' title='bbox 3106 1632 3413 1700; x_wconf 84' lang='lat' dir='ltr'><strong>adoptionis</strong></span> <span class='ocrx_word' id='word_1_232' title='bbox 3454 1634 3727 1705; x_wconf 84' lang='lat' dir='ltr'><strong>accipere,</strong></span> 
     </span>
    </p>
   </div>
   <div class='ocr_carea' id='block_1_33' title="bbox 2144 1717 3729 1795">
    <p class='ocr_par' dir='ltr' id='par_1_33' title="bbox 2144 1717 3729 1795">
     <span class='ocr_line' id='line_1_33' title="bbox 2144 1717 3729 1795; baseline 0.008 -24"><span class='ocrx_word' id='word_1_233' title='bbox 2144 1717 2288 1771; x_wconf 90' lang='lat' dir='ltr'><strong>aliud</strong></span> <span class='ocrx_word' id='word_1_234' title='bbox 2338 1734 2502 1771; x_wconf 91' lang='lat' dir='ltr'><strong>unum</strong></span> <span class='ocrx_word' id='word_1_235' title='bbox 2552 1718 2896 1788; x_wconf 81' lang='lat' dir='ltr'><strong>singulariter</strong></span> <span class='ocrx_word' id='word_1_236' title='bbox 2949 1735 3045 1789; x_wconf 90' lang='lat' dir='ltr'><strong>per</strong></span> <span class='ocrx_word' id='word_1_237' title='bbox 3075 1721 3373 1778; x_wconf 80' lang='lat' dir='ltr'><strong>divinitatis</strong></span> <span class='ocrx_word' id='word_1_238' title='bbox 3426 1729 3729 1795; x_wconf 87' lang='lat' dir='ltr'><strong>potentiam</strong></span> 
     </span>
    </p>
   </div>
   <div class='ocr_carea' id='block_1_34' title="bbox 464 1799 3731 1894">
    <p class='ocr_par' dir='ltr' id='par_1_34' title="bbox 464 1799 3731 1894">
     <span class='ocr_line' id='line_1_34' title="bbox 464 1799 3731 1894; baseline 0.004 -33"><span class='ocrx_word' id='word_1_239' title='bbox 464 1809 742 1877; x_wconf 87' lang='lat' dir='ltr'><strong>respondit</strong></span> <span class='ocrx_word' id='word_1_240' title='bbox 766 1829 778 1863; x_wconf 93' lang='lat'>:</span> <span class='ocrx_word' id='word_1_241' title='bbox 805 1810 941 1864; x_wconf 92' lang='lat' dir='ltr'><strong>Dum</strong></span> <span class='ocrx_word' id='word_1_242' title='bbox 968 1825 1065 1880; x_wconf 91' lang='lat' dir='ltr'><strong>per</strong></span> <span class='ocrx_word' id='word_1_243' title='bbox 1086 1812 1283 1865; x_wconf 92' lang='lat' dir='ltr'><strong>bonum</strong></span> <span class='ocrx_word' id='word_1_244' title='bbox 1310 1820 1531 1882; x_wconf 90' lang='lat' dir='ltr'><strong>propter</strong></span> <span class='ocrx_word' id='word_1_245' title='bbox 1550 1812 1869 1867; x_wconf 84' lang='lat' dir='ltr'><strong>excellentia</strong></span> <span class='ocrx_word' id='word_1_246' title='bbox 1896 1811 2040 1867; x_wconf 85' lang='lat' dir='ltr'><strong>facta</strong></span> <span class='ocrx_word' id='word_1_247' title='bbox 2073 1799 2117 1862; x_wconf 84' lang='grc' dir='ltr'><strong><em>Β</em></strong></span> <span class='ocrx_word' id='word_1_248' title='bbox 2144 1806 2311 1862; x_wconf 91' lang='lat' dir='ltr'><strong>Deum</strong></span> <span class='ocrx_word' id='word_1_249' title='bbox 2346 1822 2412 1861; x_wconf 83' lang='lat' dir='ltr'><strong>ex</strong></span> <span class='ocrx_word' id='word_1_250' title='bbox 2439 1808 2555 1877; x_wconf 76' lang='lat' dir='ltr'><strong>ipso</strong></span> <span class='ocrx_word' id='word_1_251' title='bbox 2590 1818 2850 1878; x_wconf 87' lang='lat' dir='ltr'><strong>conceptu</strong></span> <span class='ocrx_word' id='word_1_252' title='bbox 2884 1811 3150 1879; x_wconf 86' lang='lat' dir='ltr'><strong>prodisse.</strong></span> <span class='ocrx_word' id='word_1_253' title='bbox 3182 1812 3291 1867; x_wconf 87' lang='lat' dir='ltr'><strong>Nec</strong></span> <span class='ocrx_word' id='word_1_254' title='bbox 3320 1816 3522 1894; x_wconf 77' lang='lat' dir='ltr'><strong>aequari</strong></span> <span class='ocrx_word' id='word_1_255' title='bbox 3548 1826 3731 1887; x_wconf 82' lang='lat' dir='ltr'><strong>potest</strong></span> 
     </span>
    </p>
   </div>
   <div class='ocr_carea' id='block_1_35' title="bbox 462 1899 2039 1974">
    <p class='ocr_par' dir='ltr' id='par_1_35' title="bbox 462 1899 2039 1974">
     <span class='ocr_line' id='line_1_35' title="bbox 462 1899 2039 1974; baseline 0.004 -23"><span class='ocrx_word' id='word_1_256' title='bbox 462 1899 704 1955; x_wconf 86' lang='lat' dir='ltr'><strong>vivorum</strong></span> <span class='ocrx_word' id='word_1_257' title='bbox 729 1909 887 1955; x_wconf 90' lang='lat' dir='ltr'><strong>notus</strong></span> <span class='ocrx_word' id='word_1_258' title='bbox 916 1916 1033 1956; x_wconf 89' lang='lat' dir='ltr'><strong>esse</strong></span> <span class='ocrx_word' id='word_1_259' title='bbox 1064 1917 1167 1955; x_wconf 90' lang='lat' dir='ltr'><strong>non</strong></span> <span class='ocrx_word' id='word_1_260' title='bbox 1195 1903 1364 1971; x_wconf 92' lang='lat' dir='ltr'><strong>potui,</strong></span> <span class='ocrx_word' id='word_1_261' title='bbox 1397 1902 1479 1957; x_wconf 87' lang='lat' dir='ltr'><strong>vel</strong></span> <span class='ocrx_word' id='word_1_262' title='bbox 1507 1919 1603 1973; x_wconf 92' lang='lat' dir='ltr'><strong>per</strong></span> <span class='ocrx_word' id='word_1_263' title='bbox 1630 1903 1905 1974; x_wconf 77' lang='lat' dir='ltr'><strong>quodlibet</strong></span> <span class='ocrx_word' id='word_1_264' title='bbox 1926 1918 2039 1957; x_wconf 88' lang='lat' dir='ltr'><strong>ma-</strong></span> 
     </span>
    </p>
   </div>
   <div class='ocr_carea' id='block_1_36' title="bbox 463 1989 2039 2062">
    <p class='ocr_par' dir='ltr' id='par_1_36' title="bbox 463 1989 2039 2062">
     <span class='ocr_line' id='line_1_36' title="bbox 463 1989 2039 2062; baseline 0.004 -19"><span class='ocrx_word' id='word_1_265' title='bbox 463 1989 592 2045; x_wconf 75' lang='lat' dir='ltr'><strong>litia:</strong></span> <span class='ocrx_word' id='word_1_266' title='bbox 625 2006 792 2062; x_wconf 88' lang='lat' dir='ltr'><strong>genus</strong></span> <span class='ocrx_word' id='word_1_267' title='bbox 849 2007 1045 2046; x_wconf 87' lang='lat' dir='ltr'><strong>nomen</strong></span> <span class='ocrx_word' id='word_1_268' title='bbox 1108 2009 1285 2047; x_wconf 92' lang='lat' dir='ltr'><strong>meum</strong></span> <span class='ocrx_word' id='word_1_269' title='bbox 1333 1994 1671 2050; x_wconf 90' lang='lat' dir='ltr'><strong>innotescere</strong></span> <span class='ocrx_word' id='word_1_270' title='bbox 1721 1994 1884 2048; x_wconf 90' lang='lat' dir='ltr'><strong>volui.</strong></span> <span class='ocrx_word' id='word_1_271' title='bbox 1946 1993 2039 2050; x_wconf 88' lang='lat' dir='ltr'><strong>Sic</strong></span> 
     </span>
    </p>
   </div>
   <div class='ocr_carea' id='block_1_37' title="bbox 461 2081 2040 2154">
    <p class='ocr_par' dir='ltr' id='par_1_37' title="bbox 461 2081 2040 2154">
     <span class='ocr_line' id='line_1_37' title="bbox 461 2081 2040 2154; baseline 0.004 -21"><span class='ocrx_word' id='word_1_272' title='bbox 461 2081 642 2145; x_wconf 89' lang='lat' dir='ltr'><strong>etiam,</strong></span> <span class='ocrx_word' id='word_1_273' title='bbox 671 2081 748 2136; x_wconf 92' lang='lat' dir='ltr'><strong>sic</strong></span> <span class='ocrx_word' id='word_1_274' title='bbox 767 2090 817 2137; x_wconf 92' lang='lat' dir='ltr'><strong>te</strong></span> <span class='ocrx_word' id='word_1_275' title='bbox 835 2082 1009 2153; x_wconf 84' lang='lat' dir='ltr'><strong>egisse</strong></span> <span class='ocrx_word' id='word_1_276' title='bbox 1036 2086 1403 2153; x_wconf 84' lang='lat' dir='ltr'><strong>cognovimus,</strong></span> <span class='ocrx_word' id='word_1_277' title='bbox 1428 2084 1598 2139; x_wconf 82' lang='lat' dir='ltr'><strong>frater</strong></span> <span class='ocrx_word' id='word_1_278' title='bbox 1618 2085 1881 2154; x_wconf 87' lang='lat' dir='ltr'><strong>Elipante,</strong></span> <span class='ocrx_word' id='word_1_279' title='bbox 1911 2086 2040 2140; x_wconf 90' lang='lat' dir='ltr'><strong>dum</strong></span> 
     </span>
    </p>
   </div>
   <div class='ocr_carea' id='block_1_38' title="bbox 462 2172 2038 2246">
    <p class='ocr_par' dir='ltr' id='par_1_38' title="bbox 462 2172 2038 2246">
     <span class='ocr_line' id='line_1_38' title="bbox 462 2172 2038 2246; baseline 0.004 -21"><span class='ocrx_word' id='word_1_280' title='bbox 462 2186 569 2226; x_wconf 89' lang='lat' dir='ltr'><strong>non</strong></span> <span class='ocrx_word' id='word_1_281' title='bbox 592 2172 818 2229; x_wconf 87' lang='lat' dir='ltr'><strong>haberes</strong></span> <span class='ocrx_word' id='word_1_282' title='bbox 848 2190 948 2229; x_wconf 59' lang='lat' dir='ltr'><strong>nec</strong></span> <span class='ocrx_word' id='word_1_283' title='bbox 971 2176 1218 2231; x_wconf 87' lang='lat' dir='ltr'><strong>decorem</strong></span> <span class='ocrx_word' id='word_1_284' title='bbox 1247 2176 1587 2246; x_wconf 58' lang='lat' dir='ltr'><strong>eloquentiae,</strong></span> <span class='ocrx_word' id='word_1_285' title='bbox 1622 2193 1724 2231; x_wconf 90' lang='lat' dir='ltr'><strong>nec</strong></span> <span class='ocrx_word' id='word_1_286' title='bbox 1772 2176 2038 2246; x_wconf 84' lang='lat' dir='ltr'><strong>fulgorem</strong></span> 
     </span>
    </p>
   </div>
   <div class='ocr_carea' id='block_1_39' title="bbox 463 2263 2039 2338">
    <p class='ocr_par' dir='ltr' id='par_1_39' title="bbox 463 2263 2039 2338">
     <span class='ocr_line' id='line_1_39' title="bbox 463 2263 2039 2338; baseline 0.002 -20"><span class='ocrx_word' id='word_1_287' title='bbox 463 2263 762 2333; x_wconf 71' lang='lat' dir='ltr'><strong>sapientiae,</strong></span> <span class='ocrx_word' id='word_1_288' title='bbox 812 2266 892 2320; x_wconf 90' lang='lat' dir='ltr'><strong>vel</strong></span> <span class='ocrx_word' id='word_1_289' title='bbox 920 2268 1134 2323; x_wconf 88' lang='lat' dir='ltr'><strong>insolita</strong></span> <span class='ocrx_word' id='word_1_290' title='bbox 1164 2269 1403 2338; x_wconf 90' lang='lat' dir='ltr'><strong>qualibet</strong></span> <span class='ocrx_word' id='word_1_291' title='bbox 1442 2278 1589 2324; x_wconf 92' lang='lat' dir='ltr'><strong>secta</strong></span> <span class='ocrx_word' id='word_1_292' title='bbox 1639 2284 1836 2323; x_wconf 89' lang='lat' dir='ltr'><strong>nomen</strong></span> <span class='ocrx_word' id='word_1_293' title='bbox 1884 2277 2039 2322; x_wconf 91' lang='lat' dir='ltr'><strong>tuum</strong></span> 
     </span>
    </p>
   </div>
   <div class='ocr_carea' id='block_1_40' title="bbox 461 2356 2038 2428">
    <p class='ocr_par' dir='ltr' id='par_1_40' title="bbox 461 2356 2038 2428">
     <span class='ocr_line' id='line_1_40' title="bbox 461 2356 2038 2428; baseline 0.001 -16"><span class='ocrx_word' id='word_1_294' title='bbox 461 2356 742 2428; x_wconf 87' lang='lat' dir='ltr'><strong>divulgare</strong></span> <span class='ocrx_word' id='word_1_295' title='bbox 783 2361 1025 2425; x_wconf 87' lang='lat' dir='ltr'><strong>curasti;</strong></span> <span class='ocrx_word' id='word_1_296' title='bbox 1059 2376 1160 2416; x_wconf 92' lang='lat' dir='ltr'><strong>nec</strong></span> <span class='ocrx_word' id='word_1_297' title='bbox 1197 2362 1294 2416; x_wconf 93' lang='lat' dir='ltr'><strong>tibi</strong></span> <span class='ocrx_word' id='word_1_298' title='bbox 1336 2361 1441 2415; x_wconf 92' lang='lat' dir='ltr'><strong>alia</strong></span> <span class='ocrx_word' id='word_1_299' title='bbox 1497 2360 1686 2415; x_wconf 91' lang='lat' dir='ltr'><strong>salutis</strong></span> <span class='ocrx_word' id='word_1_300' title='bbox 1721 2367 1888 2414; x_wconf 87' lang='lat' dir='ltr'><strong>restat</strong></span> <span class='ocrx_word' id='word_1_301' title='bbox 1928 2358 2038 2425; x_wconf 85' lang='lat' dir='ltr'><strong>via,</strong></span> 
     </span>
    </p>
   </div>
   <div class='ocr_carea' id='block_1_41' title="bbox 464 2447 2041 2520">
    <p class='ocr_par' dir='ltr' id='par_1_41' title="bbox 464 2447 2041 2520">
     <span class='ocr_line' id='line_1_41' title="bbox 464 2447 2041 2520; baseline 0.001 -19"><span class='ocrx_word' id='word_1_302' title='bbox 464 2447 569 2502; x_wconf 92' lang='lat' dir='ltr'><strong>nisi</strong></span> <span class='ocrx_word' id='word_1_303' title='bbox 604 2457 851 2518; x_wconf 89' lang='lat' dir='ltr'><strong>prompta</strong></span> <span class='ocrx_word' id='word_1_304' title='bbox 898 2465 1058 2503; x_wconf 89' lang='lat' dir='ltr'><strong>manu</strong></span> <span class='ocrx_word' id='word_1_305' title='bbox 1094 2449 1275 2505; x_wconf 88' lang='lat' dir='ltr'><strong>deleas</strong></span> <span class='ocrx_word' id='word_1_306' title='bbox 1315 2450 1733 2520; x_wconf 85' lang='lat' dir='ltr'><strong>chirographum</strong></span> <span class='ocrx_word' id='word_1_307' title='bbox 1784 2448 2041 2517; x_wconf 87' lang='lat' dir='ltr'><strong>iniquita-</strong></span> 
     </span>
    </p>
   </div>
   <div class='ocr_carea' id='block_1_42' title="bbox 463 2538 2035 2609">
    <p class='ocr_par' dir='ltr' id='par_1_42' title="bbox 463 2538 2035 2609">
     <span class='ocr_line' id='line_1_42' title="bbox 463 2538 2035 2609; baseline 0.001 -17"><span class='ocrx_word' id='word_1_308' title='bbox 463 2538 552 2602; x_wconf 90' lang='lat' dir='ltr'><strong>tis,</strong></span> <span class='ocrx_word' id='word_1_309' title='bbox 589 2540 810 2608; x_wconf 91' lang='lat' dir='ltr'><strong>quodin</strong></span> <span class='ocrx_word' id='word_1_310' title='bbox 859 2550 1068 2595; x_wconf 90' lang='lat' dir='ltr'><strong>secreta</strong></span> <span class='ocrx_word' id='word_1_311' title='bbox 1096 2542 1172 2595; x_wconf 92' lang='lat' dir='ltr'><strong>tui</strong></span> <span class='ocrx_word' id='word_1_312' title='bbox 1204 2541 1382 2596; x_wconf 86' lang='lat' dir='ltr'><strong>cordis</strong></span> <span class='ocrx_word' id='word_1_313' title='bbox 1425 2540 1687 2609; x_wconf 88' lang='lat' dir='ltr'><strong>scripsisti</strong></span> <span class='ocrx_word' id='word_1_314' title='bbox 1741 2539 2035 2609; x_wconf 87' lang='lat' dir='ltr'><strong>paginula;</strong></span> 
     </span>
    </p>
   </div>
   <div class='ocr_carea' id='block_1_43' title="bbox 463 2631 2038 2704">
    <p class='ocr_par' dir='ltr' id='par_1_43' title="bbox 463 2631 2038 2704">
     <span class='ocr_line' id='line_1_43' title="bbox 463 2631 2038 2704; baseline 0.001 -18"><span class='ocrx_word' id='word_1_315' title='bbox 463 2637 520 2686; x_wconf 89' lang='lat' dir='ltr'><strong>et</strong></span> <span class='ocrx_word' id='word_1_316' title='bbox 546 2631 699 2686; x_wconf 88' lang='lat' dir='ltr'><strong>novis</strong></span> <span class='ocrx_word' id='word_1_317' title='bbox 740 2633 1017 2688; x_wconf 75' lang='lat' dir='ltr'><strong>catholica:</strong></span> <span class='ocrx_word' id='word_1_318' title='bbox 1041 2633 1161 2688; x_wconf 86' lang='lat' dir='ltr'><strong>ﬁdei</strong></span> <span class='ocrx_word' id='word_1_319' title='bbox 1189 2634 1407 2704; x_wconf 82' lang='lat' dir='ltr'><strong>syllabis</strong></span> <span class='ocrx_word' id='word_1_320' title='bbox 1435 2633 1676 2703; x_wconf 75' lang='lat' dir='ltr'><strong>pristinae</strong></span> <span class='ocrx_word' id='word_1_321' title='bbox 1706 2633 2038 2687; x_wconf 89' lang='lat' dir='ltr'><strong>inﬁdelitatis</strong></span> 
     </span>
    </p>
   </div>
   <div class='ocr_carea' id='block_1_44' title="bbox 464 2721 2040 2795">
    <p class='ocr_par' dir='ltr' id='par_1_44' title="bbox 464 2721 2040 2795">
     <span class='ocr_line' id='line_1_44' title="bbox 464 2721 2040 2795; baseline 0.003 -21"><span class='ocrx_word' id='word_1_322' title='bbox 464 2721 647 2790; x_wconf 85' lang='lat' dir='ltr'><strong>apices</strong></span> <span class='ocrx_word' id='word_1_323' title='bbox 679 2723 1037 2778; x_wconf 89' lang='lat' dir='ltr'><strong>obrumbrare</strong></span> <span class='ocrx_word' id='word_1_324' title='bbox 1087 2724 1334 2793; x_wconf 87' lang='lat' dir='ltr'><strong>incipias.</strong></span> <span class='ocrx_word' id='word_1_325' title='bbox 1366 2724 1587 2795; x_wconf 88' lang='lat' dir='ltr'><strong>Legitur</strong></span> <span class='ocrx_word' id='word_1_326' title='bbox 1624 2724 1680 2779; x_wconf 91' lang='lat' dir='ltr'><strong>in</strong></span> <span class='ocrx_word' id='word_1_327' title='bbox 1724 2724 1921 2779; x_wconf 88' lang='lat' dir='ltr'><strong>litteris</strong></span> <span class='ocrx_word' id='word_1_328' title='bbox 1949 2740 2040 2779; x_wconf 54' lang='lat' dir='ltr'><strong>eo-</strong></span> 
     </span>
    </p>
   </div>
   <div class='ocr_carea' id='block_1_45' title="bbox 464 2812 2039 2883">
    <p class='ocr_par' dir='ltr' id='par_1_45' title="bbox 464 2812 2039 2883">
     <span class='ocr_line' id='line_1_45' title="bbox 464 2812 2039 2883; baseline 0.003 -19"><span class='ocrx_word' id='word_1_329' title='bbox 464 2825 604 2874; x_wconf 90' lang='lat' dir='ltr'><strong>rum,</strong></span> <span class='ocrx_word' id='word_1_330' title='bbox 632 2812 723 2881; x_wconf 84' lang='lat' dir='ltr'><strong>qui</strong></span> <span class='ocrx_word' id='word_1_331' title='bbox 752 2812 818 2867; x_wconf 91' lang='lat' dir='ltr'><strong>de</strong></span> <span class='ocrx_word' id='word_1_332' title='bbox 839 2812 1073 2881; x_wconf 86' lang='lat' dir='ltr'><strong>lapidum</strong></span> <span class='ocrx_word' id='word_1_333' title='bbox 1108 2823 1300 2868; x_wconf 89' lang='lat' dir='ltr'><strong>natura</strong></span> <span class='ocrx_word' id='word_1_334' title='bbox 1328 2815 1677 2883; x_wconf 89' lang='lat' dir='ltr'><strong>scripserunt,</strong></span> <span class='ocrx_word' id='word_1_335' title='bbox 1707 2814 2039 2868; x_wconf 90' lang='lat' dir='ltr'><strong>adamantini</strong></span> 
     </span>
    </p>
   </div>
   <div class='ocr_carea' id='block_1_46' title="bbox 464 2902 2038 2977">
    <p class='ocr_par' dir='ltr' id='par_1_46' title="bbox 464 2902 2038 2977">
     <span class='ocr_line' id='line_1_46' title="bbox 464 2902 2038 2977; baseline 0.004 -21"><span class='ocrx_word' id='word_1_336' title='bbox 464 2902 658 2972; x_wconf 87' lang='lat' dir='ltr'><strong>lapidis</strong></span> <span class='ocrx_word' id='word_1_337' title='bbox 682 2906 940 2960; x_wconf 88' lang='lat' dir='ltr'><strong>duritiam</strong></span> <span class='ocrx_word' id='word_1_338' title='bbox 970 2907 1117 2961; x_wconf 92' lang='lat' dir='ltr'><strong>nullo</strong></span> <span class='ocrx_word' id='word_1_339' title='bbox 1149 2906 1464 2963; x_wconf 88' lang='lat' dir='ltr'><strong>malleorum</strong></span> <span class='ocrx_word' id='word_1_340' title='bbox 1513 2908 1621 2962; x_wconf 89' lang='lat' dir='ltr'><strong>ictu</strong></span> <span class='ocrx_word' id='word_1_341' title='bbox 1651 2906 1847 2977; x_wconf 85' lang='lat' dir='ltr'><strong>frangi,</strong></span> <span class='ocrx_word' id='word_1_342' title='bbox 1890 2907 2038 2962; x_wconf 92' lang='lat' dir='ltr'><strong>nullo</strong></span> 
     </span>
    </p>
   </div>
   <div class='ocr_carea' id='block_1_47' title="bbox 464 2992 2039 3061">
    <p class='ocr_par' dir='ltr' id='par_1_47' title="bbox 464 2992 2039 3061">
     <span class='ocr_line' id='line_1_47' title="bbox 464 2992 2039 3061; baseline 0.004 -14"><span class='ocrx_word' id='word_1_343' title='bbox 464 2992 669 3061; x_wconf 81' lang='lat' dir='ltr'><strong>ignium</strong></span> <span class='ocrx_word' id='word_1_344' title='bbox 710 2995 904 3050; x_wconf 87' lang='lat' dir='ltr'><strong>ardore</strong></span> <span class='ocrx_word' id='word_1_345' title='bbox 944 2997 1161 3051; x_wconf 91' lang='lat' dir='ltr'><strong>dissolvi</strong></span> <span class='ocrx_word' id='word_1_346' title='bbox 1190 3016 1201 3051; x_wconf 92' lang='lat'>:</span> <span class='ocrx_word' id='word_1_347' title='bbox 1233 2998 1326 3052; x_wconf 87' lang='lat' dir='ltr'><strong>sed</strong></span> <span class='ocrx_word' id='word_1_348' title='bbox 1353 2998 1469 3052; x_wconf 59' lang='lat' dir='ltr'><strong>haec</strong></span> <span class='ocrx_word' id='word_1_349' title='bbox 1495 2997 1787 3053; x_wconf 74' lang='lat' dir='ltr'><strong>durissima</strong></span> <span class='ocrx_word' id='word_1_350' title='bbox 1829 3006 2039 3053; x_wconf 75' lang='lat' dir='ltr'><strong>naturze</strong></span> 
     </span>
    </p>
   </div>
   <div class='ocr_carea' id='block_1_48' title="bbox 464 3082 2037 3157">
    <p class='ocr_par' dir='ltr' id='par_1_48' title="bbox 464 3082 2037 3157">
     <span class='ocr_line' id='line_1_48' title="bbox 464 3082 2037 3157; baseline 0.004 -20"><span class='ocrx_word' id='word_1_351' title='bbox 464 3082 609 3137; x_wconf 92' lang='lat' dir='ltr'><strong>illius</strong></span> <span class='ocrx_word' id='word_1_352' title='bbox 643 3085 817 3140; x_wconf 88' lang='lat' dir='ltr'><strong>virtus</strong></span> <span class='ocrx_word' id='word_1_353' title='bbox 840 3088 1098 3157; x_wconf 87' lang='lat' dir='ltr'><strong>sanguine</strong></span> <span class='ocrx_word' id='word_1_354' title='bbox 1139 3089 1511 3143; x_wconf 78' lang='lat' dir='ltr'><strong>tantummodo</strong></span> <span class='ocrx_word' id='word_1_355' title='bbox 1539 3088 1750 3143; x_wconf 88' lang='lat' dir='ltr'><strong>hircino</strong></span> <span class='ocrx_word' id='word_1_356' title='bbox 1778 3088 1939 3143; x_wconf 87' lang='lat' dir='ltr'><strong>cedit.</strong></span> <span class='ocrx_word' id='word_1_357' title='bbox 1979 3088 2037 3143; x_wconf 93' lang='lat' dir='ltr'><strong>Si</strong></span> 
     </span>
    </p>
   </div>
   <div class='ocr_carea' id='block_1_49' title="bbox 2144 1896 3734 1975">
    <p class='ocr_par' dir='ltr' id='par_1_49' title="bbox 2144 1896 3734 1975">
     <span class='ocr_line' id='line_1_49' title="bbox 2144 1896 3734 1975; baseline 0.008 -27"><span class='ocrx_word' id='word_1_358' title='bbox 2144 1896 2313 1965; x_wconf 85' lang='lat' dir='ltr'><strong>gloria</strong></span> <span class='ocrx_word' id='word_1_359' title='bbox 2364 1897 2623 1967; x_wconf 90' lang='lat' dir='ltr'><strong>unigeniti</strong></span> <span class='ocrx_word' id='word_1_360' title='bbox 2668 1898 2846 1953; x_wconf 83' lang='lat' dir='ltr'><strong>habita</strong></span> <span class='ocrx_word' id='word_1_361' title='bbox 2896 1897 3099 1969; x_wconf 73' lang='lat' dir='ltr'><strong>[Greg.,</strong></span> <span class='ocrx_word' id='word_1_362' title='bbox 3134 1900 3316 1970; x_wconf 74' lang='lat' dir='ltr'><strong>gloriae</strong></span> <span class='ocrx_word' id='word_1_363' title='bbox 3362 1902 3580 1975; x_wconf 63' lang='lat' dir='ltr'><strong>habite]</strong></span> <span class='ocrx_word' id='word_1_364' title='bbox 3634 1920 3734 1974; x_wconf 90' lang='lat' dir='ltr'><strong>per</strong></span> 
     </span>
    </p>
   </div>
   <div class='ocr_carea' id='block_1_50' title="bbox 2140 1985 3727 2063">
    <p class='ocr_par' dir='ltr' id='par_1_50' title="bbox 2140 1985 3727 2063">
     <span class='ocr_line' id='line_1_50' title="bbox 2140 1985 3727 2063; baseline 0.006 -22"><span class='ocrx_word' id='word_1_365' title='bbox 2140 1996 2412 2050; x_wconf 88' lang='lat' dir='ltr'><strong>naturam,</strong></span> <span class='ocrx_word' id='word_1_366' title='bbox 2463 1987 2584 2040; x_wconf 89' lang='lat' dir='ltr'><strong>aliis</strong></span> <span class='ocrx_word' id='word_1_367' title='bbox 2616 1985 2816 2059; x_wconf 87' lang='lat' dir='ltr'><strong>[Idem,</strong></span> <span class='ocrx_word' id='word_1_368' title='bbox 2847 1988 2973 2061; x_wconf 81' lang='lat' dir='ltr'><strong>alia]</strong></span> <span class='ocrx_word' id='word_1_369' title='bbox 3017 2000 3233 2060; x_wconf 89' lang='lat' dir='ltr'><strong>accepta</strong></span> <span class='ocrx_word' id='word_1_370' title='bbox 3278 2007 3375 2061; x_wconf 89' lang='lat' dir='ltr'><strong>per</strong></span> <span class='ocrx_word' id='word_1_371' title='bbox 3414 1996 3668 2063; x_wconf 89' lang='lat' dir='ltr'><strong>gratiam.</strong></span> <span class='ocrx_word' id='word_1_372' title='bbox 3705 2015 3727 2050; x_wconf 72' lang='grc' dir='ltr'><strong>ο</strong></span> 
     </span>
    </p>
   </div>
   <div class='ocr_carea' id='block_1_51' title="bbox 2137 2077 3728 2154">
    <p class='ocr_par' dir='ltr' id='par_1_51' title="bbox 2137 2077 3728 2154">
     <span class='ocr_line' id='line_1_51' title="bbox 2137 2077 3728 2154; baseline 0.006 -24"><span class='ocrx_word' id='word_1_373' title='bbox 2137 2077 2399 2148; x_wconf 88' lang='lat' dir='ltr'><strong>lntellige,</strong></span> <span class='ocrx_word' id='word_1_374' title='bbox 2430 2077 2497 2133; x_wconf 92' lang='lat' dir='ltr'><strong>de</strong></span> <span class='ocrx_word' id='word_1_375' title='bbox 2542 2094 2646 2147; x_wconf 85' lang='lat' dir='ltr'><strong>qua</strong></span> <span class='ocrx_word' id='word_1_376' title='bbox 2676 2088 2868 2133; x_wconf 88' lang='lat' dir='ltr'><strong>natura</strong></span> <span class='ocrx_word' id='word_1_377' title='bbox 2911 2081 3173 2135; x_wconf 83' lang='lat' dir='ltr'><strong>dixisset:</strong></span> <span class='ocrx_word' id='word_1_378' title='bbox 3208 2080 3275 2134; x_wconf 83' lang='lat' dir='ltr'><strong>In</strong></span> <span class='ocrx_word' id='word_1_379' title='bbox 3304 2084 3416 2152; x_wconf 75' lang='lat' dir='ltr'><strong>ipso</strong></span> <span class='ocrx_word' id='word_1_380' title='bbox 3466 2092 3728 2154; x_wconf 65' lang='lat' dir='ltr'><strong>conceptu</strong></span> 
     </span>
    </p>
   </div>
   <div class='ocr_carea' id='block_1_52' title="bbox 2139 2168 3732 2242">
    <p class='ocr_par' dir='ltr' id='par_1_52' title="bbox 2139 2168 3732 2242">
     <span class='ocr_line' id='line_1_52' title="bbox 2139 2168 3732 2242; baseline 0.008 -20"><span class='ocrx_word' id='word_1_381' title='bbox 2139 2168 2307 2223; x_wconf 87' lang='lat' dir='ltr'><strong>Deum</strong></span> <span class='ocrx_word' id='word_1_382' title='bbox 2337 2170 2591 2239; x_wconf 79' lang='lat' dir='ltr'><strong>prodisse.</strong></span> <span class='ocrx_word' id='word_1_383' title='bbox 2620 2170 2751 2225; x_wconf 87' lang='lat' dir='ltr'><strong>Item</strong></span> <span class='ocrx_word' id='word_1_384' title='bbox 2785 2173 2849 2226; x_wconf 91' lang='lat' dir='ltr'><strong>de</strong></span> <span class='ocrx_word' id='word_1_385' title='bbox 2872 2188 2956 2237; x_wconf 91' lang='lat' dir='ltr'><strong>eo,</strong></span> <span class='ocrx_word' id='word_1_386' title='bbox 2989 2175 3131 2242; x_wconf 85' lang='lat' dir='ltr'><strong>quod</strong></span> <span class='ocrx_word' id='word_1_387' title='bbox 3164 2176 3459 2230; x_wconf 83' lang='lat' dir='ltr'><strong>adversarii</strong></span> <span class='ocrx_word' id='word_1_388' title='bbox 3486 2178 3732 2234; x_wconf 78' lang='lat' dir='ltr'><strong>maxime</strong></span> 
     </span>
    </p>
   </div>
   <div class='ocr_carea' id='block_1_53' title="bbox 2146 2260 3733 2331">
    <p class='ocr_par' dir='ltr' id='par_1_53' title="bbox 2146 2260 3733 2331">
     <span class='ocr_line' id='line_1_53' title="bbox 2146 2260 3733 2331; baseline 0.007 -17"><span class='ocrx_word' id='word_1_389' title='bbox 2146 2260 2249 2314; x_wconf 91' lang='lat' dir='ltr'><strong>sibi</strong></span> <span class='ocrx_word' id='word_1_390' title='bbox 2302 2261 2557 2329; x_wconf 89' lang='lat' dir='ltr'><strong>opitulari</strong></span> <span class='ocrx_word' id='word_1_391' title='bbox 2602 2263 2895 2326; x_wconf 69' lang='lat' dir='ltr'><strong>aestimant,</strong></span> <span class='ocrx_word' id='word_1_392' title='bbox 2948 2266 3089 2331; x_wconf 90' lang='lat' dir='ltr'><strong>quod</strong></span> <span class='ocrx_word' id='word_1_393' title='bbox 3134 2263 3382 2321; x_wconf 88' lang='lat' dir='ltr'><strong>Christus</strong></span> <span class='ocrx_word' id='word_1_394' title='bbox 3430 2268 3733 2325; x_wconf 80' lang='lat' dir='ltr'><strong>advocatus</strong></span> 
     </span>
    </p>
   </div>
   <div class='ocr_carea' id='block_1_54' title="bbox 2144 2354 3735 2427">
    <p class='ocr_par' dir='ltr' id='par_1_54' title="bbox 2144 2354 3735 2427">
     <span class='ocr_line' id='line_1_54' title="bbox 2144 2354 3735 2427; baseline 0.006 -21"><span class='ocrx_word' id='word_1_395' title='bbox 2144 2354 2216 2407; x_wconf 89' lang='lat' dir='ltr'><strong>sit</strong></span> <span class='ocrx_word' id='word_1_396' title='bbox 2240 2369 2338 2422; x_wconf 92' lang='lat' dir='ltr'><strong>pro</strong></span> <span class='ocrx_word' id='word_1_397' title='bbox 2360 2354 2516 2408; x_wconf 84' lang='lat' dir='ltr'><strong>nobis</strong></span> <span class='ocrx_word' id='word_1_398' title='bbox 2545 2354 2684 2423; x_wconf 84' lang='lat' dir='ltr'><strong>apud</strong></span> <span class='ocrx_word' id='word_1_399' title='bbox 2704 2354 2941 2419; x_wconf 83' lang='lat' dir='ltr'><strong>Patrem,</strong></span> <span class='ocrx_word' id='word_1_400' title='bbox 2990 2356 3292 2413; x_wconf 91' lang='lat' dir='ltr'><strong>clarissimo</strong></span> <span class='ocrx_word' id='word_1_401' title='bbox 3319 2360 3593 2427; x_wconf 63' lang='lat' dir='ltr'><strong>praeconio</strong></span> <span class='ocrx_word' id='word_1_402' title='bbox 3625 2361 3735 2417; x_wconf 88' lang='lat' dir='ltr'><strong>iste</strong></span> 
     </span>
    </p>
   </div>
   <div class='ocr_carea' id='block_1_55' title="bbox 2140 2445 3738 2519">
    <p class='ocr_par' dir='ltr' id='par_1_55' title="bbox 2140 2445 3738 2519">
     <span class='ocr_line' id='line_1_55' title="bbox 2140 2445 3738 2519; baseline 0.006 -20"><span class='ocrx_word' id='word_1_403' title='bbox 2140 2445 2304 2499; x_wconf 91' lang='lat' dir='ltr'><strong>Pater</strong></span> <span class='ocrx_word' id='word_1_404' title='bbox 2326 2455 2546 2501; x_wconf 86' lang='lat' dir='ltr'><strong>sanctus</strong></span> <span class='ocrx_word' id='word_1_405' title='bbox 2573 2446 2848 2516; x_wconf 84' lang='lat' dir='ltr'><strong>patefecit,</strong></span> <span class='ocrx_word' id='word_1_406' title='bbox 2878 2449 3147 2517; x_wconf 89' lang='lat' dir='ltr'><strong>quomodo</strong></span> <span class='ocrx_word' id='word_1_407' title='bbox 3179 2449 3251 2504; x_wconf 92' lang='lat' dir='ltr'><strong>sit</strong></span> <span class='ocrx_word' id='word_1_408' title='bbox 3299 2452 3617 2519; x_wconf 85' lang='lat' dir='ltr'><strong>advocatus,</strong></span> <span class='ocrx_word' id='word_1_409' title='bbox 3649 2453 3738 2508; x_wconf 64' lang='lat' dir='ltr'><strong>dio</strong></span> 
     </span>
    </p>
   </div>
   <div class='ocr_carea' id='block_1_56' title="bbox 2142 2538 3733 2615">
    <p class='ocr_par' dir='ltr' id='par_1_56' title="bbox 2142 2538 3733 2615">
     <span class='ocr_line' id='line_1_56' title="bbox 2142 2538 3733 2615; baseline 0.001 -24"><span class='ocrx_word' id='word_1_410' title='bbox 2142 2552 2269 2591; x_wconf 90' lang='lat' dir='ltr'><strong>cens</strong></span> <span class='ocrx_word' id='word_1_411' title='bbox 2296 2538 2348 2591; x_wconf 95' lang='lat' dir='ltr'><strong>in</strong></span> <span class='ocrx_word' id='word_1_412' title='bbox 2375 2539 2632 2593; x_wconf 87' lang='lat' dir='ltr'><strong>vicesimo</strong></span> <span class='ocrx_word' id='word_1_413' title='bbox 2668 2540 2903 2594; x_wconf 89' lang='lat' dir='ltr'><strong>secundo</strong></span> <span class='ocrx_word' id='word_1_414' title='bbox 2929 2540 3065 2595; x_wconf 90' lang='lat' dir='ltr'><strong>libro</strong></span> <span class='ocrx_word' id='word_1_415' title='bbox 3102 2540 3253 2613; x_wconf 90' lang='lat' dir='ltr'><strong>(Cap.</strong></span> <span class='ocrx_word' id='word_1_416' title='bbox 3291 2542 3422 2614; x_wconf 77' lang='lat' dir='ltr'><strong>t7):</strong></span> <span class='ocrx_word' id='word_1_417' title='bbox 3478 2562 3495 2594; x_wconf 76' lang='grc' dir='ltr'>ι</span> <span class='ocrx_word' id='word_1_418' title='bbox 3528 2543 3733 2615; x_wconf 74' lang='lat' dir='ltr'><strong>Unige—</strong></span> 
     </span>
    </p>
   </div>
   <div class='ocr_carea' id='block_1_57' title="bbox 2140 2628 3735 2704">
    <p class='ocr_par' dir='ltr' id='par_1_57' title="bbox 2140 2628 3735 2704">
     <span class='ocr_line' id='line_1_57' title="bbox 2140 2628 3735 2704; baseline 0.004 -22"><span class='ocrx_word' id='word_1_419' title='bbox 2140 2628 2255 2683; x_wconf 84' lang='lat' dir='ltr'><strong>nito</strong></span> <span class='ocrx_word' id='word_1_420' title='bbox 2275 2629 2416 2683; x_wconf 88' lang='lat' dir='ltr'><strong>enim</strong></span> <span class='ocrx_word' id='word_1_421' title='bbox 2440 2629 2533 2684; x_wconf 91' lang='lat' dir='ltr'><strong>Dei</strong></span> <span class='ocrx_word' id='word_1_422' title='bbox 2563 2630 2698 2684; x_wconf 86' lang='lat' dir='ltr'><strong>Filio</strong></span> <span class='ocrx_word' id='word_1_423' title='bbox 2722 2646 2821 2700; x_wconf 91' lang='lat' dir='ltr'><strong>pro</strong></span> <span class='ocrx_word' id='word_1_424' title='bbox 2842 2633 3059 2687; x_wconf 89' lang='lat' dir='ltr'><strong>homine</strong></span> <span class='ocrx_word' id='word_1_425' title='bbox 3076 2632 3440 2701; x_wconf 88' lang='lat' dir='ltr'><strong>interpellare,</strong></span> <span class='ocrx_word' id='word_1_426' title='bbox 3473 2643 3558 2688; x_wconf 91' lang='lat' dir='ltr'><strong>est</strong></span> <span class='ocrx_word' id='word_1_427' title='bbox 3587 2635 3735 2704; x_wconf 90' lang='lat' dir='ltr'><strong>apud</strong></span> 
     </span>
    </p>
   </div>
   <div class='ocr_carea' id='block_1_58' title="bbox 2140 2722 3735 2796">
    <p class='ocr_par' dir='ltr' id='par_1_58' title="bbox 2140 2722 3735 2796">
     <span class='ocr_line' id='line_1_58' title="bbox 2140 2722 3735 2796; baseline 0.002 -21"><span class='ocrx_word' id='word_1_428' title='bbox 2140 2732 2469 2776; x_wconf 60' lang='lat' dir='ltr'><strong>coaeternum</strong></span> <span class='ocrx_word' id='word_1_429' title='bbox 2497 2722 2711 2776; x_wconf 86' lang='lat' dir='ltr'><strong>Patrem</strong></span> <span class='ocrx_word' id='word_1_430' title='bbox 2743 2725 2916 2793; x_wconf 89' lang='lat' dir='ltr'><strong>ipsum</strong></span> <span class='ocrx_word' id='word_1_431' title='bbox 2940 2740 3061 2779; x_wconf 91' lang='lat' dir='ltr'><strong>esse</strong></span> <span class='ocrx_word' id='word_1_432' title='bbox 3088 2725 3361 2779; x_wconf 88' lang='lat' dir='ltr'><strong>hominem</strong></span> <span class='ocrx_word' id='word_1_433' title='bbox 3385 2724 3565 2796; x_wconf 84' lang='lat' dir='ltr'><strong>[Greg.</strong></span> <span class='ocrx_word' id='word_1_434' title='bbox 3588 2725 3735 2795; x_wconf 85' lang='lat' dir='ltr'><strong>seip-</strong></span> 
     </span>
    </p>
   </div>
   <div class='ocr_carea' id='block_1_59' title="bbox 2140 2810 3736 2885">
    <p class='ocr_par' dir='ltr' id='par_1_59' title="bbox 2140 2810 3736 2885">
     <span class='ocr_line' id='line_1_59' title="bbox 2140 2810 3736 2885; baseline 0.003 -21"><span class='ocrx_word' id='word_1_435' title='bbox 2140 2825 2256 2865; x_wconf 77' lang='lat' dir='ltr'><strong>sutn</strong></span> <span class='ocrx_word' id='word_1_436' title='bbox 2276 2810 2567 2884; x_wconf 86' lang='lat' dir='ltr'><strong>hominem]</strong></span> <span class='ocrx_word' id='word_1_437' title='bbox 2582 2813 2953 2869; x_wconf 86' lang='lat' dir='ltr'><strong>demonstrare</strong></span> <span class='ocrx_word' id='word_1_438' title='bbox 2970 2832 2981 2866; x_wconf 92' lang='lat'><strong>:</strong></span> <span class='ocrx_word' id='word_1_439' title='bbox 2997 2814 3156 2882; x_wconf 87' lang='lat' dir='ltr'><strong>eique</strong></span> <span class='ocrx_word' id='word_1_440' title='bbox 3174 2831 3272 2885; x_wconf 86' lang='lat' dir='ltr'><strong>pro</strong></span> <span class='ocrx_word' id='word_1_441' title='bbox 3288 2816 3522 2869; x_wconf 87' lang='lat' dir='ltr'><strong>humana</strong></span> <span class='ocrx_word' id='word_1_442' title='bbox 3536 2822 3736 2869; x_wconf 79' lang='lat' dir='ltr'><strong>natura</strong></span> 
     </span>
    </p>
   </div>
   <div class='ocr_carea' id='block_1_60' title="bbox 2142 2904 3738 2972">
    <p class='ocr_par' dir='ltr' id='par_1_60' title="bbox 2142 2904 3738 2972">
     <span class='ocr_line' id='line_1_60' title="bbox 2142 2904 3738 2972; baseline 0.001 -14"><span class='ocrx_word' id='word_1_443' title='bbox 2142 2918 2376 2972; x_wconf 86' lang='lat' dir='ltr'><strong>rogasse,</strong></span> <span class='ocrx_word' id='word_1_444' title='bbox 2407 2913 2492 2959; x_wconf 91' lang='lat' dir='ltr'><strong>est</strong></span> <span class='ocrx_word' id='word_1_445' title='bbox 2530 2905 2774 2960; x_wconf 87' lang='lat' dir='ltr'><strong>eamdem</strong></span> <span class='ocrx_word' id='word_1_446' title='bbox 2798 2914 3044 2961; x_wconf 90' lang='lat' dir='ltr'><strong>naturam</strong></span> <span class='ocrx_word' id='word_1_447' title='bbox 3071 2906 3123 2960; x_wconf 90' lang='lat' dir='ltr'><strong>in</strong></span> <span class='ocrx_word' id='word_1_448' title='bbox 3152 2906 3448 2961; x_wconf 84' lang='lat' dir='ltr'><strong>divinitatis</strong></span> <span class='ocrx_word' id='word_1_449' title='bbox 3486 2920 3599 2959; x_wconf 64' lang='lat' dir='ltr'><strong>sua</strong></span> <span class='ocrx_word' id='word_1_450' title='bbox 3622 2904 3738 2960; x_wconf 59' lang='lat' dir='ltr'><strong>celo</strong></span> 
     </span>
    </p>
   </div>
   <div class='ocr_carea' id='block_1_61' title="bbox 2141 2994 3739 3067">
    <p class='ocr_par' dir='ltr' id='par_1_61' title="bbox 2141 2994 3739 3067">
     <span class='ocr_line' id='line_1_61' title="bbox 2141 2994 3739 3067; baseline 0 -17"><span class='ocrx_word' id='word_1_451' title='bbox 2141 2994 2376 3050; x_wconf 90' lang='lat' dir='ltr'><strong>situdine</strong></span> <span class='ocrx_word' id='word_1_452' title='bbox 2388 2995 2710 3065; x_wconf 89' lang='lat' dir='ltr'><strong>suscepisse.</strong></span> <span class='ocrx_word' id='word_1_453' title='bbox 2724 3016 2742 3048; x_wconf 71' lang='grc' dir='ltr'><strong>ι</strong></span> <span class='ocrx_word' id='word_1_454' title='bbox 2763 2996 3040 3067; x_wconf 87' lang='lat' dir='ltr'><strong>Cognosce</strong></span> <span class='ocrx_word' id='word_1_455' title='bbox 3055 2997 3197 3067; x_wconf 86' lang='lat' dir='ltr'><strong>quod</strong></span> <span class='ocrx_word' id='word_1_456' title='bbox 3222 2996 3526 3052; x_wconf 91' lang='lat' dir='ltr'><strong>nullatenus</strong></span> <span class='ocrx_word' id='word_1_457' title='bbox 3545 2995 3739 3066; x_wconf 75' lang='lat' dir='ltr'><strong>unige-</strong></span> 
     </span>
    </p>
   </div>
   <div class='ocr_carea' id='block_1_62' title="bbox 2142 3084 3738 3158">
    <p class='ocr_par' dir='ltr' id='par_1_62' title="bbox 2142 3084 3738 3158">
     <span class='ocr_line' id='line_1_62' title="bbox 2142 3084 3738 3158; baseline 0 -18"><span class='ocrx_word' id='word_1_458' title='bbox 2142 3087 2287 3140; x_wconf 87' lang='lat' dir='ltr'><strong>nitus</strong></span> <span class='ocrx_word' id='word_1_459' title='bbox 2307 3084 2412 3141; x_wconf 91' lang='lat' dir='ltr'><strong>dici</strong></span> <span class='ocrx_word' id='word_1_460' title='bbox 2429 3094 2627 3155; x_wconf 89' lang='lat' dir='ltr'><strong>potest,</strong></span> <span class='ocrx_word' id='word_1_461' title='bbox 2660 3087 2763 3141; x_wconf 91' lang='lat' dir='ltr'><strong>nisi</strong></span> <span class='ocrx_word' id='word_1_462' title='bbox 2794 3103 2954 3143; x_wconf 86' lang='lat' dir='ltr'><strong>verus</strong></span> <span class='ocrx_word' id='word_1_463' title='bbox 2981 3090 3053 3144; x_wconf 91' lang='lat' dir='ltr'><strong>sit</strong></span> <span class='ocrx_word' id='word_1_464' title='bbox 3079 3088 3265 3143; x_wconf 85' lang='lat' dir='ltr'><strong>Filius.</strong></span> <span class='ocrx_word' id='word_1_465' title='bbox 3297 3087 3373 3141; x_wconf 90' lang='lat' dir='ltr'><strong>De</strong></span> <span class='ocrx_word' id='word_1_466' title='bbox 3398 3086 3546 3142; x_wconf 87' lang='lat' dir='ltr'><strong>nullo</strong></span> <span class='ocrx_word' id='word_1_467' title='bbox 3564 3085 3738 3158; x_wconf 77' lang='lat' dir='ltr'><strong>adop-</strong></span> 
     </span>
    </p>
   </div>
   <div class='ocr_carea' id='block_1_63' title="bbox 464 3170 3737 3251">
    <p class='ocr_par' dir='ltr' id='par_1_63' title="bbox 464 3170 3737 3251">
     <span class='ocr_line' id='line_1_63' title="bbox 464 3170 3737 3251; baseline 0.003 -25"><span class='ocrx_word' id='word_1_468' title='bbox 464 3172 611 3228; x_wconf 88' lang='lat' dir='ltr'><strong>nullo</strong></span> <span class='ocrx_word' id='word_1_469' title='bbox 649 3176 1078 3231; x_wconf 88' lang='lat' dir='ltr'><strong>testimoniorum</strong></span> <span class='ocrx_word' id='word_1_470' title='bbox 1115 3179 1353 3247; x_wconf 91' lang='lat' dir='ltr'><strong>pondere</strong></span> <span class='ocrx_word' id='word_1_471' title='bbox 1378 3179 1577 3234; x_wconf 90' lang='lat' dir='ltr'><strong>duritia</strong></span> <span class='ocrx_word' id='word_1_472' title='bbox 1607 3180 1789 3236; x_wconf 91' lang='lat' dir='ltr'><strong>cordis</strong></span> <span class='ocrx_word' id='word_1_473' title='bbox 1814 3180 1891 3234; x_wconf 90' lang='lat' dir='ltr'><strong>tui</strong></span> <span class='ocrx_word' id='word_1_474' title='bbox 1915 3195 2044 3235; x_wconf 91' lang='lat' dir='ltr'><strong>con-</strong></span> <span class='ocrx_word' id='word_1_475' title='bbox 2071 3170 2119 3233; x_wconf 87' lang='lat' dir='ltr'><strong>C</strong></span> <span class='ocrx_word' id='word_1_476' title='bbox 2150 3179 2259 3232; x_wconf 89' lang='lat' dir='ltr'><strong>tivo</strong></span> <span class='ocrx_word' id='word_1_477' title='bbox 2296 3188 2474 3248; x_wconf 90' lang='lat' dir='ltr'><strong>potest</strong></span> <span class='ocrx_word' id='word_1_478' title='bbox 2503 3179 2611 3234; x_wconf 89' lang='lat' dir='ltr'><strong>dici</strong></span> <span class='ocrx_word' id='word_1_479' title='bbox 2648 3181 2975 3250; x_wconf 88' lang='lat' dir='ltr'><strong>unigenitus,</strong></span> <span class='ocrx_word' id='word_1_480' title='bbox 3012 3182 3136 3251; x_wconf 90' lang='lat' dir='ltr'><strong>quia</strong></span> <span class='ocrx_word' id='word_1_481' title='bbox 3174 3182 3356 3251; x_wconf 89' lang='lat' dir='ltr'><strong>plures</strong></span> <span class='ocrx_word' id='word_1_482' title='bbox 3396 3187 3524 3235; x_wconf 89' lang='lat' dir='ltr'><strong>sunt</strong></span> <span class='ocrx_word' id='word_1_483' title='bbox 3569 3194 3737 3249; x_wconf 84' lang='lat' dir='ltr'><strong>quam</strong></span> 
     </span>
    </p>
   </div>
   <div class='ocr_carea' id='block_1_64' title="bbox 464 3268 2046 3344">
    <p class='ocr_par' dir='ltr' id='par_1_64' title="bbox 464 3268 2046 3344">
     <span class='ocr_line' id='line_1_64' title="bbox 464 3268 2046 3344; baseline 0.004 -22"><span class='ocrx_word' id='word_1_484' title='bbox 464 3268 568 3322; x_wconf 90' lang='lat' dir='ltr'><strong>teri</strong></span> <span class='ocrx_word' id='word_1_485' title='bbox 597 3268 792 3334; x_wconf 87' lang='lat' dir='ltr'><strong>valeat,</strong></span> <span class='ocrx_word' id='word_1_486' title='bbox 841 3270 1120 3327; x_wconf 90' lang='lat' dir='ltr'><strong>mollescat</strong></span> <span class='ocrx_word' id='word_1_487' title='bbox 1161 3282 1218 3328; x_wconf 89' lang='lat' dir='ltr'><strong>et</strong></span> <span class='ocrx_word' id='word_1_488' title='bbox 1245 3274 1569 3329; x_wconf 89' lang='lat' dir='ltr'><strong>dissolvatur</strong></span> <span class='ocrx_word' id='word_1_489' title='bbox 1620 3276 1881 3344; x_wconf 89' lang='lat' dir='ltr'><strong>sanguine</strong></span> <span class='ocrx_word' id='word_1_490' title='bbox 1930 3277 2046 3330; x_wconf 89' lang='lat' dir='ltr'><strong>veri</strong></span> 
     </span>
    </p>
   </div>
   <div class='ocr_carea' id='block_1_65' title="bbox 464 3357 2048 3436">
    <p class='ocr_par' dir='ltr' id='par_1_65' title="bbox 464 3357 2048 3436">
     <span class='ocr_line' id='line_1_65' title="bbox 464 3357 2048 3436; baseline 0.006 -24"><span class='ocrx_word' id='word_1_491' title='bbox 464 3357 560 3413; x_wconf 89' lang='lat' dir='ltr'><strong>Dei</strong></span> <span class='ocrx_word' id='word_1_492' title='bbox 597 3360 806 3415; x_wconf 91' lang='lat' dir='ltr'><strong>Domini</strong></span> <span class='ocrx_word' id='word_1_493' title='bbox 851 3363 1024 3417; x_wconf 89' lang='lat' dir='ltr'><strong>nostri</strong></span> <span class='ocrx_word' id='word_1_494' title='bbox 1049 3361 1175 3418; x_wconf 82' lang='lat' dir='ltr'><strong>Jesu</strong></span> <span class='ocrx_word' id='word_1_495' title='bbox 1203 3363 1425 3431; x_wconf 91' lang='lat' dir='ltr'><strong>Christi,</strong></span> <span class='ocrx_word' id='word_1_496' title='bbox 1469 3366 1561 3435; x_wconf 90' lang='lat' dir='ltr'><strong>qui</strong></span> <span class='ocrx_word' id='word_1_497' title='bbox 1591 3365 1793 3421; x_wconf 74' lang='lat' dir='ltr'><strong>etfusus</strong></span> <span class='ocrx_word' id='word_1_498' title='bbox 1828 3374 1911 3421; x_wconf 90' lang='lat' dir='ltr'><strong>est</strong></span> <span class='ocrx_word' id='word_1_499' title='bbox 1948 3380 2048 3436; x_wconf 91' lang='lat' dir='ltr'><strong>pro</strong></span> 
     </span>
    </p>
   </div>
   <div class='ocr_carea' id='block_1_66' title="bbox 465 3449 2044 3527">
    <p class='ocr_par' dir='ltr' id='par_1_66' title="bbox 465 3449 2044 3527">
     <span class='ocr_line' id='line_1_66' title="bbox 465 3449 2044 3527; baseline 0.005 -24"><span class='ocrx_word' id='word_1_500' title='bbox 465 3449 637 3505; x_wconf 85' lang='lat' dir='ltr'><strong>salute</strong></span> <span class='ocrx_word' id='word_1_501' title='bbox 665 3458 774 3505; x_wconf 89' lang='lat' dir='ltr'><strong>tua.</strong></span> <span class='ocrx_word' id='word_1_502' title='bbox 806 3450 948 3508; x_wconf 89' lang='lat' dir='ltr'><strong>Deus</strong></span> <span class='ocrx_word' id='word_1_503' title='bbox 986 3462 1070 3509; x_wconf 91' lang='lat' dir='ltr'><strong>est</strong></span> <span class='ocrx_word' id='word_1_504' title='bbox 1094 3469 1243 3520; x_wconf 89' lang='lat' dir='ltr'><strong>vere,</strong></span> <span class='ocrx_word' id='word_1_505' title='bbox 1276 3457 1367 3525; x_wconf 90' lang='lat' dir='ltr'><strong>qui</strong></span> <span class='ocrx_word' id='word_1_506' title='bbox 1393 3463 1446 3511; x_wconf 89' lang='lat' dir='ltr'><strong>te</strong></span> <span class='ocrx_word' id='word_1_507' title='bbox 1468 3471 1566 3511; x_wconf 91' lang='lat' dir='ltr'><strong>suo</strong></span> <span class='ocrx_word' id='word_1_508' title='bbox 1597 3457 1857 3527; x_wconf 91' lang='lat' dir='ltr'><strong>sanguine</strong></span> <span class='ocrx_word' id='word_1_509' title='bbox 1886 3457 2044 3511; x_wconf 88' lang='lat' dir='ltr'><strong>rede-</strong></span> 
     </span>
    </p>
   </div>
   <div class='ocr_carea' id='block_1_67' title="bbox 464 3544 2041 3619">
    <p class='ocr_par' dir='ltr' id='par_1_67' title="bbox 464 3544 2041 3619">
     <span class='ocr_line' id='line_1_67' title="bbox 464 3544 2041 3619; baseline 0.003 -20"><span class='ocrx_word' id='word_1_510' title='bbox 464 3544 583 3609; x_wconf 89' lang='lat' dir='ltr'><strong>mit,</strong></span> <span class='ocrx_word' id='word_1_511' title='bbox 629 3555 684 3600; x_wconf 90' lang='lat' dir='ltr'><strong>et</strong></span> <span class='ocrx_word' id='word_1_512' title='bbox 712 3545 804 3600; x_wconf 90' lang='lat' dir='ltr'><strong>Dei</strong></span> <span class='ocrx_word' id='word_1_513' title='bbox 834 3545 1000 3602; x_wconf 81' lang='lat' dir='ltr'><strong>Filius</strong></span> <span class='ocrx_word' id='word_1_514' title='bbox 1045 3563 1191 3615; x_wconf 90' lang='lat' dir='ltr'><strong>vere,</strong></span> <span class='ocrx_word' id='word_1_515' title='bbox 1223 3551 1313 3618; x_wconf 93' lang='lat' dir='ltr'><strong>qui</strong></span> <span class='ocrx_word' id='word_1_516' title='bbox 1342 3550 1409 3605; x_wconf 89' lang='lat' dir='ltr'><strong>de</strong></span> <span class='ocrx_word' id='word_1_517' title='bbox 1438 3549 1684 3619; x_wconf 82' lang='lat' dir='ltr'><strong>sepulcro</strong></span> <span class='ocrx_word' id='word_1_518' title='bbox 1722 3550 2041 3605; x_wconf 83' lang='lat' dir='ltr'><strong>resurrexit.</strong></span> 
     </span>
    </p>
   </div>
   <div class='ocr_carea' id='block_1_68' title="bbox 466 3632 2048 3711">
    <p class='ocr_par' dir='ltr' id='par_1_68' title="bbox 466 3632 2048 3711">
     <span class='ocr_line' id='line_1_68' title="bbox 466 3632 2048 3711; baseline 0.004 -22"><span class='ocrx_word' id='word_1_519' title='bbox 466 3632 622 3690; x_wconf 67' lang='lat' dir='ltr'><strong>Czede</strong></span> <span class='ocrx_word' id='word_1_520' title='bbox 646 3635 803 3707; x_wconf 77' lang='grc' dir='ltr'><strong>[ϐοά.</strong></span> <span class='ocrx_word' id='word_1_521' title='bbox 830 3636 1035 3703; x_wconf 79' lang='lat' dir='ltr'><strong>Paris.,</strong></span> <span class='ocrx_word' id='word_1_522' title='bbox 1068 3636 1233 3711; x_wconf 91' lang='lat' dir='ltr'><strong>Cade]</strong></span> <span class='ocrx_word' id='word_1_523' title='bbox 1262 3654 1423 3709; x_wconf 90' lang='lat' dir='ltr'><strong>super</strong></span> <span class='ocrx_word' id='word_1_524' title='bbox 1449 3639 1703 3709; x_wconf 89' lang='lat' dir='ltr'><strong>lapidem,</strong></span> <span class='ocrx_word' id='word_1_525' title='bbox 1742 3640 1834 3711; x_wconf 91' lang='lat' dir='ltr'><strong>qui</strong></span> <span class='ocrx_word' id='word_1_526' title='bbox 1863 3654 2048 3711; x_wconf 87' lang='lat' dir='ltr'><strong>repro-</strong></span> 
     </span>
    </p>
   </div>
   <div class='ocr_carea' id='block_1_69' title="bbox 467 3726 2047 3803">
    <p class='ocr_par' dir='ltr' id='par_1_69' title="bbox 467 3726 2047 3803">
     <span class='ocr_line' id='line_1_69' title="bbox 467 3726 2047 3803; baseline 0.006 -23"><span class='ocrx_word' id='word_1_527' title='bbox 467 3726 624 3781; x_wconf 89' lang='lat' dir='ltr'><strong>batus</strong></span> <span class='ocrx_word' id='word_1_528' title='bbox 645 3738 726 3783; x_wconf 82' lang='lat' dir='ltr'><strong>est</strong></span> <span class='ocrx_word' id='word_1_529' title='bbox 742 3731 810 3783; x_wconf 91' lang='lat' dir='ltr'><strong>ab</strong></span> <span class='ocrx_word' id='word_1_530' title='bbox 822 3730 1236 3797; x_wconf 73' lang='lat' dir='ltr'><strong>aediﬁcantibus,</strong></span> <span class='ocrx_word' id='word_1_531' title='bbox 1266 3740 1327 3786; x_wconf 91' lang='lat' dir='ltr'><strong>ut</strong></span> <span class='ocrx_word' id='word_1_532' title='bbox 1352 3732 1729 3803; x_wconf 86' lang='lat' dir='ltr'><strong>confringatur</strong></span> <span class='ocrx_word' id='word_1_533' title='bbox 1754 3734 2047 3789; x_wconf 89' lang='lat' dir='ltr'><strong>obstinatio</strong></span> 
     </span>
    </p>
   </div>
   <div class='ocr_carea' id='block_1_70' title="bbox 467 3816 2047 3893">
    <p class='ocr_par' dir='ltr' id='par_1_70' title="bbox 467 3816 2047 3893">
     <span class='ocr_line' id='line_1_70' title="bbox 467 3816 2047 3893; baseline 0.005 -22"><span class='ocrx_word' id='word_1_534' title='bbox 467 3816 645 3872; x_wconf 81' lang='lat' dir='ltr'><strong>cordis</strong></span> <span class='ocrx_word' id='word_1_535' title='bbox 678 3819 752 3873; x_wconf 88' lang='lat' dir='ltr'><strong>tui</strong></span> <span class='ocrx_word' id='word_1_536' title='bbox 794 3818 1007 3891; x_wconf 78' lang='lat' dir='ltr'><strong>(Matth.</strong></span> <span class='ocrx_word' id='word_1_537' title='bbox 1051 3838 1165 3887; x_wconf 75' lang='lat' dir='ltr'><strong>xxi,</strong></span> <span class='ocrx_word' id='word_1_538' title='bbox 1205 3820 1317 3893; x_wconf 69' lang='grc'><strong>44).</strong></span> <span class='ocrx_word' id='word_1_539' title='bbox 1375 3820 1494 3876; x_wconf 87' lang='lat' dir='ltr'><strong>Noli</strong></span> <span class='ocrx_word' id='word_1_540' title='bbox 1527 3831 1792 3893; x_wconf 87' lang='lat' dir='ltr'><strong>spectare,</strong></span> <span class='ocrx_word' id='word_1_541' title='bbox 1834 3824 2047 3893; x_wconf 88' lang='lat' dir='ltr'><strong>quando</strong></span> 
     </span>
    </p>
   </div>
   <div class='ocr_carea' id='block_1_71' title="bbox 466 3906 2045 3986">
    <p class='ocr_par' dir='ltr' id='par_1_71' title="bbox 466 3906 2045 3986">
     <span class='ocr_line' id='line_1_71' title="bbox 466 3906 2045 3986; baseline 0.004 -24"><span class='ocrx_word' id='word_1_542' title='bbox 466 3906 533 3963; x_wconf 90' lang='lat' dir='ltr'><strong>de</strong></span> <span class='ocrx_word' id='word_1_543' title='bbox 570 3908 707 3965; x_wconf 73' lang='lat' dir='ltr'><strong>cmlo</strong></span> <span class='ocrx_word' id='word_1_544' title='bbox 734 3920 951 3966; x_wconf 89' lang='lat' dir='ltr'><strong>corruat</strong></span> <span class='ocrx_word' id='word_1_545' title='bbox 976 3928 1140 3983; x_wconf 91' lang='lat' dir='ltr'><strong>super</strong></span> <span class='ocrx_word' id='word_1_546' title='bbox 1165 3921 1239 3979; x_wconf 89' lang='lat' dir='ltr'><strong>te,</strong></span> <span class='ocrx_word' id='word_1_547' title='bbox 1268 3921 1323 3968; x_wconf 86' lang='lat' dir='ltr'><strong>et</strong></span> <span class='ocrx_word' id='word_1_548' title='bbox 1347 3922 1537 3968; x_wconf 91' lang='lat' dir='ltr'><strong>contra</strong></span> <span class='ocrx_word' id='word_1_549' title='bbox 1570 3922 1622 3968; x_wconf 90' lang='lat' dir='ltr'><strong>te</strong></span> <span class='ocrx_word' id='word_1_550' title='bbox 1651 3913 1805 3986; x_wconf 85' lang='lat' dir='ltr'><strong>[Cod.</strong></span> <span class='ocrx_word' id='word_1_551' title='bbox 1843 3912 2045 3981; x_wconf 52' lang='lat' dir='ltr'><strong>Parim,</strong></span> 
     </span>
    </p>
   </div>
   <div class='ocr_carea' id='block_1_72' title="bbox 466 4002 2048 4075">
    <p class='ocr_par' dir='ltr' id='par_1_72' title="bbox 466 4002 2048 4075">
     <span class='ocr_line' id='line_1_72' title="bbox 466 4002 2048 4075; baseline 0.002 -20"><span class='ocrx_word' id='word_1_552' title='bbox 466 4002 755 4075; x_wconf 84' lang='lat' dir='ltr'><strong>conterat].</strong></span> <span class='ocrx_word' id='word_1_553' title='bbox 790 4003 1060 4060; x_wconf 83' lang='lat' dir='ltr'><strong>Horrihile</strong></span> <span class='ocrx_word' id='word_1_554' title='bbox 1086 4014 1168 4060; x_wconf 91' lang='lat' dir='ltr'><strong>est</strong></span> <span class='ocrx_word' id='word_1_555' title='bbox 1199 4006 1343 4060; x_wconf 91' lang='lat' dir='ltr'><strong>enim</strong></span> <span class='ocrx_word' id='word_1_556' title='bbox 1372 4006 1612 4061; x_wconf 90' lang='lat' dir='ltr'><strong>incidere</strong></span> <span class='ocrx_word' id='word_1_557' title='bbox 1636 4005 1691 4059; x_wconf 94' lang='lat' dir='ltr'><strong>in</strong></span> <span class='ocrx_word' id='word_1_558' title='bbox 1718 4019 1910 4059; x_wconf 90' lang='lat' dir='ltr'><strong>manus</strong></span> <span class='ocrx_word' id='word_1_559' title='bbox 1937 4019 2048 4060; x_wconf 86' lang='lat' dir='ltr'><strong>om-</strong></span> 
     </span>
    </p>
   </div>
   <div class='ocr_carea' id='block_1_73' title="bbox 465 4095 1326 4171">
    <p class='ocr_par' dir='ltr' id='par_1_73' title="bbox 465 4095 1326 4171">
     <span class='ocr_line' id='line_1_73' title="bbox 465 4095 1326 4171; baseline 0.006 -23"><span class='ocrx_word' id='word_1_560' title='bbox 465 4095 757 4165; x_wconf 83' lang='lat' dir='ltr'><strong>nipotentis</strong></span> <span class='ocrx_word' id='word_1_561' title='bbox 784 4097 877 4152; x_wconf 91' lang='lat' dir='ltr'><strong>Dei</strong></span> <span class='ocrx_word' id='word_1_562' title='bbox 910 4097 1097 4170; x_wconf 87' lang='lat' dir='ltr'><strong>(llebr.</strong></span> <span class='ocrx_word' id='word_1_563' title='bbox 1130 4115 1187 4163; x_wconf 91' lang='lat' dir='ltr'><strong>x,</strong></span> <span class='ocrx_word' id='word_1_564' title='bbox 1214 4099 1326 4171; x_wconf 79' lang='lat' dir='ltr'><strong>5t).</strong></span> 
     </span>
    </p>
   </div>
   <div class='ocr_carea' id='block_1_74' title="bbox 534 4186 2042 4261">
    <p class='ocr_par' dir='ltr' id='par_1_74' title="bbox 534 4186 2042 4261">
     <span class='ocr_line' id='line_1_74' title="bbox 534 4186 2042 4261; baseline 0.002 -21"><span class='ocrx_word' id='word_1_565' title='bbox 534 4186 617 4241; x_wconf 85' lang='lat' dir='ltr'><strong>lit.</strong></span> <span class='ocrx_word' id='word_1_566' title='bbox 644 4186 769 4243; x_wconf 84' lang='lat' dir='ltr'><strong>Ideo</strong></span> <span class='ocrx_word' id='word_1_567' title='bbox 808 4198 917 4243; x_wconf 89' lang='lat' dir='ltr'><strong>tam</strong></span> <span class='ocrx_word' id='word_1_568' title='bbox 957 4188 1151 4259; x_wconf 84' lang='lat' dir='ltr'><strong>prolixi</strong></span> <span class='ocrx_word' id='word_1_569' title='bbox 1196 4191 1462 4245; x_wconf 90' lang='lat' dir='ltr'><strong>sermonis</strong></span> <span class='ocrx_word' id='word_1_570' title='bbox 1502 4188 1874 4261; x_wconf 68' lang='lat' dir='ltr'><strong>praefationem</strong></span> <span class='ocrx_word' id='word_1_571' title='bbox 1918 4187 2042 4255; x_wconf 85' lang='lat' dir='ltr'><strong>feci,</strong></span> 
     </span>
    </p>
   </div>
   <div class='ocr_carea' id='block_1_75' title="bbox 464 4277 2045 4355">
    <p class='ocr_par' dir='ltr' id='par_1_75' title="bbox 464 4277 2045 4355">
     <span class='ocr_line' id='line_1_75' title="bbox 464 4277 2045 4355; baseline 0.003 -22"><span class='ocrx_word' id='word_1_572' title='bbox 464 4277 593 4346; x_wconf 88' lang='lat' dir='ltr'><strong>quia</strong></span> <span class='ocrx_word' id='word_1_573' title='bbox 619 4281 899 4351; x_wconf 82' lang='lat' dir='ltr'><strong>segnitiem</strong></span> <span class='ocrx_word' id='word_1_574' title='bbox 925 4291 1074 4337; x_wconf 91' lang='lat' dir='ltr'><strong>tuam</strong></span> <span class='ocrx_word' id='word_1_575' title='bbox 1101 4284 1367 4339; x_wconf 89' lang='lat' dir='ltr'><strong>suscitare</strong></span> <span class='ocrx_word' id='word_1_576' title='bbox 1400 4284 1714 4348; x_wconf 89' lang='lat' dir='ltr'><strong>voluissem,</strong></span> <span class='ocrx_word' id='word_1_577' title='bbox 1747 4291 1809 4339; x_wconf 92' lang='lat' dir='ltr'><strong>ut</strong></span> <span class='ocrx_word' id='word_1_578' title='bbox 1843 4298 2045 4355; x_wconf 90' lang='lat' dir='ltr'><strong>cogno-</strong></span> 
     </span>
    </p>
   </div>
   <div class='ocr_carea' id='block_1_76' title="bbox 466 4374 2046 4432">
    <p class='ocr_par' dir='ltr' id='par_1_76' title="bbox 466 4374 2046 4432">
     <span class='ocr_line' id='line_1_76' title="bbox 466 4374 2046 4432; baseline 0.004 -7"><span class='ocrx_word' id='word_1_579' title='bbox 466 4384 649 4427; x_wconf 86' lang='lat' dir='ltr'><strong>sceres</strong></span> <span class='ocrx_word' id='word_1_580' title='bbox 684 4381 881 4429; x_wconf 84' lang='lat' dir='ltr'><strong>nostrae</strong></span> <span class='ocrx_word' id='word_1_581' title='bbox 902 4374 1199 4430; x_wconf 90' lang='lat' dir='ltr'><strong>voluntatis</strong></span> <span class='ocrx_word' id='word_1_582' title='bbox 1228 4376 1294 4430; x_wconf 92' lang='lat' dir='ltr'><strong>de</strong></span> <span class='ocrx_word' id='word_1_583' title='bbox 1318 4384 1407 4431; x_wconf 91' lang='lat' dir='ltr'><strong>tua</strong></span> <span class='ocrx_word' id='word_1_584' title='bbox 1435 4376 1608 4432; x_wconf 89' lang='lat' dir='ltr'><strong>salute</strong></span> <span class='ocrx_word' id='word_1_585' title='bbox 1637 4376 1910 4432; x_wconf 75' lang='lat' dir='ltr'><strong>affectum.</strong></span> <span class='ocrx_word' id='word_1_586' title='bbox 1939 4375 2046 4431; x_wconf 90' lang='lat' dir='ltr'><strong>Sed</strong></span> 
     </span>
    </p>
   </div>
   <div class='ocr_carea' id='block_1_77' title="bbox 466 4466 2045 4536">
    <p class='ocr_par' dir='ltr' id='par_1_77' title="bbox 466 4466 2045 4536">
     <span class='ocr_line' id='line_1_77' title="bbox 466 4466 2045 4536; baseline 0.002 -19"><span class='ocrx_word' id='word_1_587' title='bbox 466 4471 679 4533; x_wconf 87' lang='lat' dir='ltr'><strong>tempus</strong></span> <span class='ocrx_word' id='word_1_588' title='bbox 705 4472 810 4531; x_wconf 83' lang='lat' dir='ltr'><strong>est,</strong></span> <span class='ocrx_word' id='word_1_589' title='bbox 840 4474 899 4519; x_wconf 92' lang='lat' dir='ltr'><strong>ut</strong></span> <span class='ocrx_word' id='word_1_590' title='bbox 927 4474 1127 4521; x_wconf 73' lang='lat' dir='ltr'><strong>nostrae</strong></span> <span class='ocrx_word' id='word_1_591' title='bbox 1155 4482 1362 4521; x_wconf 91' lang='lat' dir='ltr'><strong>memor</strong></span> <span class='ocrx_word' id='word_1_592' title='bbox 1391 4468 1762 4536; x_wconf 91' lang='lat' dir='ltr'><strong>promissionis</strong></span> <span class='ocrx_word' id='word_1_593' title='bbox 1785 4468 1920 4522; x_wconf 89' lang='lat' dir='ltr'><strong>alios</strong></span> <span class='ocrx_word' id='word_1_594' title='bbox 1948 4466 2045 4521; x_wconf 90' lang='lat' dir='ltr'><strong>tibi</strong></span> 
     </span>
    </p>
   </div>
   <div class='ocr_carea' id='block_1_78' title="bbox 469 4553 2047 4630">
    <p class='ocr_par' dir='ltr' id='par_1_78' title="bbox 469 4553 2047 4630">
     <span class='ocr_line' id='line_1_78' title="bbox 469 4553 2047 4630; baseline 0.003 -22"><span class='ocrx_word' id='word_1_595' title='bbox 469 4553 736 4611; x_wconf 88' lang='lat' dir='ltr'><strong>advocare</strong></span> <span class='ocrx_word' id='word_1_596' title='bbox 750 4563 917 4611; x_wconf 89' lang='lat' dir='ltr'><strong>testes</strong></span> <span class='ocrx_word' id='word_1_597' title='bbox 935 4557 1209 4627; x_wconf 90' lang='lat' dir='ltr'><strong>incipiam.</strong></span> <span class='ocrx_word' id='word_1_598' title='bbox 1237 4557 1532 4630; x_wconf 89' lang='lat' dir='ltr'><strong>Gregorius</strong></span> <span class='ocrx_word' id='word_1_599' title='bbox 1556 4561 1765 4615; x_wconf 91' lang='lat' dir='ltr'><strong>scilicet</strong></span> <span class='ocrx_word' id='word_1_600' title='bbox 1789 4560 2047 4614; x_wconf 71' lang='lat' dir='ltr'><strong>Romamn</strong></span> 
     </span>
    </p>
   </div>
   <div class='ocr_carea' id='block_1_79' title="bbox 470 4647 2051 4722">
    <p class='ocr_par' dir='ltr' id='par_1_79' title="bbox 470 4647 2051 4722">
     <span class='ocr_line' id='line_1_79' title="bbox 470 4647 2051 4722; baseline 0.001 -19"><span class='ocrx_word' id='word_1_601' title='bbox 470 4647 615 4704; x_wconf 83' lang='lat' dir='ltr'><strong>sedis</strong></span> <span class='ocrx_word' id='word_1_602' title='bbox 682 4649 989 4720; x_wconf 89' lang='lat' dir='ltr'><strong>episcopus,</strong></span> <span class='ocrx_word' id='word_1_603' title='bbox 1044 4650 1238 4707; x_wconf 91' lang='lat' dir='ltr'><strong>nobilis</strong></span> <span class='ocrx_word' id='word_1_604' title='bbox 1282 4651 1726 4722; x_wconf 69' lang='lat' dir='ltr'><strong>eloquentiaavir,</strong></span> <span class='ocrx_word' id='word_1_605' title='bbox 1787 4658 1842 4705; x_wconf 90' lang='lat' dir='ltr'><strong>et</strong></span> <span class='ocrx_word' id='word_1_606' title='bbox 1874 4650 2051 4720; x_wconf 87' lang='lat' dir='ltr'><strong>puris-</strong></span> 
     </span>
    </p>
   </div>
   <div class='ocr_carea' id='block_1_80' title="bbox 468 4736 2046 4809">
    <p class='ocr_par' dir='ltr' id='par_1_80' title="bbox 468 4736 2046 4809">
     <span class='ocr_line' id='line_1_80' title="bbox 468 4736 2046 4809; baseline 0.001 -15"><span class='ocrx_word' id='word_1_607' title='bbox 468 4736 641 4794; x_wconf 85' lang='lat' dir='ltr'><strong>simus</strong></span> <span class='ocrx_word' id='word_1_608' title='bbox 662 4740 717 4793; x_wconf 93' lang='lat' dir='ltr'><strong>in</strong></span> <span class='ocrx_word' id='word_1_609' title='bbox 754 4739 1017 4795; x_wconf 89' lang='lat' dir='ltr'><strong>catholica</strong></span> <span class='ocrx_word' id='word_1_610' title='bbox 1058 4740 1163 4797; x_wconf 87' lang='lat' dir='ltr'><strong>ﬁde</strong></span> <span class='ocrx_word' id='word_1_611' title='bbox 1202 4742 1410 4809; x_wconf 90' lang='lat' dir='ltr'><strong>doctor,</strong></span> <span class='ocrx_word' id='word_1_612' title='bbox 1435 4742 1619 4796; x_wconf 89' lang='lat' dir='ltr'><strong>multis</strong></span> <span class='ocrx_word' id='word_1_613' title='bbox 1658 4742 1712 4795; x_wconf 92' lang='lat' dir='ltr'><strong>in</strong></span> <span class='ocrx_word' id='word_1_614' title='bbox 1743 4740 1877 4796; x_wconf 89' lang='lat' dir='ltr'><strong>locis</strong></span> <span class='ocrx_word' id='word_1_615' title='bbox 1905 4741 2046 4795; x_wconf 86' lang='lat' dir='ltr'><strong>litte-</strong></span> 
     </span>
    </p>
   </div>
   <div class='ocr_carea' id='block_1_81' title="bbox 467 4831 2046 4903">
    <p class='ocr_par' dir='ltr' id='par_1_81' title="bbox 467 4831 2046 4903">
     <span class='ocr_line' id='line_1_81' title="bbox 467 4831 2046 4903; baseline 0.003 -20"><span class='ocrx_word' id='word_1_616' title='bbox 467 4843 654 4884; x_wconf 86' lang='lat' dir='ltr'><strong>rarum</strong></span> <span class='ocrx_word' id='word_1_617' title='bbox 678 4845 899 4885; x_wconf 89' lang='lat' dir='ltr'><strong>suarum</strong></span> <span class='ocrx_word' id='word_1_618' title='bbox 928 4833 1260 4903; x_wconf 83' lang='lat' dir='ltr'><strong>unigenitum</strong></span> <span class='ocrx_word' id='word_1_619' title='bbox 1284 4848 1580 4902; x_wconf 88' lang='lat' dir='ltr'><strong>verumque</strong></span> <span class='ocrx_word' id='word_1_620' title='bbox 1604 4831 1698 4886; x_wconf 92' lang='lat' dir='ltr'><strong>Dei</strong></span> <span class='ocrx_word' id='word_1_621' title='bbox 1724 4831 1916 4887; x_wconf 88' lang='lat' dir='ltr'><strong>Filium</strong></span> <span class='ocrx_word' id='word_1_622' title='bbox 1943 4832 2046 4887; x_wconf 84' lang='lat' dir='ltr'><strong>Re-</strong></span> 
     </span>
    </p>
   </div>
   <div class='ocr_carea' id='block_1_82' title="bbox 469 4921 2045 4992">
    <p class='ocr_par' dir='ltr' id='par_1_82' title="bbox 469 4921 2045 4992">
     <span class='ocr_line' id='line_1_82' title="bbox 469 4921 2045 4992; baseline 0.001 -15"><span class='ocrx_word' id='word_1_623' title='bbox 469 4921 801 4992; x_wconf 91' lang='lat' dir='ltr'><strong>demptorem</strong></span> <span class='ocrx_word' id='word_1_624' title='bbox 816 4932 1057 4979; x_wconf 92' lang='lat' dir='ltr'><strong>nostrum</strong></span> <span class='ocrx_word' id='word_1_625' title='bbox 1072 4940 1191 4981; x_wconf 90' lang='lat' dir='ltr'><strong>esse</strong></span> <span class='ocrx_word' id='word_1_626' title='bbox 1207 4934 1453 4980; x_wconf 89' lang='lat' dir='ltr'><strong>testatur.</strong></span> <span class='ocrx_word' id='word_1_627' title='bbox 1479 4922 1622 4977; x_wconf 91' lang='lat' dir='ltr'><strong>Dicit</strong></span> <span class='ocrx_word' id='word_1_628' title='bbox 1634 4923 1776 4977; x_wconf 91' lang='lat' dir='ltr'><strong>enim</strong></span> <span class='ocrx_word' id='word_1_629' title='bbox 1802 4922 1856 4976; x_wconf 95' lang='lat' dir='ltr'><strong>in</strong></span> <span class='ocrx_word' id='word_1_630' title='bbox 1871 4922 2045 4991; x_wconf 91' lang='lat' dir='ltr'><strong>primo</strong></span> 
     </span>
    </p>
   </div>
   <div class='ocr_carea' id='block_1_83' title="bbox 468 5011 2049 5085">
    <p class='ocr_par' dir='ltr' id='par_1_83' title="bbox 468 5011 2049 5085">
     <span class='ocr_line' id='line_1_83' title="bbox 468 5011 2049 5085; baseline 0.001 -19"><span class='ocrx_word' id='word_1_631' title='bbox 468 5011 747 5069; x_wconf 86' lang='lat' dir='ltr'><strong>Moralium</strong></span> <span class='ocrx_word' id='word_1_632' title='bbox 805 5015 943 5073; x_wconf 90' lang='lat' dir='ltr'><strong>libro</strong></span> <span class='ocrx_word' id='word_1_633' title='bbox 999 5017 1064 5072; x_wconf 89' lang='lat' dir='ltr'><strong>de</strong></span> <span class='ocrx_word' id='word_1_634' title='bbox 1087 5017 1222 5071; x_wconf 87' lang='lat' dir='ltr'><strong>Filio</strong></span> <span class='ocrx_word' id='word_1_635' title='bbox 1268 5016 1361 5069; x_wconf 91' lang='lat' dir='ltr'><strong>Dei</strong></span> <span class='ocrx_word' id='word_1_636' title='bbox 1391 5016 1464 5069; x_wconf 87' lang='lat' dir='ltr'><strong>ita</strong></span> <span class='ocrx_word' id='word_1_637' title='bbox 1506 5012 1656 5085; x_wconf 87' lang='lat' dir='ltr'><strong>(Cap.</strong></span> <span class='ocrx_word' id='word_1_638' title='bbox 1695 5013 1819 5085; x_wconf 72' lang='lat'><strong>23):</strong></span> <span class='ocrx_word' id='word_1_639' title='bbox 1856 5032 1874 5064; x_wconf 72' lang='grc' dir='ltr'>ί</span> <span class='ocrx_word' id='word_1_640' title='bbox 1912 5011 2049 5081; x_wconf 83' lang='lat' dir='ltr'><strong>Quia</strong></span> 
     </span>
    </p>
   </div>
   <div class='ocr_carea' id='block_1_84' title="bbox 468 5106 2049 5181">
    <p class='ocr_par' dir='ltr' id='par_1_84' title="bbox 468 5106 2049 5181">
     <span class='ocr_line' id='line_1_84' title="bbox 468 5106 2049 5181; baseline 0.001 -20"><span class='ocrx_word' id='word_1_641' title='bbox 468 5107 568 5161; x_wconf 89' lang='lat' dir='ltr'><strong>etsi</strong></span> <span class='ocrx_word' id='word_1_642' title='bbox 601 5107 884 5177; x_wconf 83' lang='lat' dir='ltr'><strong>adoptivus</strong></span> <span class='ocrx_word' id='word_1_643' title='bbox 920 5112 1151 5181; x_wconf 85' lang='lat' dir='ltr'><strong>quisque</strong></span> <span class='ocrx_word' id='word_1_644' title='bbox 1195 5109 1337 5163; x_wconf 90' lang='lat' dir='ltr'><strong>ﬁlius</strong></span> <span class='ocrx_word' id='word_1_645' title='bbox 1369 5109 1435 5163; x_wconf 88' lang='lat' dir='ltr'><strong>ad</strong></span> <span class='ocrx_word' id='word_1_646' title='bbox 1471 5107 1868 5177; x_wconf 89' lang='lat' dir='ltr'><strong>percipiendam</strong></span> <span class='ocrx_word' id='word_1_647' title='bbox 1908 5106 2049 5162; x_wconf 82' lang='lat' dir='ltr'><strong>divi-</strong></span> 
     </span>
    </p>
   </div>
   <div class='ocr_carea' id='block_1_85' title="bbox 471 5198 2051 5271">
    <p class='ocr_par' dir='ltr' id='par_1_85' title="bbox 471 5198 2051 5271">
     <span class='ocr_line' id='line_1_85' title="bbox 471 5198 2051 5271; baseline 0.001 -19"><span class='ocrx_word' id='word_1_648' title='bbox 471 5198 695 5255; x_wconf 85' lang='lat' dir='ltr'><strong>nitatem</strong></span> <span class='ocrx_word' id='word_1_649' title='bbox 736 5200 984 5269; x_wconf 89' lang='lat' dir='ltr'><strong>proﬁciat</strong></span> <span class='ocrx_word' id='word_1_650' title='bbox 1030 5199 1237 5271; x_wconf 87' lang='lat' dir='ltr'><strong>[Greg.,</strong></span> <span class='ocrx_word' id='word_1_651' title='bbox 1286 5198 1543 5270; x_wconf 84' lang='lat' dir='ltr'><strong>prolicit],</strong></span> <span class='ocrx_word' id='word_1_652' title='bbox 1595 5215 1935 5270; x_wconf 89' lang='lat' dir='ltr'><strong>nequaquam</strong></span> <span class='ocrx_word' id='word_1_653' title='bbox 1970 5207 2051 5253; x_wconf 91' lang='lat' dir='ltr'><strong>ta-</strong></span> 
     </span>
    </p>
   </div>
   <div class='ocr_carea' id='block_1_86' title="bbox 470 5295 2051 5368">
    <p class='ocr_par' dir='ltr' id='par_1_86' title="bbox 470 5295 2051 5368">
     <span class='ocr_line' id='line_1_86' title="bbox 470 5295 2051 5368; baseline 0.002 -19"><span class='ocrx_word' id='word_1_654' title='bbox 470 5308 593 5349; x_wconf 90' lang='lat' dir='ltr'><strong>men</strong></span> <span class='ocrx_word' id='word_1_655' title='bbox 634 5304 696 5349; x_wconf 88' lang='lat' dir='ltr'><strong>ut</strong></span> <span class='ocrx_word' id='word_1_656' title='bbox 740 5295 884 5352; x_wconf 90' lang='lat' dir='ltr'><strong>Deus</strong></span> <span class='ocrx_word' id='word_1_657' title='bbox 925 5297 1246 5352; x_wconf 85' lang='lat' dir='ltr'><strong>naturaliter</strong></span> <span class='ocrx_word' id='word_1_658' title='bbox 1295 5306 1455 5364; x_wconf 90' lang='lat' dir='ltr'><strong>esset,</strong></span> <span class='ocrx_word' id='word_1_659' title='bbox 1499 5298 1713 5368; x_wconf 88' lang='lat' dir='ltr'><strong>accipit.</strong></span> <span class='ocrx_word' id='word_1_660' title='bbox 1754 5319 1772 5350; x_wconf 70' lang='grc' dir='ltr'><strong><em>ι</em></strong></span> <span class='ocrx_word' id='word_1_661' title='bbox 1808 5297 1940 5353; x_wconf 93' lang='lat' dir='ltr'><strong>ltem</strong></span> <span class='ocrx_word' id='word_1_662' title='bbox 1995 5297 2051 5352; x_wconf 89' lang='lat' dir='ltr'><strong>in</strong></span> 
     </span>
    </p>
   </div>
   <div class='ocr_carea' id='block_1_87' title="bbox 471 5388 2054 5460">
    <p class='ocr_par' dir='ltr' id='par_1_87' title="bbox 471 5388 2054 5460">
     <span class='ocr_line' id='line_1_87' title="bbox 471 5388 2054 5460; baseline 0.001 -19"><span class='ocrx_word' id='word_1_663' title='bbox 471 5388 658 5441; x_wconf 87' lang='lat' dir='ltr'><strong>eodem</strong></span> <span class='ocrx_word' id='word_1_664' title='bbox 694 5388 854 5456; x_wconf 91' lang='lat' dir='ltr'><strong>libro,</strong></span> <span class='ocrx_word' id='word_1_665' title='bbox 886 5391 1028 5459; x_wconf 90' lang='lat' dir='ltr'><strong>quod</strong></span> <span class='ocrx_word' id='word_1_666' title='bbox 1058 5389 1307 5445; x_wconf 85' lang='lat' dir='ltr'><strong>Christus</strong></span> <span class='ocrx_word' id='word_1_667' title='bbox 1331 5390 1487 5446; x_wconf 72' lang='lat' dir='ltr'><strong>Iesus</strong></span> <span class='ocrx_word' id='word_1_668' title='bbox 1532 5405 1638 5443; x_wconf 90' lang='lat' dir='ltr'><strong>non</strong></span> <span class='ocrx_word' id='word_1_669' title='bbox 1669 5391 1739 5443; x_wconf 87' lang='lat' dir='ltr'><strong>sit</strong></span> <span class='ocrx_word' id='word_1_670' title='bbox 1765 5404 1862 5459; x_wconf 91' lang='lat' dir='ltr'><strong>per</strong></span> <span class='ocrx_word' id='word_1_671' title='bbox 1891 5390 2054 5460; x_wconf 88' lang='lat' dir='ltr'><strong>adop-</strong></span> 
     </span>
    </p>
   </div>
   <div class='ocr_carea' id='block_1_88' title="bbox 452 5478 2051 5553">
    <p class='ocr_par' dir='ltr' id='par_1_88' title="bbox 452 5478 2051 5553">
     <span class='ocr_line' id='line_1_88' title="bbox 452 5478 2051 5553; baseline 0.004 -20"><span class='ocrx_word' id='word_1_672' title='bbox 452 5478 674 5535; x_wconf 75' lang='lat' dir='ltr'><strong>tionem</strong></span> <span class='ocrx_word' id='word_1_673' title='bbox 706 5480 870 5547; x_wconf 88' lang='lat' dir='ltr'><strong>ﬁlius,</strong></span> <span class='ocrx_word' id='word_1_674' title='bbox 896 5482 1037 5537; x_wconf 90' lang='lat' dir='ltr'><strong>inter</strong></span> <span class='ocrx_word' id='word_1_675' title='bbox 1075 5483 1177 5537; x_wconf 90' lang='lat' dir='ltr'><strong>alia</strong></span> <span class='ocrx_word' id='word_1_676' title='bbox 1210 5484 1289 5538; x_wconf 92' lang='lat' dir='ltr'><strong>sic</strong></span> <span class='ocrx_word' id='word_1_677' title='bbox 1316 5484 1389 5537; x_wconf 87' lang='lat' dir='ltr'><strong>ait</strong></span> <span class='ocrx_word' id='word_1_678' title='bbox 1418 5482 1572 5553; x_wconf 91' lang='lat' dir='ltr'><strong>(Cap.</strong></span> <span class='ocrx_word' id='word_1_679' title='bbox 1606 5482 1695 5550; x_wconf 72' lang='lat'><strong>28)</strong></span> <span class='ocrx_word' id='word_1_680' title='bbox 1727 5501 1739 5535; x_wconf 88' lang='lat'><strong>:</strong></span> <span class='ocrx_word' id='word_1_681' title='bbox 1776 5502 1794 5533; x_wconf 84' lang='grc'><strong>‹</strong></span> <span class='ocrx_word' id='word_1_682' title='bbox 1831 5482 2051 5548; x_wconf 91' lang='lat' dir='ltr'><strong>Omnes,</strong></span> 
     </span>
    </p>
   </div>
   <div class='ocr_carea' id='block_1_89' title="bbox 476 5566 2055 5646">
    <p class='ocr_par' dir='ltr' id='par_1_89' title="bbox 476 5566 2055 5646">
     <span class='ocr_line' id='line_1_89' title="bbox 476 5566 2055 5646; baseline 0.004 -24"><span class='ocrx_word' id='word_1_683' title='bbox 476 5566 747 5638; x_wconf 90' lang='lat' dir='ltr'><strong>inquiens,</strong></span> <span class='ocrx_word' id='word_1_684' title='bbox 800 5571 890 5640; x_wconf 90' lang='lat' dir='ltr'><strong>qui</strong></span> <span class='ocrx_word' id='word_1_685' title='bbox 922 5572 973 5625; x_wconf 90' lang='lat' dir='ltr'><strong>in</strong></span> <span class='ocrx_word' id='word_1_686' title='bbox 1005 5571 1108 5626; x_wconf 88' lang='lat' dir='ltr'><strong>ﬁde</strong></span> <span class='ocrx_word' id='word_1_687' title='bbox 1132 5572 1244 5627; x_wconf 91' lang='lat' dir='ltr'><strong>Deo</strong></span> <span class='ocrx_word' id='word_1_688' title='bbox 1274 5583 1592 5639; x_wconf 87' lang='lat' dir='ltr'><strong>nascuntur,</strong></span> <span class='ocrx_word' id='word_1_689' title='bbox 1642 5584 1880 5645; x_wconf 89' lang='lat' dir='ltr'><strong>superat,</strong></span> <span class='ocrx_word' id='word_1_690' title='bbox 1927 5575 2055 5646; x_wconf 90' lang='lat' dir='ltr'><strong>quia</strong></span> 
     </span>
    </p>
   </div>
   <div class='ocr_carea' id='block_1_90' title="bbox 551 5676 1291 5753">
    <p class='ocr_par' dir='ltr' id='par_1_90' title="bbox 551 5676 1291 5753">
     <span class='ocr_line' id='line_1_90' title="bbox 551 5676 1291 5753; baseline 0.001 -18"><span class='ocrx_word' id='word_1_691' title='bbox 551 5689 579 5719; x_wconf 77' lang='grc' dir='ltr'>ι</span> <span class='ocrx_word' id='word_1_692' title='bbox 616 5676 676 5735; x_wconf 89' lang='lat' dir='ltr'><strong>S.</strong></span> <span class='ocrx_word' id='word_1_693' title='bbox 706 5678 851 5736; x_wconf 85' lang='lat' dir='ltr'><strong>Hier.</strong></span> <span class='ocrx_word' id='word_1_694' title='bbox 880 5680 1037 5753; x_wconf 82' lang='lat' dir='ltr'><strong>Brev.</strong></span> <span class='ocrx_word' id='word_1_695' title='bbox 1064 5680 1291 5739; x_wconf 88' lang='lat' dir='ltr'><strong>Psalter.</strong></span> 
     </span>
    </p>
   </div>
   <div class='ocr_carea' id='block_1_91' title="bbox 2146 3271 3738 3344">
    <p class='ocr_par' dir='ltr' id='par_1_91' title="bbox 2146 3271 3738 3344">
     <span class='ocr_line' id='line_1_91' title="bbox 2146 3271 3738 3344; baseline 0.003 -21"><span class='ocrx_word' id='word_1_696' title='bbox 2146 3285 2285 3324; x_wconf 91' lang='lat' dir='ltr'><strong>unus</strong></span> <span class='ocrx_word' id='word_1_697' title='bbox 2302 3286 2423 3336; x_wconf 85' lang='lat' dir='ltr'><strong>;nec</strong></span> <span class='ocrx_word' id='word_1_698' title='bbox 2436 3271 2722 3341; x_wconf 88' lang='lat' dir='ltr'><strong>quisquam</strong></span> <span class='ocrx_word' id='word_1_699' title='bbox 2744 3288 2810 3327; x_wconf 90' lang='lat' dir='ltr'><strong>ex</strong></span> <span class='ocrx_word' id='word_1_700' title='bbox 2834 3274 3100 3344; x_wconf 88' lang='lat' dir='ltr'><strong>adoptivis</strong></span> <span class='ocrx_word' id='word_1_701' title='bbox 3126 3273 3181 3328; x_wconf 90' lang='lat' dir='ltr'><strong>in</strong></span> <span class='ocrx_word' id='word_1_702' title='bbox 3202 3274 3464 3329; x_wconf 90' lang='lat' dir='ltr'><strong>unitatem</strong></span> <span class='ocrx_word' id='word_1_703' title='bbox 3486 3284 3738 3343; x_wconf 70' lang='lat' dir='ltr'><strong>persona</strong></span> 
     </span>
    </p>
   </div>
   <div class='ocr_carea' id='block_1_92' title="bbox 2147 3361 3734 3435">
    <p class='ocr_par' dir='ltr' id='par_1_92' title="bbox 2147 3361 3734 3435">
     <span class='ocr_line' id='line_1_92' title="bbox 2147 3361 3734 3435; baseline 0.001 -17"><span class='ocrx_word' id='word_1_704' title='bbox 2147 3377 2269 3418; x_wconf 92' lang='lat' dir='ltr'><strong>cum</strong></span> <span class='ocrx_word' id='word_1_705' title='bbox 2319 3361 2413 3417; x_wconf 89' lang='lat' dir='ltr'><strong>Dei</strong></span> <span class='ocrx_word' id='word_1_706' title='bbox 2451 3362 2590 3418; x_wconf 88' lang='lat' dir='ltr'><strong>Filio</strong></span> <span class='ocrx_word' id='word_1_707' title='bbox 2640 3373 2948 3435; x_wconf 89' lang='lat' dir='ltr'><strong>assumptus</strong></span> <span class='ocrx_word' id='word_1_708' title='bbox 2992 3373 3097 3431; x_wconf 88' lang='lat' dir='ltr'><strong>est,</strong></span> <span class='ocrx_word' id='word_1_709' title='bbox 3147 3381 3249 3420; x_wconf 89' lang='lat' dir='ltr'><strong>nec</strong></span> <span class='ocrx_word' id='word_1_710' title='bbox 3304 3366 3371 3420; x_wconf 91' lang='lat' dir='ltr'><strong>ad</strong></span> <span class='ocrx_word' id='word_1_711' title='bbox 3426 3364 3734 3420; x_wconf 82' lang='lat' dir='ltr'><strong>divinitatis</strong></span> 
     </span>
    </p>
   </div>
   <div class='ocr_carea' id='block_1_93' title="bbox 2146 3452 3736 3526">
    <p class='ocr_par' dir='ltr' id='par_1_93' title="bbox 2146 3452 3736 3526">
     <span class='ocr_line' id='line_1_93' title="bbox 2146 3452 3736 3526; baseline 0.003 -19"><span class='ocrx_word' id='word_1_712' title='bbox 2146 3452 2369 3522; x_wconf 88' lang='lat' dir='ltr'><strong>gloriam</strong></span> <span class='ocrx_word' id='word_1_713' title='bbox 2423 3453 2727 3509; x_wconf 87' lang='lat' dir='ltr'><strong>exaltatus:</strong></span> <span class='ocrx_word' id='word_1_714' title='bbox 2774 3456 2940 3511; x_wconf 87' lang='lat' dir='ltr'><strong>etiam</strong></span> <span class='ocrx_word' id='word_1_715' title='bbox 2983 3470 3085 3512; x_wconf 92' lang='lat' dir='ltr'><strong>nec</strong></span> <span class='ocrx_word' id='word_1_716' title='bbox 3128 3456 3321 3511; x_wconf 90' lang='lat' dir='ltr'><strong>unicus</strong></span> <span class='ocrx_word' id='word_1_717' title='bbox 3350 3455 3568 3526; x_wconf 87' lang='lat' dir='ltr'><strong>proprie</strong></span> <span class='ocrx_word' id='word_1_718' title='bbox 3622 3455 3736 3511; x_wconf 91' lang='lat' dir='ltr'><strong>dici</strong></span> 
     </span>
    </p>
   </div>
   <div class='ocr_carea' id='block_1_94' title="bbox 2145 3547 3734 3619">
    <p class='ocr_par' dir='ltr' id='par_1_94' title="bbox 2145 3547 3734 3619">
     <span class='ocr_line' id='line_1_94' title="bbox 2145 3547 3734 3619; baseline 0.001 -20"><span class='ocrx_word' id='word_1_719' title='bbox 2145 3554 2345 3613; x_wconf 91' lang='lat' dir='ltr'><strong>potest,</strong></span> <span class='ocrx_word' id='word_1_720' title='bbox 2377 3547 2518 3602; x_wconf 91' lang='lat' dir='ltr'><strong>sicut</strong></span> <span class='ocrx_word' id='word_1_721' title='bbox 2545 3548 2946 3617; x_wconf 88' lang='lat' dir='ltr'><strong>probatissimis</strong></span> <span class='ocrx_word' id='word_1_722' title='bbox 2977 3548 3139 3619; x_wconf 88' lang='lat' dir='ltr'><strong>paulo</strong></span> <span class='ocrx_word' id='word_1_723' title='bbox 3184 3555 3310 3602; x_wconf 90' lang='lat' dir='ltr'><strong>ante</strong></span> <span class='ocrx_word' id='word_1_724' title='bbox 3358 3547 3503 3601; x_wconf 88' lang='lat' dir='ltr'><strong>beati</strong></span> <span class='ocrx_word' id='word_1_725' title='bbox 3543 3547 3734 3617; x_wconf 85' lang='lat' dir='ltr'><strong>Augu-</strong></span> 
     </span>
    </p>
   </div>
   <div class='ocr_carea' id='block_1_95' title="bbox 2147 3636 3736 3726">
    <p class='ocr_par' dir='ltr' id='par_1_95' title="bbox 2147 3636 3736 3726">
     <span class='ocr_line' id='line_1_95' title="bbox 2147 3636 3736 3726; baseline -0.001 -33"><span class='ocrx_word' id='word_1_726' title='bbox 2147 3638 2275 3693; x_wconf 89' lang='lat' dir='ltr'><strong>stini</strong></span> <span class='ocrx_word' id='word_1_727' title='bbox 2303 3638 2627 3694; x_wconf 90' lang='lat' dir='ltr'><strong>testimoniis</strong></span> <span class='ocrx_word' id='word_1_728' title='bbox 2640 3637 2915 3693; x_wconf 90' lang='lat' dir='ltr'><strong>Christum</strong></span> <span class='ocrx_word' id='word_1_729' title='bbox 2938 3638 3140 3693; x_wconf 90' lang='lat' dir='ltr'><strong>dictum</strong></span> <span class='ocrx_word' id='word_1_730' title='bbox 3164 3653 3285 3693; x_wconf 90' lang='lat' dir='ltr'><strong>esse</strong></span> <span class='ocrx_word' id='word_1_731' title='bbox 3308 3636 3736 3726; x_wconf 56' lang='lat' dir='ltr'><strong>declaravimus&#39;;</strong></span> 
     </span>
    </p>
   </div>
   <div class='ocr_carea' id='block_1_96' title="bbox 2148 3728 3742 3800">
    <p class='ocr_par' dir='ltr' id='par_1_96' title="bbox 2148 3728 3742 3800">
     <span class='ocr_line' id='line_1_96' title="bbox 2148 3728 3742 3800; baseline 0 -15"><span class='ocrx_word' id='word_1_732' title='bbox 2148 3740 2202 3785; x_wconf 92' lang='lat' dir='ltr'><strong>et</strong></span> <span class='ocrx_word' id='word_1_733' title='bbox 2227 3731 2433 3785; x_wconf 86' lang='lat' dir='ltr'><strong>sanctis</strong></span> <span class='ocrx_word' id='word_1_734' title='bbox 2458 3745 2675 3800; x_wconf 91' lang='lat' dir='ltr'><strong>quoque</strong></span> <span class='ocrx_word' id='word_1_735' title='bbox 2710 3729 2998 3785; x_wconf 92' lang='lat' dir='ltr'><strong>missarum</strong></span> <span class='ocrx_word' id='word_1_736' title='bbox 3028 3744 3093 3783; x_wconf 89' lang='lat' dir='ltr'><strong>ac</strong></span> <span class='ocrx_word' id='word_1_737' title='bbox 3140 3729 3441 3784; x_wconf 88' lang='lat' dir='ltr'><strong>orationum</strong></span> <span class='ocrx_word' id='word_1_738' title='bbox 3480 3728 3742 3797; x_wconf 77' lang='lat' dir='ltr'><strong>precibus</strong></span> 
     </span>
    </p>
   </div>
   <div class='ocr_carea' id='block_1_97' title="bbox 2146 3819 3648 3890">
    <p class='ocr_par' dir='ltr' id='par_1_97' title="bbox 2146 3819 3648 3890">
     <span class='ocr_line' id='line_1_97' title="bbox 2146 3819 3648 3890; baseline -0.001 -15"><span class='ocrx_word' id='word_1_739' title='bbox 2146 3822 2366 3875; x_wconf 90' lang='lat' dir='ltr'><strong>beatum</strong></span> <span class='ocrx_word' id='word_1_740' title='bbox 2397 3821 2714 3890; x_wconf 83' lang='lat' dir='ltr'><strong>Gregorium</strong></span> <span class='ocrx_word' id='word_1_741' title='bbox 2740 3819 2986 3890; x_wconf 90' lang='lat' dir='ltr'><strong>posuisse</strong></span> <span class='ocrx_word' id='word_1_742' title='bbox 3013 3820 3264 3890; x_wconf 90' lang='lat' dir='ltr'><strong>superius</strong></span> <span class='ocrx_word' id='word_1_743' title='bbox 3291 3820 3648 3874; x_wconf 88' lang='lat' dir='ltr'><strong>ostendimus.</strong></span> 
     </span>
    </p>
   </div>
   <div class='ocr_carea' id='block_1_98' title="bbox 2217 3908 3739 3981">
    <p class='ocr_par' dir='ltr' id='par_1_98' title="bbox 2217 3908 3739 3981">
     <span class='ocr_line' id='line_1_98' title="bbox 2217 3908 3739 3981; baseline 0 -16"><span class='ocrx_word' id='word_1_744' title='bbox 2217 3911 2306 3966; x_wconf 91' lang='lat' dir='ltr'><strong>lV.</strong></span> <span class='ocrx_word' id='word_1_745' title='bbox 2348 3911 2489 3981; x_wconf 89' lang='lat' dir='ltr'><strong>Ergo</strong></span> <span class='ocrx_word' id='word_1_746' title='bbox 2514 3919 2569 3965; x_wconf 89' lang='lat' dir='ltr'><strong>et</strong></span> <span class='ocrx_word' id='word_1_747' title='bbox 2601 3910 2789 3965; x_wconf 88' lang='lat' dir='ltr'><strong>beatus</strong></span> <span class='ocrx_word' id='word_1_748' title='bbox 2830 3910 3186 3981; x_wconf 84' lang='lat' dir='ltr'><strong>Hieronymus</strong></span> <span class='ocrx_word' id='word_1_749' title='bbox 3233 3911 3288 3964; x_wconf 92' lang='lat' dir='ltr'><strong>in</strong></span> <span class='ocrx_word' id='word_1_750' title='bbox 3332 3908 3448 3977; x_wconf 85' lang='lat' dir='ltr'><strong>ejus</strong></span> <span class='ocrx_word' id='word_1_751' title='bbox 3480 3908 3739 3965; x_wconf 87' lang='lat' dir='ltr'><strong>versiculi</strong></span> 
     </span>
    </p>
   </div>
   <div class='ocr_carea' id='block_1_99' title="bbox 2150 4001 3742 4072">
    <p class='ocr_par' dir='ltr' id='par_1_99' title="bbox 2150 4001 3742 4072">
     <span class='ocr_line' id='line_1_99' title="bbox 2150 4001 3742 4072; baseline 0.001 -17"><span class='ocrx_word' id='word_1_752' title='bbox 2150 4002 2599 4072; x_wconf 89' lang='lat' dir='ltr'><strong>interpretatione</strong></span> <span class='ocrx_word' id='word_1_753' title='bbox 2639 4003 2927 4067; x_wconf 87' lang='lat' dir='ltr'><strong>consentit,</strong></span> <span class='ocrx_word' id='word_1_754' title='bbox 2957 4001 3045 4056; x_wconf 92' lang='lat' dir='ltr'><strong>ubi</strong></span> <span class='ocrx_word' id='word_1_755' title='bbox 3073 4001 3339 4072; x_wconf 84' lang='lat' dir='ltr'><strong>Propheta</strong></span> <span class='ocrx_word' id='word_1_756' title='bbox 3369 4002 3445 4055; x_wconf 90' lang='lat' dir='ltr'><strong>ait</strong></span> <span class='ocrx_word' id='word_1_757' title='bbox 3474 4020 3488 4055; x_wconf 86' lang='lat'><strong>:</strong></span> <span class='ocrx_word' id='word_1_758' title='bbox 3523 4001 3742 4072; x_wconf 73' lang='lat' dir='ltr'><strong>Respice</strong></span> 
     </span>
    </p>
   </div>
   <div class='ocr_carea' id='block_1_100' title="bbox 2146 4092 3745 4163">
    <p class='ocr_par' dir='ltr' id='par_1_100' title="bbox 2146 4092 3745 4163">
     <span class='ocr_line' id='line_1_100' title="bbox 2146 4092 3745 4163; baseline 0.001 -17"><span class='ocrx_word' id='word_1_759' title='bbox 2146 4095 2202 4146; x_wconf 81' lang='lat' dir='ltr'><strong>in</strong></span> <span class='ocrx_word' id='word_1_760' title='bbox 2233 4110 2345 4157; x_wconf 86' lang='lat' dir='ltr'><strong>me,</strong></span> <span class='ocrx_word' id='word_1_761' title='bbox 2391 4102 2438 4146; x_wconf 86' lang='lat' dir='ltr'><strong>et</strong></span> <span class='ocrx_word' id='word_1_762' title='bbox 2480 4095 2725 4146; x_wconf 79' lang='lat' dir='ltr'><strong>miserere</strong></span> <span class='ocrx_word' id='word_1_763' title='bbox 2762 4093 2863 4147; x_wconf 82' lang='lat' dir='ltr'><strong>mei</strong></span> <span class='ocrx_word' id='word_1_764' title='bbox 2891 4112 2910 4147; x_wconf 87' lang='lat'><strong><em>:</em></strong></span> <span class='ocrx_word' id='word_1_765' title='bbox 2935 4092 3183 4163; x_wconf 80' lang='lat' dir='ltr'><strong>quoniam</strong></span> <span class='ocrx_word' id='word_1_766' title='bbox 3227 4094 3412 4146; x_wconf 81' lang='lat' dir='ltr'><strong>unicus</strong></span> <span class='ocrx_word' id='word_1_767' title='bbox 3451 4101 3499 4146; x_wconf 86' lang='lat' dir='ltr'><strong>et</strong></span> <span class='ocrx_word' id='word_1_768' title='bbox 3540 4107 3745 4162; x_wconf 78' lang='lat' dir='ltr'><strong>pauper</strong></span> 
     </span>
    </p>
   </div>
   <div class='ocr_carea' id='block_1_101' title="bbox 2147 4182 3742 4257">
    <p class='ocr_par' dir='ltr' id='par_1_101' title="bbox 2147 4182 3742 4257">
     <span class='ocr_line' id='line_1_101' title="bbox 2147 4182 3742 4257; baseline 0 -18"><span class='ocrx_word' id='word_1_769' title='bbox 2147 4202 2263 4239; x_wconf 85' lang='lat' dir='ltr'><strong>sum</strong></span> <span class='ocrx_word' id='word_1_770' title='bbox 2307 4202 2401 4255; x_wconf 88' lang='lat' dir='ltr'><strong>ego</strong></span> <span class='ocrx_word' id='word_1_771' title='bbox 2429 4182 2601 4255; x_wconf 81' lang='lat' dir='ltr'><strong>(Psal.</strong></span> <span class='ocrx_word' id='word_1_772' title='bbox 2632 4201 2782 4249; x_wconf 75' lang='lat' dir='ltr'><strong>xxw,</strong></span> <span class='ocrx_word' id='word_1_773' title='bbox 2811 4184 2922 4257; x_wconf 84' lang='grc'><strong>16).</strong></span> <span class='ocrx_word' id='word_1_774' title='bbox 2949 4198 2974 4226; x_wconf 77' lang='grc' dir='ltr'>α</span> <span class='ocrx_word' id='word_1_775' title='bbox 3006 4204 3025 4236; x_wconf 80' lang='grc' dir='ltr'>ι</span> <span class='ocrx_word' id='word_1_776' title='bbox 3064 4184 3206 4240; x_wconf 90' lang='lat' dir='ltr'><strong>Bene</strong></span> <span class='ocrx_word' id='word_1_777' title='bbox 3235 4201 3293 4240; x_wconf 89' lang='lat' dir='ltr'><strong>se</strong></span> <span class='ocrx_word' id='word_1_778' title='bbox 3318 4185 3537 4240; x_wconf 89' lang='lat' dir='ltr'><strong>unicum</strong></span> <span class='ocrx_word' id='word_1_779' title='bbox 3582 4184 3742 4252; x_wconf 82' lang='lat' dir='ltr'><strong>dicit,</strong></span> 
     </span>
    </p>
   </div>
   <div class='ocr_carea' id='block_1_102' title="bbox 2148 4276 3742 4347">
    <p class='ocr_par' dir='ltr' id='par_1_102' title="bbox 2148 4276 3742 4347">
     <span class='ocr_line' id='line_1_102' title="bbox 2148 4276 3742 4347; baseline 0.001 -17"><span class='ocrx_word' id='word_1_780' title='bbox 2148 4278 2274 4346; x_wconf 90' lang='lat' dir='ltr'><strong>quia</strong></span> <span class='ocrx_word' id='word_1_781' title='bbox 2300 4276 2607 4347; x_wconf 90' lang='lat' dir='ltr'><strong>unigenitus</strong></span> <span class='ocrx_word' id='word_1_782' title='bbox 2628 4286 2711 4333; x_wconf 90' lang='lat' dir='ltr'><strong>est</strong></span> <span class='ocrx_word' id='word_1_783' title='bbox 2737 4277 2913 4332; x_wconf 87' lang='lat' dir='ltr'><strong>Patris</strong></span> <span class='ocrx_word' id='word_1_784' title='bbox 2944 4278 2999 4332; x_wconf 93' lang='lat' dir='ltr'><strong>in</strong></span> <span class='ocrx_word' id='word_1_785' title='bbox 3026 4292 3191 4333; x_wconf 88' lang='lat' dir='ltr'><strong>carne</strong></span> <span class='ocrx_word' id='word_1_786' title='bbox 3221 4286 3397 4331; x_wconf 89' lang='lat' dir='ltr'><strong>natus.</strong></span> <span class='ocrx_word' id='word_1_787' title='bbox 3431 4296 3449 4329; x_wconf 71' lang='grc' dir='ltr'><strong>ι</strong></span> <span class='ocrx_word' id='word_1_788' title='bbox 3480 4276 3584 4344; x_wconf 90' lang='lat' dir='ltr'><strong>Qui</strong></span> <span class='ocrx_word' id='word_1_789' title='bbox 3611 4290 3742 4331; x_wconf 82' lang='lat' dir='ltr'><strong>vero</strong></span> 
     </span>
    </p>
   </div>
   <div class='ocr_carea' id='block_1_103' title="bbox 2149 4367 3743 4439">
    <p class='ocr_par' dir='ltr' id='par_1_103' title="bbox 2149 4367 3743 4439">
     <span class='ocr_line' id='line_1_103' title="bbox 2149 4367 3743 4439; baseline -0.001 -15"><span class='ocrx_word' id='word_1_790' title='bbox 2149 4377 2310 4439; x_wconf 87' lang='lat' dir='ltr'><strong>negat</strong></span> <span class='ocrx_word' id='word_1_791' title='bbox 2336 4369 2671 4439; x_wconf 89' lang='lat' dir='ltr'><strong>unigenitum</strong></span> <span class='ocrx_word' id='word_1_792' title='bbox 2703 4369 2797 4425; x_wconf 91' lang='lat' dir='ltr'><strong>Dei</strong></span> <span class='ocrx_word' id='word_1_793' title='bbox 2841 4369 3032 4423; x_wconf 89' lang='lat' dir='ltr'><strong>Filium</strong></span> <span class='ocrx_word' id='word_1_794' title='bbox 3062 4384 3160 4439; x_wconf 92' lang='lat' dir='ltr'><strong>pro</strong></span> <span class='ocrx_word' id='word_1_795' title='bbox 3201 4369 3385 4424; x_wconf 90' lang='lat' dir='ltr'><strong>mundi</strong></span> <span class='ocrx_word' id='word_1_796' title='bbox 3416 4367 3588 4422; x_wconf 86' lang='lat' dir='ltr'><strong>salute</strong></span> <span class='ocrx_word' id='word_1_797' title='bbox 3616 4382 3743 4422; x_wconf 85' lang='lat' dir='ltr'><strong>cru-</strong></span> 
     </span>
    </p>
   </div>
   <div class='ocr_carea' id='block_1_104' title="bbox 2150 4459 3845 4530">
    <p class='ocr_par' dir='ltr' id='par_1_104' title="bbox 2150 4459 3845 4530">
     <span class='ocr_line' id='line_1_104' title="bbox 2150 4459 3845 4530; baseline -0.001 -13"><span class='ocrx_word' id='word_1_798' title='bbox 2150 4462 2368 4517; x_wconf 82' lang='lat' dir='ltr'><strong>ciﬁxum</strong></span> <span class='ocrx_word' id='word_1_799' title='bbox 2403 4476 2542 4526; x_wconf 89' lang='lat' dir='ltr'><strong>esse,</strong></span> <span class='ocrx_word' id='word_1_800' title='bbox 2566 4461 2666 4516; x_wconf 89' lang='lat' dir='ltr'><strong>sub</strong></span> <span class='ocrx_word' id='word_1_801' title='bbox 2689 4460 2883 4517; x_wconf 89' lang='lat' dir='ltr'><strong>Pontio</strong></span> <span class='ocrx_word' id='word_1_802' title='bbox 2907 4460 3078 4515; x_wconf 87' lang='lat' dir='ltr'><strong>Pilato</strong></span> <span class='ocrx_word' id='word_1_803' title='bbox 3108 4476 3327 4530; x_wconf 89' lang='lat' dir='ltr'><strong>passum</strong></span> <span class='ocrx_word' id='word_1_804' title='bbox 3362 4468 3416 4515; x_wconf 89' lang='lat' dir='ltr'><strong>et</strong></span> <span class='ocrx_word' id='word_1_805' title='bbox 3443 4459 3742 4530; x_wconf 89' lang='lat' dir='ltr'><strong>sepultum,</strong></span> <span class='ocrx_word' id='word_1_806' title='bbox 3834 4490 3845 4497; x_wconf 89' lang='lat'><strong>-</strong></span> 
     </span>
    </p>
   </div>
   <div class='ocr_carea' id='block_1_105' title="bbox 2080 4525 3745 4623">
    <p class='ocr_par' dir='ltr' id='par_1_105' title="bbox 2080 4525 3745 4623">
     <span class='ocr_line' id='line_1_105' title="bbox 2080 4525 3745 4623; baseline -0.001 -14"><span class='ocrx_word' id='word_1_807' title='bbox 2080 4525 2127 4584; x_wconf 74' lang='grc' dir='ltr'>υ</span> <span class='ocrx_word' id='word_1_808' title='bbox 2150 4563 2205 4609; x_wconf 88' lang='lat' dir='ltr'><strong>et</strong></span> <span class='ocrx_word' id='word_1_809' title='bbox 2235 4554 2393 4609; x_wconf 88' lang='lat' dir='ltr'><strong>tertia</strong></span> <span class='ocrx_word' id='word_1_810' title='bbox 2422 4554 2508 4609; x_wconf 90' lang='lat' dir='ltr'><strong>die</strong></span> <span class='ocrx_word' id='word_1_811' title='bbox 2547 4554 2931 4619; x_wconf 85' lang='lat' dir='ltr'><strong>resurrexisse,</strong></span> <span class='ocrx_word' id='word_1_812' title='bbox 2955 4553 3176 4607; x_wconf 91' lang='lat' dir='ltr'><strong>omnino</strong></span> <span class='ocrx_word' id='word_1_813' title='bbox 3201 4554 3507 4623; x_wconf 86' lang='lat' dir='ltr'><strong>contrarius</strong></span> <span class='ocrx_word' id='word_1_814' title='bbox 3533 4562 3617 4608; x_wconf 88' lang='lat' dir='ltr'><strong>est</strong></span> <span class='ocrx_word' id='word_1_815' title='bbox 3648 4567 3745 4608; x_wconf 81' lang='lat' dir='ltr'><strong>ca-</strong></span> 
     </span>
    </p>
   </div>
   <div class='ocr_carea' id='block_1_106' title="bbox 2152 4643 3743 4715">
    <p class='ocr_par' dir='ltr' id='par_1_106' title="bbox 2152 4643 3743 4715">
     <span class='ocr_line' id='line_1_106' title="bbox 2152 4643 3743 4715; baseline 0.001 -16"><span class='ocrx_word' id='word_1_816' title='bbox 2152 4644 2350 4699; x_wconf 86' lang='lat' dir='ltr'><strong>tholico</strong></span> <span class='ocrx_word' id='word_1_817' title='bbox 2377 4643 2698 4699; x_wconf 85' lang='lat' dir='ltr'><strong>universalis</strong></span> <span class='ocrx_word' id='word_1_818' title='bbox 2732 4644 2987 4700; x_wconf 67' lang='lat' dir='ltr'><strong>Ecclesia:</strong></span> <span class='ocrx_word' id='word_1_819' title='bbox 3023 4645 3287 4715; x_wconf 86' lang='lat' dir='ltr'><strong>symbolo,</strong></span> <span class='ocrx_word' id='word_1_820' title='bbox 3318 4646 3373 4699; x_wconf 91' lang='lat' dir='ltr'><strong>in</strong></span> <span class='ocrx_word' id='word_1_821' title='bbox 3418 4660 3527 4714; x_wconf 90' lang='lat' dir='ltr'><strong>quo</strong></span> <span class='ocrx_word' id='word_1_822' title='bbox 3570 4644 3743 4700; x_wconf 84' lang='lat' dir='ltr'><strong>veris-</strong></span> 
     </span>
    </p>
   </div>
   <div class='ocr_carea' id='block_1_107' title="bbox 2152 4731 3744 4809">
    <p class='ocr_par' dir='ltr' id='par_1_107' title="bbox 2152 4731 3744 4809">
     <span class='ocr_line' id='line_1_107' title="bbox 2152 4731 3744 4809; baseline 0.001 -15"><span class='ocrx_word' id='word_1_823' title='bbox 2152 4740 2287 4794; x_wconf 90' lang='lat' dir='ltr'><strong>sime</strong></span> <span class='ocrx_word' id='word_1_824' title='bbox 2316 4740 2636 4795; x_wconf 89' lang='lat' dir='ltr'><strong>decantatur</strong></span> <span class='ocrx_word' id='word_1_825' title='bbox 2683 4738 2800 4794; x_wconf 74' lang='lat' dir='ltr'><strong>hzec</strong></span> <span class='ocrx_word' id='word_1_826' title='bbox 2842 4739 3022 4793; x_wconf 92' lang='lat' dir='ltr'><strong>omnia</strong></span> <span class='ocrx_word' id='word_1_827' title='bbox 3065 4739 3117 4792; x_wconf 92' lang='lat' dir='ltr'><strong>in</strong></span> <span class='ocrx_word' id='word_1_828' title='bbox 3147 4738 3423 4809; x_wconf 83' lang='lat' dir='ltr'><strong>unigenito</strong></span> <span class='ocrx_word' id='word_1_829' title='bbox 3465 4737 3561 4795; x_wconf 88' lang='lat' dir='ltr'><strong>Dei</strong></span> <span class='ocrx_word' id='word_1_830' title='bbox 3600 4731 3744 4795; x_wconf 83' lang='lat' dir='ltr'><strong>Filio</strong></span> 
     </span>
    </p>
   </div>
   <div class='ocr_carea' id='block_1_108' title="bbox 2152 4829 3746 4903">
    <p class='ocr_par' dir='ltr' id='par_1_108' title="bbox 2152 4829 3746 4903">
     <span class='ocr_line' id='line_1_108' title="bbox 2152 4829 3746 4903; baseline 0.002 -19"><span class='ocrx_word' id='word_1_831' title='bbox 2152 4830 2295 4886; x_wconf 90' lang='lat' dir='ltr'><strong>facta</strong></span> <span class='ocrx_word' id='word_1_832' title='bbox 2318 4846 2465 4897; x_wconf 89' lang='lat' dir='ltr'><strong>esse,</strong></span> <span class='ocrx_word' id='word_1_833' title='bbox 2491 4830 2631 4886; x_wconf 91' lang='lat' dir='ltr'><strong>sicut</strong></span> <span class='ocrx_word' id='word_1_834' title='bbox 2657 4831 2848 4885; x_wconf 89' lang='lat' dir='ltr'><strong>beatus</strong></span> <span class='ocrx_word' id='word_1_835' title='bbox 2876 4830 3191 4903; x_wconf 82' lang='lat' dir='ltr'><strong>Fulgentius</strong></span> <span class='ocrx_word' id='word_1_836' title='bbox 3212 4829 3515 4887; x_wconf 90' lang='lat' dir='ltr'><strong>luculentus</strong></span> <span class='ocrx_word' id='word_1_837' title='bbox 3554 4832 3746 4887; x_wconf 88' lang='lat' dir='ltr'><strong>catho—</strong></span> 
     </span>
    </p>
   </div>
   <div class='ocr_carea' id='block_1_109' title="bbox 2149 4920 3745 4993">
    <p class='ocr_par' dir='ltr' id='par_1_109' title="bbox 2149 4920 3745 4993">
     <span class='ocr_line' id='line_1_109' title="bbox 2149 4920 3745 4993; baseline -0.001 -16"><span class='ocrx_word' id='word_1_838' title='bbox 2149 4922 2266 4979; x_wconf 71' lang='lat' dir='ltr'><strong>licze</strong></span> <span class='ocrx_word' id='word_1_839' title='bbox 2300 4922 2421 4979; x_wconf 87' lang='lat' dir='ltr'><strong>ﬁdei</strong></span> <span class='ocrx_word' id='word_1_840' title='bbox 2458 4924 2692 4993; x_wconf 90' lang='lat' dir='ltr'><strong>scriptor</strong></span> <span class='ocrx_word' id='word_1_841' title='bbox 2724 4922 2777 4976; x_wconf 89' lang='lat' dir='ltr'><strong>in</strong></span> <span class='ocrx_word' id='word_1_842' title='bbox 2805 4922 3032 4993; x_wconf 86' lang='lat' dir='ltr'><strong>cpistola</strong></span> <span class='ocrx_word' id='word_1_843' title='bbox 3070 4938 3233 4992; x_wconf 89' lang='lat' dir='ltr'><strong>quam</strong></span> <span class='ocrx_word' id='word_1_844' title='bbox 3261 4923 3329 4977; x_wconf 84' lang='lat' dir='ltr'><strong>ad</strong></span> <span class='ocrx_word' id='word_1_845' title='bbox 3364 4922 3585 4977; x_wconf 89' lang='lat' dir='ltr'><strong>Petrum</strong></span> <span class='ocrx_word' id='word_1_846' title='bbox 3614 4920 3745 4976; x_wconf 86' lang='lat' dir='ltr'><strong>Dia-</strong></span> 
     </span>
    </p>
   </div>
   <div class='ocr_carea' id='block_1_110' title="bbox 2151 5011 3742 5078">
    <p class='ocr_par' dir='ltr' id='par_1_110' title="bbox 2151 5011 3742 5078">
     <span class='ocr_line' id='line_1_110' title="bbox 2151 5011 3742 5078; baseline 0 -9"><span class='ocrx_word' id='word_1_847' title='bbox 2151 5029 2342 5069; x_wconf 88' lang='lat' dir='ltr'><strong>conem</strong></span> <span class='ocrx_word' id='word_1_848' title='bbox 2385 5014 2681 5078; x_wconf 78' lang='lat' dir='ltr'><strong>direxerat,</strong></span> <span class='ocrx_word' id='word_1_849' title='bbox 2726 5014 2961 5069; x_wconf 86' lang='lat' dir='ltr'><strong>ostendit</strong></span> <span class='ocrx_word' id='word_1_850' title='bbox 3006 5029 3126 5069; x_wconf 90' lang='lat' dir='ltr'><strong>esse</strong></span> <span class='ocrx_word' id='word_1_851' title='bbox 3172 5028 3357 5069; x_wconf 85' lang='lat' dir='ltr'><strong>verum</strong></span> <span class='ocrx_word' id='word_1_852' title='bbox 3404 5011 3499 5067; x_wconf 91' lang='lat' dir='ltr'><strong>Dei</strong></span> <span class='ocrx_word' id='word_1_853' title='bbox 3544 5012 3742 5069; x_wconf 85' lang='lat' dir='ltr'><strong>Filium</strong></span> 
     </span>
    </p>
   </div>
   <div class='ocr_carea' id='block_1_111' title="bbox 2150 5103 3739 5173">
    <p class='ocr_par' dir='ltr' id='par_1_111' title="bbox 2150 5103 3739 5173">
     <span class='ocr_line' id='line_1_111' title="bbox 2150 5103 3739 5173; baseline -0.001 -16"><span class='ocrx_word' id='word_1_854' title='bbox 2150 5104 2419 5166; x_wconf 89' lang='lat' dir='ltr'><strong>eumdem,</strong></span> <span class='ocrx_word' id='word_1_855' title='bbox 2452 5104 2543 5171; x_wconf 91' lang='lat' dir='ltr'><strong>qui</strong></span> <span class='ocrx_word' id='word_1_856' title='bbox 2571 5118 2761 5173; x_wconf 89' lang='lat' dir='ltr'><strong>passus</strong></span> <span class='ocrx_word' id='word_1_857' title='bbox 2810 5113 2913 5162; x_wconf 90' lang='lat' dir='ltr'><strong>est.</strong></span> <span class='ocrx_word' id='word_1_858' title='bbox 2937 5115 3187 5159; x_wconf 90' lang='lat' dir='ltr'><strong>mortuus</strong></span> <span class='ocrx_word' id='word_1_859' title='bbox 3226 5112 3385 5173; x_wconf 90' lang='lat' dir='ltr'><strong>atque</strong></span> <span class='ocrx_word' id='word_1_860' title='bbox 3417 5103 3739 5157; x_wconf 75' lang='lat' dir='ltr'><strong>resurrexit.</strong></span> 
     </span>
    </p>
   </div>
   <div class='ocr_carea' id='block_1_112' title="bbox 2154 5192 3744 5264">
    <p class='ocr_par' dir='ltr' id='par_1_112' title="bbox 2154 5192 3744 5264">
     <span class='ocr_line' id='line_1_112' title="bbox 2154 5192 3744 5264; baseline 0.001 -17"><span class='ocrx_word' id='word_1_861' title='bbox 2154 5195 2254 5262; x_wconf 87' lang='lat' dir='ltr'><strong>Qui</strong></span> <span class='ocrx_word' id='word_1_862' title='bbox 2298 5202 2417 5264; x_wconf 57' lang='lat' dir='ltr'><strong>post</strong></span> <span class='ocrx_word' id='word_1_863' title='bbox 2460 5193 2687 5263; x_wconf 86' lang='lat' dir='ltr'><strong>plurima</strong></span> <span class='ocrx_word' id='word_1_864' title='bbox 2718 5194 2998 5249; x_wconf 74' lang='lat' dir='ltr'><strong>catholica:</strong></span> <span class='ocrx_word' id='word_1_865' title='bbox 3038 5194 3161 5249; x_wconf 85' lang='lat' dir='ltr'><strong>ﬁdei</strong></span> <span class='ocrx_word' id='word_1_866' title='bbox 3206 5194 3527 5249; x_wconf 84' lang='lat' dir='ltr'><strong>documenta</strong></span> <span class='ocrx_word' id='word_1_867' title='bbox 3555 5192 3744 5262; x_wconf 86' lang='lat' dir='ltr'><strong>hujus-</strong></span> 
     </span>
    </p>
   </div>
   <div class='ocr_carea' id='block_1_113' title="bbox 2154 5284 3747 5353">
    <p class='ocr_par' dir='ltr' id='par_1_113' title="bbox 2154 5284 3747 5353">
     <span class='ocr_line' id='line_1_113' title="bbox 2154 5284 3747 5353; baseline 0.002 -16"><span class='ocrx_word' id='word_1_868' title='bbox 2154 5284 2297 5338; x_wconf 89' lang='lat' dir='ltr'><strong>modi</strong></span> <span class='ocrx_word' id='word_1_869' title='bbox 2341 5284 2407 5337; x_wconf 90' lang='lat' dir='ltr'><strong>de</strong></span> <span class='ocrx_word' id='word_1_870' title='bbox 2444 5284 2661 5338; x_wconf 91' lang='lat' dir='ltr'><strong>Christo</strong></span> <span class='ocrx_word' id='word_1_871' title='bbox 2702 5286 2925 5353; x_wconf 88' lang='lat' dir='ltr'><strong>protulit</strong></span> <span class='ocrx_word' id='word_1_872' title='bbox 2954 5286 3279 5341; x_wconf 81' lang='lat' dir='ltr'><strong>sententiam</strong></span> <span class='ocrx_word' id='word_1_873' title='bbox 3301 5284 3327 5322; x_wconf 71' lang='grc' dir='ltr'>δ</span> <span class='ocrx_word' id='word_1_874' title='bbox 3359 5303 3372 5341; x_wconf 89' lang='lat'>:</span> <span class='ocrx_word' id='word_1_875' title='bbox 3405 5304 3424 5336; x_wconf 84' lang='lat'><strong>(</strong></span> <span class='ocrx_word' id='word_1_876' title='bbox 3453 5284 3623 5340; x_wconf 85' lang='lat' dir='ltr'><strong>Natus</strong></span> <span class='ocrx_word' id='word_1_877' title='bbox 3658 5292 3747 5340; x_wconf 88' lang='lat' dir='ltr'><strong>est</strong></span> 
     </span>
    </p>
   </div>
   <div class='ocr_carea' id='block_1_114' title="bbox 2154 5374 3744 5447">
    <p class='ocr_par' dir='ltr' id='par_1_114' title="bbox 2154 5374 3744 5447">
     <span class='ocr_line' id='line_1_114' title="bbox 2154 5374 3744 5447; baseline -0.002 -14"><span class='ocrx_word' id='word_1_878' title='bbox 2154 5377 2320 5443; x_wconf 90' lang='lat' dir='ltr'><strong>enim,</strong></span> <span class='ocrx_word' id='word_1_879' title='bbox 2349 5378 2541 5447; x_wconf 91' lang='lat' dir='ltr'><strong>inquit,</strong></span> <span class='ocrx_word' id='word_1_880' title='bbox 2583 5378 2648 5432; x_wconf 91' lang='lat' dir='ltr'><strong>de</strong></span> <span class='ocrx_word' id='word_1_881' title='bbox 2672 5377 2856 5443; x_wconf 89' lang='lat' dir='ltr'><strong>Patre,</strong></span> <span class='ocrx_word' id='word_1_882' title='bbox 2890 5379 3033 5433; x_wconf 92' lang='lat' dir='ltr'><strong>Deus</strong></span> <span class='ocrx_word' id='word_1_883' title='bbox 3070 5378 3339 5444; x_wconf 80' lang='lat' dir='ltr'><strong>Verbum;</strong></span> <span class='ocrx_word' id='word_1_884' title='bbox 3378 5386 3539 5433; x_wconf 89' lang='lat' dir='ltr'><strong>natus</strong></span> <span class='ocrx_word' id='word_1_885' title='bbox 3567 5374 3744 5431; x_wconf 85' lang='lat' dir='ltr'><strong>estde</strong></span> 
     </span>
    </p>
   </div>
   <div class='ocr_carea' id='block_1_115' title="bbox 2156 5470 3742 5540">
    <p class='ocr_par' dir='ltr' id='par_1_115' title="bbox 2156 5470 3742 5540">
     <span class='ocr_line' id='line_1_115' title="bbox 2156 5470 3742 5540; baseline 0.001 -17"><span class='ocrx_word' id='word_1_886' title='bbox 2156 5479 2347 5533; x_wconf 87' lang='lat' dir='ltr'><strong>matre,</strong></span> <span class='ocrx_word' id='word_1_887' title='bbox 2381 5471 2614 5525; x_wconf 87' lang='lat' dir='ltr'><strong>Verbum</strong></span> <span class='ocrx_word' id='word_1_888' title='bbox 2641 5486 2769 5525; x_wconf 91' lang='lat' dir='ltr'><strong>caro</strong></span> <span class='ocrx_word' id='word_1_889' title='bbox 2796 5470 3017 5526; x_wconf 82' lang='lat' dir='ltr'><strong>factum.</strong></span> <span class='ocrx_word' id='word_1_890' title='bbox 3052 5471 3202 5527; x_wconf 91' lang='lat' dir='ltr'><strong>Unus</strong></span> <span class='ocrx_word' id='word_1_891' title='bbox 3226 5472 3390 5540; x_wconf 85' lang='lat' dir='ltr'><strong>igitur</strong></span> <span class='ocrx_word' id='word_1_892' title='bbox 3412 5480 3575 5540; x_wconf 88' lang='lat' dir='ltr'><strong>atque</strong></span> <span class='ocrx_word' id='word_1_893' title='bbox 3598 5471 3742 5525; x_wconf 85' lang='lat' dir='ltr'><strong>idem</strong></span> 
     </span>
    </p>
   </div>
   <div class='ocr_carea' id='block_1_116' title="bbox 2156 5563 3743 5629">
    <p class='ocr_par' dir='ltr' id='par_1_116' title="bbox 2156 5563 3743 5629">
     <span class='ocr_line' id='line_1_116' title="bbox 2156 5563 3743 5629; baseline 0.001 -12"><span class='ocrx_word' id='word_1_894' title='bbox 2156 5563 2299 5619; x_wconf 91' lang='lat' dir='ltr'><strong>Deus</strong></span> <span class='ocrx_word' id='word_1_895' title='bbox 2331 5563 2428 5618; x_wconf 89' lang='lat' dir='ltr'><strong>Dei</strong></span> <span class='ocrx_word' id='word_1_896' title='bbox 2458 5563 2623 5618; x_wconf 82' lang='lat' dir='ltr'><strong>Filius</strong></span> <span class='ocrx_word' id='word_1_897' title='bbox 2649 5572 2808 5619; x_wconf 90' lang='lat' dir='ltr'><strong>natus</strong></span> <span class='ocrx_word' id='word_1_898' title='bbox 2829 5572 2952 5620; x_wconf 89' lang='lat' dir='ltr'><strong>ante</strong></span> <span class='ocrx_word' id='word_1_899' title='bbox 2982 5564 3200 5629; x_wconf 63' lang='lat' dir='ltr'><strong>saecula,</strong></span> <span class='ocrx_word' id='word_1_900' title='bbox 3222 5572 3279 5619; x_wconf 90' lang='lat' dir='ltr'><strong>et</strong></span> <span class='ocrx_word' id='word_1_901' title='bbox 3305 5572 3466 5619; x_wconf 87' lang='lat' dir='ltr'><strong>natus</strong></span> <span class='ocrx_word' id='word_1_902' title='bbox 3494 5564 3551 5618; x_wconf 91' lang='lat' dir='ltr'><strong>in</strong></span> <span class='ocrx_word' id='word_1_903' title='bbox 3570 5578 3743 5619; x_wconf 69' lang='lat' dir='ltr'><strong>saecu-</strong></span> 
     </span>
    </p>
   </div>
   <div class='ocr_carea' id='block_1_117' title="bbox 2232 5676 3739 5751">
    <p class='ocr_par' dir='ltr' id='par_1_117' title="bbox 2232 5676 3739 5751">
     <span class='ocr_line' id='line_1_117' title="bbox 2232 5676 3739 5751; baseline 0.005 -23"><span class='ocrx_word' id='word_1_904' title='bbox 2232 5678 2261 5717; x_wconf 74' lang='grc' dir='ltr'><strong>ι)</strong></span> <span class='ocrx_word' id='word_1_905' title='bbox 2393 5676 2641 5751; x_wconf 64' lang='grc' dir='ltr'><strong>Ἐυιερῐῃ.</strong></span> <span class='ocrx_word' id='word_1_906' title='bbox 2672 5676 2758 5751; x_wconf 81' lang='lat' dir='ltr'><strong>De</strong></span> <span class='ocrx_word' id='word_1_907' title='bbox 2798 5677 2927 5751; x_wconf 75' lang='lat' dir='ltr'><strong>Fide</strong></span> <span class='ocrx_word' id='word_1_908' title='bbox 2959 5677 3041 5751; x_wconf 79' lang='lat' dir='ltr'><strong>a_d_</strong></span> <span class='ocrx_word' id='word_1_909' title='bbox 3069 5676 3290 5739; x_wconf 88' lang='lat' dir='ltr'><strong>Petrum</strong></span> <span class='ocrx_word' id='word_1_910' title='bbox 3333 5693 3454 5751; x_wconf 90' lang='lat' dir='ltr'><strong>cap.</strong></span> <span class='ocrx_word' id='word_1_911' title='bbox 3500 5676 3557 5745; x_wconf 73' lang='grc'><strong>2,</strong></span> <span class='ocrx_word' id='word_1_912' title='bbox 3586 5690 3739 5735; x_wconf 87' lang='lat' dir='ltr'><strong>num.</strong></span> 
     </span>
    </p>
   </div>
   <div class='ocr_carea' id='block_1_118' title="bbox 2165 5747 3062 5818">
    <p class='ocr_par' dir='ltr' id='par_1_118' title="bbox 2165 5747 3062 5818">
     <span class='ocr_line' id='line_1_118' title="bbox 2165 5747 3062 5818; baseline -0.003 -12"><span class='ocrx_word' id='word_1_913' title='bbox 2165 5747 2252 5816; x_wconf 83' lang='grc'><strong>10,</strong></span> <span class='ocrx_word' id='word_1_914' title='bbox 2286 5748 2370 5813; x_wconf 76' lang='lat' dir='ltr'><strong>tt,</strong></span> <span class='ocrx_word' id='word_1_915' title='bbox 2398 5758 2454 5803; x_wconf 90' lang='lat' dir='ltr'><strong>et</strong></span> <span class='ocrx_word' id='word_1_916' title='bbox 2482 5748 2643 5818; x_wconf 90' lang='lat' dir='ltr'><strong>paulo</strong></span> <span class='ocrx_word' id='word_1_917' title='bbox 2668 5747 2828 5816; x_wconf 88' lang='lat' dir='ltr'><strong>infra,</strong></span> <span class='ocrx_word' id='word_1_918' title='bbox 2859 5747 2947 5817; x_wconf 86' lang='grc'><strong>16,</strong></span> <span class='ocrx_word' id='word_1_919' title='bbox 2976 5748 3062 5810; x_wconf 82' lang='lat' dir='ltr'><strong>l7,</strong></span> 
     </span>
    </p>
   </div>
  </div>
