4030 6358
906 274 1325 339 DOGMATICA.
1363 304 1436 319 —
1458 273 1621 332 ADV.
1657 269 2054 329 ELIPANDUM
2089 270 2271 328 LIBRI
2303 272 2394 330 IV.
2430 301 2501 314 —
2524 270 2654 330 LIB.
2690 272 2780 331 IV.

3374 270 3486 330 290

227 408 304 470 lo,
332 408 389 458 et
416 405 652 470 utraque
677 392 932 453 nativitas
954 392 1114 448 unius
1139 397 1241 454 est,
1271 388 1441 444 Filius
1470 387 1599 451 Dei;
1627 399 1815 441 verum
1841 390 1893 451 Α
1917 400 2092 449 utero.
2120 392 2215 447 Ille
2240 393 2473 448 hominis
2501 397 2711 446 tantum
2738 396 2967 448 matrem
2994 397 3235 448 sanctam
3264 389 3488 446 Mariam

232 497 399 554 etiam
424 494 493 550 de
529 491 721 547 eodem
747 487 938 542 matris
963 494 1119 541 utero
1146 484 1287 539 idem
1312 481 1458 537 Deus
1483 482 1646 536 homo
1672 477 1811 550 [exi-

231 591 329 653 vit,
372 595 428 643 et
473 586 529 641 in
569 581 815 653 sepulcro
845 579 986 634 idem
1029 577 1172 632 Deus
1209 575 1372 630 homo
1421 571 1595 627 factus
1622 568 1811 639 jacuit,

232 687 289 737 et
310 677 382 734 ab
408 673 602 731 inferis
644 672 786 727 idem
815 670 959 724 Deus
992 665 1174 739 homo]
1220 664 1393 720 factus
1418 664 1505 719 die
1534 662 1691 717 tertia
1731 675 1818 715 re-

233 769 494 830 surrexit.
527 787 547 819 ι
576 765 707 820 Item
736 764 790 818 in
810 763 998 818 eadem
1026 759 1252 830 epistola
1277 775 1292 813 :
1319 777 1338 809 ι
1366 757 1593 826 Quibus,
1620 756 1813 825 inquit,

231 861 418 918 verbis
462 857 825 930 explicabitur
857 854 1038 911 carnis
1067 853 1211 908 illius
1239 851 1556 909 excellentia
1584 848 1819 919 singula-

231 957 332 1021 ris,
378 952 537 1023 cujus
580 951 759 1006 divina
793 955 878 1003 est
922 962 988 1001 ex
1024 946 1139 1016 ipsa
1169 945 1251 1000 sui
1299 942 1652 1012 conceptione
1696 955 1819 1010 per-

232 1046 402 1106 sena?
437 1064 458 1099 ι
494 1042 729 1099 Attende
773 1038 902 1109 quid
942 1037 1116 1093 dicit:
1149 1054 1169 1088 ι
1202 1036 1370 1106 Cujus
1414 1043 1487 1088 est
1535 1032 1711 1086 divina
1754 1046 1819 1084 ea:

232 1137 348 1209 ipsa
369 1134 455 1190 sui
481 1131 811 1201 conceptione
835 1144 1076 1199 persona.
1104 1124 1187 1180 An
1222 1124 1417 1194 aliquis
1445 1122 1608 1178 audet
1636 1120 1818 1176 dicere

235 1226 583 1297 adoptionem
612 1236 734 1277 esse
765 1220 820 1275 in
850 1218 1033 1274 divina
1062 1232 1294 1289 persona
1319 1215 1440 1270 Filii
1468 1215 1599 1270 Dei?
1624 1213 1817 1269 Totam

236 1316 419 1387 itaque
444 1312 832 1385 proprietatem
855 1324 1028 1374 suam,
1057 1323 1216 1377 quam
1242 1306 1431 1360 habuit
1456 1313 1581 1360 ante
1601 1302 1816 1368 sacula,

234 1409 416 1465 divina
447 1404 685 1462 servavit
712 1416 942 1473 persona
973 1401 1027 1455 in
1070 1414 1127 1454 se
1172 1400 1305 1467 ipsa,
1336 1397 1464 1451 licet
1512 1396 1820 1451 humanitas

235 1502 659 1570 coniungeretur
691 1494 884 1550 divina
913 1507 1158 1563 persona
1189 1489 1311 1544 Filii
1338 1489 1452 1543 Dei.
1486 1509 1504 1540 ι
1556 1488 1623 1542 Et
1660 1484 1821 1557 paulo

233 1598 354 1664 post
384 1607 398 1642 :
430 1608 450 1640 ι
484 1587 628 1643 Deus
650 1584 981 1655 unigenitus,
1009 1583 1101 1653 qui
1133 1583 1258 1636 dum
1304 1581 1698 1648 conciperetur,
1728 1590 1822 1632 ve-

236 1681 458 1736 ritatem
504 1676 685 1733 carnis
729 1675 936 1745 accepit
980 1688 1047 1727 ex
1088 1673 1325 1742 Virgine.
1373 1671 1479 1725 Ista
1525 1685 1686 1725 causa
1716 1676 1817 1733 est,

1914 485 2140 559 putabat
2185 484 2323 548 ﬁeri,
2367 485 2595 540 alterum
2641 500 2938 557 agnoscens
2985 486 3077 555 qui
3140 492 3265 540 ante
3310 484 3490 539 omnia

1915 586 2160 648 tempora
2184 592 2250 631 ex
2292 577 2450 631 Patre
2476 586 2635 632 natus
2658 585 2771 643 est;
2805 576 3028 632 alterum
3070 592 3302 647 namque
3345 591 3489 643 eum,

1915 669 2007 739 qui
2054 669 2108 723 in
2150 668 2482 738 plenitudine
2528 676 2829 737 temporum
2870 670 3163 726 carnaliter
3184 686 3251 725 ex
3274 671 3494 740 Virgine

1916 760 2079 815 homo
2106 759 2282 815 Iactus
2309 766 2409 814 est.
2438 759 2549 814 Vos
2580 761 2827 829 equidem
2857 777 2964 816 non
2993 762 3189 817 minori
3218 763 3498 832 impietate

1917 850 2125 919 decepti
2172 864 2360 904 verum
2390 849 2484 903 Dei
2514 849 2707 904 Filium
2738 851 2897 905 vultis
2925 867 3067 917 esse,
3103 852 3196 922 qui
3242 861 3367 907 ante
3392 867 3495 907 sa-

1918 941 2035 997 cula
2058 948 2216 995 natus
2239 947 2324 994 est
2354 955 2418 995 ex
2445 938 2635 1003 Patre;
2670 939 2819 993 illum
2856 956 3007 1006 vero,
3047 942 3138 1011 qui
3178 956 3246 997 ex
3271 942 3494 1013 Virgine

1917 1042 2078 1090 natus
2109 1042 2212 1099 est,
2246 1034 2553 1103 adoptivum
2584 1032 2751 1087 ﬁlium
2779 1030 2875 1089 Dei
2904 1052 2917 1088 :
2949 1034 3207 1091 addentes
3234 1043 3291 1092 et
3320 1036 3498 1092 adhuc

1917 1125 2046 1181 huic
2073 1124 2434 1180 incredulitati
2462 1132 2656 1180 vestra
2692 1124 2836 1179 aliud
2874 1125 3166 1196 impietatis
3193 1142 3381 1198 genus,
3414 1126 3499 1183 di-

1919 1225 2105 1274 centes
2146 1216 2314 1273 Deum
2356 1233 2476 1273 esse
2523 1231 2711 1272 verum
2749 1217 2840 1287 qui
2877 1232 2943 1271 ex
2976 1217 3087 1271 Deo
3125 1227 3283 1274 natus
3312 1225 3414 1285 est,
3446 1225 3501 1275 et

1918 1309 2085 1365 Deum
2129 1309 2549 1379 nuncupativum
2579 1348 2595 1373 ,
2640 1308 2915 1364 hominem
2960 1308 3110 1364 illum
3157 1310 3248 1380 qui
3287 1310 3352 1365 de
3382 1310 3504 1365 Vir-

1920 1402 2045 1473 gine
2072 1399 2245 1456 factus
2276 1408 2359 1455 est
2389 1418 2401 1453 :
2441 1409 2602 1469 atque
2636 1415 2797 1469 super
2818 1401 2935 1455 hac
2964 1399 3235 1456 dualitatis
3263 1403 3499 1470 nomina,

1921 1494 1975 1550 id
2015 1503 2120 1559 est,
2164 1492 2410 1549 veritatis
2448 1503 2503 1547 et
2540 1493 2978 1562 nuncupationis,
3025 1495 3370 1564 proprietatis
3399 1493 3502 1568 [et]

1921 1583 2256 1655 adoptionis;
2320 1584 2486 1639 nimia
2535 1584 2778 1640 cacitate
2820 1585 3185 1640 'ohscuratum
3245 1586 3508 1642 habentes

1921 1690 2041 1742 cor,
2064 1676 2242 1733 dicitis
2265 1693 2431 1732 unum
2476 1678 2644 1733 Deum
2684 1693 2803 1733 esse
2828 1685 2884 1732 et
2904 1694 3069 1733 unum
3096 1678 3314 1746 Filium,
3343 1693 3506 1749 quem

236 1787 342 1844 qua
374 1772 519 1826 Deus
563 1768 738 1824 factus
766 1775 850 1824 est
892 1766 1035 1821 ﬁlius
1071 1766 1295 1835 virginis
1340 1764 1544 1829 Maria,
1573 1771 1627 1817 et
1656 1762 1823 1816 Maria
1857 1758 2021 1825 B‘vos
2050 1785 2239 1847 verum
2265 1768 2433 1825 Deum
2469 1776 2525 1822 et
2550 1770 2994 1839 nuncupativum,
3019 1771 3297 1840 proprium
3337 1770 3508 1827 ﬁlium

233 1863 387 1935 virgo
416 1869 594 1918 mater
638 1860 781 1917 facta
822 1867 905 1916 est
947 1860 1211 1928 unigeniti
1246 1859 1359 1913 Dei.
1397 1879 1414 1911 ι
1454 1858 1626 1913 Unum
1657 1857 1823 1927 siqui-

235 1956 359 2013 dem
390 1962 449 2010 et
476 1953 624 2009 illum
666 1951 999 2023 unigenitum
1025 1952 1182 2006 beata
1215 1951 1380 2020 Virgo
1408 1951 1590 2020 genuit
1616 1949 1822 2015 Deum;

234 2059 343 2103 non
373 2045 534 2108 duos,
563 2058 730 2098 unum
758 2057 946 2097 verum
972 2041 1163 2107 Deum,
1192 2049 1248 2096 et
1273 2041 1504 2095 alterum
1544 2056 1824 2111 nuncupa-

235 2136 432 2199 tivum,
461 2134 603 2189 sicut
632 2144 814 2188 vestra
853 2132 991 2188 solet
1016 2131 1286 2186 allirmare
1314 2132 1662 2201 perversitas.
1693 2131 1825 2185 Item

235 2229 291 2286 in
318 2231 514 2283 eadem
542 2240 569 2268 ι
596 2245 610 2281 :
639 2244 658 2278 ι
689 2226 914 2294 Quando
943 2225 997 2279 in
1031 2223 1265 2279 Iordane
1287 2225 1581 2279 secundum
1608 2238 1823 2278 carnem

233 2322 546 2391 baptizatus
596 2327 679 2375 est
717 2319 1029 2387 unigenitus
1065 2317 1208 2373 Deus
1236 2338 1255 2370 ι
1290 2312 1430 2373 Ecce
1459 2318 1649 2373 beatus
1698 2317 1831 2387 Ful-q

235 2412 457 2484 gentius
506 2409 679 2475 illum,
729 2409 821 2480 qui
870 2410 926 2464 in
975 2408 1209 2464 Iordane
1260 2409 1553 2464 secundum
1609 2424 1829 2464 carnem

232 2502 548 2575 baptizatus
589 2510 692 2568 est,
724 2515 886 2571 super
915 2517 1075 2572 quem
1103 2508 1326 2571 paterna
1357 2500 1588 2555 intonuit
1620 2515 1741 2563 vox,
1776 2508 1832 2554 et

236 2592 482 2666 Spiritus
508 2600 731 2649 sanctus
768 2592 820 2647 in
849 2592 1028 2663 specie
1071 2590 1332 2647 cohunba
1371 2591 1667 2655 descendit,
1711 2590 1831 2644 uni-

234 2687 488 2758 genitum
531 2684 702 2740 Deum
749 2684 1057 2740 conﬁtetur.
1100 2684 1234 2739 Item
1281 2683 1372 2753 qui
1415 2699 1575 2754 supra
1605 2683 1660 2737 in
1691 2681 1831 2737 libro

234 2779 438 2844 tertio,
486 2778 580 2849 qui
633 2785 977 2848 nuncupatur
1024 2778 1090 2831 de
1136 2775 1490 2832 Sacramento
1540 2775 1832 2831 Dominica

232 2867 542 2940 passionis;
592 2869 719 2939 quia
769 2868 1097 2938 Redemptor
1144 2878 1352 2934 noster,
1394 2869 1594 2940 inquit,
1641 2877 1835 2923 auctor

233 2959 390 3025 vita,
432 2959 556 3015 ideo
606 2974 637 3014 a
680 2959 842 3014 Petro
893 2959 1133 3029 apostolo
1181 2960 1525 3029 perdocetur,
1576 2960 1831 3029 quoniam

234 3049 392 3107 Deus
433 3065 598 3107 verus
640 3050 1037 3115 incunctanter,
1084 3067 1189 3107 non
1235 3053 1603 3123 autem908
1628 3067 1833 3107 nuncu-

1925 1871 1979 1918 et
2010 1861 2320 1931 adoptivum
2361 1860 2533 1915 multa
2576 1874 2889 1915 sermonum
2927 1862 3188 1916 varietate
3225 1862 3420 1931 sapius
3449 1862 3504 1918 in

1926 1953 2061 2008 duos
2099 1953 2227 2006 deos
2260 1960 2316 2006 et
2340 1952 2393 2006 in
2425 1952 2557 2008 duos
2597 1952 2736 2008 ﬁlios
2763 1953 3016 2008 dividatis
3058 1952 3339 2025 [diriditis]
3372 1975 3383 2008 :
3412 1970 3510 2010 no-

1924 2060 2048 2099 men
2070 2043 2345 2097 dualitatis
2378 2044 2750 2098 tantummodo
2790 2044 2841 2098 in
2871 2043 3119 2114 personis
3145 2053 3508 2111 exsecrantes,

1926 2135 2019 2191 sed
2048 2136 2101 2190 in
2134 2134 2235 2189 ﬁde
2261 2134 2480 2204 propria
2512 2134 2741 2189 ﬁrmiter
2771 2150 2885 2189 rem
2912 2134 3188 2189 dualitatis
3226 2136 3513 2191 ostenden-

1927 2234 2028 2281 tes.
2068 2225 2173 2280 Sed
2218 2225 2380 2294 legite
2428 2224 2738 2295 diligentius
2781 2226 3066 2296 synndales
3112 2225 3323 2281 libellos
3367 2226 3509 2282 beati

1927 2316 2109 2388 Cyrilli
2140 2316 2417 2379 antistitis,
2444 2323 2505 2369 ut
2540 2318 2879 2372 comoscatis
2916 2318 3084 2373 vestri
3122 2318 3325 2373 erroris
3350 2318 3515 2387 origi-

1927 2425 2051 2464 nem
2086 2424 2151 2464 ex
2180 2422 2450 2464 venenosa
2485 2406 2719 2463 Nestorii
2754 2408 2979 2464 ebullire
3002 2410 3278 2479 voragine,
3305 2395 3370 2464 ac
3394 2424 3516 2463 vos-

1928 2500 2190 2564 metipsos
2223 2514 2285 2553 ex
2319 2499 2463 2553 illius
2498 2499 2825 2554 sanctissimi
2854 2498 3053 2563 Patris,
3081 2499 3223 2554 beati
3251 2498 3516 2568 siquidem

1929 2590 2137 2662 Cyrilli,
2184 2590 2380 2645 litteris
2426 2590 2712 2659 corrigite;
2752 2599 3040 2660 sequentes
3082 2589 3387 2645 charissimi‘
3415 2604 3512 2644 ve-

1930 2683 2028 2738 stri
2058 2681 2327 2753 quondam
2349 2680 2565 2743 Felicis,
2593 2696 2737 2736 nunc
2765 2689 2943 2736 autem
2974 2681 3142 2734 nostri
3169 2679 3472 2749 exemplum
3496 2696 3511 2735 :

1932 2775 2025 2846 qui
2053 2775 2194 2828 viam
2238 2773 2482 2828 veritatis
2526 2788 2876 2843 cognoscens.
2909 2787 3014 2825 non
3052 2770 3271 2826 erubuit
3308 2769 3511 2826 erroris

1934 2868 2014 2923 sui
2060 2866 2305 2922 conﬁteri
2343 2864 2727 2936 ignorantiam,
2774 2871 2828 2917 et
2866 2879 2965 2934 per
2992 2862 3151 2917 ﬁdem
3201 2862 3519 2918 catholicam

1932 2961 2126 3018 unitati
2160 2959 2413 3016 Ecclesia
2441 2958 2641 3015 Christi
2668 2958 2904 3029 seipsum
2932 2957 3319 3027 compaginari.
3349 2956 3521 3011 Pona-

1934 3072 2057 3112 mus
2084 3063 2263 3109 tamen
2292 3067 2463 3122 pauca
2494 3066 2557 3106 ex
2597 3051 2741 3106 illius
2786 3058 2912 3105 ante
2939 3048 3203 3104 nominati
3240 3048 3420 3105 Patris
3461 3048 3523 3103 li-

232 3142 461 3213 paliws
491 3141 793 3197 credendus
836 3142 927 3207 sit.
962 3142 1037 3197 ita
1061 3151 1183 3212 post
1208 3143 1435 3213 plurima
1467 3141 1733 3198 subinfert
1758 3144 1785 3183 δ
1814 3161 1826 3196 ε
1859 3134 1904 3197 C
1935 3148 2076 3205 bello
2105 3145 2434 3209 testimonia,
2464 3150 2732 3214 quatenus
2776 3158 2844 3198 ex
2875 3141 3087 3196 illorum
3115 3140 3346 3196 lectione
3370 3141 3524 3197 intel-

240 3253 261 3288 ι
293 3235 382 3291 Ex
409 3250 520 3307 quo
548 3234 716 3304 igitur
741 3235 884 3291 Deus
912 3236 1035 3290 vita
1061 3244 1252 3291 auctor
1281 3237 1553 3291 hominem
1584 3236 1637 3290 in
1661 3236 1836 3290 unita-

237 3336 355 3384 tem
376 3342 628 3399 persona
656 3327 911 3396 suscepit,
944 3343 1011 3382 ex
1034 3342 1142 3397 quo
1172 3326 1305 3399 [Al.,
1338 3342 1403 3382 ex
1430 3325 1517 3398 eo]
1551 3326 1641 3381 ille
1676 3326 1837 3381 homo

237 3434 447 3475 nomen
470 3418 596 3472 vita
616 3419 856 3474 auctoris
878 3419 1129 3473 obtinuit.
1161 3438 1179 3470 ι
1208 3419 1341 3485 Quis
1362 3427 1540 3488 potest
1566 3418 1691 3472 vita
1720 3429 1840 3472 esse

238 3518 463 3575 auctor,
508 3509 608 3564 nisi
650 3525 811 3564 verus
855 3509 1033 3564 Deus?
1060 3508 1214 3577 Quod
1245 3510 1437 3563 beatus
1480 3507 1674 3563 Petrus
1718 3521 1840 3578 per—

239 3602 436 3672 spicue
462 3607 693 3655 testatur
718 3600 773 3654 in
804 3614 1074 3664 sermone,
1104 3614 1265 3670 quem
1290 3599 1480 3675 habuit
1500 3599 1565 3653 ad
1590 3597 1835 3663 Judmos;

238 3703 373 3765 post
392 3694 503 3749 alia
525 3693 853 3749 excellenter
873 3693 1102 3764 prolata,
1134 3694 1238 3748 hoc
1269 3706 1481 3762 quoque
1508 3691 1798 3746 subnexuit
1822 3708 1835 3744 :

248 3780 361 3837 Vos
388 3799 527 3846 vero,
561 3782 755 3852 inquit,
781 3792 1019 3836 sanctum
1042 3791 1090 3836 et
1109 3782 1317 3852 justum
1345 3781 1572 3851 negastis
1604 3790 1724 3834 ante
1753 3779 1839 3848 fa-

242 3874 378 3927 ciem
426 3871 615 3939 Pilati,
644 3872 923 3943 judicante
964 3872 1057 3927 illo
1101 3872 1318 3937 dimitti,
1359 3880 1407 3925 et
1441 3871 1643 3942 petistis
1673 3871 1842 3924 virum

245 3963 575 4018 homicidam
618 3964 807 4019 donari
837 3965 996 4020 vobis.
1047 3965 1324 4018 Auctorem
1353 3980 1470 4018 vero
1501 3963 1619 4017 vita
1647 3964 1841 4016 intere-

245 4057 442 4121 mistis,
472 4057 839 4126 suspendentes
863 4059 919 4111 in
945 4057 1085 4126 ligno
1111 4057 1248 4127 (Act.
1280 4074 1363 4123 ιιι,
1393 4057 1503 4128 II).
1534 4056 1686 4125 Quod
1713 4056 1845 4112 olim

248 4143 469 4217 Moyses
505 4145 687 4201 divino
716 4146 910 4219 dignus
962 4147 1175 4216 eloquio
1229 4148 1545 4216 prophetico
1594 4147 1846 4218 pradixit

246 4237 444 4308 Spiritu
468 4233 732 4302 futurum,
762 4236 852 4291 ubi
884 4237 961 4290 ait
988 4251 1003 4290 :
1043 4235 1251 4291 Videbis
1273 4239 1429 4291 vitam
1453 4248 1596 4292 tuam
1616 4238 1847 4309 penden-

250 4339 359 4384 tem
380 4338 503 4383 ante
524 4338 593 4393 te,
610 4338 657 4385 et
680 4327 829 4401 [non]
861 4329 1038 4384 credes
1060 4331 1176 4386 vita
1200 4340 1303 4384 tute
1326 4329 1502 4401 (Deut.
1520 4348 1711 4395 xxvm,
1733 4330 1844 4402 66).

325 4440 396 4495 V.
438 4439 554 4495 Hoc
594 4440 755 4496 velim
796 4442 1098 4498 certissime
1136 4458 1233 4497 vos
1272 4458 1619 4515 cognoscere,
1669 4459 1703 4498 ο
1739 4444 1843 4499 viri

250 4529 460 4586 fratres
488 4530 650 4601 hujus
690 4532 992 4602 adoptionis
1016 4532 1069 4587 in
1114 4532 1331 4589 Christo
1362 4544 1678 4597 assertores,
1705 4535 1847 4603 quod

252 4619 525 4689 quidquid
556 4619 749 4675 beatus
775 4619 1010 4691 Cyrillus
1030 4621 1415 4679 Alexandrina
1432 4624 1687 4681 Ecclesia
1715 4641 1849 4695 pon-

252 4708 396 4765 tifex
430 4709 676 4781 synodali
708 4713 1028 4767 auctoritate
1056 4713 1221 4784 impio
1264 4715 1543 4785 respondit
1575 4715 1849 4782 Nestorio,

250 4801 420 4857 vobis
473 4815 792 4871 responsum
840 4817 961 4859 esse
1009 4804 1213 4874 absque
1259 4805 1421 4860 dubio
1466 4806 1649 4862 sciatis
1680 4820 1695 4860 :
1723 4807 1850 4875 quia

253 4891 508 4960 ejusdem
542 4893 743 4949 erroris
772 4894 1025 4966 impietas
1053 4895 1295 4965 ejusdem
1342 4897 1582 4953 veritatis
1628 4913 1852 4968 respon-

253 4984 509 5041 sionibus
536 4984 743 5040 destrui
790 4986 967 5041 debet.
996 4986 1139 5042 Nihil
1164 4996 1400 5058 ’prorsus
1446 4997 1616 5045 restat
1642 4987 1851 5062 [Forte,

254 5072 454 5147 distat]
490 5083 685 5131 vestra
710 5076 951 5147 perﬁdia
981 5085 1127 5134 secta
1159 5079 1227 5135 ab
1254 5079 1568 5135 inﬁdelitate
1596 5079 1852 5144 Nestorii,

254 5166 371 5223 nisi
412 5169 553 5237 quod
580 5169 667 5226 ille
697 5171 752 5225 in
781 5180 956 5228 matre
982 5172 1207 5244 Virgine
1235 5174 1455 5238 erravit,
1496 5188 1593 5228 vos
1632 5173 1687 5228 in
1715 5172 1854 5229 Filio

254 5257 507 5316 Christo.
548 5261 644 5321 Ille
685 5266 918 5320 asseruit
955 5265 1170 5321 beatam
1205 5266 1481 5337 Virginem
1508 5265 1604 5321 Dei
1633 5266 1855 5338 genitri-

255 5367 388 5409 cem
416 5368 522 5410 non
549 5370 690 5423 esse,
717 5374 815 5414 vos
838 5373 969 5414 vero
992 5356 1294 5424 alllrmatis,
1322 5374 1424 5415 nec
1445 5356 1616 5415 Deum
1641 5374 1853 5425 verum,

256 5460 369 5503 nec
401 5444 497 5503 Dei
522 5463 652 5507 vere
675 5448 872 5507 Filium
908 5467 1049 5520 esse,
1079 5453 1172 5524 qui
1202 5459 1363 5509 natus
1388 5461 1472 5509 est
1497 5468 1566 5510 ex
1604 5452 1855 5525 virginali

340 5614 369 5642 ι
397 5599 472 5676 _S.
501 5601 744 5674 Fulgent.
794 5604 869 5659 De
913 5605 1045 5661 Fide
1086 5607 1153 5660 ad
1190 5605 1429 5669 Petrum,
1461 5620 1580 5676 cap.
1626 5606 1678 5665 9.
1706 5621 1853 5660 num.

260 5672 360 5737 52,
396 5672 826 5745 integer'textus,
849 5677 920 5731 ita
953 5685 1108 5731 sonat
1135 5691 1149 5729 :
1179 5676 1376 5732 «Filius
1402 5672 1548 5732 solus
1572 5684 1672 5737 est,
1700 5691 1863 5745 super

262 5759 440 5816 quem
469 5759 572 5800 vox
600 5744 689 5801 illa
716 5746 880 5804 solius
912 5747 1088 5803 Patris
1114 5748 1369 5813 insonuit,
1414 5747 1627 5818 quando
1664 5748 1719 5805 in
1745 5744 1876 5805 lora.

1937 3239 2136 3311 ligatis,
2169 3237 2296 3308 quid
2324 3252 2422 3306 per
2464 3235 2759 3299 hominem,
2807 3233 2949 3289 serie
2988 3230 3142 3304 [Cod.
3173 3232 3374 3297 Paris.,
3400 3232 3527 3301 quid

1935 3348 2035 3403 per
2065 3345 2283 3387 omnem
2312 3327 2530 3399 seriem]
2563 3328 2869 3382 litterarum
2898 3342 3142 3390 suarum,
3176 3325 3347 3381 astrui
3377 3324 3526 3380 velit.

2007 3444 2096 3499 Vl.
2136 3443 2278 3497 Dicit
2309 3442 2490 3512 itaque
2529 3441 2585 3495 in
2629 3456 2691 3496 ea
2736 3441 2985 3511 epistola,
3029 3456 3190 3510 quam
3238 3440 3304 3493 ad
3352 3439 3525 3508 ipsum

1939 3535 2136 3590 direxit
2170 3532 2477 3588 Nestorium
2507 3532 2649 3587 inter
2684 3540 2878 3587 catera
2906 3532 2985 3587 sic
3017 3550 3030 3584 :
3061 3550 3080 3583 ‹
3116 3530 3216 3595 Ita,
3257 3531 3529 3599 inquiens,

1940 3626 2214 3682 Christum
2242 3639 2409 3678 unum
2452 3632 2506 3677 et
2554 3623 2839 3678 Dominum
2886 3622 3224 3684 conlitemur,
3256 3636 3363 3676 non
3410 3629 3530 3675 tan-

1940 3733 2101 3789 quam
2136 3717 2406 3771 hominem
2429 3730 2551 3770 cum
2581 3715 2761 3770 Verbo
2792 3717 3082 3770 adorantes
3103 3756 3117 3779 ,
3151 3729 3218 3769 ne
3247 3712 3527 3769 divisionis

1941 3809 2188 3880 quadam
2222 3807 2432 3877 species
2472 3807 2790 3872 inducatur;
2829 3807 2922 3863 sed
2952 3823 3117 3861 unum
3150 3806 3343 3862 Filium
3373 3821 3528 3862 eum-

1941 3901 2173 3967 demque
2214 3898 2523 3953 adorantes.
2571 3918 2589 3950 ι
2639 3899 2771 3954 Item
2819 3899 2873 3953 in
2921 3898 3128 3970 synodo
3167 3897 3531 3953 celeberrima

1904 3990 2325 4053 .auctoritatis,
2372 4005 2492 4058 qua
2536 3998 2863 4061 congregata
2906 3998 2989 4045 est
3041 3990 3095 4044 in
3143 3990 3410 4060 Ephesina
3455 3989 3531 4045 ci-

1943 4084 2113 4137 vitate
2153 4090 2343 4138 contra
2374 4082 2550 4152 ipsum
2590 4082 2922 4149 Nestorium,
2967 4083 3045 4139 sic
3083 4083 3148 4139 de
3173 4082 3392 4138 Christo
3422 4082 3537 4153 ipse

1945 4172 2177 4244 Cyrillus
2224 4180 2460 4229 testatur
2501 4172 2709 4245 (Epist.
2752 4174 2777 4227 I
2810 4174 2876 4228 ad
2906 4174 3201 4229 monachos
3236 4172 3535 4245 Egypti):

1952 4280 1971 4313 ι
2008 4262 2127 4317 Non
2175 4263 2488 4329 hominem,
2542 4264 2657 4327 ait,
2704 4271 2758 4318 et
2809 4264 3044 4319 Verbum
3096 4265 3230 4319 duos
3270 4264 3535 4329 Christos,

1948 4354 2179 4408 alterum
2226 4353 2534 4419 sublimem,
2570 4362 2626 4409 et
2650 4354 2877 4409 alterum
2906 4355 3209 4420 subditum;
3250 4356 3342 4410 sed
3372 4356 3537 4409 Deum

1948 4452 2004 4499 et
2050 4444 2326 4500 hominem
2378 4460 2547 4501 unum
2600 4447 2959 4517 eumdemque
3016 4446 3340 4502 conﬁtemur
3385 4446 3540 4501 Chri-

1952 4545 2117 4592 stum.
2172 4556 2192 4590 ι
2248 4537 2503 4609 Nunquid
2557 4555 2664 4595 non
2720 4540 2856 4597 duos
2910 4539 3159 4596 Christos
3219 4539 3539 4604 conﬁtetur,

1950 4644 2116 4683 unum
2162 4628 2472 4696 sublimem,
2518 4639 2574 4685 et
2612 4631 2846 4687 alterum
2890 4631 3213 4701 subjectum,
3267 4634 3357 4702 qui
3412 4633 3541 4689 dicit

1950 4734 2121 4775 unum
2161 4719 2439 4777 Christum
2474 4736 2665 4777 verum
2696 4722 2886 4787 Deum,
2926 4730 2982 4778 et
3010 4722 3238 4778 alterum
3268 4738 3542 4793 nuncupa-

1950 4810 2153 4875 tivum;
2183 4811 2270 4868 vel
2298 4828 2467 4867 unum
2496 4811 2808 4878 Dominum,
2836 4821 2891 4868 et
2922 4812 3152 4869 alterum
3195 4814 3451 4869 servum?
3474 4813 3541 4868 Et

1950 4903 2112 4973 paulo
2137 4910 2293 4973 post:
2330 4920 2349 4953 ‹
2383 4900 2773 4973 Nuncupamur
2802 4905 3002 4959 etenim
3032 4921 3131 4960 nos
3172 4905 3274 4976 ipsi
3297 4921 3396 4976 per
3423 4920 3544 4976 gra-

1957 4993 2088 5048 tiam
2112 4993 2227 5056 Dei,
2254 5001 2627 5049 verumtamen
2663 5008 2771 5048 non
2802 4993 2877 5049 ita
2907 4995 3051 5050 Deus
3082 4994 3275 5060 Filius,
3316 4994 3410 5050 sed
3451 5009 3541 5047 na-

1959 5094 2081 5142 tura
2116 5087 2290 5156 magis
2325 5094 2380 5141 et
2407 5086 2659 5153 veritate,
2689 5087 2818 5143 licet
2851 5103 2981 5144 caro
3018 5089 3091 5143 sit
3118 5087 3311 5145 factus.
3348 5108 3366 5141 ι
3394 5086 3464 5142 Εῑ
3491 5087 3543 5142 ἰη

1957 5179 2305 5251 sequentibus
2337 5177 2492 5233 inﬁt:
2524 5196 2544 5230 ‹
2573 5177 2682 5234 Nos
2703 5179 2919 5249 quidem
2950 5189 3004 5235 et
3042 5189 3228 5236 sancto
3267 5178 3415 5234 uncti
3455 5193 3546 5233 su-

1958 5287 2081 5327 mus
2104 5269 2271 5341 909
2296 5267 2523 5341 Spiritu,
2547 5270 2856 5342 adoptionis
2880 5272 3144 5341 siquidem
3169 5273 3403 5327 ditamur
3424 5283 3547 5341 gra-

1961 5363 2061 5429 tia,
2083 5376 2447 5433 vocamurque
2466 5362 2631 5417 etiam
2650 5362 2754 5429 dii;
2782 5372 2982 5419 nostra
3007 5379 3136 5419 vero
3163 5371 3373 5418 natura
3396 5375 3546 5416 men-

1966 5467 2151 5508 suram
2207 5466 2315 5509 non
2353 5451 2678 5523 ignoremus.
2732 5451 2933 5509 Sumus
2971 5454 3113 5508 enim
3159 5468 3226 5508 ex
3274 5460 3444 5517 terra,
3490 5459 3547 5509 et

1967 5588 2102 5738 (ἔειπε
2153 5610 2446 5667 secundum
2493 5625 2710 5667 carnem
2748 5612 3050 5686 baptizatus
3104 5619 3187 5668 est
3239 5612 3548 5687 unigenitus

2015 5700 2128 5738 eus.
2163 5704 2182 5736 ι

2015 5700 2128 5739 805.
2163 5704 2182 5736 ι

2042 5755 2071 5795 b
2107 5754 2252 5811 Idem
2278 5757 2346 5812 ad
2367 5753 2781 5813 Trasimundum
2814 5770 3013 5828 regem,
3042 5770 3160 5830 cap.
3188 5756 3277 5817 1%.
