4030 6358
488 305 590 364 291

1317 295 1378 351 Β.
1417 293 1478 348 F.
1516 290 1744 348 ALBINI
1782 287 1914 346 SEU
1951 285 2224 343 ALCUINI
2271 281 2556 342 OPERUM
2591 280 2773 338 PARS
2807 279 2894 334 iii.

487 417 796 476 habitamus
815 414 956 472 inter
978 427 1180 471 servos.
1201 412 1270 467 Et
1289 411 1375 466 ille
1394 419 1496 475 est,
1521 425 1625 464 non
1650 409 1704 462 in
1729 405 1925 477 quibus
1948 419 2060 467 nos,
2093 409 2143 464 Α
2169 401 2338 470 ipsum
2366 397 2645 451 exinani'vit
2676 396 2902 465 formam
2929 392 3062 448 servi
3087 391 3377 464 suscipiens
3419 390 3645 463 (Philip.
3688 408 3743 458 ιι,

489 510 584 566 sed
624 517 817 564 natura
863 522 990 562 vere
1033 505 1220 572 Filius,
1250 511 1305 558 et
1340 503 1580 558 omnium
1607 500 1884 555 Dominus.
1919 517 1936 549 ι
1970 496 2068 551 At-

491 600 653 657 tende
697 599 1006 670 diligentius
1057 595 1324 667 quomodo
1377 594 1629 651 discrevit
1675 593 1816 647 inter
1871 599 2071 645 nostra:

492 695 792 766 adoptionis
819 693 1154 764 dignitatem,
1184 697 1239 745 et
1265 691 1560 745 naturalem
1598 690 1652 744 in
1679 687 1894 744 Christo
1931 687 2070 743 Filio

493 783 610 850 Dei,
666 784 758 858 qui
809 800 874 839 ex
913 783 1131 854 Virgine
1181 790 1339 838 natus
1391 790 1514 848 est,
1567 783 1892 837 veritatem:
1927 781 2070 852 quod

493 879 668 934 adhuc
707 877 1072 950 perspicacius
1115 877 1172 931 in
1220 877 1566 948 sequentibus
1619 893 1744 931 mox
1785 876 2069 931 ostendere

494 967 747 1023 curavit:
787 986 806 1018 ι
841 966 1128 1034 Quocirca,
1177 967 1448 1036 inquiens,
1499 982 1565 1021 ex
1605 969 1810 1022 duabus
1850 967 2066 1036 quidem

492 1058 652 1112 rebus
679 1057 1062 1119 indubitanter,
1089 1057 1368 1112 divinitate
1389 1066 1442 1112 et
1467 1059 1823 1123 humanitate,
1853 1059 2068 1112 Emma-

492 1145 616 1200 nuel
658 1155 759 1200 est.
807 1145 1192 1200 Verumtamen
1229 1162 1366 1199 unus
1407 1146 1665 1200 Dominus
1712 1143 1866 1200 Jesus
1908 1144 2065 1200 Chri-

495 1244 630 1300 stus,
659 1250 908 1304 unusque
947 1243 1001 1290 et
1037 1250 1164 1289 vere
1203 1233 1390 1300 Filius,
1421 1235 1562 1288 Deus
1602 1234 1761 1288 simul
1793 1244 1846 1288 et
1875 1235 2062 1299 homo;

491 1335 670 1381 etnon
693 1327 855 1380 homo
880 1326 1023 1381 Deus
1047 1326 1242 1392 factus,
1271 1325 1371 1380 sub
1394 1326 1701 1395 aequalitate
1731 1327 1939 1390 horum,
1969 1326 2066 1396 qui

488 1433 587 1488 per
605 1419 864 1489 gratiam;
905 1417 996 1473 sed
1023 1417 1165 1472 Deus
1191 1418 1371 1487 potius
1412 1433 1592 1472 verus.
1630 1437 1648 1469 ›
1684 1417 1835 1482 Vide,
1875 1417 2063 1482 lector,

486 1515 543 1578 et
569 1506 806 1576 intellige
834 1523 994 1578 quam
1017 1508 1335 1563 ﬁducialiter
1353 1507 1628 1564 Christum
1662 1509 1715 1562 in
1743 1509 1948 1563 duabus
1971 1525 2067 1562 na-

489 1602 626 1655 turis
653 1601 902 1667 afﬁrmat,
933 1601 1074 1672 quod
1104 1602 1175 1656 sit
1204 1617 1341 1657 unus
1376 1611 1432 1656 et
1458 1603 1626 1657 Filius
1655 1603 1820 1658 etiam
1859 1613 1914 1656 et
1941 1616 2066 1656 vere

489 1691 652 1758 Deus,
699 1708 808 1748 non
855 1695 1150 1750 secundum
1189 1695 1418 1765 gratiam
1464 1695 1604 1750 sicut
1647 1709 1764 1750 nos.
1813 1693 2062 1759 Attende,

2174 491 2248 560 6).
2296 491 2426 543 item
2465 497 2522 542 ut
2566 503 2730 541 unum
2760 485 3070 540 ostenderet
3113 484 3166 538 in
3193 485 3411 538 Christo
3438 499 3744 556 personam,

2172 582 2278 636 alio
2329 581 2446 635 loco
2477 581 2589 634 ait:
2620 579 2684 632 Et
2731 597 2821 647 ego
2866 579 2912 632 si
2950 577 3076 648 quid
3117 577 3326 640 donavi,
3371 578 3430 630 in
3475 593 3746 648 personant

2173 672 2368 729 Christi
2401 673 2591 727 donavi
2621 671 2706 742 (Η
2738 670 2860 724 Cor.
2897 685 2960 735 ιι,
3005 669 3113 740 10).
3145 681 3170 710 ι
3209 689 3226 720 ι
3255 669 3379 741 Egit
3417 671 3563 726 enim
3605 679 3748 726 utra-

2171 781 2275 838 que
2304 767 2478 820 forma
2510 780 2632 820 cum
2662 764 2886 818 alterius
2915 762 3310 826 communione,
3342 773 3402 816 ut
3425 761 3619 818 beatus
3643 763 3747 820 Leo

2171 859 2270 924 ait,
2315 858 2459 927 quod
2507 855 2786 927 proprium
2829 860 2911 909 est
2939 853 3124 918 Verbi,
3155 853 3332 908 Verbo
3375 853 3588 909 scilicet
3625 865 3750 924 ope-

2170 959 2348 1014 rante,
2390 949 2532 1018 quod
2563 948 2726 1002 Verbi
2757 955 2860 1012 est,
2889 961 3055 1001 carne
3083 953 3434 1014 exsequente,
3465 945 3608 1014 quod
3635 959 3750 1000 ear-

2170 1043 2256 1096 nis
2280 1049 2383 1095 est.
2411 1040 2588 1095 Unum
2620 1040 2810 1093 horum
2844 1039 3094 1093 coruscat
3121 1037 3420 1102 miraculis,
3454 1035 3599 1091 aliud
3633 1051 3748 1091 sue-

2171 1133 2374 1187 cumbit
2416 1129 2642 1198 injuriis.
2675 1129 2741 1182 Et
2767 1131 2909 1183 sicut
2936 1129 3172 1183 Verbum
3211 1128 3282 1184 ab
3321 1128 3630 1198 aequalitate
3655 1141 3747 1198 pa-

2171 1233 2338 1278 terna:
2387 1221 2569 1292 glorite
2615 1237 2719 1275 non
2771 1219 2994 1283 recedit,
3051 1220 3125 1273 ita
3167 1219 3342 1292 [caro]
3391 1227 3447 1275 et
3499 1227 3746 1276 naturam

2169 1313 2340 1368 nostri
2370 1312 2583 1382 generis
2613 1327 2715 1364 non
2754 1310 2990 1378 reliquit.
3017 1309 3169 1365 Unus
3197 1311 3340 1366 enim
3369 1311 3620 1380 idernque
3643 1317 3746 1376 est,

2169 1404 2310 1473 quod
2341 1419 2480 1473 sazpe
2518 1403 2803 1458 diccridum
2847 1409 2952 1468 est,
2990 1416 3118 1455 vere
3161 1401 3253 1456 Dei
3293 1401 3486 1466 Filius,
3529 1411 3584 1456 et
3628 1417 3750 1457 vere

2168 1497 2403 1552 hominis
2433 1496 2593 1550 ﬁlius.
2627 1517 2644 1547 )
2683 1495 2959 1549 Videtisne
3011 1493 3152 1564 quod
3197 1494 3391 1549 beatus
3422 1491 3534 1548 Leo
3556 1494 3747 1564 prteci-

2167 1603 2305 1658 puus
2334 1587 2611 1642 catholicae
2641 1586 2762 1639 ﬁdei
2791 1585 2990 1641 Doctor
3014 1599 3200 1638 verum
3229 1581 3324 1640 Dei
3353 1584 3550 1639 Filium
3593 1584 3750 1639 Chri-

2168 1688 2310 1734 stum
2341 1680 2648 1742 conﬁtetur,
2679 1685 2733 1731 et
2756 1693 2946 1732 verum
2979 1675 3218 1731 hominis
3235 1675 3444 1730 ﬁlium?
3467 1675 3573 1730 {ibi
3603 1675 3752 1730 inve-

489 1787 808 1841 subsecums
833 1777 948 1842 an;
979 1806 997 1836 ε
1027 1759 1216 1841 pa‘am'
1253 1802 1382 1857 ergo
1423 1795 1530 1853 est,
1570 1788 1695 1858 quia
1727 1789 1948 1843 animus
1980 1804 2067 1844 res
2099 1759 2142 1820 Β
2172 1770 2329 1826 nistis
2363 1771 2416 1824 in
2447 1771 2680 1824 humana
2710 1785 2832 1823 cum
2859 1782 2977 1822 esse
2997 1777 3194 1822 natura
3225 1767 3534 1837 adoptivum
3561 1765 3750 1832 ﬁlium,

489 1888 762 1950 assumpta
787 1879 1096 1934 necessario
1119 1880 1336 1949 quidem
1361 1880 1638 1950 proprium
1664 1881 1858 1936 Filium
1886 1882 2067 1936 decla—

490 1969 629 2024 ravit
653 1970 768 2036 Dei,
802 1971 893 2040 qui
929 1985 998 2026 ex
1044 1981 1232 2027 sancta
1259 1973 1478 2044 Virgine
1506 1981 1606 2028 est.
1634 1994 1653 2024 ι
1687 1975 1841 2039 item,
1872 1982 1933 2027 ut
1971 1973 2066 2028 ad—

488 2061 713 2116 versarii
749 2061 1056 2117 destrueret
1087 2064 1251 2129 dicta,
1281 2065 1552 2118 contrario
1570 2067 1752 2135 posuit
1785 2081 2070 2135 argumen—

487 2159 643 2208 tum:
680 2171 698 2204 ι
731 2151 838 2210 Sed
881 2155 930 2208 si
976 2163 1060 2208 est
1104 2154 1374 2220 Christus,
1419 2155 1627 2224 inquit,
1684 2171 1858 2226 neque
1903 2157 2069 2212 Filius

489 2257 631 2308 vere,
667 2259 842 2314 neque
884 2244 1209 2299 naturaliter
1252 2245 1414 2311 Deus,
1447 2247 1542 2300 sed
1585 2248 1744 2302 homo
1787 2264 1955 2317 purus
1985 2265 2070 2302 se-

488 2335 717 2390 cundum
741 2350 859 2400 nos,
892 2344 946 2390 et
975 2336 1273 2391 divinitatis
1295 2351 1586 2405 organum;
1637 2338 1826 2394 salvati
1853 2340 2069 2410 quidem

488 2441 674 2481 sumus
701 2442 808 2481 non
833 2427 888 2480 in
916 2425 1027 2483 Deo
1057 2426 1472 2498 quodammodo,
1521 2428 1615 2483 sed
1656 2427 1710 2483 in
1755 2445 1861 2483 uno
1899 2429 2070 2498 magis

489 2518 784 2574 secundum
829 2533 948 2584 nos,
1004 2518 1268 2573 moriente
1306 2535 1404 2590 pro
1453 2521 1627 2586 nobis,
1669 2528 1724 2574 et
1775 2521 2067 2575 virtutibus

489 2595 676 2668 alienis
728 2613 1070 2668 resuscitato.
1105 2631 1123 2665 ι
1157 2612 1222 2667 Et
1269 2614 1323 2666 in
1367 2613 1474 2668 ﬁne
1521 2613 1836 2670 eorumdcm
1864 2629 2070 2669 sermo-

487 2716 614 2756 num
649 2717 663 2756 :
699 2721 718 2753 ‹
746 2701 982 2758 Colimus
1013 2711 1191 2758 autem
1224 2721 1328 2758 non
1357 2721 1552 2774 purum
1579 2706 1874 2771 hominem,
1906 2705 2063 2760 absit!

484 2790 578 2846 sed
623 2791 792 2848 Deum
831 2795 1019 2874 potius
1057 2795 1398 2864 naturaliter,
1447 2803 1555 2852 non
1603 2797 1913 2869 ignorantes
1952 2799 2068 2870 ejus

485 2879 734 2952 gloriam,
761 2882 888 2938 licet
911 2883 1086 2940 factus
1113 2887 1201 2942 sit.
1234 2907 1253 2940 ι

544 2983 666 3067 LVll.
707 3011 846 3079 Quid
871 3029 1009 3084 opus
1042 3025 1128 3071 est
1159 3016 1317 3087 phira
1353 3019 1604 3088 excipere
1629 3019 1871 3090 ejusdem
1897 3021 2066 3078 libelli

485 3103 816 3168 testimonia,

487 3288 632 3344 tibus
655 3291 923 3345 adunatus
950 3299 1053 3357 est,
1079 3301 1142 3346 ut
1167 3292 1470 3350 destrueret
1499 3297 1640 3352 hanc
1672 3298 1846 3368 ipsam
1875 3299 2069 3368 iniqui-

485 3381 615 3436 tatis
645 3383 948 3447 sectam,-in
975 3400 1082 3454 qua
1108 3400 1204 3440 vos
1233 3402 1354 3442 cum
1381 3388 1633 3445 Nestorio
1661 3391 1899 3446 irretitos
1927 3408 2064 3460 esse,

484 3471 628 3526 nulla
648 3481 733 3528 est
763 3473 1028 3530 dubitatio
1059 3490 1073 3529 :
1101 3477 1243 3546 quod
1273 3479 1576 3535 certissime
1609 3480 1849 3548 ejusdem
1879 3484 2068 3553 synodi

483 3561 696 3620 litteras
717 3565 956 3636 legentes
981 3583 1274 3640 agnoscere
1303 3571 1551 3639 potestis,
1573 3574 1618 3627 si
1645 3574 1821 3643 aliqua
1847 3575 1899 3628 in
1919 3575 2070 3630 vobis

484 3659 765 3714 rationalis
793 3672 1056 3717 creaturae
1088 3665 1354 3734 particula
1378 3669 1718 3722 remanserit.
1748 3670 1862 3725 Iloc
1895 3671 2067 3726 solum

483 3751 637 3806 vobis
669 3763 839 3808 restat
868 3757 1114 3823 remedii,
1148 3766 1206 3810 ut
1236 3767 1346 3812 tota
1369 3761 1566 3814 mentis
1593 3762 1874 3818 alacritate
1899 3765 2066 3819 relin-

483 3845 662 3915 quatis
711 3847 1083 3905 inﬁdelitatem
1132 3851 1274 3906 illius
1315 3853 1549 3908 Nestor-ii
1593 3866 1753 3924 atque
1784 3839 2066 3925 vestram,

483 3949 602 4004 quae
645 3937 833 4005 procul
875 3938 1038 3992 dubio
1080 3954 1146 3994 ex
1194 3941 1354 3995 unius
1395 3944 1591 3998 radicis
1636 3946 1911 4014 impietate
1939 3965 2068 4019 pro-

483 4027 667 4081 cessit.
698 4026 804 4082 Aut
842 4030 889 4083 si
931 4031 1033 4086 hoc
1076 4046 1184 4085 non
1225 4032 1490 4102 placuerit
1520 4035 1828 4104 pertinacia:
1853 4048 2065 4106 vestras,

483 4120 674 4175 scitote
705 4121 1006 4177 certissime
1052 4125 1430 4182 ecclesiastica:
1473 4131 1810 4185 auctoritatis
1838 4148 2068 4190 censura

483 4227 582 4267 vos
608 4229 730 4266 cum
757 4214 848 4270 illo
878 4216 1042 4270 etiam
1072 4219 1403 4274 :eternaliter
1445 4221 1779 4278 damnandos
1811 4239 1950 4290 esse,
1975 4227 2068 4294 qui

485 4307 833 4361 serenitatem
883 4311 1160 4366 catholicae
1209 4313 1333 4367 ﬁdei
1383 4330 1478 4384 per
1529 4316 1725 4371 multas
1777 4319 2069 4376 orientales

486 4395 673 4451 mundi
707 4407 888 4468 partes
917 4414 1028 4454 sua:
1061 4402 1306 4470 perﬁdia:
1333 4405 1544 4461 nebulis
1583 4409 1954 4476 obumbravit,
1983 4421 2067 4466 at-

486 4503 591 4557 que
633 4488 751 4543 ideo
770 4485 920 4555 justo
953 4489 1160 4558 judicio
1195 4492 1263 4547 ab
1291 4496 1478 4549 eadem
1505 4498 1799 4556 universali
1826 4502 2070 4560 Ecclesia
2093 4498 2151 4559 Ι)

487 4578 703 4634 Satanae
734 4579 960 4633 traditus
985 4579 1039 4632 in
1067 4591 1382 4652 perpetuam
1411 4587 1788 4653 perditionem.

561 4692 692 4751 Vill.
732 4691 838 4749 Sed
861 4695 1140 4750 tit-sciatis
1169 4711 1274 4751 nos
1301 4711 1476 4767 neque
1511 4716 1633 4754 cum
1673 4700 1942 4769 Nestorio,
1967 4721 2067 4761 ue-

487 4801 592 4856 que
621 4801 746 4842 eum
791 4793 970 4842 vestra
993 4786 1316 4845 «inﬁdelitate
1345 4789 1620 4846 Christum
1665 4793 1718 4848 in
1757 4795 1895 4851 duas
1933 4797 2070 4855 divi-

487 4875 618 4933 dere
651 4890 944 4946 personas;
995 4893 1170 4948 neque
1220 4896 1341 4936 eum
1395 4878 1640 4954 Eutyche
1685 4884 1960 4942 Christum
2011 4888 2068 4942 in

488 4985 652 5026 unam
687 4971 1020 5028 confundere
1055 4982 1332 5041 naturam;
1363 4977 1459 5032 sed
1493 4994 1623 5034 vere
1665 4980 1798 5036 duas
1843 4991 2067 5038 naturas

484 5064 814 5135 proprias-et
831 5063 1122 5136 perfectas,
1137 5076 1382 5124 etsunam
1405 5085 1693 5141 personam
1717 5087 1814 5129 ore
1833 5083 1883 5129 et
1906 5077 2068 5132 corde

483 5157 754 5214 catholico
791 5158 1141 5215 conﬁtemur.
1191 5159 1252 5216 In
1299 5161 1394 5217 illo
1443 5179 1603 5230 unus,
1633 5165 1687 5219 id
1734 5174 1818 5221 est
1861 5166 2064 5238 [Forte,

485 5249 674 5322 idem],
721 5249 866 5305 Deus
912 5258 967 5305 et
997 5253 1162 5308 homo
1198 5253 1592 5311 est'Christus.
1647 5257 1791 5314 Duas
1835 5273 2069 5329 namque

487 5350 732 5408 naturas,
780 5359 900 5412 quae
944 5354 1069 5400 sunt
1110 5345 1165 5400 in
1205 5361 1296 5413 eo,
1341 5348 1474 5402 duas
1521 5347 1723 5404 formas
1771 5351 2068 5405 nominavit

489 5431 802 5504 Apostolus,
823 5437 919 5490 ubi
950 5438 1025 5491 ait
1054 5437 1200 5504 :Qui
1227 5455 1344 5492 cum
1371 5443 1433 5493 in
1473 5437 1642 5508 forum
1669 5439 1763 5494 Dei
1789 5452 1940 5506 esset,
1971 5457 2074 5496 non

493 5525 734 5594 rapinam
754 5527 1038 5582 arbitratus
1055 5539 1127 5583 est
1143 5546 1319 5583 essese
1345 5531 1599 5600 wqualem
1626 5531 1755 5597 Deo,
1779 5533 1869 5586 sed
1891 5542 2075 5588 seritat-

561 5641 595 5672 ι
635 5631 695 5690 S.
718 5635 851 5706 Leo,
880 5639 1036 5708 epist.
1066 5639 1135 5698 28
1166 5622 1233 5696 ad
1249 5641 1582 5712 Flavianum,
1619 5660 1735 5714 cap.
1769 5645 1820 5700 4.

2171 1874 2224 1920 et
2249 1880 2356 1920 non
2386 1879 2596 1930 verum,
2627 1865 2730 1918 nisi
2765 1879 2831 1919 ex
2863 1863 3202 1929 Nestoriana,
3232 1863 3318 1920 vel
3345 1873 3538 1919 vestrae
3561 1863 3753 1935 impie-

2171 1959 2297 2011 tatis
2341 1957 2682 2011 temeritate?
2729 1957 2858 2011 ltem
2889 1956 3004 2027 ipse
3033 1955 3143 2012 Leo
3191 1957 3246 2012 in
3290 1959 3477 2012 eadem
3525 1956 3752 2028 epistola

2171 2050 2238 2103 ad
2265 2048 2579 2102 Flavianum
2608 2048 2921 2118 episcopum
2954 2047 3180 2115 directa,
3215 2049 3281 2103 de
3311 2064 3416 2118 qua
3447 2050 3753 2120 superiores

2170 2141 2286 2210 ejus
2327 2156 2606 2195 sermones
2631 2139 2895 2194 traximus
2929 2157 2940 2192 :
2981 2159 2999 2189 ε
3035 2140 3137 2208 Qui
3175 2141 3317 2195 enim
3345 2157 3505 2196 verus
3532 2150 3640 2205 est,
3667 2142 3752 2197 in-

2171 2229 2382 2300 quiens,
2413 2230 2576 2295 Deus,
2606 2231 2748 2285 idem
2784 2246 2946 2284 verus
2992 2239 3074 2284 est
3121 2231 3302 2295 homo,
3332 2239 3387 2285 et
3436 2232 3643 2287 nullum
3677 2239 3758 2288 est

2171 2319 2226 2372 in
2253 2319 2356 2374 hac
2383 2320 2590 2374 unitate
2623 2319 2986 2384 mendacium,
3019 2320 3146 2374 dum
3171 2320 3339 2392 910
3361 2322 3596 2377 invicem
3631 2332 3757 2378 sunt

2171 2418 2224 2465 et
2255 2411 2531 2466 humilitas
2559 2413 2793 2466 hominis
2822 2421 2875 2466 et
2905 2412 3126 2465 altitudo
3148 2413 3390 2468 Deitatis.
3419 2413 3595 2469 sltem
3623 2430 3758 2484 quo-

2170 2517 2274 2570 que
2295 2502 2350 2556 in
2377 2502 2570 2557 eadem
2591 2503 2814 2558 homilia
2845 2504 2911 2559 de
2931 2503 3118 2560 Natale
3142 2502 3354 2559 Domini
3378 2506 3453 2561 ait
3481 2505 3636 2579 (Cap.
3663 2509 3754 2580 8):

2177 2611 2195 2643 t
2231 2591 2462 2659 Quidam
2491 2608 2640 2660 vero,
2677 2595 2944 2664 inquiens,
2983 2603 3133 2651 tanta
3159 2595 3385 2666 perﬁdia
3420 2599 3667 2664 involuti,
3699 2609 3760 2656 ut

2169 2685 2446 2740 Christum
2477 2687 2644 2742 Deum
2675 2687 2961 2756 majorem,
2991 2697 3044 2744 et
3071 2689 3240 2745 Deum
3288 2692 3552 2747 minorem
3597 2702 3758 2764 puta-

2169 2779 2346 2833 ver-int
2379 2780 2705 2834 credendum
2735 2796 2875 2835 esse.
2908 2801 2926 2832 ι
2956 2781 3146 2838 Nonne
3169 2783 3286 2838 haec
3314 2794 3495 2840 vestra
3526 2785 3760 2844 inﬁdeli-

2170 2877 2252 2924 tas
2287 2886 2425 2925 nova
2453 2871 2589 2925 duos
2619 2873 2748 2926 deos
2772 2873 2944 2941 ﬁngit,
2975 2889 3145 2928 unum
3173 2876 3461 2944 majorem,
3493 2885 3548 2933 et
3588 2878 3754 2936 alium

2169 2961 2458 3027 minorem,
2490 2962 2614 3016 dum
2662 2963 2940 3018 Christum
2969 2968 3161 3020 asserit
3189 2970 3480 3024 secundum
3511 2970 3762 3028 divinita-

2170 3058 2277 3104 tem
2299 3065 2486 3106 verum
2511 3066 2633 3108 esse
2657 3053 2848 3119 Deum,
2878 3055 2932 3109 id
2957 3065 3041 3110 est
3063 3057 3352 3124 majorem;
3377 3067 3430 3114 et
3461 3064 3762 3120 secundum

1006 3105 1016 3115 _
1109 3106 1130 3120 Ἴ
1276 3107 1286 3118 _
1437 3110 1447 3119 ,
1493 3109 1503 3120 ,
1891 3114 1902 3124 ,
2180 3103 2187 3104 κ
2224 3103 2230 3104 κ
2269 3103 2276 3104 κ
2405 3103 2486 3106 -w
2521 3103 2630 3108 η--
2658 3103 2684 3106 _
2961 3103 3041 3110 ν--
3063 3103 3317 3124 ...ην-ν...
3339 3103 3352 3123 ,
3379 3103 3430 3114 ν.
3461 3103 3762 3120 gown“...

847 3103 1058 3218 fing
1088 3106 1365 3218 ιΡξξξδδξυξξ
1401 3119 1620 3218 ⁰¹ν¹ξ⁵ξ¹¹ίθ
1663 3112 1732 3216 im
1761 3113 1864 3167 hoc
1890 3130 2066 3218 ξρδυω
2094 3129 2141 3195 C
2170 3143 2563 3202 humanitatem
2606 3149 3030 3218 nuncupativum
3071 3150 3263 3216 Deum,
3302 3153 3356 3206 id
3381 3163 3465 3208 est
3492 3156 3762 3212 minorem

389 3249 400 3254 _
485 3203 783 3250 conventus
798 3196 1146 3252 sacerdotum
1167 3198 1368 3255 Christi
1395 3217 1463 3257 ex
1489 3201 1720 3258 diversis
1741 3207 1926 3261 mundi
1946 3223 2070 3277 par-

2169 3233 2376 3288 Dedm?
2397 3235 2506 3291 Nec
2535 3238 2608 3292 ibi
2631 3254 2760 3292 vera
2788 3240 2967 3294 unitas
2993 3255 3112 3296 esse
3141 3245 3344 3312 poterit
3362 3260 3630 3316 personae,
3669 3249 3763 3306 ubi

2170 3333 2282 3380 tam
2311 3327 2486 3382 divisa
2508 3339 2593 3384 est
2620 3333 2904 3400 potestatis
2927 3335 3282 3404 inaequalitas.

2243 3437 2331 3493 [Χ.
2375 3438 2511 3494 lluic
2559 3457 2772 3512 quoque
2818 3445 3168 3501 sanctissimo
3205 3462 3356 3517 papze
3397 3447 3567 3504 Leoni
3611 3451 3765 3524 Vigi-

2169 3532 2274 3586 lius
2319 3533 2470 3601 paria
2514 3536 2580 3590 de
2627 3537 2835 3592 duabus
2867 3540 2919 3593 in
2969 3539 3187 3596 Christo
3224 3546 3431 3600 naturis
3465 3555 3520 3600 et
3543 3547 3766 3606 unitate

2167 3639 2412 3694 persona:
2448 3628 2612 3682 sentit
2659 3628 2711 3682 in
2757 3631 2874 3684 suis
2921 3629 3230 3700 Opusculis,
3275 3651 3395 3704 qua:
3421 3646 3614 3696 contra
3651 3637 3765 3697 Ne-

2169 3717 2320 3770 storii
2363 3718 2692 3789 impietatem
2731 3720 2816 3774 vel
2857 3721 3113 3794 Eutycius
3138 3727 3376 3782 veridico
3405 3729 3542 3799 stylo
3565 3746 3767 3787 exara—

2168 3809 2274 3875 vit;
2304 3811 2394 3865 ubi
2433 3811 2664 3881 plurima
2696 3821 2930 3884 namQue
2966 3817 3031 3871 de
3070 3819 3401 3888 proprietate
3439 3831 3768 3882 naturarum

2169 3904 2223 3958 in
2255 3905 2495 3970 Christo,
2523 3915 2578 3960 et
2609 3909 2982 3979 singularitate
3028 3914 3188 3979 lllljllS
3214 3931 3462 3986 persona:
3489 3917 3766 3974 mirabili—

2172 4002 2255 4049 ter
2292 3999 2564 4066 exposuit.
2608 3998 2772 4068 Cujus
2821 4003 3103 4058 catholictc
3147 4005 3267 4060 ﬁdei
3316 4005 3526 4062 litteras
3573 4007 3622 4062 si
3669 4009 3768 4078 pia

2171 4096 2350 4140 mente
2371 4087 2552 4158 legere
2581 4090 2894 4160 dignemini,
2927 4093 3063 4148 forte
3086 4096 3378 4152 miserante
3401 4098 3511 4154 Deo
3535 4100 3590 4154 in
3617 4099 3768 4156 via.

2170 4177 2551 4234 ecclesiastica:
2580 4183 2729 4250 pacis
2757 4185 3104 4252 pervenietis.
3135 4186 3286 4242 Dicit
3315 4190 3458 4244 enim
3491 4190 3635 4245 inter
3657 4206 3770 4248 etn-

2171 4276 2308 4335 tcra,
2344 4287 2463 4341 qtue
2496 4272 2670 4328 lucide
2713 4275 2778 4328 de
2811 4275 3028 4332 Christo
3052 4287 3341 4335 exsecutus
3371 4291 3453 4336 est
3483 4283 3510 4321 δ
3542 4301 3555 4336 :
3595 4300 3615 4334 ι
3652 4283 3768 4340 Sed

2172 4360 2409 4416 Verbum
2429 4364 2660 4433 ,.inquit,
2688 4377 2908 4435 propter
2946 4383 3162 4423 carnem
3200 4386 3350 4426 suam
3390 4373 3550 4426 homo
3583 4375 3678 4440 sit,
3710 4384 3771 4431 et

2175 4468 2303 4508 caro
2332 4464 2550 4525 propter
2573 4457 2808 4511 Verbum
2841 4459 2980 4514 Dens
3014 4462 3112 4526 sit;
3153 4470 3207 4516 et
3238 4464 3494 4536 quidquid
3523 4475 3604 4520 est
3635 4483 3772 4538 pro-

2174 4546 2349 4616 prium
2379 4547 2560 4613 Verbi,
2599 4549 2668 4602 sit
2692 4565 2976 4606 commune
3007 4551 3151 4624 [cum
3183 4569 3374 4619 carne;
3403 4564 3459 4610 et
3495 4557 3772 4627 quidquid
3811 4561 3830 4575 ‘

2174 4646 2256 4690 est
2275 4640 2552 4708 proprium
2577 4643 2778 4706 carnis,
2803 4659 3089 4698 commune
3111 4645 3203 4719 sit]
3231 4663 3352 4702 cum
3379 4647 3558 4704 Verbo
3587 4669 3600 4704 :
3625 4666 3774 4720 quo-

2171 4729 2320 4783 niam
2337 4731 2572 4786 Verlmm
2597 4742 2652 4787 et
2671 4750 2797 4789 caro
2822 4752 2961 4791 unus
2982 4749 3065 4792 est
3091 4735 3340 4796 Christus
3365 4751 3420 4797 et
3446 4759 3550 4797 una
3577 4760 3776 4814 perso-

2171 4837 2260 4875 na.
2277 4843 2294 4872 ι
2325 4824 2390 4877 Et
2411 4825 2578 4881 multa
2602 4827 2703 4881 alia
2727 4827 2984 4899 legentes,
3018 4841 3070 4887 et
3089 4833 3178 4903 pie
3204 4835 3562 4906 intelligentes
3584 4841 3652 4895 de
3669 4854 3776 4896 ve-

2173 4912 2355 4980 ritate,
2377 4932 2496 4986 quze
2525 4918 2576 4972 in
2599 4919 2814 4976 Christo
2846 4931 2951 4988 est,
2970 4939 3067 4980 seu
3097 4926 3160 4981 de
3189 4929 3412 4988 duarum
3435 4942 3773 4990 naturarum

2173 5007 2612 5075 proprietatibus,
2630 5027 2722 5065 seu
2746 5013 2811 5068 de
2834 4999 3206 5085 singularitate
3231 5021 3388 5078 unius
3416 5038 3694 5094 personat,
3714 5026 3774 5082 in

2183 5093 2424 5162 ejusdem
2449 5095 2628 5152 Patris
2647 5100 2842 5157 litteris
2873 5104 3099 5160 inveniri
3121 5119 3392 5176 poterunt.
3410 5093 3521 5170 Nec
3534 5131 3644 5172 non
3679 5118 3778 5174 bis

2173 5186 2414 5256 przct‘atis
2443 5187 2692 5249 Patribus
2727 5197 3030 5264 prmcipuus
3053 5200 3238 5255 rhetor
3269 5201 3579 5262 Victorinus
3604 5208 3780 5268 valde

2175 5277 2370 5331 similia
2389 5279 2504 5334 suis
2533 5282 2775 5338 innexuit
2801 5287 3275 5359 disputationibus,
3304 5295 3396 5364 qui
3420 5295 3489 5350 de
3509 5297 3780 5356 Tulliana

2173 5368 2357 5424 schola
2383 5371 2449 5425 ad
2471 5371 2610 5425 bella
2637 5378 2900 5443 processit
2921 5382 3311 5450 ecclesiastica,
3335 5395 3442 5441 tam
3465 5387 3618 5445 fortis
3635 5390 3782 5446 ﬁdei

2175 5458 2426 5515 defensor
2438 5461 2630 5530 factus,
2647 5482 2807 5536 quam
2831 5470 3008 5526 clarus
3022 5473 3163 5530 inter
3176 5477 3420 5534 rhetores
3433 5481 3777 5537 habebatur.

2175 5551 2402 5622 Scripsit
2433 5556 2574 5611 enim
2594 5558 2646 5612 in
2682 5560 2819 5616 libro
2848 5563 3126 5622 catholicae
3154 5569 3277 5625 ﬁdei
3315 5575 3489 5641 primo
3510 5574 3577 5629 de
3599 5575 3782 5631 Chri-

2247 5670 2273 5707 1)
2315 5671 2867 5754 Τλξρςριιςξς
2929 5678 3051 5754 libr.
3113 5701 3151 5740 ιι
3209 5696 3395 5742 contra
3453 5691 3782 5754 Eutvcbeu.

2177 5746 2304 5792 tom.
2339 5742 2451 5796 Vlll
2477 5745 2581 5798 BB.
2614 5744 2741 5811 PP.,
2771 5763 2918 5802 num.
2941 5752 2992 5803 7.
