4030 6358
250 327 354 384 293

938 311 1352 374 DOGMATICA.
1392 343 1463 353 —
1499 311 1656 366 ΜΝ.
1697 308 2096 364 ΕΜΡᾹΝυυΜ
2130 309 2309 366 LIBRI
2347 311 2435 366 IV.
2465 341 2535 352 —-
2559 309 2687 366 LIB.
2731 311 2820 367 IV.

3403 313 3511 372 294

249 449 333 500 διο
379 437 453 494 ει,
489 447 516 478 ι
554 449 571 490 τ
607 451 628 486 ι
673 431 804 498 Nos,
853 431 1050 501 inquit,
1089 429 1316 484 dicimus
1363 441 1482 482 esse
1518 426 1675 480 nobis
1723 423 1824 477 Pa-
1849 420 1900 481 Α
1925 423 2082 476 sibile
2101 432 2182 478 est
2210 425 2354 477 enim
2381 425 2497 479 sine
2523 424 2625 478 ﬁde
2646 424 2860 493 placere
2883 423 3058 496 [Deo:
3099 423 3371 481 credendo
3413 441 3511 482 ve'

249 543 390 591 trem
425 531 616 593 Deum,
647 535 704 583 et
731 526 984 582 maxime.
1017 524 1133 592 Qua
1163 523 1228 577 de
1253 537 1414 578 causa
1441 529 1498 575 et
1521 520 1674 591 juxta
1702 519 1829 590 quid
1929 530 1993 568 ro
2014 521 2224 583 oportet
2249 530 2348 569 nos
2377 515 2655 587 accedere]
2703 515 2969 571 ad'Deum
3007 515 3160 589 [Cod.
3213 516 3393 585 Paris,
3446 520 3514 576 ad

251 624 394 682 Deus
419 617 588 693 [Vict.
619 633 740 688 qua:
767 631 930 671 causa
951 624 1009 669 et
1027 617 1178 686 juxta
1199 613 1360 684 quid?
1385 614 1636 683 quoniam
1663 609 1828 682 Deus]

251 713 524 772 charitate
551 707 958 780 pnedestinavit
983 721 1082 761 nos
1111 707 1165 760 in
1191 706 1533 775 adoptionem
1553 717 1652 774 per
1677 702 1833 758 Chri-

249 816 417 861 stum.
447 799 701 869 Nunquid
739 807 794 853 et
829 797 1106 852 Christum
1137 811 1237 866 per
1266 795 1610 866 adoptionem
1637 794 1833 847 Filium

251 893 395 950 Deus
421 892 617 947 habet?
646 889 833 944 Nullus
861 902 1025 942 ausus
1043 895 1130 941 est
1147 887 1352 942 dicere.
1387 908 1406 939 ι
1441 887 1508 940 Et
1531 886 1583 939 in
1605 899 1834 954 sequen-

250 988 400 1041 tibus
422 984 451 1024 δ
479 1001 492 1037 :
533 1001 551 1033 ι
585 983 682 1035 Dei
712 981 872 1051 igitur
893 978 1063 1033 Filius
1087 977 1355 1042 Christus,
1387 977 1480 1030 lilii
1507 984 1560 1031 et
1585 990 1714 1041 nos;
1741 974 1836 1029 sed

253 1095 351 1136 nos
396 1091 498 1148 per
539 1075 906 1144 adoptionem,
942 1087 1040 1128 nos
1073 1088 1169 1142 per
1195 1069 1380 1126 Iesum
1413 1070 1710 1133 Christum,
1739 1082 1836 1122 nos

257 1169 422 1243 [Vict.
462 1167 584 1240 vos]
609 1176 670 1222 ut
693 1167 788 1221 ﬁlii
817 1166 1063 1234 dispersi.
1104 1164 1242 1217 Num
1269 1172 1323 1217 et
1363 1159 1609 1216 Clb‘islus
1643 1161 1720 1215 sic
1745 1159 1835 1212 Fi-

256 1261 392 1315 lius?
417 1258 620 1312 Natura
647 1257 813 1326 igitur
837 1255 992 1310 Jesus
1030 1254 1217 1318 Filius,
1247 1268 1346 1308 nos
1372 1269 1469 1322 per
1495 1252 1836 1322 adoptionem

255 1353 370 1407 ﬁlii.
415 1351 572 1418 Quod
615 1357 808 1403 natura
841 1346 910 1401 sit
947 1345 1112 1408 ﬁlius,
1143 1344 1259 1414 ipse
1282 1343 1412 1397 dicit
1438 1355 1578 1412 saepe
1609 1361 1620 1395 :
1657 1341 1836 1407 Pater,

256 1445 456 1515 gratias
487 1443 581 1495 tibi
623 1457 742 1509 ago,
788 1438 927 1509 quod
970 1453 1050 1491 me
1093 1436 1288 1489 audisti
1315 1433 1496 1506 (Joan.
1522 1450 1596 1498 tu,
1626 1433 1736 1504 41),
1758 1439 1833 1498 et,

238 1533 440 1596 Pater,
473 1531 621 1586 salva
649 1545 734 1584 me
755 1545 821 1583 ea:
843 1530 945 1584 ista
969 1528 1103 1581 hora
1121 1549 1142 1579 ν
1171 1525 1354 1598 (Joan.
1383 1542 1484 1590 xn,
1511 1524 1623 1596 27).

321 1622 394 1676 Χ.
435 1620 662 1683 ﬂorum,
709 1619 948 1688 inquam,
997 1617 1262 1680 omnium,
1299 1631 1444 1686 .quos
1496 1613 1836 1669 enumeravi-

257 1729 397 1779 mus,
425 1712 749 1767 auctoritate
773 1709 992 1764 testium
1017 1709 1350 1764 conﬁdentes
1379 1715 1570 1770 estote,
1600 1706 1702 1759 viri
1729 1704 1836 1758 fra-

255 1815 388 1872 tres,
415 1813 476 1860 et
503 1805 862 1874 vosmetipsos
881 1819 950 1857 ex
981 1801 1364 1857 sacratissimis
1395 1800 1607 1854 illorum
1627 1799 1835 1869 paginis

255 1898 530 1967 corrigite,
584 1904 747 1964 atque
787 1893 1025 1949 adunate
1066 1894 1121 1948 in
1165 1892 1503 1947 confessione
1558 1891 1837 1946 catholica:

255 1986 378 2042 ﬁdei
431 1985 726 2040 universali
773 1986 1028 2040 Ecclesiae
1087 1985 1320 2050 Christi,
1367 1987 1666 2042 recolentes
1709 1983 1839 2056 quid

254 2079 488 2136 eximius
535 2077 856 2148 praedicator
895 2079 1134 2148 gentium
1173 2077 1437 2132 llehraico
1471 2078 1714 2132 scribens
1737 2092 1837 2147 po-

253 2170 401 2241 pulo,
429 2176 756 2224 enumerata
801 2183 998 2238 magna
1035 2175 1348 2224 sanctorum
1382 2167 1726 2222 multitudine
1755 2175 1838 2220 te-

255 2261 444 2323 stium,
476 2257 763 2325 adiunxit:
795 2257 1058 2312 Habentes
1102 2266 1276 2311 autem
1311 2266 1511 2312 tantum
1555 2258 1740 2311 nubem
1767 2264 1841 2309 te-

253 2354 433 2414 stium,
489 2349 801 2418 deponendas
845 2365 994 2403 omne
1031 2349 1239 2419 pondus
1269 2358 1319 2403 et
1361 2351 1707 2402 circumstans
1747 2362 1838 2401 nos

255 2452 550 2514 peccatum,
565 2461 658 2514 per
669 2443 978 2510 patientiam
987 2457 1264 2495 curramus
1277 2440 1346 2494 ad
1357 2440 1680 2511 propositum
1693 2439 1840 2492 nobis

253 2547 522 2591 certamen
559 2536 746 2606 (Hebr.
786 2549 888 2599 xu,
921 2535 994 2604 t).
1027 2533 1306 2603 Deponitc,
1335 2531 1558 2597 fratres,
1590 2531 1841 2601 deponite

253 2630 356 2684 hoc
383 2630 638 2698 pessimae
659 2625 991 2681 inﬁdelitatis
1011 2625 1244 2694 pondus,
1271 2633 1326 2678 et
1353 2637 1620 2694 perversae
1647 2622 1842 2676 doctri-

255 2737 337 2776 nte
381 2719 709 2783 sarcinulas,
739 2727 793 2772 et
827 2717 1190 2772 circumstans
1231 2716 1414 2770 cordis
1441 2715 1606 2768 vestri
1646 2712 1839 2768 ostiola

249 2813 654 2869 incredulitatis
681 2818 986 2882 peccatum.
1035 2808 1391 2862 Revertentes
1416 2805 1749 2860 revertimini
1783 2804 1839 2858 in

249 2907 429 2962 lucem
461 2920 667 2961 serente
691 2903 960 2966 veritatis,
987 2909 1042 2955 et
1067 2902 1331 2955 unitatem
1359 2899 1641 2954 catholica":
1666 2897 1834 2968 pacis.

249 3000 453 3054 lterum
487 3000 796 3067 iterumque
824 3002 1204 3058 rememorate,
1231 3009 1365 3065 quos
1395 2994 1666 3063 posuerim
1687 2992 1840 3046 vobis

249 3099 442 3155 testes,
469 3097 526 3144 et
559 3089 772 3144 illorum
815 3089 984 3158 magis
1020 3085 1414 3157 probatissimis
1451 3084 1654 3138 credite
1688 3083 1839 3137 testi-
1864 3127 1910 3189 ο

248 3183 476 3249 maniis,
497 3197 660 3253 quam
693 3180 1022 3234 inanissimis
1058 3186 1254 3232 vestras
1279 3176 1608 3231 temeritatis
1633 3175 1839 3228 ratiun-

245 3275 408 3330 culis.
445 3273 581 3339 Qua:
609 3271 780 3341 major
807 3278 984 3340 potest
1011 3285 1131 3324 esse
1167 3268 1522 3338 blasphemia,
1553 3281 1713 3336 quam
1743 3266 1837 3320 Dei

247 3364 434 3420 Patris
475 3363 787 3418 testimonio
834 3377 940 3415 non
989 3361 1208 3415 credere
1255 3362 1323 3414 de
1353 3359 1490 3413 Filio
1520 3373 1640 3422 suo,
1677 3373 1838 3428 quem

249 3459 422 3515 semel
451 3465 506 3512 et
533 3456 771 3511 secundo
799 3454 1006 3510 crelesti
1045 3467 1180 3507 voce
1221 3465 1379 3506 suum
1411 3465 1550 3517 esse,
1581 3453 1747 3505 etiam
1787 3459 1840 3505 et

249 3550 533 3613 dilectum,
567 3546 830 3602 testatur?
855 3545 1045 3612 Qualis
1081 3545 1329 3613 impietas
1373 3551 1476 3608 est,
1517 3542 1841 3611 evangelicae

249 3657 358 3697 non
379 3641 609 3696 credere
638 3638 969 3701 auctoritati,
999 3637 1212 3691 Veteris
1236 3634 1476 3704 Novique
1509 3634 1840 3689 Testamenti

251 3733 440 3788 divina
483 3745 741 3800 spernere
781 3728 960 3783 dicta?
1007 3726 1193 3794 Qualis
1219 3727 1547 3796 perversitas
1591 3734 1673 3780 est
1715 3741 1842 3794 pro-

249 3823 492 3893 pheticis
513 3831 677 3886 atque
691 3818 1001 3890 apostolicis
1022 3817 1397 3873 contradicere
1407 3816 1651 3886 paginis?
1667 3815 1840 3882 Quam

249 3913 492 3968 nefanda
527 3921 583 3967 et
625 3911 789 3981 impia
815 3910 1092 3965 temeritas
1127 3923 1248 3963 esse
1281 3907 1631 3977 dignoscitur,
1676 3910 1840 3968 totius

249 4007 440 4060 mundi
477 4005 769 4058 doctorum
813 4002 1064 4057 resistere
1101 4001 1502 4070 priedicationi?
1534 4000 1627 4054 Vel
1677 4015 1839 4069 quam

247 4098 456 4151 misera
488 4094 775 4150 infelicitas
797 4103 901 4158 est,
931 4094 1171 4164 qualibet
1197 4093 1550 4162 perversitate
1575 4093 1839 4148 unitatem

247 4196 458 4242 sancta:
500 4185 596 4240 Dei
639 4185 892 4240 Ecclesiae
936 4186 1205 4249 scindere,
1245 4194 1303 4238 et
1327 4184 1620 4254 quemlibet
1668 4185 1840 4240 homi-

245 4296 381 4335 num
413 4296 446 4333 a
479 4279 801 4350 compagine
827 4278 1110 4334 charitatis
1146 4277 1381 4346 scipsum
1420 4290 1692 4345 scparare,
1724 4277 1841 4330 sine

245 4379 410 4447 ujus
439 4377 700 4432 societate
719 4376 795 4430 nil
822 4375 932 4431 Deo
960 4375 1171 4444 placere
1195 4375 1480 4445 Apostolus
1493 4384 1747 4430 testatur.

1932 607 2263 680 Dominum].
2294 607 2484 662 Omnia
2509 619 2680 662 vestra
2731 610 2968 676 honesta,
3022 609 3153 664 dicit
3203 609 3512 682 Apostolus,

1931 714 2051 752 cum
2078 698 2259 752 ordine
2289 697 2445 767 facite
2480 697 2532 770 (Ι
2559 696 2686 752 Cor.
2730 714 2842 763 xrv,
2880 699 2990 770 ω).
3039 700 3106 754 Ει
3149 700 3208 754 in
3243 701 3353 756 alio
3397 703 3515 758 loco

1933 799 2133 845 sanctae
2165 789 2458 858 Scriptura:
2495 789 2693 842 dicitur
2729 808 2742 842 :
2775 789 3031 845 Ordinate
3067 791 3124 846 in
3156 807 3237 845 me
3284 792 3516 846 charita-
3572 805 3575 808 '

1933 890 2035 935 tem
2065 879 2241 952 (Cant.
2281 897 2344 946 ιι,
2381 880 2458 952 4).
2479 879 2740 935 Ordinata
2769 881 3012 935 charitas
3026 890 3130 947 est,
3148 883 3383 952 primum
3395 899 3515 939 cre-

1935 972 2066 1027 dere
2097 973 2164 1026 de
2186 972 2296 1026 Deo
2325 987 2445 1042 quze
2473 972 2528 1026 in
2556 971 2752 1026 divinis
2785 971 3042 1040 leguntur
3063 973 3238 1041 libris,
3302 983 3357 1030 et
3392 983 3515 1046 post

1935 1067 2113 1130 ﬁdem,
2144 1068 2513 1139 intelligentia:
2535 1068 2878 1123 devotionem
2914 1069 3192 1126 adhibere.
3237 1069 3347 1128 Sed
3393 1087 3512 1140 vos,

1935 1170 1995 1216 ut
2021 1161 2348 1231 patefactum
2379 1171 2482 1226 est,
2513 1162 2704 1216 ordine
2742 1171 3070 1233 prccpostero
3113 1165 3369 1221 accedere
3394 1165 3516 1220 vul-

1935 1255 2007 1309 tis
2047 1255 2113 1308 ad
2141 1255 2331 1320 Deum,
2358 1262 2731 1324 praeponentes
2756 1256 3006 1310 humanm
3055 1256 3378 1326 conjectum
3413 1257 3514 1313 fri-

1933 1345 2152 1400 bulosas
2171 1344 2378 1418 [Forte,
2406 1344 2646 1417 frivolas]
2695 1346 3025 1401 ratiunculas
3075 1347 3352 1402 catholica:
3393 1347 3518 1403 ﬁdei

1935 1437 2215 1502 soliditati,
2256 1437 2496 1491 volentes
2519 1437 2671 1507 prius
2695 1438 3017 1509 intelligere,
3049 1445 3104 1492 et
3135 1439 3369 1493 secundo
3397 1437 3517 1494 loco

1861 1568 1866 1576 ι
1938 1532 2180 1586 credere.
2203 1531 2357 1598 Quod
2385 1531 2648 1601 prOpheta
2673 1531 2969 1601 prohibuit,
2993 1532 3085 1587 ubi
3109 1532 3186 1586 ait
3212 1549 3225 1586 :
3259 1531 3382 1585 Nisi
3408 1547 3518 1586 cre-

1937 1624 2202 1690 diderit-is,
2261 1641 2369 1678 non
2413 1620 2716 1694 intelligetis
2763 1622 2917 1688 (Isai.
2963 1639 3059 1689 ηπ,
3114 1624 3174 1687 9,
3225 1622 3519 1678 secundum

1935 1716 2137 1788 LXX];
2171 1717 2481 1787 signiﬁcans
2509 1717 2788 1770 miraculis
2815 1715 3010 1771 divinis
3033 1717 3212 1787 primo
3247 1717 3408 1770 ﬁdem
3439 1731 3520 1770 es-

1940 1822 1997 1860 se
2035 1807 2422 1875 przestandam,
2451 1813 2504 1859 et
2530 1815 2717 1874 postea
2765 1805 3136 1875 intelligentiae
3174 1805 3312 1860 dona
3340 1821 3370 1860 a
3409 1804 3520 1859 Deo

1937 1899 2228 1968 precanda.
2251 1897 2374 1952 Ideo
2405 1895 2606 1950 frustra
2629 1905 2810 1950 vestra
2833 1895 3041 1950 laborat
3067 1895 3312 1961 scientia,
3333 1894 3520 1950 volen-

1937 1995 2024 2042 tes
2043 1987 2192 2057 prius
2215 1986 2537 2056 intelligere,
2595 1993 2652 2039 et
2671 1993 2856 2054 postea
2903 1986 3155 2048 credere;
3201 1986 3328 2038 dum
3367 1985 3521 2054 prius

1939 2089 2025 2133 est
2048 2080 2286 2141 credere,
2315 2086 2367 2131 et
2401 2085 2590 2146 postea
2621 2077 2940 2149 intelligere.
2969 2076 3125 2144 Quod
3145 2077 3336 2131 beatus
3371 2075 3523 2144 prin-

1941 2187 2067 2243 ccps
2109 2171 2475 2240 apostolorum
2515 2172 2713 2234 sciens,
2763 2170 2890 2224 dum
2929 2167 3247 2238 interrogati
3295 2163 3521 2238 apostoli

1939 2264 2158 2319 fuemut
2205 2265 2272 2318 ab
2299 2264 2416 2332 ipso
2439 2263 2549 2316 Deo
2577 2262 2812 2325 Christo,
2852 2261 2980 2330 quid
3007 2262 3074 2315 de
3121 2259 3300 2328 seipso
3357 2255 3525 2311 senti.

1941 2365 2080 2420 rent,
2111 2353 2195 2410 vel
2219 2355 2264 2408 si
2297 2354 2447 2407 abire
2493 2353 2807 2418 voluissent,
2841 2352 2978 2407 sicut
3010 2349 3214 2414 czcteri,
3265 2348 3355 2418 qui
3400 2359 3522 2402 eum

1937 2447 2295 2516 reliquerunt,
2327 2432 2604 2514 respondit
2629 2444 2822 2498 Petrus
2844 2460 2983 2498 unus
3006 2458 3106 2513 pro
3131 2441 3400 2503 omnibus,
3437 2437 3524 2494 vei

1941 2541 2112 2608 magis
2123 2553 2308 2593 omnes
2324 2539 2377 2593 in
2393 2555 2499 2592 uno
2520 2557 2532 2590 ε
2551 2538 2790 2603 Domine,
2810 2538 2878 2590 ad
2893 2555 3045 2608 quem
3060 2537 3246 2590 ibimus
3269 2533 3517 2604 ?inquit;

1939 2631 2092 2684 verba
2113 2631 2229 2684 vilic
2250 2639 2458 2683 (eterna?
2482 2627 2659 2681 habes.
2690 2627 2756 2680 Et
2785 2644 2877 2681 nos
2903 2627 3240 2689 credidimus,
3259 2635 3308 2678 et
3337 2633 3524 2693 cognoie

1941 2728 2127 2790 vimus,
2144 2725 2265 2796 quia
2289 2733 2343 2776 tu
2355 2740 2411 2776 es
2437 2721 2673 2775 Christus
2700 2718 2871 2772 Filius
2889 2718 2983 2772 Dei
3000 2717 3182 2789 (Joan.
3201 2733 3276 2780 vr,
3299 2715 3393 2778 69,
3411 2713 3523 2785 70).

1941 2819 2070 2887 Qum
2097 2819 2262 2872 verba
2293 2815 2601 2887 apostolica:
2647 2812 3003 2868 confessionis
3042 2812 3115 2863 ita
3159 2817 3378 2864 sanctus
3415 2807 3524 2860 Au-

1941 2913 2188 2984 gustinus
2233 2923 2505 2978 exponens
2541 2906 2617 2959 ait
2659 2915 2681 2943 ¢
2721 2919 2735 2957 :
2778 2923 2796 2954 ‹
2839 2902 3088 2965 Domine,
3118 2901 3184 2954 ad
3231 2917 3383 2970 quem
3428 2897 3522 2950 ibi-

1940 3003 2096 3057 mus?
2119 3001 2357 3070 Repellis
2381 3017 2478 3054 nos
2505 3014 2534 3052 a
2563 3006 2636 3062 te,
2666 2997 2728 3051 da
2748 2996 2902 3051 nobis
2931 2995 3154 3050 alterum
3189 2991 3356 3047 te.Ad
3374 3007 3523 3063 quem

1941 3094 2170 3148 ibimus?
2211 3093 2297 3165 [Si
2323 3107 2351 3145 a
2380 3100 2429 3145 te
2453 3090 2772 3154 recedimus,
2797 3087 2864 3141 ad
2891 3101 3048 3156 quem
3088 3083 3285 3140 ibimus
3303 3082 3350 3154 ?|
3399 3079 3522 3135 Ver-

1946 3186 2008 3240 ba
2037 3186 2151 3238 vim
2183 3193 2391 3236 trtcrmc
2406 3181 2583 3234 habes.
2610 3179 2799 3234 Videte
2827 3175 3280 3246 quemadmodum
3307 3171 3520 3238 Petrus,

1949 3279 2110 3334 dante
2130 3275 2257 3340 Deo,
2292 3283 2570 3330 recreantc
2587 3271 2792 3342 Spiritu
2806 3278 3012 3334 sancto,
3038 3265 3330 3331 intellexit;
3360 3265 3522 3331 unde,

1943 3371 2045 3424 nisi
2075 3370 2200 3438 quia
2234 3367 2464 3422 credidit
2484 3367 2648 3421 verba
2675 3365 2799 3418 vita:
2855 3371 3072 3417 :eternze
3109 3359 3292 3433 [Aug.,
3347 3357 3518 3436 Unde,

1942 3463 2047 3517 nisi
2075 3462 2199 3531 quia
2232 3459 2494 3514 credidit?
2529 3455 2691 3511 Verba
2713 3459 2831 3510 vitae
2861 3464 3070 3509 mtermc
3099 3453 3318 3524 habes]?
3345 3453 3524 3507 Vitam

1943 3554 2085 3607 enim
2117 3561 2376 3607 :cternam
2417 3550 2584 3603 habes
2625 3549 2676 3600 in
2729 3546 3128 3600 n'iinistratione
3175 3543 3422 3612 corporis
3471 3551 3526 3598 et

1944 3644 2221 3715 sanguinis
2252 3643 2350 3710 tui,
2375 3649 2426 3698 et
2456 3656 2550 3697 nos
2573 3638 2887 3697 credidimus
2918 3646 2966 3697 et
3003 3635 3382 3714 cognouimus.
3403 3633 3520 3696 Non

1944 3739 2294 3809 cognovimus
2321 3746 2377 3793 et
2411 3737 2702 3801 credimus,
2735 3736 2828 3790 sed
2871 3736 3200 3791 credidimus
3229 3745 3283 3791 ct
3320 3751 3520 3808 cogno-

1945 3832 2146 3886 scimus
2168 3829 2350 3902 [Aug.,
2376 3827 2768 3900 cognovimus].
2801 3827 3139 3883 Credidimus
3162 3829 3327 3894 enim,
3357 3836 3414 3882 ut
3435 3843 3526 3883 co-

1945 3935 2350 3994 gnosceremus.
2385 3919 2518 3974 Nam
2550 3920 2594 3973 si
2623 3920 2774 3989 prius
2835 3935 3180 3990 cognoscere,
3226 3926 3278 3974 et
3332 3920 3526 3976 deinde

1944 4015 2166 4070 credere
2197 4014 2445 4078 velimus,
2476 4028 2575 4067 nec
2596 4028 2922 4083 cognoscere
2948 4029 3047 4070 nec
3103 4015 3326 4069 credere
3377 4014 3522 4069 valc-
3594 4071 3600 4076 _

1944 4123 2144 4163 remus.
2184 4107 2322 4175 Quid
2344 4107 2692 4171 credidimus,
2722 4116 2776 4160 et
2803 4105 2932 4176 quid
2957 4108 3340 4176 cognovimus?
3380 4107 3522 4174 Quia

1944 4208 1998 4253 tu
2021 4217 2072 4252 es
2099 4196 2337 4252 Christus
2362 4197 2410 4249 F
2413 4197 2533 4250 ilius
2565 4196 2680 4263 Dei,
2705 4197 2759 4251 id
2780 4205 2882 4261 est,
2909 4197 3035 4268 quia
3067 4198 3182 4266 ipsa
3224 4198 3331 4252 vita
3359 4207 3522 4252 acter-

1943 4309 2011 4347 na
2035 4303 2090 4347 tu
2114 4309 2192 4346 es.
2229 4313 2248 4344 ι
2285 4292 2395 4347 Hac
2425 4292 2638 4361 cognita
2669 4292 2977 4361 apostolica:
3012 4292 3350 4346 auctoritatis
3396 4308 3525 4348 con-

1944 4386 2195 4450 fessione,
2240 4387 2378 4439 hanc
2427 4384 2666 4455 regulam
2697 4384 3005 4454 sequimini,
3046 4387 3192 4440 hunc
3231 4387 3526 4441 confessio-

315 4469 490 4538 911
531 4468 622 4522 Χί·
639 4468 780 4537 Ergo
805 4467 1114 4537 Pluride
1129 4475 1439 4521 53mme
1457 4466 1849 4537 pam'mopus-
1873 4475 1929 4536 Β
1955 4482 2040 4535 nis
2067 4480 2313 4532 ordinem
2339 4487 2537 4542 tenete,
2571 4487 2632 4530 ut
2677 4479 2900 4547 possitis
2952 4479 3021 4532 ad
3076 4479 3408 4549 agnitionem
3433 4495 3530 4534 ve-

243 4562 396 4616 culis
439 4561 633 4631 collegi
677 4561 1003 4625 testimonia,
1041 4560 1442 4629 etmnltop'lura
1457 4561 1835 4630 potuissem,si

244 4670 358 4709 non
377 4653 545 4708 nimis
565 4653 784 4724 longum
799 4663 978 4708 esset:
1005 4653 1183 4708 sciens
1197 4667 1415 4723 quoque
1435 4653 1548 4706 hzec
1570 4651 1834 4718 sutlicere,

242 4747 332 4801 vel
361 4747 544 4816 magis
563 4747 1004 4815 snperalmndare
1021 4745 1124 4812 illi,
1159 4747 1244 4800 cui
1271 4746 1412 4801 Deus
1439 4761 1534 4800 cor
1563 4747 1736 4815 aperit
1771 4746 1839 4800 ad

240 4840 605 4896 credendum.
627 4839 708 4893 Illi
731 4854 882 4904 vero,
903 4839 996 4909 qui
1026 4841 1279 4894 obturato
1307 4839 1470 4894 corde
1491 4839 1544 4892 in
1575 4855 1671 4894 sua
1711 4855 1841 4894 con-

241 4933 370 4989 ﬁdit
403 4933 720 5003 pertinacia,
745 4932 822 4986 nil
843 4932 1054 4997 sufﬁcit,
1079 4933 1202 5003 quia
1245 4931 1384 4986 ﬁlius
1406 4932 1663 5002 gehennm
1691 4930 1838 4985 futu-

241 5039 342 5079 rus
367 5032 479 5079 est.
509 5021 668 5077 Novit
691 5021 966 5087 Dominus,
995 5024 1087 5092 qui
1125 5029 1251 5076 sunt
1284 5020 1421 5090 ejus,
1449 5029 1504 5074 et
1559 5022 1678 5077 vias
1713 5022 1838 5076 illo-

241 5131 374 5172 rum
422 5116 687 5186 agnoscit.
732 5114 977 5171 Scientes
1011 5117 1202 5172 scitote
1227 5117 1368 5186 quod
1407 5116 1709 5186 ignorantia
1743 5133 1840 5173 ve-

243 5218 366 5265 πη
415 5223 520 5263 vos
549 5222 810 5262 excusare
857 5222 968 5262 non
1002 5209 1230 5278 poterit,
1279 5207 1404 5277 quia
1463 5207 1555 5278 qui
1607 5208 1838 5278 ignorat,

240 5302 601 5376 ignorabitur
639 5300 692 5373 (1
720 5300 842 5355 Cor.
879 5317 990 5366 xiv,
1016 5301 1126 5373 58).
1156 5301 1324 5356 Multo
1353 5301 1525 5372 magis
1552 5301 1746 5357 discite
1773 5302 1840 5357 ab

241 5405 336 5458 eo,
371 5392 470 5462 qui
505 5392 581 5447 ait
615 5406 632 5445 :
660 5390 857 5445 Discite
880 5408 914 5445 a
937 5407 1039 5458 me,
1087 5393 1214 5464 quia
1240 5393 1380 5445 mitis
1407 5407 1523 5445 sum
1556 5401 1604 5446 et
1626 5391 1841 5445 humilis

239 5486 414 5542 corde
441 5483 664 5557 (Matth.
694 5500 772 5550 ιι,
794 5483 885 5557 29)
911 5503 924 5539 :
959 5485 1050 5554 qui
1069 5485 1233 5540 etiam
1253 5486 1508 5539 sanandis
1525 5485 1731 5540 solebat
1757 5485 1840 5538 di-

241 5593 413 5634 cere:
447 5576 610 5632 Fides
629 5588 724 5632 tua
751 5587 799 5631 te
825 5578 1029 5632 salvum
1051 5580 1170 5650 fecit
1200 5577 1394 5649 (Marc.
1417 5594 1472 5643 χ,
1502 5578 1612 5648 52).
1633 5578 1839 5648 Impos-

323 5704 354 5730 ει
401 5690 599 5743 Marius
628 5689 936 5747 Vit-mrbus
961 5690 1089 5745 Afer
1120 5692 1172 5745 in
1201 5690 1568 5760 Responsionc
1607 5690 1672 5743 ad
1705 5689 1842 5744 Can-

244 5761 448 5815 didum
477 5761 780 5815 Arrianutn.
1513 5789 1517 5794 -

1939 4574 2115 4630 ritatis
2128 4572 2432 4641 pervenire.
2448 4571 2730 4626 Ahstinete
2742 4586 2839 4625 vos
2851 4587 2879 4624 a
2894 4571 3160 4641 colloquio
3176 4572 3522 4642 nugacitatts,

1938 4666 2104 4720 nolite
2132 4664 2362 4720 scrutari
2411 4663 2694 4727 scrutinia,
2746 4679 2813 4718 ne
2869 4662 3133 4716 deﬁciatis
3180 4663 3235 4717 in
3286 4663 3524 4718 efﬁcacia

1938 4763 2138 4818 vestra,
2168 4761 2416 4822 putantes
2440 4768 2536 4806 vos
2557 4753 2829 4821 sapientes
2863 4765 3006 4817 esse,
3035 4767 3158 4806 cum
3205 4751 3524 4824 insipientes

1941 4849 2288 4904 inveniamini
2322 4847 2460 4901 ﬁeri.
2497 4843 2676 4900 Nolite
2709 4845 2820 4899 alta
2859 4862 3060 4915 sapere,
3098 4845 3187 4899 sed
3235 4845 3521 4900 humilibus

1941 4943 2316 4998 consentientes
2341 4949 2500 4993 estote
2527 4937 2703 5010 (Rom.
2748 4955 2848 5004 xu,
2879 4938 2986 5011 16).
3021 4938 3126 5004 Qui
3161 4937 3261 4994 mel
3302 4938 3524 4994 multum

1940 5035 2244 5099 manducat,
2278 5048 2381 5086 non
2398 5041 2470 5085 est
2497 5032 2543 5086 ei
2561 5030 2768 5095 bonum,
2793 5040 2840 5084 et
2865 5031 2954 5102 qui
2977 5041 3243 5086 scrutator
3260 5042 3334 5088 est
3357 5032 3522 5100 maje-

1942 5133 2111 5197 statis,
2160 5128 2480 5200 opprimetur
2505 5145 2536 5182 a
2570 5126 2741 5198 gloria
2765 5126 2947 5198 (Prov.
2983 5143 3113 5193 xxv,
3157 5129 3270 5200 ‘27).
3312 5130 3522 5182 Incres-

1943 5231 2093 5280 satus
2119 5236 2248 5276 vero
2259 5219 2494 5284 animus,
2522 5227 2575 5272 et
2588 5217 2794 5273 carnali
2809 5220 3198 5274 consuetudine
3223 5219 3515 5284 involutus,

1944 5315 2044 5370 nisi
2079 5313 2281 5384 Spiritu
2313 5311 2409 5368 Dei
2440 5311 2799 5375 illuminante,
2831 5327 3029 5382 purum
3059 5311 3304 5368 veritatis
3331 5310 3516 5366 lumen

1944 5409 2185 5480 aspicere
2213 5407 2518 5462 nullatenus
2545 5405 2704 5459 valet.
2749 5404 2890 5460 Nihil
2917 5405 3081 5476 igitur
3105 5404 3276 5475 magis
3326 5410 3520 5459 vestra

1942 5504 2156 5560 obsistit
2204 5501 2571 5572 intelligentia:
2633 5515 2818 5555 veram
2873 5514 3198 5570 cognoscere
3235 5497 3395 5552 ﬁdem
3449 5497 3520 5552 de

1943 5595 2156 5662 Christo
2179 5593 2406 5648 Domino
2445 5592 2555 5645 Deo
2577 5599 2783 5656 nostro,
2817 5605 2976 5659 quam
3015 5588 3250 5643 carnalis
3295 5603 3519 5644 consue-

2013 5689 2040 5727 b
2079 5687 2221 5741 Ideni
2246 5687 2366 5739 libi".
2395 5703 2408 5738 1
2437 5687 2692 5737 utin-rens
2718 5682 2898 5735 Arium
2931 5680 3031 5732 Ill}.
3059 5678 3188 5743 ΡΡον
3219 5689 3344 5737 ιοιιιο
3375 5681 3460 5736 w-

2021 5773 2039 5796 ε
2078 5759 2134 5812 S.
2166 5759 2300 5828 Aug.
2328 5756 2510 5809 't'ract.
2543 5770 2691 5806 xxv”
2721 5754 2771 5806 in
2796 5751 2946 5806 Joan.
2981 5765 3127 5805 num.
3159 5752 3192 5807 9
