4030 6358
406 328 576 385 ,295

1322 316 1382 369 Β.
1412 314 1475 370 F.
1513 310 1740 367 ALBlNl
1779 307 1911 365 SEU
1947 303 2223 364 ALCUINI
2260 299 2544 362 OPERUM
2580 297 2760 357 PARS
2796 297 2863 356 Ill

3625 297 3735 355 296

473 441 634 504 tudo;
686 434 811 507 quia
851 433 993 505 quod
1013 433 1068 488 in
1109 429 1389 488 hominum
1459 426 1600 489 ﬁliis,
1663 421 1801 495 [qui]
1863 437 2056 477 carna—
2084 425 2131 481 Α
2160 418 2465 488 cupativum
2495 431 2557 469 ea
2586 422 2761 485 parte,
2788 411 2880 468 ubi
2909 418 3190 483 argentum
3222 409 3601 485 circumcingit
3633 431 3735 471 au-

472 534 509 589 li
533 529 908 599 conjunctione
937 520 1311 598 [generantur]
1333 533 1384 585 α,
1420 519 1538 573 fieri
1566 533 1672 571 non
1694 514 2051 587 posseintelli-

474 626 619 700 gitis,
648 625 750 678 hoc
780 622 832 675 in
860 621 954 674 Dei
984 618 1118 672 Filio
1152 628 1492 685 nequaquam
1508 610 1627 665 fieri
1646 608 2053 700 possemstima-

475 698 565 775 tis.
584 715 779 772 Procul
806 713 966 769 dubio
978 709 1154 765 omnis
1188 705 1426 763 carnalis
1468 702 1723 775 cogitatio
1746 716 1776 754 a
1801 698 2054 754 cordibus

477 810 670 866 vestris
697 806 938 861 funditus
960 802 1265 873 repellenda
1303 806 1406 863 est,
1442 797 1487 852 si
1527 796 1813 850 veritatem
1858 790 2054 846 divinat

477 902 832 967 humanaeque
854 893 1216 966 generationis
1245 891 1301 944 in
1327 888 1545 944 Christo
1570 885 1665 941 Dei
1694 884 1831 939 Filio
1853 896 2053 953 cogno—

479 1010 630 1052 scere
651 991 830 1047 vultis.
863 989 929 1044 Et
957 988 1150 1042 habete
1176 984 1336 1038 ﬁdem
1350 988 1658 1036 sanctarum
1683 976 1895 1048 paginis
1908 973 2058 1028 Scri-

479 1094 781 1160 pturarum,
819 1089 873 1136 et
899 1080 1063 1134 nolite
1098 1074 1401 1145 transgredi
1436 1073 1727 1136 terminos,
1755 1084 1891 1139 quos
1942 1074 2055 1160 sta-f

480 1158 703 1233 tuerunt
729 1173 918 1227 Patres
944 1168 1327 1225 ecclesiasticae
1349 1166 1647 1236 dignitatis.
1692 1162 1796 1232 lpsi
1835 1167 1961 1215 sunt
1988 1158 2057 1213 ad

482 1282 619 1339 quos
634 1263 942 1320 dulcissima
963 1259 1250 1330 promissio
1263 1257 1357 1311 Dei
1370 1255 1572 1311 Christi
1590 1256 1643 1310 in
1658 1252 1851 1308 caelum
1871 1264 2057 1306 ascen-

482 1359 661 1415 dentis
705 1356 850 1411 dicta
884 1351 1164 1407 estzEcce
1212 1366 1305 1421 ego
1349 1347 1611 1402 vobiscum
1656 1360 1774 1397 sum
1820 1340 2058 1395 omnibus

480 1450 663 1506 diebus
687 1464 849 1518 usque
861 1445 927 1498 ad
942 1442 1439 1498 consummationem
1462 1437 1643 1493 swculi
1658 1435 1872 1507 (Matth.
1886 1448 2057 1497 xxvu,

481 1541 596 1607 20).
647 1539 781 1609 Ipsis
816 1536 947 1608 [Cod
979 1533 1183 1597 Paris.,
1207 1532 1260 1586 in
1291 1529 1441 1602 ipsis]
1470 1530 1610 1584 idem
1640 1523 2064 1595 quotidieloqui-

482 1640 572 1687 tur
603 1612 860 1702 Spiritus,
888 1627 980 1696 qui
1010 1625 1138 1681 olim
1187 1623 1400 1676 locutus
1422 1629 1507 1676 est
1540 1621 1593 1674 in
1623 1616 1921 1689 prophetis,
1967 1612 2059 1683 qui

482 1733 771 1781 venturum
800 1718 997 1775 mundo
1018 1716 1292 1772 Christum
1318 1714 1767 1784 praedicaverunt.
1799 1710 1903 1764 lsta
1946 1722 2063 1761 om-

2152 528 2271 566 rum
2293 529 2306 576 ;
2338 512 2446 565 imo
2467 511 2632 565 etiam
2656 523 2796 562 unus
2817 516 2901 562 est
2927 508 3175 577 idemque
3207 507 3345 562 calix
3362 508 3428 561 ad
3447 510 3612 564 unius
3634 512 3737 565 mi—

2150 606 2359 662 nisterii
2387 605 2705 675 dignitatem
2731 603 2957 658 electus.
2987 601 3101 657 Hoc
3113 603 3418 673 exemplum
3438 606 3740 675 accipiatur

2152 696 2354 751 dictum
2380 702 2602 766 propter
2628 695 2889 749 unitatem
2937 709 3183 764 personae
3210 702 3265 749 et
3309 696 3472 751 unius
3523 697 3742 766 dispen-

2153 789 2378 845 sationis
2410 788 2794 847 ministerium.
2836 786 2980 855 quod
3030 788 3085 841 in
3149 786 3366 841 Christo
3407 788 3741 856 completum

2153 889 2271 949 est;
2298 895 2427 946 non,
2458 888 2519 933 ut
2543 879 2666 949 quis
2695 879 2995 933 divinitatis
3023 879 3406 943 substantiam,
3424 894 3587 947 quam
3605 895 3742 935 auro

2154 971 2452 1042 designavi,
2474 979 2715 1027 creatam
2735 985 2857 1026 esse
2891 972 3188 1026 arbitretur
3212 987 3457 1041 prorsus.
3503 968 3659 1027 Sicut
3685 972 3742 1027 in

2152 1065 2326 1118 vitreo
2351 1061 2567 1116 vasculo
2586 1062 2675 1116 lux
2697 1062 2843 1117 intus
2863 1063 3229 1125 absconditur,
3281 1071 3336 1118 et
3353 1064 3497 1118 foras
3522 1077 3623 1134 per
3665 1063 3747 1117 vi-

2154 1162 2297 1210 trum
2326 1152 2596 1221 refulget:
2631 1153 2707 1208 ita
2732 1168 2830 1223 per
2857 1168 3075 1208 carnem
3104 1154 3453 1224 purissimam
3485 1155 3746 1211 divinita-

2157 1247 2227 1302 tis
2254 1244 2443 1316 gloria,
2472 1244 2619 1299 foras
2640 1245 3034 1316 aspicientibus
3056 1253 3112 1299 et
3134 1252 3141 1257 '
3163 1246 3532 1312 credentibus,
3579 1249 3748 1303 mira-

2158 1337 2295 1394 culis
2332 1336 2679 1408 resplenduit,
2706 1336 2847 1392 sicut
2871 1334 3040 1391 voluit
3070 1342 3125 1390 et
3152 1334 3358 1405 placuit
3394 1337 3446 1393 ei
3472 1338 3567 1409 qui
3602 1338 3751 1394 intus

2159 1429 2383 1484 latebat.

2229 1520 2361 1574 xm.
2422 1520 2558 1576 Audi
2612 1536 2734 1586 me,
2782 1520 3030 1584 obsecro,
3080 1520 3370 1590 patienter,
3417 1519 3750 1579 scholastica

2160 1612 2435 1681 Hispaniae
2452 1611 2819 1682 congregatio,
2837 1611 2933 1665 tibi
2954 1610 3287 1679 loquentem,
3302 1625 3423 1680 quae
3450 1611 3576 1665 novi
3599 1625 3751 1667 sem-

2162 1716 2259 1772 per
2310 1700 2510 1769 aliquid
2536 1700 2721 1754 audire
2751 1700 2833 1755 vel
2857 1699 3153 1769 praedicare
3174 1699 3600 1767 desideras,non
3614 1717 3747 1757 con-

484 1816 574 1872 nia
599 1811 820 1883 impleta
843 1823 983 1873 esse,
1013 1822 1131 1878 quae
1161 1806 1436 1875 propheta:
1453 1802 1815 1873 praedixerunt
1841 1800 1894 1852 in
1907 1796 2059 1852 Chri-
2090 1784 2137 1844 Β
2167 1803 2315 1849 tenta
2336 1795 2647 1863 apOstolicis
2675 1794 3081 1859 traditionibus,
3110 1810 3209 1851 nec
3224 1795 3546 1850 universalis
3565 1794 3753 1851 Eccleo

486 1903 808 1975 toquotidie
838 1900 1156 1970 praedicant,
1194 1897 1248 1951 in
1298 1896 1379 1948 eis
1433 1903 1617 1947 manet
1669 1905 1795 1944 vera
1853 1904 1958 1958 pax
2013 1894 2068 1942 et

488 1996 729 2051 cbaritas
749 2008 844 2063 per
896 1991 1157 2060 Spiritum
1218 1995 1482 2049 sanctum,
1514 1985 1655 2040 sicut
1703 1984 1818 2051 ipsa
1858 1980 2069 2035 Veritas

489 2094 743 2149 testatur,
792 2084 1029 2139 dicens:
1078 2079 1272 2134 Pacem
1334 2094 1502 2131 meam
1552 2078 1619 2131 do
1668 2075 1841 2135 vobis,
1888 2087 2067 2142 pacem

485 2190 657 2229 meam
682 2172 915 2243 relinquo
944 2171 1082 2225 vobis
1107 2169 1289 2241 (Joan.
1312 2183 1424 2233 xlv,
1478 2167 1590 2237 27),
1620 2167 1671 2221 id
1699 2175 1798 2227 est,
1843 2165 1895 2217 in
1938 2176 2070 2231 pace

486 2268 737 2335 relinquo
769 2264 964 2329 vos,’in
987 2278 1120 2332 pace
1151 2262 1422 2316 inveniam
1439 2275 1553 2313 vos.
1573 2258 1649 2313 De
1665 2259 1750 2312 his
1776 2259 1883 2310 alio
1907 2256 2073 2325 912

487 2356 609 2413 loco
640 2356 846 2411 dictum
869 2360 950 2409 est
981 2367 995 2406 :
1028 2352 1176 2406 Beati
1204 2350 1435 2421 paciﬁci,
1473 2348 1718 2419 quoniam
1741 2345 1840 2415 ﬁlii
1874 2346 1965 2398 Dei
1990 2361 2075 2398 εο-

493 2447 755 2502 cabuntur
779 2444 997 2515 (Matth.
1027 2460 1081 2508 v,
1107 2444 1181 2514 9).
1208 2443 1285 2496 Illi
1312 2442 1475 2496 etiam
1506 2448 1632 2496 sunt
1658 2439 1816 2494 electi
1844 2436 2072 2501 filiiDei,

489 2537 583 2607 qui
610 2538 662 2590 in
685 2551 817 2607 pace
830 2544 886 2589 et
900 2535 1107 2589 unitate
1133 2533 1513 2589 ecclesiasticae
1535 2530 1837 2586 concordiis
1859 2545 2072 2601 perina-

489 2634 642 2692 nent,
672 2635 726 2681 et
754 2625 1028 2681 Christum
1058 2624 1346 2679 Dominum
1370 2629 1613 2677 nostrum
1653 2637 1839 2675 verum
1883 2619 2072 2684 Deum,

488 2733 788 2787 verumque
808 2717 903 2772 Dei
932 2716 1127 2771 Filium
1151 2716 1315 2771 corde
1364 2716 1591 2770 credunt
1639 2721 1695 2767 et
1737 2728 1833 2767 ore
1883 2710 2077 2782 prandi-

491 2819 648 2875 cant;
673 2809 799 2879 quia
823 2808 977 2861 corde
1004 2806 1237 2861 creditur
1257 2806 1324 2859 ad
1344 2806 1634 2876 justitiam,
1664 2820 1752 2859 ore
1764 2812 2078 2857 autemcon-

490 2898 645 2970 {essio
681 2899 740 2968 ﬁt
768 2900 824 2952 in
852 2897 1076 2952 salutem
1098 2897 1274 2969 (Rom.
1318 2913 1375 2963 x,
1410 2897 1519 2968 10).

562 2987 674 3043 ΧΠ.
707 2987 995 3042 Sciendum
1025 2994 1107 3043 est
1127 2987 1451 3051 certissime,
1488 3004 1507 3037 ‹
1543 2984 1687 3055 quod
1726 2983 1956 3039 multum
1986 2997 2080 3037 ex-

492 3080 658 3145 cedit,
687 3087 747 3133 ut
768 3080 959 3134 beatus
986 3078 1096 3135 Leo
1143 3095 1280 3150 papa
1297 3078 1428 3133 dicit
1455 3078 1504 3141 b,
1534 3086 1696 3145 atque
1709 3073 2078 3144 supereminet

492 3171 715 3227 humani
734 3172 934 3243 eloquii
966 3171 1302 3235 facultatem,
1322 3170 1490 3225 divini
1523 3169 1700 3239 operis
1743 3167 2073 3237 magnitudo.
2102 3138 2150 3202 δ

491 3262 561 3319 Ει
590 3265 713 3321 inde
739 3265 914 3319 oritur
961 3262 1246 3319 diﬂicultas
1279 3262 1448 3325 fandi,
1498 3264 1641 3316 unde
1702 3268 1757 3315 et
1809 3268 1893 3314 est
1939 3259 2078 3314 ratio

494 3371 604 3412 non
656 3356 907 3411 tacendi:
936 3356 1063 3424 quia
1110 3352 1239 3408 Jcsu
1274 3354 1494 3409 Christo
1523 3352 1660 3407 Filio
1711 3350 1803 3405 Dei
1856 3366 1962 3405 non
2013 3350 2080 3404 ad

496 3446 732 3501 divinam
762 3446 1080 3511 essentiam,
1106 3445 1201 3500 sed
1238 3445 1403 3499 etiam
1438 3444 1505 3497 ad
1534 3444 1824 3497 humanam
1873 3448 2081 3511 spectat

496 3548 773 3603 naturam,
813 3537 957 3608 quod
979 3538 1184 3592 dictum
1214 3544 1298 3591 est
1323 3551 1421 3605 per
1447 3534 1771 3605 Prophetam
1804 3552 1815 3586 :
1850 3534 2082 3587 Genera-

496 3632 688 3684 tionem
709 3631 824 3699 ejus
846 3631 962 3701 quis
990 3630 1259 3685 enarrabit
1284 3628 1439 3701 (Isai.
1496 3646 1613 3693 Llll,
1641 3630 1736 3700 8)?
1783 3628 2083 3697 Utramque

497 3722 641 3774 enim
674 3722 1030 3775 substantiam
1058 3722 1109 3795 in
1136 3738 1301 3776 unam
1326 3724 1620 3777 convenire
1658 3738 1945 3792 personam
1976 3722 2080 3776 nisi

500 3812 682 3887 [fides]
715 3815 920 3880 credat,
954 3831 1134 3869 sermo
1175 3831 1279 3869 non
1311 3815 1649 3885 explicatzet
1676 3814 1795 3867 ideo
1809 3828 2081 3881 nunquam

498 3905 729 3960 materia
753 3905 933 3960 deficit
964 3906 1159 3971 laudis,
1193 3907 1320 3975 quia
1363 3922 1634 3977 nunquam
1689 3904 1892 3961 sufficit
1930 3904 2083 3974 copia

496 3993 818 4051 laudatoris.
842 4017 861 4049 ι
892 3998 957 4051 Ει
977 4005 1035 4051 ut
1060 3997 1272 4052 facilius
1296 3999 1476 4052 unitas
1499 4012 1745 4068 personae
1769 3996 2075 4061 inChristo,

503 4086 836 4159 duarumque
875 4089 1179 4159 proprietas
1225 4098 1542 4144 naturarum
1583 4105 1611 4143 a
1670 4089 2084 4158 simplicioribus

499 4176 728 4249 intelligi
776 4181 954 4235 valeat
982 4178 1267 4247 fratribus,
1308 4197 1574 4252 ponamus
1618 4181 1819 4250 aliquid
1855 4180 2084 4250 exempli

500 4271 696 4342 gratia,
727 4287 876 4327 more
902 4284 1216 4329 sanctorum
1244 4275 1403 4330 solito
1432 4275 1715 4330 doctorum
1746 4288 1813 4327 ex
1843 4272 2074 4328 visibili-

502 4358 625 4424 bus,
663 4360 729 4413 ad
770 4361 1111 4432 intelligenda
1147 4364 1436 4417 invisibilia
1468 4364 1749 4432 :quamvis
1764 4362 1898 4416 nihil
1922 4369 2083 4415 tantae

504 4449 859 4514 excellentiae,
884 4460 941 4505 et
967 4460 1075 4504 tam
1114 4451 1369 4505 ineffabili
1409 4454 1799 4522 coniunctioni,
1855 4468 1973 4522 quae
2026 4453 2079 4506 in
2118 4498 2165 4557 υ

504 4539 722 4596 Christo
746 4538 889 4594 facta
919 4549 1022 4604 est,
1054 4541 1213 4611 digne
1248 4543 1552 4612 comparari
1595 4552 1778 4612 queat.
1832 4543 1985 4610 Quod
2038 4543 2085 4597 si

507 4630 647 4685 calix
677 4646 743 4685 ex
765 4646 897 4686 auro
939 4641 1273 4704 argentoque
1306 4632 1601 4689 fabricatur
1622 4637 1678 4689 in
1722 4635 2084 4689 ministerium

508 4722 695 4777 altaris
716 4723 911 4789 sancti,
941 4723 995 4777 in
1017 4740 1123 4794 quo
1149 4734 1489 4780 sacramenta
1516 4727 1703 4781 salutis
1731 4736 1932 4782 nostrae
1978 4728 2087 4796 spi-

508 4813 692 4869 rituali
712 4815 1086 4870 benedictione
1116 4816 1507 4881 conficiuntur;
1545 4818 1617 4873 ita
1658 4827 1837 4873 tamen
1879 4826 1938 4872 ut
1988 4835 2085 4874 au-

510 4917 631 4957 rum
681 4902 733 4956 in
767 4918 877 4958 suae
902 4911 1107 4958 natura:
1135 4905 1694 4977 permaneatfulgore,
1720 4916 1777 4963 et
1796 4917 2083 4978 argentum

508 4994 727 5064 pr0prio
749 4994 982 5049 candore
1007 4994 1141 5051 locis
1167 4998 1485 5067 opportunis
1509 4999 1886 5069 circutntingat
1929 4998 2086 5071 [Cod.

514 5083 717 5151 Paris.,
745 5086 1151 5160 circumcingat]
1198 5089 1315 5143 auri
1371 5088 1653 5162 fulgorem.
1694 5090 1880 5146 Nonne
1930 5092 2095 5161 siqui-

513 5176 634 5232 dem
682 5193 820 5233 unus
844 5191 927 5234 est
953 5180 1114 5246 calix,
1141 5183 1388 5251 quamvis
1412 5198 1478 5238 ex
1535 5185 1742 5241 duobus
1773 5185 2093 5240 conﬁciatur

512 5269 743 5325 metallis
774 5272 919 5325 :imo
955 5280 1011 5327 et
1033 5274 1101 5328 ad
1129 5275 1288 5329 unius
1325 5276 1614 5332 ministerii
1650 5277 1921 5333 artificiali
1977 5293 2091 5333 ma-

515 5375 589 5413 nu
624 5362 955 5432 compositus
981 5362 1254 5420 officium?
1312 5365 1443 5433 Quis
1480 5366 1626 5435 juste
1676 5368 1857 5425 dicere
1912 5378 2092 5439 potest

332 5522 335 5525 Α
417 5530 421 5534 ι
514 5459 734 5521 pr0pter
764 5452 881 5505 auri
908 5452 1386 5525 incomparabilem
1422 5456 1877 5525 pulchritudinem
1900 5475 2091 5515 verum

516 5553 636 5597 esse
666 5542 921 5598 calicem?
948 5543 1296 5605 Solummodo
1318 5562 1509 5601 aurum
1530 5547 1627 5603 tibi
1648 5546 1847 5619 fulget,
1883 5560 1937 5607 et
1960 5568 2096 5607 nun-

590 5666 615 5694 ι
640 5656 831 5711 Verbis
860 5657 1002 5712 inter
1032 5659 1248 5717 ansulas
1274 5659 1493 5717 inclusis
1514 5676 1643 5720 vera
1665 5660 1827 5720 lectio
1851 5665 2092 5723 restitui-

519 5728 611 5782 tur
636 5741 703 5785 ex
727 5729 847 5786 cod.
880 5728 1050 5791 Paris.

2168 1886 2263 1941 siae
2282 1886 2548 1940 catholica
2584 1884 2846 1950 ﬁde;nisi
2870 1894 2927 1940 tu
2953 1886 3154 1956 aliquid
3199 1902 3298 1957 per
3343 1896 3399 1941 te
3454 1887 3752 1951 invenires,

2168 1978 2309 2031 unde
2335 1987 2484 2032 tuum
2521 1992 2716 2031 nomen
2744 1976 3048 2033 celebrares
3096 1978 3152 2032 in
3187 1978 3407 2032 mundo.
3464 1977 3580 2040 Dic,
3645 1978 3753 2043 dic,

2170 2083 2300 2139 gens
2329 2077 2536 2132 sancta,
2569 2068 2797 2137 populus
2829 2068 3222 2138 acquisitionis,
3272 2084 3441 2139 genus
3499 2068 3682 2140 regale
3705 2067 3755 2137 (I

2173 2158 2319 2213 Petr.
2346 2176 2405 2221 ιι,
2439 2160 2515 2225 9).
2548 2159 2678 2229 quid
2699 2160 2797 2213 tibi
2827 2157 3075 2214 Christus
3100 2160 3265 2214 fecit?
3288 2159 3429 2226 Quid
3454 2159 3511 2213 in
3535 2169 3589 2214 te
3631 2174 3761 2229 pec-

2172 2252 2334 2314 cavit,
2366 2259 2426 2305 ut
2445 2259 2652 2305 tantum
2682 2251 2928 2305 viluisset
2974 2250 3031 2305 in
3060 2251 3225 2305 corde
3256 2251 3391 2305 tuo?
3443 2250 3625 2318 Quare
3683 2250 3761 2303 sic

2174 2347 2443 2400 minorata
2471 2354 2553 2399 est
2576 2344 2746 2417 gloria
2771 2343 2889 2413 ejus
2924 2344 2978 2399 in
3012 2353 3192 2399 mente
3214 2344 3340 2398 tua?
3370 2341 3481 2397 Cur
3511 2341 3763 2411 indigne-

2177 2438 2252 2491 ris
2283 2436 2589 2491 clariﬁcare
2618 2452 2765 2502 eum,
2791 2452 2953 2506 quem
2980 2445 3206 2507 paterna
3242 2452 3348 2491 vox
3370 2436 3437 2490 de
3464 2434 3622 2490 caelis
3643 2434 3761 2489 cla-

2175 2528 2440 2583 riticavit?
2474 2526 2582 2582 Cur
2609 2529 2910 2582 contemnis
2934 2528 3164 2582 adorare
3190 2542 3316 2581 eum
3343 2541 3534 2580 verum
3587 2523 3761 2577 Deum

2176 2629 2231 2676 et
2258 2636 2448 2676 verum
2474 2621 2565 2675 Dei
2594 2620 2809 2687 Filium,
2840 2636 2999 2690 quem
3031 2619 3205 2691 angeli
3241 2620 3471 2675 adorant
3497 2619 3550 2673 in
3573 2614 3764 2672 caelis?

2177 2711 2429 2782 Nunquid
2453 2727 2558 2765 non
2590 2712 2681 2767 ille
2706 2723 2810 2776 est,
2847 2714 2939 2782 qui
2972 2714 3265 2784 nonaginta
3293 2727 3484 2765 novem
3515 2724 3647 2764 oves
3678 2722 3765 2762 re-

2178 2790 2334 2877 liquit
2360 2807 2411 2861 in
2433 2808 2605 2871 caelis,
2628 2816 2689 2861 ut
2716 2816 2767 2862 te
2811 2809 3078 2879 perditam
3136 2808 3438 2877 requireret
3496 2808 3549 2862 in
3598 2804 3763 2860 terris

2182 2897 2396 2967 (Matth.
2427 2914 2578 2961 xvut,
2605 2898 2727 2967 12)?
2754 2899 3006 2970 Nunquid
3036 2915 3140 2955 non
3171 2900 3258 2954 ille
3283 2908 3382 2962 est,
3438 2898 3531 2968 qui
3588 2906 3640 2950 te
3662 2896 3764 2951 sub

2180 2988 2288 3042 ficu
2317 2988 2453 3042 vidit
2471 2988 2762 3058 iacentem,
2789 2998 3078 3059 antequam
3124 2990 3403 3060 Philippus
3432 2997 3654 3043 vocaret
3677 2994 3763 3052 te,

2181 3087 2237 3133 et
2265 3080 2560 3144 descendit,
2585 3080 2909 3135 utliberaret
2927 3088 2979 3136 te
3010 3080 3193 3151 (Joan.
3226 3096 3265 3145 ι,
3305 3080 3433 3152 48)“ἒ
3454 3082 3634 3148 Quare
3653 3095 3766 3135 non

2183 3170 2319 3225 dicis
2337 3186 2460 3225 cum
2512 3170 2813 3231 Nathanael
2840 3188 2855 3237 ;
2881 3170 3067 3237 Rubbi,
3099 3181 3154 3225 tu
3180 3189 3232 3227 es
3263 3170 3311 3224 F
3314 3173 3438 3227 ilius
3476 3172 3597 3235 Dei,
3621 3182 3677 3225 tu
3707 3188 3762 3225 es

2182 3277 2272 3314 rex
2300 3260 2469 3314 Israel
2496 3261 2677 3333 (Joan.
2710 3280 2751 3327 ι,
2782 3262 2872 3335 40)
2903 3282 2915 3317 :
2946 3263 3131 3319 Nonne
3162 3274 3213 3318 te
3269 3265 3590 3320 semivivum
3641 3281 3770 3335 spo-

2181 3352 2367 3406 liatum
2388 3393 2403 3418 ,
2430 3354 2770 3409 vulneratum
2802 3371 2832 3409 a
2855 3354 3173 3421 latronibus,
3225 3372 3350 3410 cum
3395 3355 3771 3410 descendisset

2182 3446 2249 3499 ab
2274 3444 2571 3500 Jerusalem
2594 3447 2649 3501 in
2678 3444 2914 3511 Jericho,
2962 3447 3184 3517 reperit,
3240 3454 3296 3499 et
3340 3447 3635 3500 miseratus
3688 3447 3768 3500 tui

2184 3538 2440 3608 imposuit
2461 3548 2511 3593 te
2532 3539 2778 3609 iumento
2817 3555 2936 3605 suo,
2966 3549 3021 3595 et
3050 3541 3200 3595 duxit
3256 3540 3310 3594 in
3362 3539 3652 3601 stabulum,
3716 3548 3772 3593 et

2184 3632 2331 3686 dedit
2356 3647 2454 3701 pro
2485 3641 2539 3687 te
2568 3632 2861 3686 stabulario
2899 3632 3035 3687 duos
3091 3631 3360 3696 denarios,
3423 3630 3768 3701 prtecipiens,

2184 3736 2242 3780 ut
2267 3742 2455 3782 curam
2486 3728 2562 3781 tui
2598 3728 2823 3782 haberet
2878 3726 3027 3798 (Luc.
3085 3743 3141 3791 x,
3200 3726 3269 3782 ὅθ
3307 3727 3512 3798 seqq.)?
3571 3724 3769 3779 Annon

2186 3817 2274 3872 ille
2301 3826 2402 3881 est,
2429 3819 2520 3887 qui
2543 3827 2647 3873 tua:
2660 3819 2850 3875 salutis
2872 3834 3057 3884 causa,
3084 3819 3236 3888 quasi
3258 3819 3375 3874 ovis
3388 3819 3583 3873 ductus
3605 3826 3689 3873 est
3705 3816 3772 3872 ad

2185 3909 2483 3976 victimam,
2518 3912 2732 3982 ligatus,
2766 3910 3084 3983 flagellatus,
3109 3920 3424 3981 consputus,
3478 3911 3653 3981 spinis
3678 3924 3772 3963 co-

2188 4012 2430 4068 ronatus,
2464 4006 2756 4059 novissime
2791 4006 2846 4058 in
2870 4020 3088 4059 crucem
3113 4004 3345 4071 levatus,
3401 4013 3649 4059 mortuus
3688 4018 3774 4057 se-

2187 4095 2409 4165 pultus;
2429 4097 2521 4150 sed
2550 4098 2706 4150 tertia
2729 4097 2814 4151 die
2850 4112 3140 4167 resurgens
3166 4107 3326 4168 atque
3356 4096 3631 4166 triumpho
3660 4095 3773 4166 glo-

2188 4186 2282 4240 ria:
2306 4186 2474 4241 cados
2494 4188 2753 4251 ascendit,
2781 4203 2811 4241 a
2835 4188 3145 4259 dextrisque
3174 4190 3269 4244 Dei
3320 4189 3497 4244 Patris
3547 4188 3770 4253 sedens,

2182 4276 2346 4347 judex
2368 4278 2611 4333 vivorum
2650 4291 2705 4333 et
2730 4288 3068 4335 mortuorum
3094 4290 3355 4335 venturus
3371 4280 3596 4335 ?Nonne
3615 4279 3772 4334 audis

2188 4389 2309 4428 eum
2340 4374 2407 4428 de
2427 4374 2582 4428 caelis
2632 4372 2952 4429 clamantem
2996 4375 3134 4430 tibi:
3184 4372 3387 4444 Papule
3421 4390 3587 4437 meus,
3645 4372 3773 4441 quid

2191 4465 2287 4535 feci
2313 4466 2404 4517 tibi
2427 4463 2610 4535 (Mich.
2639 4465 2834 4539 v55)?
2865 4465 3115 4533 Nunquid
3142 4464 3303 4519 eduxi
3335 4464 3467 4519 tede
3481 4464 3646 4518 domo
3660 4477 3775 4518 ser-

2190 4555 2395 4616 vitutis,
2435 4563 2489 4609 et
2512 4555 2738 4610 liberavi
2774 4556 2913 4611 tede
2937 4556 3186 4610 manibus
3224 4555 3567 4611 inimicorum
3625 4568 3779 4608 meo-

2192 4662 2311 4699 rum
2336 4644 2489 4716 ]Cod.
2522 4645 2725 4710 Paris.,
2754 4645 3012 4717 tuorum],
3045 4660 3342 4716 omnesque
3371 4646 3611 4700 animam
3624 4659 3773 4714 quae-

2194 4748 2374 4794 rentes
2392 4748 2537 4793 tuam
2554 4739 2712 4794 undis
2727 4738 2990 4794 salutiferi
3008 4738 3171 4795 fontis
3183 4740 3337 4795 obrui
3354 4737 3557 4813 [Forte,
3577 4734 3774 4809 ablui],

2191 4838 2246 4884 et
2291 4830 2496 4899 protexi
2522 4830 2623 4883 iter
2653 4839 2803 4885 tuum
2831 4829 3058 4885 rorifera
3083 4831 3257 4885 sancti
3287 4830 3509 4899 spiritus
3538 4828 3682 4883 nube
3722 4835 3780 4881 et

2192 4919 2353 4991 913
2383 4921 2584 4975 caelesti
2608 4935 2747 4990 pane
2774 4921 3017 4991 corporis
3050 4922 3155 4975 mei
3198 4922 3321 4991 pavi
3353 4928 3421 4984 te,
3483 4929 3539 4974 et
3593 4917 3777 4990 potavi

2192 5018 2245 5065 te
2268 5025 2407 5079 aqua
2432 5018 2487 5063 et
2525 5010 2809 5078 sanguine,
2834 5027 2955 5081 quae
2993 5009 3221 5067 feriente
3275 5010 3444 5066 milite
3498 5010 3566 5064 de
3605 5010 3779 5067 latere

2193 5116 2314 5156 meo
2355 5099 2657 5156 ﬂuxerunt?
2711 5101 2885 5173 Super
2947 5103 3065 5158 hmo
3101 5103 3283 5158 omnia
3338 5102 3639 5174 praeparavi
3680 5103 3782 5159 tibi

2193 5192 2527 5247 mansionem
2578 5203 2854 5263 perpetuae
2902 5194 3248 5250 beatitudinis
3297 5194 3353 5248 in
3394 5194 3552 5248 domo
3602 5192 3781 5248 Patris

2195 5283 2322 5336 mei.
2362 5282 2549 5338 Tuhis
2569 5284 2821 5340 omnibus
2874 5285 3120 5356 ingratus
3171 5284 3451 5343 beneficiis
3501 5284 3658 5348 meis,
3690 5298 3781 5338 me

2194 5372 2481 5446 ignobilem
2526 5383 2767 5445 paternae
2812 5376 3113 5446 majestatis
3173 5372 3342 5429 ﬁlium
3397 5373 3781 5443 blasphemare

2198 5466 2385 5531 audes,
2416 5466 2873 5539 conditionalique
2913 5475 3093 5524 tecum
3135 5467 3357 5524 servitio
3405 5481 3491 5522 me
3546 5466 3781 5537 degene-

2196 5575 2320 5617 rare
2346 5560 2555 5617 niteris.
2586 5560 2749 5629 Quasi
2777 5579 2945 5619 unum
2964 5579 3031 5619 ex
3060 5563 3233 5629 vobis,
3273 5568 3330 5618 et
3356 5561 3446 5616 vix
3490 5559 3781 5633 adoptione

2262 5672 2297 5747 ph
2332 5672 2389 5729 S.
2428 5673 2537 5732 Leo
2576 5691 2733 5749 papa,
2775 5691 2937 5735 serm.
2975 5675 3026 5743 9,
3060 5675 3127 5734 de
3167 5674 3347 5737 Nativ.
3383 5674 3541 5734 Dom.
3572 5687 3689 5746 cap.
3722 5671 3789 5729 i.‘
