4030 6358
275 310 375 380 ξθἹ

1090 307 1505 379 DOGMATICA.
1546 353 1617 365 -
1651 320 1869 381 EPIST.
1913 309 2230 383 ELIPANDI
2267 326 2360 383 AD
2399 319 2714 385 FELICEM.

3425 336 3531 400 298

276 438 492 509 dignum
520 434 577 490 in
599 434 693 489 ﬁlii
720 448 950 506 persona
988 436 1244 492 aestimas.
1287 436 1426 504 Quid
1481 437 1651 504 fuisti,
1693 447 1847 494 ante-
1876 444 1926 502 Α
1953 443 2260 496 necessaria
2289 452 2435 498 esset
2464 446 2578 501 haec
2601 447 2811 503 novitas
2829 439 3108 506 nominum
3153 454 3350 525 populo
3376 457 3534 514 Chri-

274 544 437 600 quam
479 537 533 583 te
579 542 699 581 mea
744 528 1036 597 respiceret
1079 528 1269 599 pietas,
1336 528 1647 599 priusquam
1703 537 1853 585 tuam

272 632 526 675 naturam
547 619 601 673 in
629 634 914 689 personam
943 618 1286 689 proprietatis
1316 634 1447 673 mea:
1486 634 1847 687 assumerem;

274 723 327 769 te
349 711 675 785 gloriﬁcans,
707 726 814 766 non
835 726 921 765 me
942 711 1225 766 minuens?
1248 710 1435 766 Nonne
1482 719 1534 766 te
1584 713 1761 768 inveni
1798 714 1853 767 in

273 806 532 876 sanguine
558 813 650 860 tuo
666 801 957 872 iacentem,
983 805 1036 859 in
1070 805 1352 876 sanguine,
1377 804 1619 874 inquam,
1652 812 1746 859 tuo
1769 821 1853 859 in-

272 897 553 951 volutum?
603 894 888 950 Umbilicus
923 906 1044 951 tuus
1076 914 1180 952 non
1202 906 1276 952 est
1300 898 1572 969 praecisus,
1620 898 1853 952 membra

272 1000 364 1043 tua
392 1005 497 1044 non
533 989 743 1058 fuerunt
781 987 890 1043 sale
928 987 1084 1043 salita
1113 987 1329 1062 (Ezech.
1383 1005 1494 1054 xvi,
1544 988 1620 1060 4).
1665 983 1853 1045 Nonne

274 1082 581 1138 durissimis
616 1082 893 1137 diabolica:
922 1083 1140 1137 saevitiae
1167 1084 1399 1139 vinculis
1418 1092 1477 1143 te
1505 1085 1684 1139 inveni
1716 1085 1851 1155 liga-

274 1181 403 1237 tum,
434 1184 490 1228 et
519 1174 679 1229 modo
707 1190 793 1228 me
824 1174 992 1228 Deum
1038 1189 1247 1241 verum,
1275 1176 1360 1230 vel
1389 1175 1586 1230 Filium
1611 1176 1707 1231 Dei
1762 1192 1854 1232 ve-

272 1282 392 1320 rum
422 1265 671 1320 conﬁteri
699 1266 965 1335 despicis?
988 1264 1206 1337 Regem,
1242 1266 1681 1337 Redemptorem,
1736 1265 1853 1322 Sal-

271 1366 622 1427 vatoremque
649 1365 798 1411 tuum
835 1357 1025 1412 saltem
1069 1373 1155 1412 me
1183 1359 1462 1414 nominare
1492 1358 1848 1416 reformidas:

270 1448 364 1503 sed
393 1448 728 1517 adoptivum,
781 1449 856 1502 tui
894 1464 992 1519 per
1034 1450 1215 1505 omnia
1236 1449 1489 1517 similem,
1530 1465 1853 1522 servumque

270 1540 713 1607 conditionalem,
747 1542 832 1596 vel
868 1542 1200 1611 captivitatis
1221 1544 1443 1599 nomine
1488 1531 1731 1600 notatum
1760 1559 1853 1614 ap—

269 1632 473 1703 pellare
500 1633 587 1687 vel
614 1634 777 1687 etiam
822 1634 1045 1690 credere
1084 1650 1190 1690 non
1230 1636 1464 1691 dubitas.
1492 1636 1739 1693 Recessit
1754 1637 1852 1692 tibi

272 1726 337 1781 ab
369 1727 555 1781 animo
594 1735 831 1796 paternae
868 1728 1016 1782 vocis
1054 1727 1360 1783 testiﬁcatio
1388 1746 1400 1781 :
1427 1726 1598 1782 Filius
1625 1746 1769 1783 meus
1796 1746 1850 1782 es

1958 532 2154 595 stiano,
2189 549 2356 603 quare
2386 537 2489 591 hoc
2516 540 2746 607 apostoli
2797 556 2902 597 non
2951 545 3403 617 praedicaverunt,
3435 568 3533 610 nec

1955 622 2010 676 in
2037 624 2150 679 suis
2204 624 2400 681 litteris
2428 628 2582 684 nobis
2610 641 2893 688 exaratum
2929 636 3309 707 reliquerunt?
3337 643 3532 701 Procul

1955 712 2117 768 dubio
2146 714 2282 769 alius
2326 717 2547 786 spiritus
2578 736 2675 789 per
2714 730 2767 776 te
2793 725 3052 794 prsedicat
3097 728 3370 787 Christum
3402 737 3532 792 ado-

1953 803 2158 871 ptivum
2206 804 2373 861 ﬁlium
2403 816 2458 862 et
2493 816 2910 880 nuncupativum
2964 818 3131 874 Deum
3163 840 3176 876 :
3228 824 3365 880 alius
3402 843 3534 884 vero

1952 908 2051 962 per
2070 897 2343 964 apostolos
2395 896 2670 954 Christum
2702 902 2796 956 Dei
2848 906 3099 964 virtutem
3128 920 3183 966 et
3205 912 3298 969 Dei
3321 918 3534 987 sapien-

1954 984 2105 1051 tiam,
2148 986 2317 1044 Deum
2363 1005 2549 1081 verum
2597 1001 2651 1047 et
2675 998 2954 1065 proprium
3002 1001 3097 1057 Dei
3126 1004 3321 1062 Filium
3348 984 3531 1081 {quo-

1953 1091 2074 1131 rum
2110 1078 2481 1148 prmdicationi
2530 1097 2629 1137 nos
2675 1092 2789 1140 toto
2836 1089 2999 1143 corde
3042 1078 3429 1165 consentimus,
3454 1100 3534 1156 nil

1951 1172 2172 1230 omnino
2198 1190 2385 1231 eorum
2412 1177 2671 1235 addentes
2707 1180 2794 1235 vel
2819 1183 3124 1242 minuentes
3151 1193 3535 1251 sacratissima:

1953 1261 2229 1331 doctrinae,
2260 1267 2345 1321 vel
2374 1268 2665 1325 universali
2702 1274 2967 1343 symbolo,
3018 1279 3103 1333 vel
3155 1282 3535 1343 ecclesiasticae

1952 1357 2363 1423 consuetudini;
2419 1361 2514 1417 sed
2553 1366 2912 1436 nosmetipsos
2961 1369 3107 1425 intra
3152 1375 3412 1431 terminos
3440 1394 3537 1448 pa-

1954 1455 2121 1504 ternae
2168 1451 2499 1520 traditionis,
2530 1463 2588 1511 et
2626 1458 2906 1516 catholica:
2959 1462 3082 1518 ﬁdei
3126 1466 3409 1521 veritatem
3443 1467 3537 1523 ﬁr-

1951 1542 2114 1598 miter
2167 1552 2487 1614 statuentes,
2529 1550 2788 1621 quidquid
2836 1553 2889 1607 in
2937 1555 3149 1612 illorum
3179 1561 3538 1618 sanctissimis

1951 1632 2149 1705 legitur
2176 1636 2388 1699 litteris,
2416 1640 2533 1694 sine
2560 1641 2894 1700 dubitatione
2925 1649 3194 1706 credimus
3221 1660 3277 1706 et
3312 1651 3537 1709 ﬁducia-

1950 1722 2074 1781 liter
2098 1728 2493 1796 praedicamus;
2539 1733 2768 1788 scientes
2808 1737 3109 1796 certissime
3136 1743 3278 1811 quod
3317 1742 3537 1799 laudan-

270 1826 348 1884 tu,
378 1836 474 1890 ego
500 1820 654 1873 hodie
680 1820 832 1889 genui
857 1828 905 1873 te
929 1819 1101 1890 (Psal.
1147 1837 1206 1886 ιι,
1233 1820 1309 1891 7).
1354 1821 1423 1875 Et
1446 1837 1513 1876 ne
1550 1821 1843 1888 dubitares,
1878 1817 1926 1877 Β
1953 1815 2020 1871 da
2050 1828 2174 1872 sunt
2229 1821 2487 1890 mysteria
2544 1822 2661 1888 Dei,
2714 1840 2821 1879 non
2879 1828 3091 1885 ratione
3148 1832 3484 1889 discutienda
3516 1852 3531 1888 :

271 1912 335 1967 de
356 1927 467 1982 qua
491 1912 715 1967 dixisset
735 1920 947 1977 natura,
969 1929 1092 1969 mox
1119 1915 1394 1986 subjungit
1420 1914 1671 1970 :Postula
1699 1935 1731 1971 a
1747 1935 1849 1983 me,

271 2014 315 2057 et
345 2003 484 2057 dabo
512 2004 605 2056 tibi
632 2012 806 2073 gentes
819 2004 1175 2059 [nereditatem
1203 2014 1348 2059 tuam
1380 2005 1431 2077 (1
1437 2006 1566 2073 bid.,
1592 2006 1668 2078 8).
1707 2007 1853 2063 Obli-

272 2095 414 2149 vioni
443 2094 641 2150 dedisti
662 2111 852 2151 versus
902 2097 1138 2167 ejusdem
1178 2100 1469 2170 propheta:
1527 2101 1582 2154 in
1644 2100 1852 2171 psalmo

270 2202 429 2253 χχιιι,
462 2188 555 2242 ubi
577 2204 662 2242 me
700 2189 985 2259 quinquies
1010 2206 1191 2262 regem
1214 2192 1400 2263 gloriae
1422 2194 1715 2263 prmdicare
1744 2211 1851 2249 non

270 2279 607 2348 formidavit,
648 2281 983 2353 adjecitque,‘
1016 2293 1077 2339 ut
1124 2287 1292 2341 scires
1335 2286 1403 2341 de
1453 2303 1562 2358 quo
1600 2289 1847 2345 diceret:

268 2372 529 2429 Dominus
561 2375 710 2444 fortis
746 2385 794 2429 et
816 2387 1014 2446 potens,
1039 2377 1294 2433 Dominus
1310 2388 1491 2450 potens
1540 2380 1596 2434 in
1647 2380 1849 2451 praelia.

267 2465 444 2520 Etiam
470 2476 525 2521 et
544 2466 645 2522 hoc
678 2468 860 2522 addit:
906 2469 1161 2523 Dominus
1212 2472 1460 2525 virtutum
1507 2473 1613 2542 ipse
1658 2482 1732 2527 est
1763 2490 1854 2528 rea:

265 2558 451 2629 gloria:
498 2556 670 2630 (Psal.
698 2562 1052 2634 xxm,8,lO).
1086 2563 1327 2634 Itemque
1350 2566 1403 2618 in
1438 2565 1543 2620 alio
1582 2567 1788 2636 psalmo
1837 2586 1849 2621 :

264 2648 431 2715 Deus,
452 2650 717 2721 judicium
741 2660 888 2705 tuum
911 2655 1016 2724 regi
1045 2654 1135 2721 da,
1165 2665 1212 2709 et
1246 2657 1515 2725 justitiam
1566 2667 1710 2711 tuam
1744 2658 1854 2728 ﬁlio

266 2738 595 2811 regis(Psal.
629 2759 772 2807 an,
807 2743 894 2815 l);
925 2744 1015 2813 qui
1044 2746 1208 2800 etiam
1254 2746 1525 2816 Propheta
1581 2750 1856 2805 multoties

265 2834 436 2886 variis
478 2833 887 2904 allegationibus
909 2852 996 2891 me
1033 2852 1260 2906 regnare
1305 2847 1552 2894 testatur.
1634 2841 1856 2911 Insuper

265 2933 327 2980 ut
376 2928 680 2982 certissime
699 2929 889 2994 scires,
929 2930 994 2984 de
1031 2946 1136 3000 qua
1165 2939 1358 2987 natura
1388 2933 1632 2999 dixisset,
1679 2935 1754 2989 ait
1798 2935 1856 2988 in

265 3019 507 3089 quodam
551 3019 669 3074 loco
705 3039 716 3073 :
744 3021 999 3076 Dominus
1020 3025 1249 3093 regnavit
1281 3042 1313 3078 a
1337 3024 1478 3095 ligno
1511 3024 1684 3097 (Psal.
1729 3041 1852 3094 xcv,

268 3112 392 3183 IO);
426 3128 498 3168 ne
544 3113 819 3168 dubitares
846 3115 1091 3170 eumdem
1122 3117 1507 3187 perpetualiter
1576 3132 1851 3189 regnasse,

264 3216 429 3272 quem
456 3205 511 3258 in
539 3204 682 3275 ligno
720 3221 1037 3276 suspensum
1063 3223 1183 3263 esse
1206 3209 1404 3265 vidisti.

338 3295 480 3351 XIV.
524 3295 629 3351 Sed
658 3305 710 3351 et
734 3306 806 3364 te,
860 3298 1137 3369 Elipande,
1187 3302 1344 3357 video
1371 3309 1423 3356 te
1473 3303 1849 3357 immemorem

265 3399 388 3439 esse
416 3386 801 3443 beneﬁciorum
823 3403 1085 3444 meorum.
1117 3390 1370 3463 Nunquid
1400 3409 1508 3448 non
1537 3409 1637 3465 ego
1666 3403 1720 3450 te
1744 3395 1842 3449 tuli

265 3477 334 3531 de
376 3478 536 3534 domo
561 3480 727 3549 patris
752 3481 850 3545 tui,
876 3488 930 3535 et
962 3483 1115 3551 posui
1146 3492 1199 3539 te
1249 3500 1471 3554 pascere
1505 3501 1724 3558 gregem
1749 3502 1846 3557 po-

265 3569 379 3638 puli
414 3570 569 3623 mei?
607 3570 736 3627 Oleo
760 3580 947 3628 sancto
970 3590 1090 3630 meo
1118 3577 1247 3631 unxi
1277 3585 1344 3640 te,
1379 3585 1437 3632 ut
1488 3594 1637 3633 esses
1666 3579 1772 3633 dux
1795 3579 1851 3633 in

264 3660 431 3715 domo
458 3660 639 3716 Patris
670 3664 792 3717 mei.
826 3665 976 3735 Elegi
1009 3674 1084 3730 te,
1114 3674 1174 3721 ut
1199 3683 1347 3723 esses
1382 3668 1554 3724 ﬁdelis
1580 3684 1770 3725 servus
1794 3678 1852 3725 et

264 3751 546 3819 prudens;
578 3761 631 3807 et
678 3756 925 3810 constitui
966 3763 1017 3810 te
1042 3772 1203 3826 super
1260 3757 1519 3813 familiam
1560 3776 1760 3825 meam,
1792 3768 1853 3816 ut

264 3841 432 3895 dares
479 3841 531 3895 ei
569 3843 623 3897 in
682 3852 919 3915 tempore
968 3847 1135 3901 tritici
1174 3863 1507 3915 mensuram,
1546 3858 1602 3905 et
1649 3851 1852 3907 cibaria

262 3928 620 4001 dispensares
642 3936 847 3991 ancillis
872 3937 1024 3992 meis.
1063 3938 1143 3993 Tu
1183 3954 1312 3995 vero
1358 3940 1630 4010 sprevisti,
1663 3950 1717 3995 et
1756 3943 1849 3997 de-

263 4024 497 4093 spexisti
548 4040 654 4091 me,
687 4035 739 4080 et
782 4029 1058 4083 seminasti
1110 4030 1355 4087 clancula
1404 4048 1567 4087 manu
1612 4032 1853 4102 perﬁdia:

262 4117 543 4172 zizaniam
571 4119 625 4173 in
651 4121 826 4175 medio
872 4123 1176 4192 purissimae
1204 4124 1327 4181 ﬁdei
1380 4126 1582 4182 tritico.
1613 4126 1853 4197 Projeci-

259 4209 335 4261 sti
363 4224 454 4263 me
484 4220 607 4278 post
648 4219 853 4283 tergum
902 4223 1073 4281 tuum,
1134 4224 1193 4270 ut
1223 4216 1317 4271 tibi
1364 4215 1588 4274 fecisses
1630 4234 1848 4273 nomen.

261 4297 576 4367 Despexisti
601 4317 760 4358 omne
787 4306 1073 4361 consilium
1098 4322 1276 4363 meum
1300 4325 1314 4374 ;
1348 4310 1478 4378 quid
1506 4308 1691 4374 facies,
1723 4309 1851 4364 dum

256 4400 475 4442 Venero
532 4394 806 4457 requirere
850 4399 1132 4467 pecuniam
1186 4415 1382 4466 meam,
1415 4416 1576 4470 quam
1606 4400 1704 4455 tibi
1730 4400 1851 4455 dedi

257 4480 759 4551 multiplicandam,
782 4499 890 4537 non
918 4487 1021 4557 [ut]
1057 4492 1415 4547 absconderes
1444 4492 1587 4546 illam
1614 4494 1714 4547 sub
1734 4492 1853 4561 pul-

256 4585 406 4625 vere
443 4573 647 4625 terrae?
675 4572 755 4627 Tu
786 4573 965 4643 itaque
982 4589 1090 4629 non
1120 4574 1291 4630 solum
1311 4575 1673 4645 multiplicare
1703 4576 1852 4629 illam

255 4662 456 4732 segnis
485 4660 652 4728 fuisti,
680 4679 789 4718 non
841 4664 975 4721 dans
1003 4665 1149 4720 illam
1202 4666 1598 4735 nummulariis,
1643 4675 1703 4722 ut
1730 4684 1853 4723 cum

255 4775 441 4814 usura
492 4761 815 4831 recepissem
863 4763 1003 4831 quod
1028 4778 1206 4818 meum
1245 4770 1329 4819 est
1358 4782 1370 4817 :
1404 4765 1499 4819 sed
1549 4763 1854 4821 adulterino

254 4854 604 4909 uumismate
633 4854 732 4910 sub
762 4870 881 4910 meo
906 4857 1118 4911 nomine
1143 4856 1367 4927 signasti
1388 4872 1530 4923 eam,
1556 4867 1610 4912 et
1631 4868 1857 4929 argento

254 4947 701 5017 septempliciter
723 4956 950 5018 purgato
1004 4947 1233 5002 scoriam
1265 4948 1571 5003 immiscere
1614 4950 1853 5013 tentasti,

250 5053 453 5109 caupo
480 5038 655 5094 factus
674 5039 911 5111 perﬁdus
935 5056 948 5105 ;
982 5056 1087 5094 non
1108 5055 1297 5095 servus
1319 5040 1553 5109 prudens
1580 5048 1637 5095 et
1658 5040 1851 5106 ﬁdelis,

252 5132 369 5186 sed
395 5146 588 5186 servus
614 5146 841 5199 nequam
871 5140 925 5188 et
960 5132 1186 5187 inﬁdelis
1217 5149 1231 5187 :
1281 5134 1374 5203 qui
1400 5149 1485 5189 me
1508 5149 1614 5189 non
1640 5141 1853 5189 tantum

251 5223 478 5278 durum
504 5221 810 5285 Dominum,
841 5223 935 5278 sed
970 5238 1183 5277 seer
1206 5223 1479 5294 captivum
1508 5238 1704 5279 vocare
1730 5223 1856 5278 soli-

252 5324 363 5369 tus
392 5322 497 5368 est.
532 5313 671 5381 Quid
697 5314 764 5368 ad
795 5314 908 5369 haec
930 5330 1288 5385 responsurus
1323 5314 1454 5381 eris,
1478 5329 1515 5369 ο
1536 5313 1858 5384 prmdicator

247 5406 607 5475 adoptionis,
636 5414 690 5460 et
718 5413 952 5462 assertor
978 5406 1389 5476 nuncupationis
1418 5406 1473 5460 in
1500 5404 1716 5461 Christo
1741 5404 1859 5459 Deo

246 5499 372 5555 Dei
398 5497 558 5562 Filio,
587 5497 714 5553 dum
734 5499 847 5553 haec
872 5505 926 5553 et
950 5499 1055 5553 alia
1081 5499 1251 5553 multo
1273 5498 1429 5568 plura
1453 5497 1551 5552 tibi
1579 5498 1633 5551 in
1663 5496 1859 5552 faciem

247 5591 660 5657 objiciuntur?
710 5590 886 5658 Quare
916 5607 1021 5647 non
1065 5593 1243 5663 primo
1290 5591 1531 5646 omnium
1585 5591 1857 5662 cogitasti,

248 5698 405 5755 quae
428 5682 633 5737 utilitas
662 5693 806 5740 esset
831 5685 1085 5741 Ecclesia
1132 5684 1335 5740 Christi
1376 5684 1431 5738 in
1460 5684 1563 5739 hac
1602 5683 1861 5754 praedica—

247 5778 431 5835 tione
458 5774 783 5848 adoptionis,
839 5779 923 5830 vel
973 5780 1029 5834 in
1071 5778 1307 5837 nominis
1327 5777 1773 5851 nuncupatione?
1802 5777 1859 5839 Si

232 5918 305 5956 χ-
321 5950 357 5956 μ
679 5866 958 5956 Parnm.
992 5865 1092 5930 CI.

257 5946 343 5959 ,φρομ

1870 5858 1921 5867 η.

1951 1911 2076 1981 quia
2106 1911 2652 1983 incomprehensibilia
2702 1927 2823 1972 sunt
2856 1918 3067 1989 judicia
3106 1923 3242 1992 ejus,
3268 1934 3315 1978 et
3338 1926 3538 1979 ininve-

1950 2000 2212 2071 stigabiles
2241 2004 2337 2057 vim
2379 2004 2514 2074 ejus.
2544 2005 2674 2071 Quis
2726 2010 2863 2063 enim
2916 2014 3151 2082 cognovit
3191 2031 3400 2069 sensum
3427 2016 3537 2070 Do-

1949 2093 2205 2158 mini,aut
2233 2096 2348 2165 quis
2375 2097 2708 2155 consiliarius
2730 2098 2847 2171 ejus
2877 2101 2974 2171 fuit
2996 2102 3173 2176 (Rom.
3206 2122 3282 2171 x1,
3306 2108 3393 2171 35,
3418 2107 3535 2180 54).

1953 2182 2184 2237 Tantum
2232 2186 2408 2241 divina
2436 2188 2605 2243 voluit
2652 2191 3012 2260 providentia,
3052 2204 3113 2249 ut
3147 2199 3542 2254 rescriberetur

1952 2273 2006 2328 in
2045 2277 2366 2348 evangelicae
2390 2279 2725 2339 celsitudinis
2764 2287 3163 2355 auctoritatem,
3196 2298 3540 2346 sanctorum-

1952 2384 2056 2439 que
2078 2369 2298 2426 Patrum
2327 2374 2693 2443 probabilibus
2728 2378 2894 2451 914
2934 2381 3151 2447 litteris,
3183 2391 3443 2452 quantum
3471 2384 3542 2439 ad

1952 2470 2196 2517 nostram
2218 2463 2462 2521 sufﬁcere
2512 2467 2739 2522 salutem
2762 2472 2991 2525 censuit.
3041 2472 3150 2527 Illis
3195 2482 3413 2528 utamur
3442 2489 3542 2529 no-

1953 2554 2189 2610 minibus
2233 2557 2299 2609 de
2324 2554 2559 2623 Christo,
2593 2575 2713 2629 qua:
2737 2560 2789 2614 in
2839 2561 3017 2619 Veteri
3044 2562 3301 2634 Novoque
3348 2564 3538 2619 Testa-

1954 2654 2136 2700 mento
2166 2646 2510 2701 inveniuntur
2530 2651 2751 2719 scripta.
2784 2650 3027 2706 Sufﬁciat
3053 2654 3208 2708 nobis
3233 2654 3541 2722 apostolica:

1954 2739 2297 2793 auctoritatis
2325 2740 2592 2805 doctrina,
2615 2750 2671 2795 et
2693 2743 3082 2797 catholicorum
3113 2744 3336 2799 Patrum
3379 2747 3541 2817 longo

1956 2834 2196 2896 tempore
2218 2828 2497 2897 explorata
2524 2829 2672 2883 ﬁdes.
2723 2830 2992 2899 Quidquid
3014 2832 3088 2885 illi
3120 2834 3185 2887 de
3212 2834 3427 2889 Christo
3458 2836 3541 2890 di-

1955 2926 2170 2984 xerunt,
2214 2920 2457 2974 dicamus
2501 2930 2554 2974 et
2584 2936 2701 2986 nos,
2747 2922 2854 2975 imo
2883 2922 2969 2991 pia
2999 2924 3317 2979 credulitate
3360 2934 3543 2981 tenea—

1956 3028 2096 3077 mus,
2126 3012 2384 3083 quidquid
2412 3014 2480 3068 ab
2514 3014 2634 3069 aliis
2676 3016 2832 3069 nobis
2880 3032 3035 3071 sacro
3081 3019 3330 3088 dogmate
3375 3020 3545 3075 tradi-

1957 3113 2071 3160 tum
2103 3121 2220 3160 esse
2269 3106 2591 3161 inveniatur.
2652 3106 2823 3161 Aliter
2860 3106 3053 3174 Judaei,
3093 3110 3185 3179 qui
3238 3110 3291 3164 in
3347 3111 3542 3165 umbra

1880 3172 1927 3237 ο
1955 3196 2089 3269 legis
2116 3208 2454 3265 erraverunt,
2479 3200 2837 3269 impingentes
2858 3199 2913 3253 in
2942 3200 3177 3271 lapidem
3203 3200 3542 3269 offensionis,

1953 3290 2020 3345 de
2048 3289 2406 3359 Redemptore
2427 3291 2611 3345 mundi
2641 3300 2965 3346 censuerunt
2999 3309 3012 3345 :
3048 3292 3206 3348 aliter
3229 3311 3327 3350 nos
3348 3295 3403 3349 in
3423 3295 3545 3350 luce

1953 3382 2245 3453 evangelici
2262 3382 2560 3452 splendoris
2579 3384 2916 3439 ambulantes
2937 3384 3238 3453 intelligere
3258 3387 3541 3442 debemus.

1952 3476 2059 3531 Illis
2079 3476 2334 3546 parvulus
2364 3486 2521 3532 natus
2539 3486 2640 3543 est,
2664 3478 2820 3532 nobis
2841 3477 2982 3533 ﬁlius
3011 3480 3168 3534 datus
3187 3487 3290 3533 est.
3350 3478 3408 3535 Si
3436 3479 3545 3533 illis

1954 3583 2141 3624 servus
2174 3570 2510 3637 :enigmatico
2536 3569 2923 3649 pr0phetarum
2966 3584 3214 3625 sermone
3241 3572 3545 3640 promissus

1953 3668 2057 3725 est,
2089 3662 2243 3716 nobis
2272 3659 2531 3715 Dominus
2558 3671 2611 3714 et
2640 3660 2732 3714 Dei
2764 3659 2953 3725 Filius,
3004 3661 3139 3715 sicut
3166 3661 3245 3717 sol
3271 3663 3456 3717 oriens
3484 3663 3539 3717 in

1954 3758 2216 3805 :eteruum
2236 3759 2387 3805 ortus
2431 3759 2513 3804 est
2543 3750 2704 3804 diem.
2752 3749 2830 3803 Illi
2862 3749 3268 3815 crucifixerunt,
3303 3750 3357 3804 in
3382 3765 3543 3819 quem

1952 3858 2062 3898 non
2086 3842 2466 3907 crediderunt;
2510 3856 2609 3896 nos
2664 3840 3048 3911 gloriﬁcemus,
3080 3841 3135 3893 in
3180 3855 3341 3908 quem
3371 3840 3542 3894 credi-

1954 3951 2093 3991 mus.
2127 3932 2235 3988 Nos
2264 3942 2545 3987 cantemus
2601 3932 2674 3986 illi
2716 3948 2836 3987 cum
2864 3932 3012 3987 omni
3062 3932 3268 3987 caelesti
3306 3930 3541 3985 militia:

1955 4025 2139 4083 Gloria
2188 4026 2245 4079 in
2280 4024 2496 4079 excelsis
2536 4025 2646 4080 Deo
2698 4024 2848 4097 (Luc.
2883 4042 2945 4092 ιι,
2992 4023 3103 4096 14),
3134 4034 3400 4095 quatenus
3428 4024 3544 4094 ejus

1952 4118 2197 4188 piissima
2235 4117 2606 4172 misericordia
2635 4117 2790 4172 nobis
2838 4117 3000 4172 donet
3042 4130 3229 4187 pacem
3259 4125 3313 4171 et
3341 4118 3542 4172 bonam

1953 4209 2285 4264 voluntatem
2315 4208 2369 4261 in
2398 4209 2577 4263 terris.

2024 4309 2141 4366 XV.
2182 4308 2480 4364 Credamus
2523 4323 2653 4380 ergo
2681 4324 2803 4363 eum
2846 4308 2943 4364 Dei
2967 4324 3094 4363 vere
3120 4307 3311 4374 ﬁlium,
3342 4314 3397 4363 et
3416 4322 3545 4363 con-

1956 4403 2205 4458 ﬁteamur
2252 4416 2375 4456 eum
2432 4401 2498 4456 de
2546 4402 2765 4472 Virgine
2813 4412 3025 4468 natum,
3072 4418 3263 4457 verum
3293 4401 3463 4456 Deum
3489 4408 3546 4456 et

1956 4510 2147 4550 verum
2176 4494 2473 4558 hominem,
2504 4508 2670 4547 unum
2693 4493 2789 4548 Dei
2811 4492 3029 4559 Filium,
3052 4493 3330 4563 proprium
3352 4502 3405 4548 et
3426 4507 3545 4561 per-

1881 4547 1934 4602 D
1956 4583 2180 4649 fectum,
2220 4600 2408 4639 verum
2440 4593 2495 4639 et
2515 4585 2781 4639 viventem
2812 4584 2866 4638 in
2912 4584 3128 4648 saecula,
3171 4592 3227 4638 et
3264 4583 3544 4638 laudemus

1957 4672 2335 4728 miserationes
2378 4672 2516 4740 ejus,
2572 4683 2627 4728 et
2680 4688 3000 4728 veneremur
3046 4673 3344 4743 potentiam
3383 4669 3539 4739 ejus;

1959 4762 2083 4832 quia
2110 4763 2225 4832 ipse
2250 4771 2333 4817 est
2359 4778 2454 4817 rex
2501 4762 2703 4834 gloria,
2734 4771 2789 4818 et
2814 4778 2908 4818 rex
2952 4778 3160 4833 regum,
3184 4771 3238 4818 et
3285 4763 3544 4818 Dominus

1959 4853 2374 4919 dominantium,
2406 4861 2460 4907 et
2487 4853 2631 4908 Deus
2656 4854 2900 4921 deorum,
2960 4863 3014 4909 et
3038 4854 3181 4911 Deus
3212 4871 3461 4926 magnus,
3490 4864 3547 4911 et

1960 4943 2103 5000 Deus
2154 4945 2515 5014 omnipotens,
2572 4952 2626 4999 et
2651 4960 2810 5001 verus
2858 4946 2954 5002 Dei
2989 4946 3179 5004 Filius.
3231 4948 3337 5003 Per
3365 4949 3541 5019 ipsum

1957 5036 2209 5089 universa
2234 5044 2419 5089 creata
2441 5043 2605 5102 sunt;
2631 5051 2731 5107 per
2757 5038 2934 5108 ipsum
2959 5039 3211 5095 universa
3241 5047 3543 5095 restaurata

1958 5136 2103 5195 sunt,
2138 5144 2256 5199 quae
2280 5129 2335 5182 in
2383 5129 2558 5195 cmlis,
2584 5136 2639 5185 et
2660 5143 2780 5200 qua:
2824 5131 2879 5184 in
2906 5132 3068 5187 terris
3117 5140 3261 5186 sunt.
3303 5132 3419 5201 Ipse
3447 5133 3544 5185 ho-

1959 5222 2186 5287 minem,
2215 5236 2340 5276 cum
2384 5238 2493 5277 non
2533 5229 2698 5289 esset,
2726 5223 2967 5290 creavit;
3002 5224 3116 5294 ipse
3164 5222 3433 5292 perditum
3460 5234 3545 5273 re-

1960 5311 2231 5368 formavit.
2297 5311 2416 5382 Ipse
2460 5320 2546 5369 est
2597 5313 2763 5369 totius
2802 5313 3086 5384 potestatis
3127 5325 3377 5376 summa;
3428 5309 3581 5392 ipse,

1962 5417 2047 5463 est
2071 5407 2357 5461 thesaurus
2385 5407 2665 5472 virtutum,
2695 5406 2816 5463 fons
2836 5408 2979 5471 vitae,
3006 5402 3349 5475 pulchritudo
3368 5399 3538 5471 pacis.

1962 5496 2080 5567 Ipse
2106 5507 2190 5553 est
2212 5497 2311 5553 llos
2332 5499 2589 5570 paradisi,
2622 5500 2714 5568 qui
2754 5499 2819 5553 de
2846 5498 2995 5569 virga
3037 5495 3234 5550 radicis
3271 5493 3422 5549 Jesse
3443 5508 3542 5548 no-

1965 5598 2140 5646 strum
2167 5593 2411 5647 ascendit
2449 5592 2502 5646 in
2525 5594 2734 5647 orbem.
2786 5592 2905 5661 Ipse
2931 5598 3015 5645 est
3052 5587 3355 5644 convivium
3380 5602 3545 5660 augeo
3582 5668 3585 5671 _

1963 5681 2158 5752 lorum,
2182 5683 2449 5739 festivitas
2489 5692 2821 5749 sanctorum,
2846 5682 2992 5738 salus
3036 5679 3391 5736 inﬁrmorum.
3423 5680 3543 5751 Ipse

1942 5786 2051 5837 ~est
2079 5777 2287 5835 amicus
2333 5792 2518 5845 verus,
2559 5775 2900 5833 consiliarius
2952 5772 3142 5831 salutis
3169 5782 3395 5844 nostrae,
3424 5772 3544 5830 diae

2954 5868 3031 5932 10
