4030 6358
443 373 548 433 305
1258 367 1314 422 Β.
1349 365 1411 422 F.
1449 363 1674 419 ALBlNl
1715 360 1846 419 SEU
1886 352 2165 417 ALCUINI
2199 352 2482 415 OPERUM
2515 349 2696 410 PARS
2733 347 2818 408 lll.
3603 332 3710 398 504

445 507 586 557 esse,
614 488 708 545 sed
732 503 840 542 non
860 483 1188 542 verum.Aut
1203 483 1248 537 si
1270 483 1374 537 hoc
1393 477 2022 535 erubescitadversarius
2055 482 2102 538 A
2129 491 2272 539 cum,
2304 473 2396 543 qui
2437 469 2691 527 clamavit
2718 469 2768 523 ei
2799 481 2813 521 :
2843 465 2970 520 Jesu
3098 459 3287 557 David,
3339 460 3581 557 miserere
3605 457 3714 514 mei

445 585 660 645 dicere,
710 577 949 650 proferat
998 577 1125 646 quid
1167 576 1236 629 sit
1275 573 1509 628 medium
1549 573 1691 626 inter
1737 584 1923 623 verum
1974 577 2027 621 et

444 687 555 728 non
598 684 807 724 verum.
855 666 1160 722 Secundum
1212 673 1382 718 artem
1413 663 1750 718 dialecticam
1797 661 2030 713 interro-

444 765 676 839 gandum
705 772 789 820 est
814 763 858 817 si
888 778 992 817 una
1021 775 1252 832 persona
1281 757 1452 829 possit
1481 772 1601 812 csse
1651 756 1814 808 homo
1867 766 2030 806 verus

445 864 503 913 et
529 857 691 910 homo
727 855 901 924 pictus
931 893 945 918 ,
977 852 1069 920 qui
1099 858 1182 906 est
1209 866 1316 904 non
1344 865 1506 904 verus
1533 847 1733 902 homo?
1767 844 1825 900 Si
1856 845 1986 900 dicit
2013 884 2029 908 ,

444 965 554 1004 non
581 963 739 1017 posse
767 989 779 1000 .
815 945 1150 1000 inferendum
1181 950 1263 996 est
1289 983 1302 1003 ,
1335 958 1436 996 nec
1465 941 1517 994 in
1541 939 1788 1001 Christo,
1825 937 1918 1006 qui
1949 943 2034 990 εει

447 1054 555 1093 una
583 1051 813 1108 persona
842 1036 896 1090 in
930 1034 1136 1089 duabus
1180 1031 1389 1086 naturis
1410 1072 1424 1096 ,
1466 1045 1653 1084 verum
1683 1044 1802 1081 esse
1831 1033 2027 1096 potest,

448 1135 505 1185 et
533 1143 639 1184 non
671 1141 889 1190 verum;
922 1125 1016 1180 sed
1045 1122 1304 1193 quidquid
1346 1122 1400 1175 in
1438 1136 1502 1176 eo
1545 1129 1665 1185 est,
1694 1134 1880 1174 verum
1907 1125 2028 1182 est;

449 1218 578 1288 quia
604 1217 718 1287 ipse
748 1224 894 1269 totus
919 1223 1001 1268 est
1045 1213 1206 1276 Deus,
1233 1220 1288 1266 et
1319 1219 1464 1266 totus
1497 1225 1657 1264 verus
1696 1209 1862 1262 Filius
1894 1207 1988 1262 Dei
2016 1247 2030 1272 ,

451 1320 507 1368 et
547 1321 659 1366 tota
701 1309 902 1363 veritas
934 1307 988 1360 in
1033 1321 1098 1360 eo
1125 1315 1227 1370 est,
1260 1313 1314 1358 ct
1343 1303 1476 1358 nihil
1510 1303 1672 1357 habet
1715 1299 1951 1370 figmenti
1980 1299 2033 1352 in

452 1416 532 1456 se.
560 1397 1003 1468 lnterrogandum
1045 1404 1160 1460 est,
1193 1396 1239 1448 si
1269 1394 1472 1464 aliquid
1517 1392 1848 1448 adorandum
1879 1390 2035 1445 nobis

452 1491 526 1547 sit
546 1499 639 1544 aut
661 1489 966 1553 colendum,
991 1487 1092 1541 nisi
1117 1501 1277 1540 verus
1302 1485 1476 1539 Deus?
1499 1483 1556 1538 Si
1578 1483 1728 1547 dicit,
1755 1499 1861 1536 non
1881 1496 2030 1535 esse:

456 1582 798 1638 inferendum
825 1591 907 1636 est
956 1579 1224 1650 quomodo
1270 1578 1520 1633 adorabis
1564 1576 1732 1632 tilium
1759 1575 2032 1646 Virginis,

459 1675 511 1730 si
560 1689 667 1729 non
719 1680 803 1728 est
854 1687 1015 1726 verus
1073 1670 1252 1724 Deus?
1320 1668 1761 1738 lnterrogandum
1812 1674 1932 1729 est,
1990 1664 2034 1719 si

459 1765 856 1834 nuncupativus
873 1764 1016 1818 Deus
1041 1761 1347 1815 adorandus
1361 1759 1465 1813 sit?
1492 1758 1548 1812 Si
1576 1759 1724 1822 dicit,
1741 1773 1847 1811 non
1871 1771 1990 1810 esse
2015 1771 2030 1807 :

2132 564 2327 636 (Marc.
2343 581 2400 622 χ.
2416 563 2504 628 47,
2521 560 2636 631 48)?
2657 559 2976 627 Quispotest
2991 545 3171 608 lumen
3187 552 3316 607 dare
3331 567 3398 604 ex
3418 565 3482 606 eo
3501 547 3712 622 [Forte,

2133 655 2262 711 dare
2287 652 2452 723 εξεεοῖ
2471 694 2484 718 ,
2512 652 2616 707 nisi
2641 650 2822 705 Deus?
2861 649 2926 704 Et
2949 648 2993 703 si
3021 647 3162 701 Deus
3187 652 3288 706 est,
3320 643 3412 714 qui
3434 641 3714 697 illumina-

2131 751 2211 806 vit
2243 764 2444 805 cmenm
2469 788 2484 813 ,
2527 747 2710 814 utique
2751 746 2892 799 Dens
2933 751 3015 797 est
3049 739 3191 794 ﬁlius
3232 737 3423 793 David.
3469 735 3718 791 Interro-

2133 843 2367 914 gandum
2397 848 2481 894 est
2507 839 2552 892 si
2580 837 2736 892 beata
2762 835 2928 906 Virgo
2967 848 3133 888 unum
3180 831 3456 903 genuisset
3497 829 3671 884 Deum
3697 867 3713 895 ,

2133 933 2218 987 vel
2239 930 2412 986 duos?
2435 927 2492 1002 S_i
2516 927 2668 990 dicit,
2692 941 2857 980 unum
2881 939 2896 978 :
2920 925 3115 978 iterum
3138 919 3580 993 interrogandum
3593 926 3713 974 est:

2135 1023 2356 1085 Verum,
2381 1028 2594 1075 autnon
2616 1017 2842 1072 verum?
2864 1016 2922 1070 Si
2946 1015 3095 1082 dicit,
3117 1029 3305 1071 verum
3331 1032 3345 1068 :
3375 1011 3719 1068 inferendum

2135 1123 2217 1171 est
2250 1133 2263 1169 :
2297 1114 2438 1184 Ergo
2477 1121 2622 1167 totus
2649 1111 2791 1166 filius
2831 1108 3068 1178 Virginis
3111 1123 3252 1188 unus
3308 1114 3393 1162 est
3425 1105 3568 1160 Deus
3593 1143 3610 1170 ,
3663 1110 3723 1158 et

2133 1220 2296 1264 verus
2343 1226 2356 1262 :
2405 1208 2530 1277 quia
2585 1206 2630 1260 si
2677 1221 2866 1261 verum
2908 1212 2962 1260 et
3033 1201 3456 1272 nuncupativum
3523 1198 3717 1271 genuit

2135 1300 2304 1355 Demu
2329 1340 2343 1366 ,
2410 1297 2600 1368 procul
2662 1297 2823 1352 dubio
2886 1297 3019 1351 duos
3086 1293 3272 1366 genuit
3335 1291 3493 1358 deos,
3549 1303 3723 1344 unum

2135 1407 2322 1447 verum
2340 1433 2366 1457 .,
2427 1399 2482 1445 et
2535 1389 2763 1444 alterum
2831 1387 3276 1459 nuncupativum.
3343 1385 3476 1440 Item
3552 1384 3722 1438 inter-

2135 1482 2431 1553 rogandum
2455 1489 2538 1535 est
2562 1481 2607 1534 si
2631 1481 2763 1534 duos
2787 1479 2926 1534 ﬁlios
2955 1479 3227 1550 genuisset
3251 1518 3266 1544 ,
3295 1483 3386 1531 aut
3406 1474 3620 1530 unum?
3660 1471 3723 1528 Si

2137 1574 2267 1628 dicit
2292 1588 2458 1626 unum
2488 1590 2500 1625 :
2527 1570 2865 1625 inferendum
2889 1579 2971 1626 est
3003 1589 3016 1624 :
3047 1569 3352 1639 Proprium,
3388 1576 3482 1622 aut
3510 1565 3726 1636 adopti-

2135 1666 2306 1720 vum?
2343 1664 2398 1720 Si
2449 1664 2578 1720 dicit
2609 1705 2624 1730 ,
2671 1672 2962 1734 utrumque
3010 1681 3022 1717 :
3063 1663 3405 1718 inferendum
3427 1668 3512 1716 est
3537 1677 3550 1714 :
3578 1658 3726 1728 Ergo

2138 1759 2272 1815 duos
2300 1757 2439 1813 filios
2463 1757 2648 1828 genuit
2675 1757 2834 1811 beata
2882 1757 3069 1827 Virgo,
3119 1771 3286 1810 unum
3320 1753 3596 1825 proprium
3627 1751 3728 1807 Dei

461 1855 801 1912 inferendum
851 1861 934 1908 est
979 1871 992 1908 :
1045 1853 1187 1922 Ergo
1240 1852 1488 1906 Christus
1514 1891 1527 1914 ,
1587 1851 1678 1919 qui
1726 1865 1792 1903 ex
1819 1848 2037 1919 Virgine
2076 1835 2110 1890 Β
2141 1851 2318 1906 Patris
2345 1891 2360 1916 ,
2403 1859 2458 1904 et
2492 1850 2721 1904 alterum
2746 1849 3088 1919 adoptivum;
3116 1847 3242 1918 quia
3271 1845 3576 1917 proprietas
3598 1857 3729 1899 cum

455 1955 620 2002 natus
649 1954 751 2011 est,
781 1960 889 1999 non
919 1953 1003 1999 est
1049 1944 1353 1998 adorandus
1372 1983 1386 2007 ,
1415 1943 1540 2011 quia
1578 1958 1738 1996 verus
1766 1941 1907 1996 Deus
1931 1957 2039 1995 non

455 2048 574 2104 est;
602 2046 656 2092 et
679 2046 804 2092 sunt
837 2038 941 2091 duo
973 2035 1080 2098 dii,
1112 2033 1362 2088 Christus
1407 2033 1548 2087 Deus
1585 2041 1639 2086 et
1663 2032 1913 2087 Christus
1943 2032 2042 2085 ho-

455 2143 739 2194 mo;unus
785 2126 1089 2182 adorandus
1124 2167 1138 2190 ,
1181 2134 1235 2179 et
1261 2125 1398 2179 alter
1421 2140 1526 2178 non
1555 2125 1880 2178 adorandus.
1933 2122 2042 2177 Sed

456 2231 666 2278 avertat
693 2223 834 2276 Deus
865 2222 1010 2276 hunc
1039 2235 1257 2275 sensum
1287 2221 1356 2273 ab
1378 2219 1525 2273 omni
1557 2220 1719 2274 corde
1746 2218 2035 2282 catholico,

455 2315 584 2384 quia
613 2321 757 2368 totus
782 2313 1032 2367 Christus
1055 2327 1194 2366 unus
1219 2319 1302 2364 εει
1329 2311 1489 2374 Deus,
1516 2317 1570 2364 et
1598 2326 1701 2363 una
1728 2309 2040 2365 adoratione

455 2405 814 2460 venerandus.
858 2403 1304 2474 lnterrogandum
1333 2411 1436 2465 est,
1485 2402 1528 2456 si
1575 2401 1714 2454 Deus
1758 2416 1862 2454 non
1908 2408 1988 2454 est
2022 2441 2037 2466 ,

457 2499 551 2568 qui
587 2498 728 2553 ﬁlius
761 2498 926 2552 David
976 2506 1078 2561 est,
1113 2512 1219 2566 qua
1248 2504 1514 2565 potestate
1549 2495 1903 2549 illuminasset
1935 2509 2039 2548 ca:—

469 2639 1826 2666 Μ

1828 2643 2144 2662 m-

2140 1943 2427 2012 adoptionc
2456 1957 2559 1996 non
2589 1941 2860 1996 convenit.
2889 1940 2984 1996 His
3013 1941 3089 1994 ita
3128 1937 3462 1995 confirmatis
3501 1952 3599 2006 per
3644 1935 3732 1989 in-

2142 2037 2532 2107 terrogationes
2562 2045 2617 2090 et
2660 2035 3042 2105 responsiones
3065 2074 3080 2099 ,
3127 2031 3258 2104 quid
3293 2037 3572 2102 superest,
3617 2026 3730 2082 nisi

2143 2137 2202 2182 ut
2228 2128 2475 2182 Christus
2498 2125 2656 2182 Jcsus
2684 2142 2846 2182 verus
2871 2126 3120 2181 credatur
3149 2123 3293 2180 Deus
3341 2137 3505 2178 verus
3531 2129 3588 2176 et
3612 2119 3733 2190 ple-

2144 2236 2276 2284 nus;
2307 2228 2360 2274 et
2386 2235 2528 2274 unus
2555 2218 2812 2273 credatur
2849 2217 3020 2272 Filius
3062 2217 3348 2288 proprius,
3394 2223 3450 2270 et
3484 2212 3735 2284 perfecte

2147 2311 2404 2364 adoretur
2427 2317 2480 2362 et
2504 2308 2754 2363 laudetur
2779 2309 2847 2362 ab
2873 2307 3018 2363 omni
3051 2315 3321 2372 creatura,
3347 2305 3558 2361 dicente
3573 2300 3733 2357 Psal-

2147 2402 2307 2455 mista
2340 2413 2353 2452 :
2385 2397 2622 2452 Laudent
2653 2415 2771 2452 eum
2797 2397 2909 2452 caeli
2959 2407 3006 2451 et
3054 2406 3195 2451 terra
3221 2438 3236 2463 ,
3284 2411 3429 2450 mare
3465 2403 3513 2448 et
3555 2391 3735 2446 omnia

2145 2508 2262 2561 qua:
2292 2492 2346 2544 in
2371 2491 2443 2543 eis
2473 2499 2588 2543 sunt
2619 2489 2790 2561 (Psal.
2821 2505 3012 2554 varu,
3037 2487 3149 2561 '55).

2348 2631 3726 2662 mm

2145 2643 2339 2664 Μ

1313 2764 1476 2836 92³
1535 2776 2220 2856 DISSERTATIO
2299 2775 2852 2856 HISTORICA

875 2960 980 3022 DE
1022 2915 1336 3023 HJERESI
1383 2961 1751 3022 ELlPANDI
1799 2958 2206 3020 TOLETANI
2251 2960 2354 3019 ET
2399 2956 2702 3020 FELICIS
2746 2894 3314 3035 onGELLiTANI,

525 3104 600 3171 ln
629 3126 755 3191 qua
793 3126 937 3191 quae
971 3114 1298 3173 nactenus
1322 3108 1594 3172 obscura
1623 3107 1910 3179 fuerunt,
1946 3125 2025 3168 ex
2060 3105 2296 3168 chartis
2327 3112 2616 3169 recenter
2645 3105 2938 3184 detectis,
2971 3118 3033 3170 et
3064 3108 3273 3188 Ipsms
3301 3112 3373 3170 Β.
3415 3105 3681 3172 Alcuini

1733 3206 1988 3284 scriptis
2027 3203 2452 3268 illustrantur.

538 3398 580 3453 l.
607 3397 983 3452 Controversiw
1011 3405 1198 3450 status.
1228 3425 1299 3436 ——
1319 3394 1704 3450 Controversia
1735 3395 1823 3449 illa
1853 3436 1868 3460 ,
1898 3411 1966 3448 an
1991 3403 2046 3450 et
2073 3395 2119 3457 C
2150 3394 2394 3449 obscurae
2421 3393 2512 3446 lux
2543 3391 2764 3465 accendi
2788 3392 2982 3465 possit.
3003 3391 3143 3465 Haec
3163 3401 3512 3465 monumenta
3538 3392 3744 3465 partim

466 3486 576 3540 quo
591 3483 758 3540 sensu
795 3467 1043 3540 Christus
1075 3467 1168 3540 Dei
1192 3466 1362 3540 Filius
1388 3466 1670 3540 adoptivus
1713 3467 1816 3540 dici
1876 3465 2048 3540 possit

467 3536 554 3595 vel
574 3539 784 3600 debeat,
811 3538 862 3590 in
891 3537 1130 3592 Ecclesia
1157 3537 1284 3590 olim
1315 3538 1382 3591 ab
1427 3537 1641 3590 Arianis
1666 3577 1679 3600 ,
1727 3536 2048 3590 Bonosianis

466 3608 910 3676 Nestorianisquc
939 3617 1082 3662 mota
1107 3623 1170 3660 ac
1198 3608 1287 3660 diu
1313 3606 1800 3670 ventilata,s:ecnlo
1829 3607 2046 3661 demum

467 3678 778 3733 Christiano
805 3685 996 3732 octavo
1037 3679 1090 3732 in
1137 3677 1388 3748 Hispania
1421 3679 1738 3731 resuscitata
1785 3687 1946 3748 atque
1993 3678 2048 3731 in

468 3748 717 3802 Francici
763 3764 976 3818 quoque
1036 3749 1186 3818 regni
1235 3747 1538 3819 provincias
1582 3757 1876 3818 propagata
1925 3747 2044 3802 fuit.

465 3819 712 3888 Episcopi
737 3819 976 3889 quidam,
1004 3818 1422 3887 quorum’duces
1446 3818 1595 3872 fuere
1627 3820 1920 3889 Elipandus
1945 3819 2049 3872 To—

466 3890 659 3944 letana:
687 3929 701 3950 ,
729 3897 783 3941 ct
808 3888 956 3942 Felix
985 3889 1328 3959 Orgellitana:
1359 3888 1726 3943 Ecclesiarum
1754 3890 2046 3954 antistites,

468 3959 863 4014 contendebant
892 3960 1166 4014 Christum
1192 3959 1379 4013 saltem
1421 3961 1713 4014 secundum
1757 3962 2049 4014 humanam

467 4039 720 4084 naturam
745 4045 848 4100 non
873 4037 1080 4084 tantum
1108 4047 1286 4100 posse,
1305 4031 1397 4085 sed
1421 4039 1476 4085 ct
1495 4032 1690 4085 debere
1716 4031 1821 4085 dici
1851 4031 2050 4084 Filium

467 4100 562 4155 Dei
594 4099 924 4169 adoptivum,
951 4117 1056 4154 non
1073 4099 1380 4170 proprium;
1406 4109 1459 4154 et
1479 4102 1774 4155 secundum
1803 4102 2049 4155 eamdem

468 4179 742 4232 naturam,
775 4170 937 4224 Deum
963 4173 1404 4240 nuncupativum,
1436 4187 1539 4225 non
1569 4187 1775 4225 verum.

538 4240 600 4293 ll.
659 4240 797 4311 Quid
847 4242 900 4311 in
950 4242 1048 4294 hac
1103 4242 1463 4294 dissertatione
1499 4241 1947 4311 exspectandum?
1981 4271 2052 4282 -—

467 4310 765 4364 Historiam
783 4309 943 4380 hujus
963 4351 976 4375 ,
1008 4326 1126 4379 qua:
1155 4328 1221 4364 ex
1264 4312 1368 4364 hoc
1411 4327 1548 4365 novo
1579 4309 1826 4380 dogmate
1853 4314 1905 4366 in
1948 4312 2052 4367 Ec-

468 4381 637 4435 clesia
687 4379 913 4432 multum
949 4380 1235 4444 efferbuit,
1270 4379 1690 4442 controversiae,
1747 4393 1865 4444 post
1913 4399 2050 4437 non-

472 4450 648 4505 nullos
689 4449 1024 4520 antiquiores
1050 4453 1383 4520 “scriptores
1434 4451 1648 4520 egregie
1688 4449 2052 4507 dilucidarunt

470 4521 575 4573 viri
602 4519 700 4574 ωνί
732 4521 902 4572 nostri
930 4519 1303 4584 eruditissimi,
1341 4521 1400 4572 Ι).
1444 4519 1678 4575 Joannes
1731 4521 2051 4577 Franciscus

473 4589 593 4643 Mad
602 4590 770 4666 risius
785 4589 828 4666 _U
838 4599 850 4641 ι
861 4590 979 4642 inen
987 4590 1083 4666 sis,
1111 4592 1554 4666 congregationis
1567 4590 1815 4666 Oratorii
1828 4595 2052 4666 presby-

470 4667 559 4730 ter
626 4661 678 4714 in
737 4659 1121 4713 Dissertatione
1175 4659 1482 4714 historico-
1509 4659 1883 4730 chronologica
1921 4679 1951 4715 a
1992 4659 2051 4717 se

474 4729 757 4820 adonla‘ra.
789 4738 844 4810 et
864 4731 1272 4820 nogeaOperum
1301 4733 1469 4820 sancti
1500 4732 1704 4820 lianlini
1741 4725 2050 4820 A‘qui‘leie‘n-
2078 4760 2131 4820 υ

476 4801 553 4854 sis
581 4799 820 4872 editioni,
869 4815 920 4869 p.
947 4801 1071 4864 2-l‘2,
1099 4802 1298 4872 inserta
1325 4801 1669 4872 (Patrofogiae
1694 4799 1839 4857 tomb
1863 4803 2050 4870 XCIX,

474 4873 578 4940 col.
605 4869 729 4940 557)
766 4887 777 4922 :
821 4879 896 4940 ει
923 4879 1044 4938 post
1099 4871 1245 4924 illum
1303 4869 1366 4924 D.
1425 4869 1624 4926 Christ.
1665 4872 1806 4927 Guil.
1853 4869 2048 4928 Franc.

473 4938 750 5012 Walchius
776 4939 1050 5012 professor
1068 4941 1450 5011 Gottingensis,
1483 4943 1534 4995 in
1566 4943 1823 5012 singulari
1849 4943 2046 5003 libello.

471 5010 794 5082 deHistoria
833 5010 1307 5081 Adoptianorum’:
1349 5013 1544 5080 quibus
1586 5010 1705 5067 addi
1750 5022 1927 5082 potest
1968 5014 2054 5067 vir

471 5080 856 5134 celeberrimus
889 5080 1096 5136 D.’Jac.
1135 5082 1461 5152 Basnagius,
1519 5091 1646 5136 tom.
1698 5080 1765 5136 ll'
1789 5083 2051 5137 Thesauri

472 5160 946 5205 monumentorum
983 5153 1182 5206 Canisii
1206 5194 1218 5216 ,
1269 5168 1389 5222 pag.
1423 5152 1526 5206 2'34
1562 5169 1675 5221 seq.
1712 5154 2053 5223 Quapropter

473 5235 929 5290 supervacaneum
960 5223 1126 5276 videri
1158 5225 1326 5292 possit
1350 5224 1593 5277 eamdem
1623 5225 1905 5276 historiam
1937 5240 2054 5277 rur-

473 5305 582 5363 sus,
619 5292 686 5363 ad
733 5292 978 5345 incudem
1023 5308 1296 5347 revocare.
1334 5294 1712 5347 Verumtamen
1755 5294 2052 5363 perhorum

469 5357 676 5427 judicio
697 5374 1155 5430 supervacaneum
1178 5363 1317 5416 hami
1343 5364 1552 5417 censeri
1585 5357 1770 5426 debet,"
1795 5365 1838 5416 si
1869 5365 2053 5432 plures

475 5445 604 5486 suas
633 5432 901 5500 symbolas
929 5432 1210 5487 conf-rant
1254 5434 1319 5485 ad
1352 5433 1724 5487 clucidandam
1771 5435 2053 5489 historiam

475 5501 638 5571 medii
663 5502 782 5565 aevi,
817 5504 957 5570 quod
988 5504 1168 5556 multis
1192 5504 1367 5556 adhuc
1391 5502 1626 5556 tenebris
1650 5503 1884 5556 obsitum
1919 5514 2000 5558 est
2033 5544 2050 5571 ,

474 5581 532 5624 et
557 5570 709 5639 cujus
737 5573 904 5624 intuta
934 5574 1107 5627 adhuc
1132 5573 1451 5626 documenta
1482 5571 1668 5637 latent,
1701 5588 1927 5641 quaaque
1955 5570 2050 5629 de?-

480 5643 691 5710 tegendi
718 5657 842 5709 spes
865 5658 972 5697 non
1010 5643 1185 5697 omnis
1223 5642 1402 5712 periit.
1432 5642 1497 5694 Et
1525 5643 1576 5694 id
1604 5642 1846 5711 profecto
1874 5643 2046 5699 felici-

477 5713 607 5785 tatis
653 5713 784 5766 mihi
813 5713 1042 5785 obtigit,
1075 5721 1134 5766 ut
1163 5712 1391 5782 repertis
1417 5721 1471 5766 et
1499 5713 1733 5767 obtentis
1766 5714 1832 5768 iis
1857 5756 1872 5779 ,
1929 5731 2050 5785 quae

480 5779 761 5852 hucusque
801 5779 1290 5850 desiderabantur,
1338 5785 1734 5853 monumentis,
1783 5800 1921 5842 nova
1945 5779 2048 5842 'rei

2151 3466 2204 3519 in
2237 3464 2664 3534 przecedentibus
2686 3464 2829 3517 beati
2859 3463 3074 3534 Alcuini
3104 3464 3325 3534 scriptis
3353 3463 3739 3531 exhibuimus;

2149 3532 2345 3605 partim
2379 3535 2432 3587 in
2467 3534 2775 3604 Appendice
2799 3534 2841 3588 ll
2870 3532 3232 3604 proferemus:
3258 3534 3316 3589 In
3344 3535 3606 3606 praesenti
3631 3535 3739 3606 igi-

2150 3604 2237 3659 tur
2271 3606 2656 3659 Dissertatione
2685 3615 2870 3659 nostra
2893 3614 2959 3660 ea
2979 3621 3100 3675 quae
3127 3606 3255 3660 alibi
3286 3606 3416 3661 satis
3445 3604 3746 3661 dilucidata

2150 3685 2275 3732 sunt
2311 3693 2340 3729 a
2371 3675 2600 3729 laudatis
2641 3676 2999 3746 scriptoribus
3028 3717 3041 3740 ,
3094 3677 3333 3731 breviter
3361 3676 3694 3746 attingemus
3725 3715 3743 3742 ,

2150 3747 2429 3816 solumque
2475 3746 2529 3800 in
2582 3746 2648 3800 iis
2697 3746 3038 3816 aliquatenus
3067 3747 3478 3802 immorabimur
3503 3761 3627 3816 qum
3651 3747 3748 3800 Al-

2151 3818 2368 3873 cuinum
2420 3826 2687 3882 nostrum,
2717 3817 2810 3886 qui
2843 3818 3078 3872 maxima
3117 3816 3276 3886 hujus
3319 3817 3561 3872 historiae
3611 3832 3746 3888 pars

2152 3897 2257 3953 est,
2301 3897 2635 3943 concernunt
2669 3928 2683 3952 ,
2731 3897 2787 3941 et
2828 3888 2880 3941 in
2921 3889 3116 3957 quibus
3147 3889 3392 3958 quaedam
3421 3896 3747 3958 argumenta

2151 3960 2606 4028 deprehendimus
2655 3959 2724 4012 ob
2759 3974 2886 4028 quae
2921 3973 2950 4012 a
2979 3958 3112 4014 viris
3139 3959 3244 4015 illis
3272 3958 3500 4014 eruditis
3531 3958 3750 4014 dissen-

2153 4027 2257 4083 tire
2288 4045 2442 4084 amor
2469 4029 2715 4083 veritatis
2744 4045 2841 4083 nos
2871 4027 3046 4096 jubet.

2221 4099 2306 4172 lll.
2343 4100 2556 4154 Primus
2587 4101 2952 4172 controuersia
2973 4100 3062 4170 qui
3088 4108 3376 4154 auctor.—
3398 4099 3570 4172 Igitur
3597 4115 3751 4172 com—

2153 4171 2333 4224 munis
2359 4172 2575 4239 quidem
2607 4171 2990 4226 historicorum
3035 4186 3140 4225 vox
3185 4179 3271 4226 est
3319 4179 3375 4225 et
3421 4171 3696 4227 Sententia
3725 4211 3744 4238 ,

2153 4241 2385 4310 primum
2415 4241 2618 4295 erroris
2650 4241 2715 4295 de
2743 4240 2946 4296 Christi
2997 4241 3294 4297 secundum
3333 4249 3586 4296 naturam
3639 4242 3746 4296 hu-

2153 4327 2370 4365 manam
2407 4311 2694 4381 adoptione
2727 4313 2778 4366 in
2827 4310 3022 4365 Filium
3060 4313 3156 4366 Dei
3190 4352 3205 4376 ,
3244 4320 3522 4368 auctorem
3573 4311 3748 4366 fuisse

2152 4381 2386 4437 Felicem
2409 4383 2719 4452 episcopum
2747 4381 3122 4452 Orgelitanum
3147 4397 3161 4435 :
3185 4381 3303 4449 ejus
3328 4383 3752 4452 siquidemcon-

2154 4453 2274 4506 silio
2310 4450 2632 4521 scriptisque
2677 4450 3147 4523 libris—Elipandus
3191 4450 3465 4523 Toletanze
3486 4450 3748 4523 Ecclesiae

2155 4520 2592 4592 archiepiscopus
2623 4523 2675 4574 in
2707 4538 2892 4578 errore
2933 4520 3048 4592 seu“
3076 4520 3383 4592 instructus,
3412 4536 3514 4592 seu
3546 4520 3748 4576 confir-

2157 4589 2850 4662 matus'esse'perhibetur.
2889 4590 3090 4662 {Felix
3135 4589 3232 4662 (ita
3261 4591 3451 4662 scribit
3477 4591 3752 4662 Eginhar-

2155 4661 2256 4715 dus
2284 4662 2336 4715 in
2367 4661 2663 4732 Annalibus
2690 4662 2755 4732 ad
2795 4677 2883 4715 an.
2921 4660 3302 4732 792)77na‘tione
3329 4660 3602 4732 Hispaniis
3628 4702 3645 4727 ,
3678 4662 3749 4732 ab

2156 4732 2419 4802 Elipando
2449 4731 2620 4786 Toleti
2651 4731 2902 4801 episcopo
2929 4731 3030 4800 per
3051 4731 3260 4788 litteras
3296 4731 3576 4802 consultus
3613 4731 3748 4802 quid

2156 4804 2222 4858 de
2243 4801 2584 4856 humanitate
2613 4803 2906 4856 servatoris
2935 4802 3029 4856 Dei
3054 4810 3108 4857 et
3135 4802 3347 4858 Domini
3385 4801 3511 4857 Iesu
3538 4801 3749 4860 Christi

2155 4874 2356 4927 sentire
2379 4873 2629 4936 deberet;
2657 4883 2838 4926 utrum
2869 4873 3164 4926 secundum
3190 4874 3244 4928 id
3273 4876 3416 4936 quod
3443 4874 3607 4928 homo
3639 4881 3747 4936 est,

2153 4944 2407 5013 pmprius
2432 4959 2500 4997 an
2529 4943 2812 5013 adoptivus
2841 4943 2936 5000 Dei
2965 4942 3134 4997 Filius
3173 4942 3474 4998 credendus
3501 4953 3652 4999 esset
3681 4957 3749 4998 ac

2156 5014 2436 5076 dicendus,
2465 5013 2622 5068 valde
2657 5015 2873 5068 incaute
2907 5022 2964 5068 et
2990 5013 3424 5080 inconsiderate,
3456 5023 3512 5070 et
3554 5022 3749 5068 contra

2157 5085 2434 5152 antiquam
2465 5083 2719 5138 Ecclesiae
2760 5084 3040 5140 catholicae
3090 5085 3389 5140 doctrinam
3431 5084 3747 5154 adoptivum

2157 5169 2263 5207 non
2291 5154 2463 5207 solum
2495 5155 2902 5222 pronuntiavit,
2941 5156 3035 5209 sed
3075 5156 3238 5210 etiam
3267 5155 3484 5224 scriptis
3525 5153 3594 5208 ad
3624 5168 3746 5208 me-

2158 5231 2424 5296 moratum
2457 5224 2766 5296 episcopum
2796 5224 2947 5279 libris
2967 5225 3399 5294 pertinacissime
3418 5227 3749 5296 pravitatem

2155 5294 2425 5366 opinionis
2465 5309 2575 5366 suae
2613 5294 2905 5366 defendere
2935 5296 3160 5349 curavit.
3203 5316 3220 5347 ›
3255 5294 3564 5366 Εςίηῆεηιᾱο
3608 5311 3745 5351 eon-

2156 5365 2364 5434 cordat,
2393 5373 2454 5417 ut
2479 5364 2634 5428 solet,
2670 5375 2826 5434 poeta
2881 5365 3023 5420 Saxo
3052 5367 3117 5420 ad
3145 5364 3392 5420 eumdem
3422 5381 3628 5421 annum
3651 5405 3668 5432 ,
3691 5373 3749 5420 et

2155 5433 2321 5508 Jonas
2347 5433 2747 5508 Aurelianensis
2770 5435 2862 5508 lib.
2894 5453 2911 5490 ι
2937 5438 3002 5508 de
3028 5436 3183 5491 Cultu
3209 5438 3524 5508 imaginum.

2230 5506 2316 5576 IV.
2349 5504 2504 5561 Felix
2528 5525 2596 5562 an
2624 5507 2960 5576 Elipandus?
2985 5537 3057 5548 —-—
3081 5508 3207 5563 Haec
3227 5508 3270 5563 si
3294 5504 3368 5562 ita
3391 5509 3518 5573 sint,
3543 5506 3746 5562 mirum

2155 5575 2419 5699 Erofecto,
2453 5575 2721 5632 neminem
2746 5577 2958 5632 illorum
2985 5579 3077 5648 qui
3109 5595 3301 5650 magno
3332 5578 3448 5634 zelo
3473 5580 3741 5632 adversus

2201 5647 2393 5699 elicem
2425 5649 2780 5699 scripserunt.
2823 5657 2879 5699 et
2928 5647 3071 5699 illius
3097 5664 3312 5699 errores
3339 5665 3461 5699 cum
3489 5648 3637 5699 omni
3664 5648 3741 5699 in-

2201 5647 2393 5701 elicem
2425 5649 2780 5716 scripserunt,
2823 5657 2879 5702 et
2928 5647 3071 5703 illius
3097 5647 3312 5705 errores
3339 5665 3461 5703 cum
3489 5648 3637 5702 omni
3664 5648 3746 5700 in-

2155 5717 2362 5790 dustria
2405 5726 2800 5790 excusserunt,
2836 5718 2980 5790 illius
3025 5728 3205 5775 tamen
3248 5735 3348 5790 pro
3399 5717 3592 5790 haeresi
3636 5730 3734 5771 sua

2153 5789 2386 5858 scriptos
2413 5789 2484 5845 ad
2509 5788 2831 5860 Elipandum
2859 5788 3048 5859 libros,
3081 5785 3310 5862 quorum
3334 5785 3546 5854 praefati
3573 5801 3750 5855 anna-_
