4030 6358
440 353 539 411 3H

1294 348 1353 402 Β.
1392 346 1453 402 F.
1494 339 1722 400 ALBINI
1759 340 1891 399 SEU
1924 340 2204 400 ALCUINI
2238 339 2526 399 OPERUM
2559 336 2739 396 PARS
2774 338 2856 395 III.

3608 336 3726 394 δικ

440 461 674 535 preter)
719 459 1025 535 pontificios
1061 472 1129 535 ex
1166 457 1270 535 hoc
1299 456 1440 535 facto
1476 461 1851 535 argumentum
1888 453 2028 535 acci-
2054 456 2106 512 Δ
2132 454 2388 535 mysteria
2411 454 2464 508 in
2494 461 2679 535 nostro
2709 451 3045 535 Patriarchio
3073 452 3507 535 ponensnjuravit
3541 454 3621 509 sic
3646 464 3729 511 te-

514 551 572 590 re
610 524 769 604 posse
797 548 896 604 pro
921 528 1255 604 defendenda
1284 526 1605 604 auctoritate
1640 524 1784 604 sedis
1815 534 2031 604 aposto-

466 607 563 662 icaa
610 594 665 659 in
719 594 1101 659 conﬁrmandis
1144 598 1376 654 decretis
1417 596 1736 668 dogmaticis
1778 594 2035 668 concilio-

443 693 601 740 rum;
634 675 759 729 hinc
785 688 1002 729 causam
1037 671 1219 735 aliam,
1261 670 1330 725 ob
1373 665 1551 740 quam
1565 667 1716 740 Felix
1746 682 1777 720 a
1803 665 2034 740 concilio

444 736 858 807 Ratisbonensi,
916 744 983 798 ad
1034 736 1420 796 absolvendum
1458 738 1743 808 judicium,
1804 736 2033 808 Romam

443 818 645 873 missus
686 815 884 879 fuerat,
926 813 1128 883 ﬁngere
1176 826 1398 883 necesse
1436 809 1641 883 habuit.
1669 808 1957 883 Enimvero
1984 807 2031 862 si

443 888 597 944 Felix
628 894 747 957 post
773 877 1036 957 ejuratam
1082 881 1394 957 Ratisbona‘.
1434 880 1685 957 haeresim
1716 877 1873 947 paulo
1895 885 2036 957 .post

445 948 649 1014 ibidem
699 948 850 1011 suam
894 953 1310 1009 inconstantiam
1352 949 1782 1013 manifestasset,
1836 948 2036 1002 mirum

443 1027 690 1099 profecto
719 1026 887 1081 videri
914 1025 1105 1099 poss_i_t,
1137 1023 1392 1099 eamdem
1421 1038 1450 1075 a
1481 1022 1626 1099 nullo
1660 1020 1801 1074 illius
1822 1028 2035 1099 tempo-

446 1090 527 1156 iis
567 1098 850 1167 scriptore,
893 1090 929 1150 εἰ
954 1095 1100 1149 nullo
1137 1093 1332 1148 Felicis
1360 1092 1703 1215 antalgonista
1744 1090 2031 1160 redargui;

446 1185 477 1215 ε
504 1169 778 1215 mnimrin
807 1182 936 1215 vero
989 1180 1179 1215 omnes
1218 1163 1427 1215 testari.
1528 1162 1677 1215 elicis
1728 1160 2031 1215 inconstan-

444 1185 477 1225 e
504 1160 778 1225 contrario
807 1160 936 1222 vero
989 1180 1179 1220 omnes
1218 1163 1427 1228 testari,
1483 1160 1677 1215 Felicis
1728 1160 2037 1216 inconstan-

445 1238 578 1295 tiam
632 1254 696 1293 ac
736 1234 1473 1307 perfidiamtuncAprimum
1522 1231 1861 1307 i_nnotuiss_e,_
1892 1240 2038 1307 post:

442 1286 608 1381 ςῑιῖξίη
628 1286 1181 1381 egessisse:
1196 1286 1264 1359 Εἴ
1282 1286 1662 1373 postmodum,
1696 1321 1715 1353 .
1739 1302 1814 1381 μμ
1841 1286 1948 1381 Lg...
1972 1300 2037 1355 ιιι
2060 1286 2065 1317 ι

443 1372 585 1451 papa
624 1379 680 1433 in
722 1372 956 1451 concilio
1005 1378 1269 1451 Romano,
1300 1372 1486 1451 :supra
1532 1389 1681 1451 num.
1733 1372 1798 1426 1⁸7
1849 1372 2033 1451 citato,

450 1441 472 1503 ἱ
496 1441 868 1519 transgressus
890 1450 1061 1519 legem
1086 1448 1181 1502 Dei
1208 1441 1417 1519 fugiens
1435 1444 1590 1519 apud
1603 1458 1840 1519 paganos
1853 1441 2040 1519 perju—

445 1528 599 1575 ratus
646 1513 871 1574 Effectus
899 1513 998 1574 est.
1041 1538 1060 1570 ι
1105 1519 1174 1573 Et
1211 1518 1255 1572 si
1274 1513 1438 1571 'Felix
1469 1513 1779 1569 Ratisbonae
1818 1513 1886 1567 ob
1928 1528 2041 1567 me-

447 1599 565 1645 tum
610 1590 755 1661 regis
796 1590 1078 1661 praesentis
1128 1588 1536 1661 conversionem
1592 1599 1744 1639 suam
1790 1583 2041 1661 simulate

444 1661 634 1725 edidit,
661 1654 781 1728 quis
797 1654 988 1715 credat
1016 1660 1167 1714 illum
1195 1658 1417 1722 ibidem,
1442 1670 1603 1711 causa
1621 1662 1796 1728 metus
1820 1654 2041 1728 minime

445 1725 693 1796 mutata;
748 1731 944 1784 riorem
973 1730 1373 1785 simulationem
1403 1728 1632 1797 prodere
1658 1725 1935 1778 voluisse?

520 1798 661 1855 XIX.
708 1746 941 1855 Credam
971 1816 1097 1855 ergo
1127 1801 1307 1855 notius
1352 1799 1583 1853 Felicem
1621 1796 1673 1849 in
1706 1795 1909 1855 svnodo

446 1871 748 1926 tisbonensi
781 1871 985 1925 erroris
1022 1866 1352 1935 convictum,
1382 1884 1413 1922 a
1440 1867 1633 1922 Carolo
1662 1880 1787 1935 rege
1816 1866 2041 1920 missum

445 1940 615 1997 fuisse
652 1942 720 1995 ad
743 1940 1038 1995 Adrianum
1077 1941 1386 2011 pontiﬁcem
1417 1938 1720 2011 Romanum
1743 1937 1813 1990 ob
1839 1951 2042 2011 praaro—

446 2013 685 2083 gativam
716 2012 905 2081 prima:
951 2008 1115 2075 sedis,
1166 2021 1227 2083 ut
1258 2010 1401 2064 illius
1438 2008 1643 2083 judicio
1649 2008 2041 2083 _controversi_a

445 2077 555 2137 non
586 2098 685 2152 pro
717 2077 832 2136 'una
868 2092 1076 2137 tantum
1117 2077 1482 2152 natione,gsed
1510 2094 1608 2148 pro
1648 2077 1885 2152 Ecclesia
1923 2078 2043 2131 uni-

443 2149 605 2208 versa
655 2154 1060 2217 terminaretur,
1092 2153 1235 2221 quod
1266 2150 1381 2204 fieri
1410 2166 1514 2203 non
1545 2149 1805 2221 potuisset
1828 2163 1931 2221 per
1957 2164 2044 2219 sy-

445 2223 649 2279 nodum
693 2217 1179 2286 Ratisbonensem,
1228 2237 1350 2290 quae
1384 2217 1556 2274 solum
1604 2217 1911 2290 nationalis,
1942 2217 2045 2271 nec

448 2291 703 2349 fortassis
762 2294 1003 2347 omnium
1071 2287 1450 2361 episcoporum
1505 2289 1742 2361 nationis
1794 2287 1936 2361 fuit;
1971 2296 2045 2361 ret

446 2374 737 2435 propterea
767 2380 865 2433 pro
899 2358 1157 2434 Hispania
1195 2358 1422 2435 ali—isque
1448 2359 1647 2435 _regnis
1693 2368 1847 2435 extra
1887 2358 2046 2435 ditio-

451 2429 579 2489 hem
626 2429 939 2488 Francicam
984 2429 1102 2489 sitis
1131 2450 1235 2489 non
1268 2429 1557 2487 admodum
1595 2430 1773 2500 gravis
1811 2429 2046 2500 auctori-

450 2505 585 2559 tatis
628 2503 853 2568 fuisset;
886 2506 1185 2573 prazsertim
1217 2503 1361 2573 quod
1406 2502 1581 2556 eidem
1604 2499 1745 2573 nulli
1775 2499 2046 2555 adfuerint

450 2576 597 2631 sedis
634 2572 941 2642 apostolicze
970 2575 1152 2646 legati.
1184 2572 1333 2629 Hanc
1367 2588 1541 2627 meam
1567 2572 1874 2646 opinionem
1906 2578 2043 2646 tem-

450 2646 601 2715 poris
631 2639 822 2701 saltem
852 2646 996 2702 illius
1023 2639 1279 2700 "moribus
1320 2653 1375 2699 et
1412 2639 1797 2715 consuetudini
1825 2639 2043 2715 confor—

452 2711 599 2772 inem
622 2734 773 2780 esse,
816 2732 976 2771 nemo
1003 2717 1203 2771 veteris
1237 2711 2046 2785 disciplinasgperitusrinﬁciahi-

454 2793 564 2842 tur.
594 2787 755 2843 Certe
776 2788 1011 2858 episcom
1041 2787 1206 2841 Italiae
1238 2787 1290 2840 in
1319 2781 1498 2858 libello
1526 2781 1904 2858 S'acrosxllaho
1944 2781 2044 2858 ad-

453 2871 648 2914 versus
699 2851 1043 2928 Elip'andu'tn,
1102 2866 1287 2928 postea
1343 2857 1396 2928 in
1448 2851 2049 2928 concilio__Franco_for-

455 2928 630 2985 diensi
662 2922 806 2984 edito
855 2937 909 2982 et
937 2922 1185 2999 probato,
1237 2930 1312 2981 ita
1348 2927 1609 2999 haeresim
1639 2924 1823 2993 illique
1868 2922 2046 2976 adhze-

456 3009 643 3055 rentes
681 2996 1023 3054 anathemate
1059 2999 1279 3062 feriunt,
1304 3006 1361 3051 ut
1394 3007 1570 3050 tamen
1592 2996 1681 3065 jus
1709 3009 1934 3065 summm
1963 3008 2048 3047 se-

457 3069 562 3133 dis,
594 3070 950 3140 prazsentibus
980 3071 1105 3125 licet
1130 3070 1204 3125 ibi
1234 3067 1426 3139 legatis
1469 3064 1818 3140 apostolicis,_
1839 3064 2045 3140 salvum

453 3134 625 3230 felin't
654 3160 665 3195 :
702 3160 719 3191 ι
753 3142 1078 3230 Reservatis),
1098 3134 1363 3230 inquiunt,
1391 3152 1487 3207 per
1507 3138 1689 3230 omqia
1713 3134 2045 3230 juri.snpri:i-
2073 3168 2119 3230 ϐ

458 3210 600 3282 legio
622 3213 815 3267 summi
840 3205 1110 3280 pontifiCis
1137 3205 1191 3265 et
1212 3205 1587 3282 Patris—nostri
1609 3205 1830 3282 Adriani
1854 3206 2042 3282 prima:

458 3275 604 3336 sedis
653 3275 948 3337 beatissimi
990 3297 1161 3351 papae.
1201 3301 1218 3331 ι
1255 3280 1405 3333 Tom.
1446 3277 1558 3351 XIII
1601 3275 2043 3351 Concilnlilansi,

531 3366 583 3421 g.
614 3353 737 3417 882,
766 3354 913 3408 circa
941 3345 1119 3406 linem.
1148 3350 1335 3404 Patres
1352 3363 1480 3421 ergo
1512 3345 1910 3421 Francofordixe
1941 3345 2048 3398 col-

481 3417 607 3486 ec'ti,
632 3423 793 3477 iidem
835 3438 971 3493 pene
1008 3424 1096 3491 qui
1124 3417 1896 3493 antebieuniumiiatisbona:
1922 3431 2049 3493 con—

459 3505 756 3556 venerant,
787 3486 1134 3547 credider'unt
1184 3490 1431 3543 ultimum
1455 3486 1720 3555 judicium
1766 3488 1818 3540 in
1870 3487 2050 3542 causis

460 3560 586 3615 fidei
608 3561 851 3617 Romano
882 3562 1125 3617 Pontifici
1162 3576 1281 3615 esse
1309 3558 1680 3613 deferendum.
1733 3557 1858 3611 Haec
1887 3557 2052 3627 igitur

459 3647 591 3685 vera
633 3647 797 3686 causa
848 3633 1114 3687 censenda
1154 3639 1238 3686 est
1264 3631 1332 3685 ob
1367 3644 1525 3699 quam
1561 3628 1709 3682 Felix
1757 3627 2052 3681 Ratisbona

461 3700 690 3755 Romam
720 3702 912 3757 ductus
943 3701 1060 3766 fuit,
1107 3711 1161 3755 et
1192 3701 1480 3756 comitatus
1509 3699 1584 3752 illi
1615 3700 1852 3761 additus,
1884 3707 1941 3751 ut
1969 3714 2053 3753 se-

460 3771 651 3827 curius
674 3788 739 3826 eo
782 3773 1109 3842 perveniret,
1135 3781 1189 3826 et
1219 3788 1285 3826 ne
1312 3772 1446 3825 forte
1471 3779 1594 3824 ante
1622 3768 1947 3842 completum
1964 3767 2053 3842 juf

462 3842 666 3897 dicium
713 3840 833 3914 fuga
874 3842 1392 3914 elaberetur._Dum
1442 3856 1569 3914 vero
1610 3841 1794 3914 Roma:
1845 3840 2053 3914 carceri

462 3910 802 3984 mancipatus
833 3914 951 3978 fuit,
998 3914 1052 3966 id
1090 3912 1337 3983 contigit,
1368 3912 1518 3984 quod
1540 3927 1661 3965 cum
1691 3913 1799 3965 reis
1831 3910 2052 3984 assolet,

462 3983 594 4053 qui,
646 3980 720 4039 ne
776 4000 993 4055 pmnam
1046 3980 1679 4055 promeritammefl‘ugere
1745 3981 2054 4055 malumque

461 4052 604 4123 quod
671 4052 848 4109 adhuc
897 4052 1122 4109 timetur
1173 4053 1334 4108 latius
1395 4053 1748 4107 disseminare
1802 4052 2053 4121 possint,

464 4125 729 4178 custodia:
755 4125 1059 4178 traduntur.

537 4194 655 4248 XX.
701 4193 857 4248 Felix
890 4193 1072 4248 Roma:
1103 4193 1228 4263 ﬁdei
1250 4193 1629 4264 confessionem
1653 4192 1781 4245 edit.
1814 4222 1883 4264 -έ
1903 4190 2054 4246 Felix

466 4264 654 4318 Roma:
681 4280 863 4319 coram
907 4262 1145 4319 Adriano
1168 4262 1380 4320 summo
1426 4262 1680 4331 pontifice
1708 4262 2049 4325 ennstitulus,

464 4333 627 4404 fidem
646 4350 806 4403 quam
847 4334 1156 4389 Ratisbonte
1194 4333 1472 4404 professus
1502 4332 1701 4397 fuerat,
1737 4333 1911 4404 denuo
1944 4334 2056 4387 edi-

465 4403 566 4467 dit,
604 4402 761 4472 atque
790 4405 841 4458 in
876 4406 1102 4460 vinculis
1143 4402 1504 4459 orthodoxum
1533 4419 1747 4472 quoque
1794 4402 2052 4468 libellum,

464 4474 720 4543 pontifice
748 4476 973 4530 docente
993 4517 1007 4540 ,
1046 4490 1164 4539 seu,
1196 4485 1255 4529 ut
1282 4475 1631 4543 interpretor,
1664 4474 1946 4529 formulam
1977 4474 2057 4528 di-

467 4521 671 4616 ctante,
702 4521 1020 4616 composuit,
1072 4521 1180 4614 quo
1216 4521 1464 4616 haeresim
1492 4521 1726 4613 priorem
1766 4544 2052 4609 abdicavit,
2085 4521 2135 4581 ί)

465 4621 522 4684 et
565 4614 692 4669 bina
733 4614 847 4670 vice
886 4615 1265 4671 condemnavit
1308 4614 1542 4668 libellum
1579 4616 1891 4684 przcdictum
1935 4631 2056 4669 cum

462 4683 797 4767 juramento,
851 4687 1015 4742 semel
1060 4701 1223 4757 super
1268 4683 1951 4767 Asaerosancm‘mysteria,
2004 4694 2059 4741 et

467 4756 668 4835 iterum
699 4772 861 4826 super
906 4774 1102 4835 corpus
1128 4756 1474 4835 sanctiPetri
1503 4756 1747 4825 apostoli,
1791 4757 1842 4835 i_n
1872 4770 2060 4835 perpe.

468 4834 623 4895 tuum
653 4843 762 4882 sua:
802 4826 1172 4883 conversionis
1204 4827 1565 4883 testimonium
1602 4828 1867 4895 ponendo.
1895 4826 2059 4893 Cujus

470 4894 599 4951 facti
652 4908 842 4953 testem
899 4900 1160 4954 habemus
1205 4898 1353 4953 omni
1398 4894 1714 4967 exceptione
1765 4897 2058 4966 majorem,

468 4968 705 5023 Leonem
752 4970 816 5023 III
870 4986 1084 5040 papam,
1137 4971 1292 5040 cujus
1325 4969 1489 5023 verba
1546 4967 1748 5040 referre
1796 4968 1946 5040 juvat
1993 4984 2062 5023 ex

468 5040 701 5095 concilio
733 5037 994 5104 Romano,
1037 5042 1177 5095 circa
1204 5037 1426 5094 initium
1474 5040 1597 5093 anni
1625 5039 1727 5092 799
1765 5037 2057 5101 celebrato,

469 5126 591 5180 qua:
641 5112 691 5164 in
745 5113 953 5165 actione
990 5111 1055 5175 2,
1094 5112 1438 5182 928ὴῑοιη.
1474 5109 1587 5163 XIII
1629 5107 2061 5182 Concil._Mansi,

470 5179 595 5253 pag.
630 5182 786 5245 1031,
830 5185 903 5236 ita
945 5179 1139 5236 sonant
1170 5179 1245 5235 είῖ
1273 5181 1396 5253 Sub
1426 5188 1625 5253 sanctae
1670 5179 2065 5253 recordationis

468 5250 867 5322 pri-decessore
912 5262 1099 5307 nostra
1149 5254 1344 5306 domno
1373 5250 1611 5305 Adriano
1640 5267 1794 5320 papa,
1827 5251 2066 5306 directus

472 5339 503 5376 a
526 5324 724 5378 domno
760 5323 953 5379 Carolo
994 5323 1308 5393 puefulgido
1337 5337 1530 5391 magno
1572 5336 1696 5389 rege
1730 5323 1845 5393 ipse
1876 5322 2067 5393 miser-

471 5393 642 5448 rimus
666 5397 953 5450 htereticus
983 5391 1168 5449 infelix
1190 5391 1505 5463 episcopus,
1553 5393 1744 5445 doctus
1779 5391 1847 5463 ab
1875 5392 2064 5463 eodem

474 5463 616 5519 almo
650 5467 900 5535 praesule,
932 5466 1056 5520 fecit
1101 5461 1249 5518 illum
1280 5464 1640 5535 orthodoxum
1665 5463 1717 5535 in
1742 5462 1969 5516 vinculis
2004 5461 2068 5515 Ii-

471 5532 695 5602 bellum,
742 5536 1212 5602 anathematizans
1241 5543 1295 5588 et
1326 5532 1656 5588 confirmans
1684 5534 1825 5586 inter
1846 5542 2061 5595 cetera,

471 5598 813 5676 nequaquam
850 5598 1046 5661 Filium
1074 5606 1169 5660 Dei
1201 5604 1525 5676 adoptivum
1545 5618 1687 5669 esse,
1733 5603 1874 5656 sicut
1911 5603 2066 5676 dixe—

474 5671 601 5729 rat‘:
634 5671 725 5750 sed
761 5679 1043 5750 proprium
1075 5685 1130 5732 et
1153 5671 1340 5750 verum
1376 5673 1661 5750 Dominum
1694 5681 1936 5750 nostrum
1979 5671 2068 5727 Je-

475 5760 596 5799 sum
639 5742 911 5803 Christum
948 5747 1142 5802 Filium
1171 5745 1265 5800 Dei
1306 5742 1586 5800 conﬁteor.
1618 5745 1771 5801 Unde
1808 5754 1861 5799 et
1891 5745 2066 5814 ipsum

486 5817 846 5875 orthodoxum
898 5834 1057 5877 suum
1102 5816 1341 5876 libellum
1382 5830 1543 5886 super
1588 5813 1932 5874 sacrosancta
1971 5813 2068 5871 Dei

757 1802 941 1855 redam
971 1816 1097 1870 ergo
1127 1801 1307 1869 potius
1352 1794 1594 1872 Féli_cem_
1621 1796 1673 1849 in
1706 1795 1909 1872 synodo
1936 1794 2042 1848 Ra—
2070 1812 2118 1872 Β

2135 522 2266 577 nere
2311 531 2365 577 et
2413 523 2657 596 confiteri
2674 538 2697 596 κε
2723 531 2777 577 et
2825 524 3018 596 iterum
3071 522 3123 577 in
3170 522 3508 580 confessione
3558 542 3729 596 super

2136 608 2331 663 corpus
2358 594 2499 665 beati
2542 594 2687 665 Petri
2732 594 2954 663 apostoli
2993 593 3165 662 ipsum
3192 611 3395 665 ponens
3443 613 3598 650 suum
3626 593 3725 652 or-

2138 664 2718 737 thodoxumlibellum,
2753 665 3077 737 similiteret
3115 664 3223 720 illic
3259 667 3480 735 juravit,
3525 684 3730 737 nequa-

2137 750 2298 858 quam
2325 749 2383 789 se
2404 735 2586 817 dicere
2615 737 2811 817 audere
2839 735 3167 803 ad0ptivum,
3218 738 3312 791 sed
3351 735 3633 808 proprium
3670 748 3732 794 et

2178 803 2391 858 tlecturn
2420 804 2614 858 Filium
2647 806 2739 858 Det
2772 814 2927 858 teneo
2951 814 3003 858 et
3030 807 3311 858 conﬁteor.
3344 828 3361 858 ι

2178 803 2391 859 ilectum
2420 804 2614 858 Filium
2647 806 2739 859 Dei
2772 814 2927 860 teneo
2951 814 3003 859 et
3030 807 3311 861 conﬁteor.
3344 803 3361 859 ἱ

2208 874 2347 929 XXI.
2402 874 2558 928 Felix
2600 874 2765 928 Roma
2804 877 3083 941 dimissus,
3128 894 3228 931 non
3271 888 3444 931 tamen
3473 879 3585 932 sedi
3613 897 3729 934 sua:

2137 948 2407 1000 restitutus
2447 946 2568 1005 fuit.
2611 976 2683 985 —
2716 945 2846 1000 Bina
2911 947 3011 1001 hac
3070 946 3407 1003 confessione
3469 950 3730 1005 catholici

2138 1017 2405 1085 dogmatis
2434 1017 2596 1080 facta,
2627 1024 2681 1070 et
2708 1018 2866 1071 toties
2886 1017 3197 1086 juramento
3222 1021 3539 1073 confirmata
3572 1022 3730 1075 abdi-

2138 1088 2351 1142 catione
2396 1086 2608 1158 pristini
2648 1088 2879 1151 erroris,
2925 1088 3194 1143 Adrianus
3230 1089 3468 1158 pontifex
3498 1092 3733 1146 credens

2139 1158 2255 1213 haec
2288 1159 2467 1211 omnia
2501 1173 2566 1211 ex
2606 1157 2768 1211 animi
2808 1159 3119 1213 sinceritate
3155 1157 3445 1228 proficisci,
3485 1161 3731 1216 Felicem

2137 1228 2365 1299 vinculis
2390 1236 2703 1299 exemptum,
2736 1229 2886 1283 abire
2909 1231 3154 1299 permisit
3186 1248 3197 1282 :
3238 1249 3255 1279 ι
3300 1229 3418 1297 Quo
3446 1231 3611 1295 facto,
3640 1235 3733 1285 in-

2139 1298 2258 1367 quit
2285 1298 2823 1371 scriptorAnnalium
2845 1298 2939 1369 qui
2967 1300 3127 1369 vulgo
3153 1300 3461 1371 Eginhardo
3484 1304 3735 1357 tribuun-

2142 1376 2251 1434 tur,
2307 1369 2373 1422 ad
2425 1369 2696 1423 civitatem
2746 1384 2900 1423 suam
2947 1369 3217 1425 reversus
3251 1380 3351 1425 est.
3387 1392 3405 1424 ι
3458 1373 3543 1426 An
3599 1389 3735 1428 vero

2142 1446 2269 1513 tunc
2303 1437 2593 1513 Felixsua;
2618 1455 2833 1513 quoque
2858 1441 2991 1513 sedi,
3044 1457 3135 1513 seu
3168 1442 3359 1496 honori
3385 1444 3737 1513 episcOpatus

2140 1509 2426 1581 restitutus
2458 1508 2647 1581 fuerit,
2685 1508 2826 1565 haud
2875 1511 3062 1581 liquet.
3112 1511 3168 1567 Id
3206 1508 3434 1581 quidem
3462 1508 3736 1571 annalista

2143 1578 2289 1635 Saxo
2315 1588 2399 1635 sat
2427 1579 2571 1635 clare
2607 1581 2801 1647 innuit,
2831 1581 2898 1635 ad
2926 1578 3126 1637 annum
3159 1578 3283 1648 792,
3314 1584 3388 1637 ita
3416 1598 3660 1640 canens:

2934 1711 3213 1771 meruitque
3239 1712 3425 1760 reverti

2265 1767 2338 1818 Ad
2365 1770 2577 1831 promite
2600 1781 2773 1819 rursus
2796 1770 3110 1820 retinendum
3133 1767 3266 1821 sedis
3285 1772 3545 1824 honorem.

2142 1873 2222 1949 Ex
2254 1872 2375 1929 aliis
2400 1881 2580 1949 tamen
2616 1874 2899 1949 annalistis
2920 1875 3163 1949 ejusque
3195 1877 3457 1949 temporis
3494 1879 3734 1949 scripto-

2143 1945 2333 2010 ribus,
2388 1946 2479 2014 qui
2529 1946 2581 1999 id
2630 1945 2831 1999 diserte
2878 1945 3213 2012 aflirmaret,
3264 1945 3536 2003 neminem
3585 1945 3736 2004 novi.

2144 2014 2469 2089 Hanccerte
2503 2014 2897 2089 restitutionem
2944 2016 3429 2089 iguoraruntircum
3470 2018 3740 2089 Elipando

2145 2085 2343 2155 caeteri
2359 2086 2593 2155 episcopi
2627 2086 2915 2154 Hispaniae,
2943 2103 3064 2141 cum
3094 2102 3235 2141 anno
3267 2088 3369 2142 794
3399 2098 3524 2143 ante
3552 2085 3740 2145 conci-

2145 2154 2789 2230 l_ium_Francofordiense
2818 2158 3100 2230 epistolam
3128 2174 3280 2213 suam
3307 2160 3648 2230 scripserunt
3666 2161 3737 2216 ad

2145 2226 2396 2280 Carolum
2436 2235 2720 2296 rogantes,
2756 2245 2773 2276 ι
2804 2237 2863 2281 ut
2912 2227 3144 2299 Felicem
3176 2230 3227 2283 in
3271 2226 3489 2299 pr0prio
3530 2232 3742 2287 honore

2146 2305 2434 2367 restauret,
2471 2306 2523 2351 et
2551 2306 2821 2366 pastorem
2862 2299 3009 2367 gregi
3048 2316 3077 2352 a
3118 2298 3257 2367 lupis
3300 2298 3589 2367 rapacibus
3628 2302 3743 2357 dis-

2145 2382 2305 2441 perso
2345 2365 2621 2441 reformet.
2650 2387 2667 2419 ι
2694 2365 2940 2441 Ιηῐτξιςίη
2962 2365 3331 2441 Appendicel.
3358 2365 3453 2425 His
3477 2381 3740 2441 tanquam

2147 2436 2457 2492 domesticis
2500 2436 2756 2505 majorem
2811 2438 2966 2493 ﬁdem
3012 2436 3373 2495 adhibendam
3412 2456 3535 2496 esse
3578 2436 3743 2497 nemo

2148 2508 2433 2581 dubitabit,
2465 2524 2626 2581 quam
2654 2518 2825 2581 poeta:
2851 2518 3131 2574 extraneo,
3165 2510 3258 2581 qui
3298 2511 3351 2565 id
3381 2510 3635 2568 fortassis
3661 2514 3739 2568 ita

2148 2580 2434 2647 contigisse
2462 2580 2642 2632 animo
2672 2579 2843 2633 ﬁnxit.

2220 2649 2381 2703 XXII.
2414 2649 2495 2723 An
2532 2648 2710 2723 Roma’
2732 2650 2786 2703 in
2815 2648 2991 2720 aliqua
3030 2650 3249 2705 concilio
3284 2668 3645 2723 episcoporum
3672 2653 3744 2709 sit

2149 2730 2408 2794 correctus
2430 2720 2547 2794 ?_A—
2572 2720 2715 2794 lde_m
2761 2736 2974 2794 quoque
3017 2730 3198 2794 poeta,
3236 2731 3290 2794 et
3314 2720 3465 2778 Solus
3496 2725 3741 2794 quidem,

2150 2789 2316 2845 refert
2366 2788 2600 2863 Felicem
2640 2788 2835 2863 Dom—re
2884 2788 2902 2863 ᾇ
2940 2792 2994 2846 in
3018 2788 3248 2863 icelebri
3296 2788 3615 2863 pontiﬁcum
3657 2788 3746 2851 se;

2149 2869 2300 2925 natu,
2340 2882 2362 2936 ξ
2393 2876 2485 2915 seu
2516 2861 2570 2914 in
2610 2860 2786 2931 aliquo
2822 2861 3046 2915 solemni
3093 2860 3321 2936 concilio
3359 2866 3743 2936 episcoporum

2149 2946 2269 3003 eam
2316 2932 2645 3003 obrcausam
2696 2940 3114 2988 convocatorum
3162 2933 3329 2989 fuisse
3385 2932 3738 3003 correctum;

2150 3002 2297 3056 canit
2322 3002 2467 3057 enim
2502 3002 2604 3057 loc.
2635 3002 2728 3059 cit.
2763 3020 2775 3055 :

2213 3115 2318 3183 Quo
2341 3114 2597 3183 (Adriano)
2623 3123 2873 3177 prasente
2896 3116 3049 3183 Petri
3067 3125 3319 3168 correctus
3341 3122 3391 3170 tu
3414 3120 3524 3170 inde
3548 3120 3684 3172 beati

2214 3178 2675 3244 l_"ontiticum_cnram
2703 3190 2841 3228 sacro
2866 3178 3158 3244 celebrique
3175 3188 3355 3232 senatu

2209 3239 2469 3290 Damnavit
2494 3238 2655 3301 Felix,
2678 3246 2776 3289 etc.

2149 3347 2292 3417 quod
2317 3345 2493 3421 nullus
2522 3345 2661 3400 alius
2691 3344 2835 3401 illius
2872 3349 3153 3421 temporis
3171 3349 3407 3421 scriptor
3450 3350 3623 3417 dixit;
3653 3349 3752 3410 sed

2149 3432 2339 3473 omnes
2371 3418 2423 3471 id
2450 3432 2616 3487 unum
2660 3426 2884 3471 narrant
2928 3420 3068 3487 quod
3116 3418 3597 3476 FelixCRatisbona
3636 3421 3752 3476 Ro-

2151 3504 2294 3542 mam
2334 3488 2532 3542 missus
2564 3486 2745 3553 fuerit,
2787 3486 2973 3543 coram
3009 3491 3260 3559 pontiﬁce
3299 3509 3453 3547 suam
3495 3492 3752 3547 haeresim

2153 3574 2341 3613 rursus
2366 3558 2723 3634 damnaverit,
2756 3568 2811 3612 et
2838 3558 3063 3634 posthac
3082 3562 3147 3613 ad
3170 3578 3295 3634 suos
3324 3562 3537 3634 fugiens
3558 3564 3746 3634 perjtt-

2154 3629 2564 3703 ratus__e/[ectus
2591 3636 2706 3703 est,‘
2733 3638 2894 3698 prout
2941 3629 3052 3703 Leo
3076 3632 3315 3700 pontifex
3348 3629 3589 3703 loquitur
3641 3629 3747 3690 Ioc.

2154 3701 2245 3754 cit.
2277 3698 2541 3770 Nimirum
2582 3697 2848 3753 Adrianus
2875 3697 3116 3770 pontifex
3143 3704 3279 3757 actis
3308 3697 3523 3759 concilii
3565 3705 3752 3761 Ratis—

2153 3769 2408 3845 bone_nsi_s
2455 3770 2715 3845 inspectis
2738 3778 2797 3845 et
2829 3769 2951 3825 eam
2998 3770 3144 3845 cle_ro
3187 3789 3284 3828 suo
3317 3774 3449 3845 (aut
3477 3790 3601 3829 cum
3630 3775 3753 3845 epi-

2156 3841 2334 3911 scopis
2358 3839 2496 3895 forte
2522 3840 2842 3911 quibusdam
2894 3850 3022 3897 tunc
3065 3842 3251 3899 Roma:
3281 3839 3349 3899 ob
3386 3846 3521 3900 alias
3557 3839 3756 3901 causas

2155 3909 2545 3983 praisentibus)
2585 3910 2932 3983 examinatis,
2960 3912 3108 3983 haud
3151 3930 3285 3983 opus
3314 3931 3433 3970 esse
3469 3914 3757 3983 judicabat

2157 3980 2296 4056 novo
2326 3981 2527 4056 indicto
2554 3980 2802 4056 concilio.
2852 3981 2906 4056 in
2937 3982 3041 4053 dog
3065 4000 3131 4038 ua
3170 3980 3396 4056 ulterius
3440 3980 3751 4056 inquirere;

2157 4051 2250 4107 sed
2278 4052 2547 4127 negotium
2570 4053 2951 4127 Arepetitaabs
2993 4051 3086 4108 reo
3119 4051 3754 4127 confessionefsuaque

2158 4130 2402 4177 actorum
2463 4122 2937 4176 Ratishonensium
3000 4124 3409 4182 confirmatione
3467 4122 3756 4182 absolvere

2157 4192 2341 4247 voluit.
2380 4210 2399 4242 ι
2435 4191 2570 4255 Ιιηο,
2594 4212 2611 4243 ι
2643 4193 2817 4261 inquit
2847 4193 3107 4249 Alcuinus
3140 4196 3276 4252 libro
3306 4215 3321 4252 ι
3350 4199 3613 4253 adversus
3644 4198 3757 4258 Eli-

2156 4263 2419 4334 pandum,
2447 4279 2611 4334 Vnum.
2648 4262 2733 4327 16,
2774 4282 2791 4312 ι
2823 4268 2932 4318 eta
2972 4265 3143 4321 beata:
3191 4269 3466 4324 memoria
3506 4269 3757 4323 Adriano

2159 4333 2315 4404 papa,
2356 4333 2458 4404 qui
2498 4342 2624 4388 tunc
2670 4334 2929 4403 temporis
2960 4345 3159 4391 sancta!
3193 4336 3449 4393 Romanae
3494 4338 3757 4394 Ecclesia:

2160 4403 2452 4479 apostolica
2483 4405 2805 4458 auctoritate
2834 4414 3087 4479 _rexerat__
3107 4407 3290 4479 sedem
3324 4411 3469 4479 (non
3501 4409 3753 4479 synodali

2161 4475 2502 4538 auctoritate,
2544 4482 2603 4527 ut
2631 4482 2789 4529 antea
2816 4476 2883 4530 de
2918 4477 3148 4532 concilio
3193 4475 3577 4535 RatiSbonensi
3610 4481 3761 4535 dixe-

2162 4546 2279 4607 rat)
2304 4546 2419 4597 hmc
2446 4552 2627 4598 vestra
2649 4545 2851 4599 erroris
2871 4556 3015 4601 secta
3048 4545 3291 4602 funditus
3312 4552 3699 4605 exterminata.
3729 4572 3751 4604 ι

2229 4614 2414 4669 XXIII.
2462 4614 2747 4668 Adrianus
2768 4616 3002 4684 pontifex.
3046 4634 3149 4671 non
3174 4636 3237 4673 ex
3262 4620 3482 4675 concilio
3509 4620 3757 4675 Romano

2161 4687 2286 4761 anni
2313 4684 2441 4750 792,
2464 4685 2650 4761 sedem
2679 4685 2939 4761 aliquam:
3087 4689 3360 4761 epistolam
3386 4691 3455 4744 ad
3481 4694 3755 4761 episcopos

2164 4756 2429 4831 Hispanos
2456 4755 2620 4831 dedit.
2650 4786 2720 4831 τ-
2741 4755 2878 4831 IIinc
2912 4755 3123 4831 fallitur
3143 4759 3210 4813 cl.
3252 4755 3537 4816 Madrisius
3567 4762 3585 4831 (
3608 4755 3757 4831 quod

2162 4842 2295 4915 pace
2325 4826 2754 4915 viri-doctissimi
2798 4828 3027 4912 dixero.)
3060 4829 3185 4915 d‘um
3210 4831 3300 4915 c‘it.
3337 4826 3753 4915 dissertfn'urn.

2164 4896 2249 4967 55
2272 4898 2460 4951 scribit
2490 4914 2501 4949 :
2539 4916 2557 4946 ‹
2590 4896 2741 4962 Quod
2770 4912 2830 4951 ea
2857 4914 2976 4967 qua!
3002 4900 3053 4953 in
3088 4900 3191 4954 hoc
3214 4902 3457 4957 Romano
3500 4903 3755 4965 concilio,

2165 4966 2325 5036 hujus
2353 4967 2609 5022 nimirum
2651 4967 2775 5021 amri
2808 4966 2910 5022 792
2950 4970 3165 5024 deﬁnita
3196 4971 3365 5035 fuere,
3396 4974 3671 5028 Adrianus
3702 4973 3761 5027 in

2165 5055 2328 5114 unam
2348 5037 2629 5114 epistolam
2661 5053 2753 5091 seu
2785 5037 3021 5114 libellum
3039 5040 3350 5114 collegerit,
3389 5052 3441 5097 et
3466 5043 3532 5097 ad
3559 5043 3759 5114 Hispa-

2166 5110 2269 5165 niae
2297 5109 2801 5191 episcoposcontra
2832 5109 3146 5191 Elipandum
3185 5109 3464 5191 direxerit.
3495 5134 3511 5165 ι
3565 5109 3757 5191 Ειιῖφ-

2167 5195 2297 5233 vero
2318 5178 2385 5253 _in_
2409 5194 2471 5233 ea
2517 5178 2740 5253 epistola
2770 5195 2860 5233 seu
2895 5178 3073 5234 libello
3101 5197 3168 5234 ne
3197 5198 3303 5236 uno
3337 5185 3556 5253 quidem
3585 5185 3760 5239 verbo

2168 5250 2415 5325 meminit
2435 5248 2673 5325 pontifex
2698 5249 3039 5325 decretorum
3060 5258 3215 5306 antea
3241 5254 3293 5306 in
3318 5248 3541 5309 concilio
3571 5255 3759 5325 aliquo

2169 5322 2455 5375 adversum
2502 5319 2734 5373 Felicem
2767 5330 2955 5375 coacto
2984 5320 3271 5388 factorum,
3303 5326 3434 5378 nihil
3462 5326 3525 5379 de
3555 5319 3758 5380 Felicis

2169 5390 2508 5447 confessione
2536 5399 2628 5443 aut
2657 5390 3000 5445 damnatione
3040 5394 3243 5447 erroris
3275 5394 3415 5450 illius
3454 5396 3640 5451 Romae
3671 5395 3759 5452 vel

2169 5462 2505 5527 Ratishonm;
2541 5461 2635 5515 sed
2662 5477 2811 5515 suam
2855 5463 3188 5517 solummodo
3221 5476 3452 5520 mentem
3482 5474 3538 5521 et
3562 5467 3757 5522 Eccle-

2170 5534 2264 5607 siae
2309 5532 2712 5607 doctrinam‘et
2762 5532 2916 5607 fidem
2963 5534 3044 5607 ibi
3078 5537 3347 5607 exponit,
3395 5537 3761 5607 epistolasque

2170 5604 2546 5673 episcoporum
2576 5602 2863 5676 Hispaniae,
2912 5602 3285 5676 adrepiscopos
3323 5602 3509 5661 Gallim
3538 5616 3593 5663 et
3622 5602 3762 5663 Ger-

2170 5676 2383 5747 mania),
2412 5683 2588 5747 atque
2602 5673 2951 5747 ad__f;arolum
2983 5673 3233 5745 Magnum
3273 5678 3502 5746 scriptas
3533 5677 3761 5747 refutat,

2170 5752 2227 5798 et
2250 5745 2552 5800 doctrinam
2576 5744 2630 5798 in
2648 5744 2764 5815 illis
2789 5744 3097 5799 contentam
3129 5762 3251 5801 cum
3284 5744 3596 5803 auctoribus
3615 5744 3752 5815 suis,

2171 5816 2218 5871 si
2235 5815 2552 5888 resipiscere
2575 5814 2763 5881 nolint,
2787 5815 3129 5872 condemnat.
3156 5816 3494 5887 Quapropter
3518 5819 3582 5874 D.
3600 5814 3760 5876 Mari-
