4030 6358
526 342 632 398 519

1348 336 1409 391 Β.
1448 334 1512 390 F.
1552 327 1777 387 ALBINI
1813 325 1945 383 SEU
1982 323 2258 383 ALCUINI
2294 320 2578 382 OPERUM
2616 322 2795 382 PARS
2830 322 2915 380 Ill.

3666 318 3775 376 330

526 456 744 532 ερίξιοια
774 430 993 532 Alit???
1013 450 1569 532 ραρίε.αίέ.¹ῖίεραηειε-
1601 480 1672 532 -τ
1693 448 1993 515 ΑηίθίΙ¹¹³¹η
2009 444 2090 532 νίῖὶ)
2116 446 2170 505 Α
2192 441 2322 532 inille
2334 442 2556 532 353931:
2594 440 2853 532 υὲηξίῖῗίῖἷ
2875 438 3135 532 “TER”?!
3161 437 3369 532 '393‘3“
3396 436 3577 532 ῖὲἷῗῗὲ
3611 450 3773 532 ἓἶέἓὲ

526 520 662 587 actis
687 526 897 582 concilii
945 520 1441 595 Fran'eofordiensis
1480 521 1852 595 discedamus,
1885 529 2091 595 meme:

529 600 756 656 randum
782 596 935 651 nobis
956 602 1039 648 est
1060 592 1342 648 concilium
1374 592 1671 645 Romanum
1704 588 1943 659 ejusdem
1969 588 2093 659 anni

527 669 650 730 794,
682 683 781 738 pro
799 665 1054 721 confirma
1064 664 1207 738 tione
1226 663 1415 738 synodi
1440 656 1936 738 Franeoforiliensis
1949 656 2092 738 cele:

528 725 774 802 bratuin,
806 738 857 790 in
897 750 1002 803 quo
1028 734 1173 787 edita
1218 725 1300 786 est
1332 731 1555 803 cpistola
1599 729 1819 803 Adriani
1849 742 1997 803 papae
2028 725 2095 778 ad

529 796 809 877 episcopos
844 796 1110 877 Hispania;
1155 812 1209 858 et
1238 796 1505 877 Galliecize
1529 842 1543 865 ,
1578 816 1716 877 quze,
1750 800 1817 851 ad
1842 796 2094 877 Carolum

585 866 1006 950 agnu‘mmissa,
1027 874 1275 950 deinceps
1408 866 1610 950 eodem
1639 871 1705 923 ad
1730 868 1942 950 eosdem
1981 866 2096 950 epi-

529 938 721 1017 scopos
751 946 956 1001 directa
982 943 1081 997 fuit
1107 984 1120 1005 ,
1162 938 1377 1017 etactis
1406 942 1647 1017 ejusdem
1681 938 1894 1017 concilii
1930 938 2094 1017 sciet,

529 1020 600 1074 ob
623 1007 982 1071 reverentiam
1017 1029 1239 1067 summae
1262 1012 1406 1065 sedis
1430 1007 1663 1072 scilicet,
1691 1007 1963 1078 praemitti.
1991 1007 2098 1059 Hu-

525 1088 612 1158 jus
636 1086 853 1158 quidem
882 1084 1121 1158 epistola:
1150 1084 1440 1158 editionem
1470 1096 1657 1135 omnes
1704 1081 1982 1158 hucusque
2014 1091 2099 1155 re:

530 1104 612 1158 lus
636 1101 853 1157 quidem
882 1101 911 1137 e
952 1101 1121 1137 Ismuc
1150 1101 1440 1137 etlIIIOIleIII
1470 1101 1657 1135 clunes
1704 1101 1982 1145 nucusque
2016 1101 2099 1155 ιτιςτ

530 1158 769 1213 tulerunt
787 1155 854 1209 ad
879 1101 1023 1207 aliud
1040 1154 1306 1222 quoddam
1338 1154 1637 1205 Romanum
1658 1148 1941 1222 concilium
1972 1161 2099 1198 aunt

534 1227 661 1292 792,
690 1228 744 1281 in
771 1240 876 1292 quo
896 1223 1044 1277 Felix
1061 1221 1355 1277 damnatus
1378 1237 1495 1276 esse
1516 1221 1887 1292 existimatur;
1913 1231 2098 1292 verum

528 1286 1461 1366 deceptos-fuisseiegregigostendit
1490 1292 1549 1344 D.
1576 1289 1813 1366 Mau'sius
1844 1288 1896 1340 in
1924 1286 2101 1366 novis-

529 1354 892 1421 sima‘Concil.
926 1354 1157 1418 editione
1185 1354 1493 1416 Florentina
1516 1358 1799 1421 tom.Xlll,
1823 1373 1942 1426 pag.
1972 1355 2096 1419 859,

527 1451 595 1491 ex
618 1434 917 1489 Annalibus
946 1434 1413 1487 Moissiaccnsibus
1444 1429 1760 1485 editisaPP.
1781 1430 2017 1480 Mai-tene
2046 1433 2102 1479 et

530 1504 875 1576 Durando‘in
913 1503 1135 1576 Colleet.
1164 1512 1271 1557 vet.
1298 1502 1638 1576 hionument._
1658 1541 1672 1563 ,
1705 1508 1838 1576 tom“.
1868 1497 1931 1559 V,
1974 1511 2095 1576 pag.

531 1573 658 1655 994,
685 1574 911 1655 ubi..th
939 1573 1191 1655 leguntur
1218 1592 1230 1626 :
1270 1592 1287 1623 ι
1320 1571 1525 1655 Placuit
1551 1568 1841 1655 universali
1872 1566 2100 1655 eoneiiio

554 1635 1042 1715 Francofordiensi)
1067 1652 1126 1715 ut
1144 1645 1212 1715 ob
1234 1642 1597 1715 reverentiam
1624 1639 1795 1715 sancti
1822 1635 2099 1715 apostolici

579 1713 753 1768 driani
795 1728 943 1782 papte
970 1706 1121 1767 urbis
1146 1712 1330 1767 Roma:
1356 1711 1553 1779 scripta
1585 1714 1724 1782 (quae
1746 1708 2001 1782 nimirum
2026 1706 2100 1782 ibi

529 1782 674 1837 edita
702 1776 879 1852 mere)—
905 1784 1278 1858 mitterentur:
1316 1797 1423 1858 per
1453 1776 1638 1858 omnia
1653 1779 1790 1858 juris
1818 1776 2097 1858 privilegio
2127 1798 2175 1858 Β

530 1860 809 1907 reservato
852 1846 1062 1905 summo
1091 1846 1344 1920 pontifici
1360 1851 1577 1919 (quibus
1608 1846 1800 1920 verbis
1826 1847 1989 1920 etiam
2016 1846 2101 1920 usi

528 1922 681 1976 fuere
706 1922 941 1990 episcopi
972 1915 1343 1975 Itali-insaero
1367 1915 1571 1990 syllabo
1599 1920 1743 1973 circa
1774 1915 1956 1990 tinem)
1978 1932 1989 1966 :
2011 1916 2104 1984 qui

528 1987 785 2060 praefatus
805 1987 939 2059 papa
970 1993 1157 2043 iterum
1179 1987 1727 2060 concilio'congregato
1747 1987 2104 2060 episcoporum

527 2055 687 2114 totius
715 2055 964 2114 Ecclesia:
996 2060 1351 2114 Romanorum
1380 2055 1719 2113 Helefantum
1766 2064 1822 2110 et
1870 2055 2103 2108 Felicem

531 2131 699 2185 totius
729 2129 966 2200 perfidia:
996 2131 1187 2185 arches
1233 2139 1289 2185 et
1320 2145 1576 2199 sequaces
1601 2143 1786 2200 eorum
1806 2166 1819 2189 ,
1852 2134 1910 2200 ut
1940 2140 2104 2194 supra

527 2196 774 2271 sanctum
792 2200 1077 2271 concilium
1094 2196 1617 2271 (Franeofordiense)
1647 2196 1948 2271 parimodo
1971 2210 2103 2271 eon-

533 2270 787 2324 demnant
815 2309 830 2324 .
864 2308 878 2323 .
906 2309 920 2323 .
950 2265 1112 2327 Misit‘
1131 2272 1294 2324 etiam
1318 2265 1608 2340 (praefatus
1635 2265 1791 2340 papa)
1823 2265 2101 2340 epistolam

529 2341 779 2394 omnibus
827 2341 1094 2409 episcopis
1117 2341 1201 2395 vel
1247 2335 1507 2402 ecclesiis,
1542 2335 2104 2409 par—tibusHispanim

526 2409 613 2464 vel
640 2405 877 2465 Gallieiai
922 2405 1370 2475 consolatoriam,
1436 2405 1597 2478 quam
1654 2407 1745 2477 qui
1804 2405 1997 2478 legerit
2049 2412 2104 2458 et

529 2480 858 2543 crediderit,
896 2481 962 2535 ad
993 2480 1117 2535 fidei
1156 2481 1427 2535 tramitem
1454 2474 1821 2549 peragendum
1857 2474 1939 2549 es
1956 2474 2101 2528 Novo

526 2558 583 2605 et
602 2549 792 2621 _Veteri
820 2550 1164 2606 Testamento
1190 2565 1285 2621 per
1304 2545 1485 2604 omnia
1512 2545 1747 2621 inveniet
1775 2545 2101 2599 sullieienter

528 2619 809 2674 refertam.
841 2640 860 2672 ι
895 2622 1093 2675 Verum
1125 2618 1333 2691 tempus
1359 2629 1443 2675 est
1496 2628 1567 2691 ut
1608 2618 1872 2685 reliquam
1920 2630 2101 2669 rerum

526 2696 802 2760 gestarum
865 2692 1061 2746 seriem
1104 2689 1267 2761 supra
1322 2706 1470 2745 num.
1510 2689 1579 2745 29
1637 2697 1868 2757 emptam
1913 2700 2100 2755 prose-

566 2774 777 2814 uamur.

566 2774 777 2814 uamur.

527 2774 562 2828 q
595 2828 704 2883 XL.
748 2828 797 2882 F
800 2828 941 2885 elicis
996 2832 1333 2902 responsoria:
1383 2847 1485 2902 quo
1526 2846 1673 2902 panno
1711 2828 1778 2881 ad
1819 2825 2099 2902 Alcuinum

522 2902 863 2971 pervenerint,
910 2930 981 2941 —-
1022 2898 1173 2956 Felix
1201 2903 1329 2971 quid
1356 2898 1421 2956 ad
1452 2901 1736 2970 epistolam
1783 2898 2100 2971 adhortato-

526 2968 665 3041 riam
697 2970 764 3023 ab
801 2969 1028 3025 Alcuino
1070 2968 1345 3041 acceptam
1376 2968 1683 3041 reponeret,
1725 2983 1850 3041 mox
1880 2968 2098 3041 quidem

525 3038 766 3107 cogitare
794 3040 976 3108 coepit,
1003 3038 1238 3096 libellum
1268 3038 1472 3105 tamen,
1501 3056 1608 3109 quo
1625 3038 1839 3092 Aleuini
1862 3038 2097 3091 rationes

524 3109 753 3162 strictim
807 3110 908 3164 sibi
958 3111 1194 3178 objectas
1239 3126 1532 3175 enervare,
1565 3122 1827 3175 suumque
1855 3122 2095 3178 errorem

524 3179 667 3233 tueri
696 3176 1036 3250 conabatur,
1064 3182 1178 3250 ipse
1205 3182 1463 3236 Aleuinus
1486 3182 1575 3235 vix
1603 3189 1725 3233 ante
1750 3193 1952 3250 annum
1994 3176 2095 3231 799

523 3249 733 3321 accepit
765 3266 776 3301 :
811 3250 858 3303 is
883 3251 1024 3305 enim
1050 3246 1105 3304 in
1130 3252 1353 3321 epistola
1379 3253 1445 3306 ad
1466 3251 1715 3320 Aquilam
1748 3246 2061 3321 Fontiflcem
2081 3288 2095 3312 ,

523 3265 733 3372 accepit
765 3266 776 3301 :
811 3265 858 3303 IS
883 3266 1024 3305 enim
1050 3268 1105 3304 in
1130 3265 1353 3321 epismta
1379 3265 1445 3306 ad
1466 3265 1715 3320 Aquilam
1748 3265 2061 3302 ronuncem
2081 3288 2095 3312 ,

521 3331 617 3386 seu
696 3334 915 3373 rnonem
940 3336 1082 3376 anno
1104 3321 1229 3386 800,
1257 3323 1303 3376 si
1327 3331 1509 3376 nostra
1531 3337 1636 3374 non
1659 3316 1967 3385 conjectura
1991 3332 2097 3371 non

521 3385 974 3461 fallitiscriptam,
998 3406 1118 3461 qua:
1146 3385 1336 3446 ordine
1364 3401 1447 3447 est
1477 3391 1597 3455 159,
1630 3391 1829 3461 diserte
1854 3388 1929 3441 ait
1958 3386 2097 3461 Feli-

521 3471 638 3513 cem
662 3457 897 3514 libellum
922 3457 1079 3515 suum
1108 3479 1245 3515 anno
1274 3466 1445 3516 priore
1472 3461 1537 3515 ad
1560 3476 1618 3515 se
1646 3459 1929 3514 direxisse.
1960 3457 2095 3512 Vide

521 3480 638 3513 CCIII
662 3480 897 3514 IIDCIIUIII
922 3480 1079 3515 suum
1108 3480 1245 3515 αηηο
1311 3480 1445 3516 nare
1472 3480 1537 3515 au
1560 3480 1618 3515 se
1646 3480 1929 3514 (III'BXISSC.
1971 3480 2095 3512 "ut:

521 3536 679 3602 potas
698 3527 938 3602 ejusdem
970 3532 1227 3600 epistolae.
1264 3480 1547 3602 Equidem,
1577 3530 1805 3602 utgnihil
1846 3528 2098 3602 dissimu-

520 3596 711 3663 lcmus,
742 3596 1181 3657 Alcuinus'inilio
1220 3596 1344 3657 libri
1370 3620 1387 3657 I
1415 3611 1602 3657 contra
1639 3600 1874 3654 Felicem
1914 3597 1989 3650 ita
2013 3598 2093 3651 lo-

520 3668 707 3792 ﬁnitur
726 3679 785 3723 ut
802 3672 928 3792 ﬂuis
956 3673 1269 3727 existimare
1308 3673 1501 3743 possit,
1533 3672 1763 3726 Felicem
1794 3671 1849 3723 in
1874 3682 2097 3735 respon-

559 3739 696 3792 endo
727 3757 796 3792 nu
840 3757 927 3792 am
975 3757 1180 3792 moram
1210 3744 1472 3792 traxisse-
1518 3741 1693 3792 Felix.
1740 3740 1943 3792 innuit.
1972 3753 2096 3791 mox

559 3739 696 3808 endo
727 3739 927 3795 nullam
974 3757 1180 3796 moram
1210 3739 1473 3808 traxisse,
1518 3741 1693 3805 Felix,
1740 3740 1943 3808 inquit,
1972 3753 2096 3791 mox

519 3806 801 3883 libellum,
937 3812 1083 3866 nobis
1121 3814 1345 3883 dirigere
1382 3806 1601 3866 studuit.
1640 3811 1740 3864 Ast
1775 3806 2093 3883 voculauilla

519 3894 644 3954 mea;
702 3880 778 3934 nil
826 3881 967 3936 aliud
1005 3878 1346 3954 significare
1395 3884 1609 3938 videtur
1657 3896 1819 3950 quam
1857 3878 2094 3933 studium

519 3949 736 4018 quidem
786 3949 1143 4021 respondendi
1179 3970 1209 4006 a
1248 3953 1426 4009 Felice
1468 3968 1595 4007 mox
1638 3949 1945 4020 arreptum,
1987 3962 2094 4021 non

518 4034 647 4092 vero
673 4019 909 4076 libellum
940 4023 1115 4092 ipsum
1145 4039 1269 4077 mox
1292 4025 1557 4079 directum
1598 4019 1797 4083 fuisse,
1823 4036 1981 4092 mor,
2011 4019 2094 4092 in-

517 4090 679 4214 quiti)
695 4092 921 4214 ditt-igere
948 4089 1170 4148 studuit.
1204 4094 1311 4149 Sed
1337 4096 1451 4150 haec
1472 4108 1569 4164 per
1589 4090 1871 4161 sequentia
1892 4089 2092 4144 clarius

518 4175 584 4214 na
613 4176 642 4213 e
683 4178 751 4214 un
784 4201 797 4214 .

518 4167 797 4229 patebunt.

588 4229 721 4304 XLI.
763 4230 919 4287 Felix
946 4250 1100 4287 suum
1143 4232 1373 4304 libellum
1403 4233 1667 4304 Elipando
1712 4232 1860 4304 prius
1888 4229 2090 4304 exami-

518 4300 749 4382 nundum
773 4304 1016 4382 privbit,
1034 4303 1301 4382 nec_illum
1318 4304 1385 4382 ad
1407 4300 1823 4382 Aleuinem,'sed
1840 4300 1907 4382 ad
1925 4315 2091 4382 regem

520 4367 1007 4425 Carolum‘direxit.
1030 4402 1101 4411 —
1123 4373 1264 4428 Vero
1289 4375 1421 4427 mihi
1442 4374 1728 4428 admodum
1749 4370 1923 4425 simile
1944 4367 2092 4423 vide-

518 4445 624 4513 tur,
654 4438 887 4513 Felicem
909 4441 1144 4513 libellum
1170 4458 1327 4496 suum
1353 4459 1449 4497 seu
1477 4443 1855 4513 responsiones
1882 4440 1950 4494 ad
1972 4438 2087 4507 epi-

2124 3140 2172 3203 C

2196 513 2564 567 adversarium
2606 512 2882 575 Albinum,
2938 514 3030 566 sed
3070 511 3137 565 ad
3173 511 3347 580 ipsum
3399 522 3581 580 regem
3610 524 3771 564 suum

2196 582 2468 663 Carolum,
2502 598 2661 663 quem
2696 584 2986 663 aequiorem
3010 580 3125 636 fore
3150 579 3480 663 cenlid‘ebat,
3502 579 3768 663 mitteret.

2196 653 2491 707 Consilium
2520 648 2695 708 isthoe
2735 648 2981 722 Elipandi
3026 663 3269 722 secutum
3309 648 3773 722 ‘fuisse__Felicem

2196 723 2388 793 colligo
2434 739 2499 777 ex
2529 722 2759 793 epistola
2819 718 3030 775 Alcuini
3066 719 3421 793 ad_Carolum
3442 718 3623 793 __libris
3658 721 3774 776 suis

2198 789 2401 862 septem
2434 789 2672 862 praefixa,
2712 792 2801 846 ubi
2834 793 3024 846 scribit
3071 791 3303 847 Felicem
3332 789 3572 862 libellum
3611 804 3772 862 suum

2198 860 2361 933 regia:
2383 860 2644 917 direxisse
2672 863 3010 927 auctoritati,
3050 882 3069 913 ι
3098 870 3329 933 vestrm,
3382 860 3589 933 inquit,
3637 860 3776 933 nulli

2198 930 2586 987 contemnenda
2609 934 2900 987 auctoritas
2923 941 3118 987 nostra:
3130 931 3397 986 devotioni
3422 930 3767 985 mandavit...

2198 1003 2378 1057 libello
2413 1004 2759 1073 respondere,
2792 1018 2951 1072 quem
3004 1012 3195 1057 contra
3225 1017 3323 1056 nos
3371 999 3523 1054 Felix
3550 990 3775 1069 quidam

2198 1075 2479 1143 episcopus
2501 1072 2679 1143 uestra:
2719 1072 2908 1130 direxit
2935 1073 3308 1143 auctoritati.)

2270 1144 2424 1197 XLII.
2467 1142 2687 1197 Carolus
2738 1160 2829 1197 rex
2883 1142 3102 1196 Alcuino
3153 1138 3777 1211 confutationentililielli

2200 1211 2460 1283 Feiicinni
2491 1213 2841 1266 demandauit.
2867 1245 2936 1253 —
2956 1213 3068 1266 Rex
3092 1209 3261 1283 igitur.
3285 1209 3510 1283 Carolus
3533 1209 3778 1264 libellum

2202 1298 2232 1335 a
2262 1282 2436 1337 Felice
2464 1290 2742 1350 acceptum
2788 1285 2854 1336 ad
2898 1280 3200 1345 Alcuinu'm,
3234 1290 3293 1336 ut
3330 1296 3397 1335 ex
3426 1280 3593 1335 citato
3642 1295 3772 1350 mox

2202 1352 2319 1405 loco
2342 1349 2715 1417 intelleximus,
2736 1352 2950 1417 direxit,
2980 1369 3103 1407 cum
3127 1352 3402 1414 mandato,
3427 1357 3486 1402 ut
3514 1349 3778 1419 praedicto

2202 1422 2382 1475 libello
2407 1424 2776 1490 responderet,
2805 1432 2859 1476 et
2888 1432 3075 1477 contra
3104 1438 3272 1477 novas
3297 1419 3566 1476 hmretieee
3592 1420 3780 1490 pravi-

2202 1494 2331 1546 tatis
2355 1489 2688 1546 inventiones
2713 1493 2993 1547 scriberet.
3014 1494 3112 1547 Ast
3132 1494 3216 1546 vir
3244 1491 3462 1545 humilis
3477 1491 3542 1544 de
3566 1489 3781 1544 viribus

2204 1564 2315 1617 suis
2340 1562 2586 1615 diiIidens
2619 1576 2799 1632 regem
2827 1566 2883 1633 in
2907 1564 3062 1633 epist.
3092 1563 3160 1618 85
3189 1560 3494 1633 interpellat
3522 1577 3534 1612 :
3581 1579 3598 1609 ι
3621 1560 3775 1633 Ego,

2202 1634 2409 1702 inquit,
2449 1633 2593 1686 solus
2622 1630 2729 1686 non
2776 1630 2978 1687 sufﬁcio
3006 1635 3070 1687 ad
3104 1631 3565 1703 respondendum;
3594 1630 3779 1703 provi-

2205 1700 2327 1756 deat
2352 1718 2481 1757 veru)
2513 1711 2601 1755 tua
2631 1704 3012 1772 sanctapietas
3042 1705 3169 1757 huic
3192 1700 3346 1771 operi
3381 1708 3489 1753 tam
3524 1700 3697 1772 arduo
3724 1706 3782 1753 et

2203 1773 2362 1843 933
2402 1774 2708 1827 necessario
2745 1769 3016 1839 adjutores
3064 1769 3304 1831 idoneos,
3353 1777 3620 1839 quatenus
3663 1769 3784 1823 haec

2205 1844 2365 1913 impia
2399 1844 2619 1897 heresis
2666 1843 2987 1897 omnimodis
3031 1844 3425 1913 exstinguatur,
3481 1848 3779 1913 antequam

2203 1909 2362 1967 latius
2391 1921 2674 1982 spargatur
2710 1929 2807 1982 per
2834 1915 3019 1967 orbem
3048 1909 3341 1967 Christiani
3372 1910 3603 1982 imperii,
3634 1909 3783 1982 quod

2203 1984 2383 2037 divina
2422 1979 2596 2053 pietas
2643 1979 2737 2036 tibi
2784 1984 2994 2052 tuisque
3021 1983 3147 2037 filiis
3178 1980 3450 2053 commisit
3482 1979 3783 2053 regendum

2202 2062 2257 2106 et
2282 2050 2707 2123 gubernandum.
2746 2073 2763 2103 ι
2804 2050 3132 2108 (ὶοὶιοιοιιιιιιι-
3167 2052 3359 2123 deinde
3398 2050 3640 2121 graviter
3688 2065 3779 2123 re:

2203 2119 2343 2190 gem,
2396 2143 2413 2172 ι
2446 2136 2621 2193 surge,
2656 2124 2924 2193 inquiens,
2962 2124 3046 2177 vir
3072 2140 3101 2177 a
3132 2123 3244 2178 Deo
3264 2119 3453 2183 electe,
3485 2136 3672 2193 surge,
3706 2119 3783 2193 fili

2203 2192 2320 2264 Dei,
2346 2209 2523 2264 surge,
2546 2190 2704 2247 miles
2726 2192 2947 2258 Christi,
2968 2203 3021 2248 et
3038 2194 3268 2248 defende
3291 2206 3542 2264 sponsam
3565 2190 3783 2264 Domini

2201 2262 2297 2317 Dei
2314 2265 2409 2326 tui,
2434 2261 2539 2318 etc.
2566 2284 2584 2314 ι
2606 2264 2830 2318 Carolus
2856 2265 2941 2319 his
2960 2265 3178 2318 monitis
3193 2261 3332 2317 etex’
3347 2261 3784 2317 consideratione

2201 2335 2325 2406 novi
2338 2405 2343 2406 γ
2356 2333 2599 2406 periculi,
2626 2349 2722 2402 per
2742 2332 3042 2406 praefatum
3060 2334 3294 2406 libellum
3318 2332 3574 2406 Ecclesia:
3596 2331 3781 2406 immi-

2201 2400 2379 2459 nentis
2406 2400 2681 2469 incitatus,
2713 2400 2998 2457 consilium
3018 2404 3228 2459 Aleuini
3253 2411 3429 2457 ratum
3453 2400 3665 2463 habuit,
3698 2416 3786 2456 se-

2201 2487 2305 2541 que
2333 2474 2449 2541 ejus
2476 2475 2575 2538 rei,
2601 2475 2665 2528 de
2682 2474 3069 2528 constituendis
3094 2474 3347 2527 nimirum
3379 2470 3785 2538 coadjutoribus

2201 2545 2292 2612 qui
2317 2546 2382 2599 ad
2404 2543 2791 2598 confutandam
2821 2544 3053 2599 haeresin
3074 2559 3297 2613 operam
3324 2542 3660 2606 conferrent,
3692 2556 3788 2596 cu-

2201 2629 2316 2667 ram
2346 2616 2657 2669 habiturum
2689 2615 2990 2684 spopondit.

2270 2684 2448 2764 XLIII.
2494 2684 2663 2764 Eique
2711 2683 3165 2764 adjutores_ded_it
3214 2683 3437 2738 Leonem
3485 2692 3788 2764 pupamuet

2202 2752 2512 2808 Paulinum.
2536 2752 2605 2794 -ὲ-
2625 2752 2959 2825 Quapropter
2982 2755 3238 2810 Alcuinus
3269 2769 3455 2825 rursus
3479 2752 3603 2825 aliis
3640 2753 3789 2809 litte-

2200 2824 2275 2879 ris
2306 2826 2439 2895 regi,
2469 2840 2605 2894 quos
2638 2823 2760 2879 huic
2788 2823 3051 2894 palaestra:
3085 2826 3308 2880 idoneos
3330 2823 3631 2893 judicabat,
3662 2839 3789 2895 sug-

2198 2893 2392 3017 gessit}
2423 2893 2685 2959 Leonem,
2718 2893 2844 2950 tunc
2870 2896 3117 2951 Romana
3144 2896 3287 2950 sedis
3310 2894 3621 2965 pontificem
3654 2893 3785 2964 (non

2248 2967 2511 3017 drianum.
2560 2966 2701 3017 sicut
2735 2967 2889 3017 multi
2929 2967 3172 3017 credunt.
3215 2978 3374 3017 nrout
3411 2980 3535 3017 mox
3562 2963 3785 3017 demon-

2248 2967 2511 3029 drianum,
2560 2966 2701 3020 sicut
2735 2967 2889 3020 multi
2929 2967 3172 3029 credunt,
3215 2963 3374 3035 prout
3411 2980 3535 3019 mox
3562 2963 3789 3019 demon-

2199 3035 2508 3107 strabimus)
2533 3035 2882 3107 ,WPaulinum
2931 3037 3307 3107 patriarcham
3343 3035 3746 3107 Aquileiensem
3770 3074 3786 3100 ,

2202 3106 2539 3161 Riehbodum
2566 3105 2948 3161 Trevirensem
2966 3114 3022 3161 et
3050 3106 3401 3161 Theodulfum
3429 3105 3790 3159 Aurelianen-

2201 3192 2313 3231 sem
2340 3178 2638 3246 episcopos.
2690 3177 2767 3231 Ita
2794 3178 2935 3232 enim
2960 3177 3218 3231 Alcuinus
3239 3177 3306 3231 ad
3330 3191 3511 3245 regem
3542 3176 3595 3228 in
3622 3177 3786 3244 epist.

2196 3246 2265 3302 84
2294 3248 2514 3301 scribit:
2545 3265 2561 3297 ι
2586 3246 2661 3301 De
2681 3247 2861 3301 libello
2882 3247 3109 3303 infelicis
3128 3262 3233 3301 non
3258 3247 3518 3316 magistri,
3543 3248 3637 3300 sed
3662 3247 3790 3300 sub-

2196 3318 2430 3371 versoris
2460 3318 2636 3386 placet
2670 3318 2801 3372 mihi
2840 3319 2993 3372 valde
3030 3318 3173 3386 quod
3207 3326 3389 3371 vestra
3436 3317 3788 3371 sanctissima

2194 3388 2444 3457 voluntas
2469 3397 2525 3442 et
2555 3388 2770 3442 devotio
2800 3389 2961 3443 habet
2985 3404 3168 3442 curam
3197 3387 3559 3457 respondendi
3590 3387 3659 3440 ad
3695 3387 3790 3440 de-

2196 3456 2494 3512 fensionem
2520 3457 2643 3511 fidei
2684 3458 2981 3513 catholicae.
3021 3457 3126 3513 Sed
3148 3458 3372 3513 obsncro
3396 3497 3409 3510 .
3438 3498 3450 3510 .
3478 3496 3492 3509 .
3516 3464 3577 3510 ut
3603 3466 3789 3510 exem-

2194 3528 2422 3600 plarium
2483 3527 2642 3600 illius_
2673 3528 2839 3600 libelli
2876 3529 3072 3583 domno
3102 3528 3385 3600 dirigatur
3439 3526 3781 3600 apostolico,

2195 3598 2338 3670 aliud
2372 3613 2586 3670 quoque
2614 3598 2835 3670 Paulino
2865 3599 3203 3670 patriarchae,
3227 3597 3479 3653 similiter
3500 3597 3786 3670 Biehbodo

2195 3615 2338 3652 anuu
2372 3615 2586 3720 quoque
2614 3615 2835 3654 raunno
2865 3615 3203 3670 pamarcnae,
3229 3615 3479 3653 SlmIIIIeI'
3500 3615 3786 3652 mennouo

2193 3677 2249 3723 et
2295 3668 2555 3723 Teudulo
2593 3668 2882 3738 episcopis,
2924 3669 3233 3723 doctoribus
3276 3680 3330 3723 et
3374 3668 3674 3738 magistris,
3727 3674 3787 3720 ut

2195 3738 2389 3809 singuli
2420 3754 2517 3807 pro
2543 3752 2600 3793 se
2625 3737 3002 3809 respondeant.
3028 3760 3045 3790 ι
3095 3739 3211 3793 Rex
3238 3740 3341 3794 hoc
3367 3737 3582 3809 quoque
3603 3737 3789 3809 Alcui-

2194 3810 2248 3863 ni
2274 3808 2559 3864 consilium
2588 3808 2805 3864 secutus
2830 3809 2974 3863 misit
2994 3809 3156 3865 libelli
3182 3808 3436 3865 Feliciani
3470 3808 3786 3876 exemplum

2194 3880 2261 3934 ad
2290 3879 2523 3961 Leonem
2550 3880 2881 3961 pontificeuL
2887 3880 3187 3961 Romanum
3208 3921 3222 3946 ,
3253 3890 3308 3961 et
3336 3879 3481 3961 aliud
3512 3879 3579 3933 ad
3601 3877 3789 3961 Pauli:

2193 3965 2324 4003 num
2360 3949 2780 4019 Aquileiensem.
2843 3949 2919 4003 De
2948 3950 3127 4004 Leone
3179 3951 3396 4019 quidem
3424 3950 3531 4003 hoc
3566 3955 3788 4019 constat

2192 4021 2388 4140 partim
2417 4036 2482 4074 ex
2509 4020 2736 4075 concilio
2768 4019 3030 4077 Romano.
3060 4018 3209 4088 quod,
3229 4022 3376 4075 circa
3407 4019 3622 4073 initium
3655 4018 3788 4072 anni

2228 4090 2317 4140 99.
2348 4089 2418 4140 25
2437 4090 2655 4140 Anrilis.
2678 4104 2785 4140 nuo
2809 4091 3181 4140 sanctissimus
3205 4090 3441 4140 pontifex
3464 4105 3494 4140 a
3518 4087 3785 4140 Romanis

2228 4090 2317 4153 99,
2348 4089 2418 4143 25
2437 4090 2655 4159 Aprilis,
2678 4104 2785 4159 quo
2809 4087 3181 4145 sanctissimus
3205 4090 3441 4159 pontifex
3464 4105 3505 4159 ar
3518 4087 3785 4159 Romanis

2192 4158 2500 4231 exezecatus
2538 4168 2657 4225 est,
2700 4158 2966 4231 adversus
3020 4179 3037 4210 ι
3074 4158 3450 4231 blasphemum
3496 4158 3786 4231 libellum,

2192 4244 2351 4299 quem
2376 4229 2527 4284 Felix
2558 4231 2624 4285 ad
2653 4230 3018 4285 venerabilem
3042 4228 3219 4286 virum
3245 4230 3498 4284 Albinum
3527 4228 3787 4282 abbatem

2192 4301 2507 4372 monasterii
2537 4301 2607 4372 S.
2629 4301 2843 4372 Martini
2872 4302 3073 4367 emisit,
3096 4321 3115 4354 ι
3150 4310 3213 4355 ut
3241 4301 3438 4372 legitur
3473 4300 3529 4353 in
3566 4299 3787 4372 actione

2191 4370 2227 4423 2
2250 4371 2393 4425 illius
2418 4371 2656 4441 concilii,
2703 4371 3034 4426 celebratum
3061 4366 3188 4435 est;
3229 4366 3425 4441 partim
3463 4385 3530 4425 ex
3556 4366 3785 4441 confes-

2192 4440 2344 4511 sione
2388 4439 2581 4496 Felieis
2620 4441 2687 4495 ad
2727 4441 3087 4511 Urgellitauos
3131 4438 3259 4497 suos
3299 4441 3485 4505 missa,
3517 4439 3608 4493 ubi
3659 4438 3783 4511 ait:

518 4508 711 4563 stolam
738 4510 951 4582 Aleuini
984 4511 1219 4582 noluisse
1250 4513 1304 4566 iu
1330 4502 1599 4581 publicum
1625 4512 1868 4582 proferre
1888 4552 1901 4573 ,
1933 4502 2087 4582 aute-
2114 4502 2167 4563 D
2196 4530 2215 4561 ‹
2245 4510 2492 4581 Synodus
2541 4525 2713 4581 nuper
2756 4502 2833 4564 inv
2859 4511 3031 4566 Roma
3057 4551 3070 4566 .
3096 4553 3107 4566 .
3137 4554 3150 4566 .
3178 4513 3440 4582 adversus
3473 4502 3783 4582 epistolam

517 4593 678 4651 quam
708 4580 775 4634 ab
802 4580 1062 4649 Elipando
1086 4579 1510 4651 aliisque'eidem
1538 4579 1934 4651 adlicer-cutibus
1958 4579 2089 4633 fuis-

517 4657 639 4721 sent
656 4649 807 4705 lectae
835 4667 899 4705 ae
922 4652 1179 4721 probatae,
1210 4649 1329 4721 quae
1355 4668 1443 4707 res
1467 4668 1629 4708 causa
1658 4650 1815 4705 simul
1850 4666 1970 4721 esse
1992 4663 2087 4721 po-

518 4718 621 4772 tuit
644 4721 900 4775 tardioris
922 4718 1195 4777 editionis.
1226 4718 1304 4776 De
1335 4723 1437 4777 hoc
1488 4724 1635 4777 enim
1678 4720 1858 4777 libello
1885 4718 2089 4773 intelli-

515 4790 746 4861 gendum
798 4806 918 4846 esse
962 4791 1280 4861 Elipaudum
1314 4793 1584 4857 existimo,
1614 4807 1737 4847 cum
1766 4791 1829 4844 ad
1854 4789 2089 4861 Felicem

516 4859 735 4935 scripsit
759 4861 841 4935 his
869 4859 1061 4935 verbis
1084 4880 1098 4917 :
1154 4882 1179 4935 «Α
1202 4863 1327 4935 Ego
1342 4864 1513 4917 direxi
1539 4862 1821 4935 epistolam
1853 4869 1999 4935 tuum
2021 4859 2088 4935 ad

515 4927 764 5002 Corduba
794 4930 1068 4993 fratribus,
1096 4933 1187 5002 qui
1213 4927 1279 4989 de
1302 4933 1412 4987 Deo
1434 4927 1588 4988 recta'
1610 4932 1869 4987 sentiunt.
1893 4930 2000 5002 Sed
2021 4928 2088 4982 ad

518 4998 637 5074 ᾕρει)
685 4999 835 5074 [ιεετ
873 5002 1071 5074 ipsum]
1114 4998 1555 5074 haeresiarcham,
1602 5003 1781 5074 Albini
1827 5000 2089 5074 magistro

513 5068 663 5194 L139.
686 5068 1360 5145 'magistrum]'antifrasio
1399 5068 1563 5129 Beato
1606 5073 1690 5145 [L.
1730 5070 2089 5125 Antifrasium

591 5141 761 5194 atuml
785 5143 957 5194 direxi
984 5144 1343 5194 rcleaendam.
1372 5145 1451 5194 Tu
1484 5160 1612 5194 vero
1628 5143 1800 5194 dirige
1828 5142 2087 5194 scriptum

591 5141 761 5213 atum]
785 5143 957 5197 direxi
984 5141 1343 5213 relegendam.
1372 5145 1451 5198 Tu
1484 5141 1800 5211 vero’dirige
1828 5142 2087 5211 scriptum

512 5210 643 5295 iliud
670 5210 768 5295 pro
799 5213 1072 5295 tuonfidele
1093 5210 1330 5295 glorioso
1354 5215 1657 5295 principali,
1689 5210 1975 5295 antequam
2001 5223 2088 5295 ve-

513 5282 629 5354 niat
652 5283 719 5354 ad
745 5284 860 5353 ipso
890 5283 999 5338 filio
1031 5282 1221 5339 mortis
1250 5282 1466 5346 Albino,
1492 5282 1584 5354 qui
1616 5301 1722 5337 non
1757 5284 1930 5354 credit
1957 5294 2085 5354 ear-

513 5352 596 5406 nis
618 5351 959 5423 adoptionem
988 5356 1041 5409 in
1086 5355 1221 5409 Filio
1252 5356 1363 5409 Dei.
1405 5375 1421 5404 ι
1459 5351 1607 5409 Felix
1658 5355 1821 5423 igitur
1848 5351 2088 5407 libellum

512 5422 967 5494 suumadversus
1003 5424 1287 5478 Aleuinum
1337 5425 1620 5494 legendum
1652 5433 1705 5477 et
1750 5422 2087 5494 probandum

514 5492 662 5546 dedit
686 5493 967 5558 Elipando,
999 5496 1085 5548 hic
1113 5496 1261 5548 illum
1289 5496 1357 5547 ob
1386 5486 1634 5548 cumdeut
1665 5486 1823 5546 finem
1852 5493 1993 5547 misit
2019 5486 2089 5541 ad

511 5561 710 5618 fratres
744 5561 1136 5622 Cordubenses.
1169 5573 1328 5632 atque
1355 5566 1520 5617 etiam
1563 5565 1628 5617 ad
1673 5564 1894 5615 Beatum
1925 5562 2088 5616 abba-

513 5641 620 5685 tem
641 5673 655 5695 ,
686 5649 791 5687 non
823 5651 887 5689 ex
910 5636 1096 5689 eadem
1131 5636 1448 5697 intentione,
1483 5635 1575 5688 sed
1606 5642 1663 5687 ut
1704 5634 1895 5699 ipsum,
1927 5642 2087 5697 quem

512 5701 926 5775 lmresyiareham
960 5705 1210 5775 appellat,
1249 5705 1688 5775 reprehenderet,
1721 5712 1811 5775 aut
1865 5703 2088 5775 meliora

514 5779 575 5826 ut
602 5774 822 5842 quidem
859 5776 965 5831 sibi
990 5773 1336 5845 adulabatur)
1366 5775 1603 5829 doceret.
1638 5774 1823 5829 Suasit
1851 5789 1981 5827 vero
2012 5773 2087 5826 si-

2192 4578 2387 4645 meam,
2429 4597 2590 4650 quam
2617 4578 2828 4635 dudum
2876 4582 3173 4637 venerabili
3209 4583 3327 4636 viro
3363 4578 3557 4635 Albino
3593 4578 3786 4634 abbati

2192 4651 2521 4722 Turonensis
2562 4651 2814 4706 Ecclesiae
2860 4653 3205 4721 scripseram,
3246 4660 3571 4722 congregata
3603 4658 3724 4722 ‘est.
3759 4669 3777 4700 ι

2189 4720 2472 4775 Paulinum
2512 4736 2725 4790 quoque
2758 4714 3078 4791 praadictutn
3116 4714 3379 4777 libellum'
3397 4714 3475 4776 ad
3496 4714 3786 4775 confutan-

2191 4791 2318 4862 dum
2349 4790 2491 4862 illius
2528 4806 2746 4845 errores
2762 4790 2802 4845 'a
2828 4807 2956 4862 grege
2985 4793 3441 4848 communicatum
3476 4791 3781 4862 accepisse,

2190 4861 2369 4933 pullus
2392 4861 2598 4933 dubito.
2633 4862 2799 4933 Certe
2824 4858 3081 4933 Paulinus
3111 4864 3255 4933 ipse,
3294 4862 3510 4933 quando
3550 4858 3678 4933 suos
3710 4858 3784 4933 li-

2190 4929 2317 5003 bros
2344 4932 2603 5003 adversus
2630 4930 2864 4987 Felicem
2887 4929 3197 5003 absolvit'et
3223 4933 3292 4987 ad
3313 4929 3497 5003 regem
3526 4931 3690 5003 misit,
3728 4929 3783 5003 iu

2188 5001 2414 5071 epistola
2452 5002 2782 5056 dedicatoria
2822 5001 3104 5071 proﬁtetur
3138 5018 3196 5057 se
3236 4999 3479 5057 laborem
3523 5000 3672 5071 illum
3711 4999 3785 5053 ob

2191 5069 2333 5143 regis
2358 5072 2681 5143 mandatum
2704 5069 3025 5143 suscepisse.
3065 5092 3082 5122 ι
3103 5072 3289 5141 Igitur,
3320 5072 3514 5141 inquit,
3539 5069 3787 5125 saluberb

2190 5140 2345 5195 rimis
2393 5141 2783 5196 venerabilium
2826 5140 3177 5197 incitantibus
3211 5140 3517 5197 litterarum
3564 5149 3785 5195 vestra-

2191 5226 2308 5283 rum
2343 5211 2580 5280 imperiis
2689 5250 2702 5264 .
2727 5212 2966 5267 scribere
2991 5229 3090 5283 pro
3120 5229 3283 5268 causa
3314 5212 3439 5268 fidei
3470 5219 3657 5266 contra
3685 5223 3788 5278 pe-

2190 5281 2435 5335 stilentes
2487 5280 2640 5354 pravi
2691 5280 3363 5354 commenti'objectiones
3412 5283 3786 5354 qualicunque

2188 5366 2293 5423 non
2329 5366 2499 5423 renuo
2532 5351 2687 5422 style.
2714 5371 2737 5423 ι
2778 5352 2963 5423 Neque
2984 5351 3125 5408 enim
3160 5354 3321 5423 video
3351 5369 3456 5422 qua
3486 5352 3588 5406 alia
3620 5364 3787 5404 oeca-

2189 5422 2339 5477 sione
2356 5421 2627 5486 Paulinus,
2651 5422 2742 5492 qui
2765 5423 2820 5477 in
2842 5421 3068 5480 concilio
3090 5421 3561 5492 Francofordiensi
3584 5434 3786 5475 munus

2187 5508 2343 5563 suum
2368 5508 2465 5562 pro
2488 5491 2801 5548 defensione
2825 5495 3093 5563 dogmatis
3122 5493 3373 5549 catholici
3396 5491 3509 5558 jam
3558 5500 3787 5563 strenue

2188 5559 2440 5635 confecit,
2482 5564 2546 5635 ad
2584 5579 2778 5618 novam
2813 5559 3046 5635 pugnam
3082 5564 3247 5619 fuerit
3280 5572 3631 5635 provocatus,
3651 5559 3785 5635 _nisi

2188 5633 2471 5687 occasione
2492 5634 2636 5688 illius
2658 5631 2831 5689 libelli
2841 5631 3096 5688 Féliciani
3117 5631 3346 5689 Alcuino
3366 5633 3621 5703 Oppositi.
3646 5631 3788 5703 Eos:-

2191 5704 2308 5757 dem
2332 5704 2499 5757 libros
2518 5720 2643 5758 suos
2662 5705 2917 5758 Paulinus
2938 5704 3165 5758 Alcuino
3188 5721 3217 5757 a
3241 5720 3365 5773 rege
3385 5699 3784 5773 communicari

2190 5773 2376 5839 voluit,
2399 5790 2521 5827 cum
2546 5774 2645 5843 ipsi
2674 5775 2846 5829 otium
2870 5790 2977 5829 non
3003 5772 3313 5845 suppeteret
3335 5813 3350 5841 ,
3383 5774 3504 5829 illos
3531 5772 3599 5827 ad
3628 5786 3784 5826 eum-
