4030 6358
883 265 1251 328 ENHUEBER
1287 264 1601 353 DISSERT.
1641 260 1732 321 DE
1765 258 2046 339 HERESI
2083 248 2401 317 ELlPANDI
2435 253 2525 314 ΕΤ
2557 250 2841 312 FELICIS.

3389 254 3499 312 358

229 412 3497 462 ____________________________....__....____.

658 588 823 665 θέει
858 550 1603 715 ΒΙδδΕΜἏΤΙθ
1706 547 3066 734 ΒθθΜΑΤΙῦθ-ΗιδΤθΙὶῐῦΑ,

1806 841 1854 912 Q

876 983 1341 1101 CONTRA”
1391 976 2173 1097 CHRISTIANUM
2243 1010 2864 1095 WALCHIUM

229 1246 654 1310 ADOPTIONIS
688 1246 759 1307 IN
795 1245 1389 1308 CHRISTO‘HOMINE
1423 1244 1877 1303 ASSERTORES
1910 1242 2209 1301 FELICEM
2239 1241 2329 1300 ET
2369 1239 2774 1299 ELlPANDUM
2810 1235 3073 1300 MENTO
3101 1235 3193 1298 AB
3210 1240 3514 1304 ALCUINO

1049 1340 1581 1402 NESTORIANISMI
1616 1340 1861 1399 FUISSE
1895 1338 2209 1431 PETITOS,
2248 1338 2710 1398 OSTENDITUR.

1111 1542 1488 1609 AUCTORE
1528 1542 1606 1603 D.
1651 1539 1876 1604 JOAN.
1922 1541 2153 1604 BAPT.
2200 1541 2650 1617 ENHUEBER,

1407 1732 1641 1779 PRIOR!
1684 1732 1768 1775 AD
1808 1729 1862 1776 8.
1912 1728 2356 1775 EMMERAMUM.

312 1987 466 2047 later
492 2000 684 2044 omnes
725 1984 938 2043 Alcuini
964 1982 1371 2058 lucubrationes
1408 1982 1830 2058 principemufag
1854 1995 1910 2058 Α
1932 1981 2114 2058 operis
2157 1980 2443 2058 elenchum
2484 1977 2758 2058 poiiorum
2797 1981 3175 2058 difﬁcultatum
3222 1994 3342 2058 qua:
3369 1987 3421 2041 in
3448 1986 3531 2043 le.

243 2061 347 2117 cile
376 2060 560 2116 locum
601 2059 669 2115 iis
698 2059 900 2119 deberi,
933 2072 1069 2126 quas
1097 2054 1521 2128 Adoptianorum
1546 2054 1829 2128 erroribus

240 2132 541 2213 opposuit,_
555 2137 612 2182 et
654 2128 906 2213 dignitas
926 2125 1189 2193 materiae,
1207 2125 1292 2213 7’et
1314 2125 1833 2213 eruditipn7i7s7ecc77leo

243 2196 482 2258 siasticm
502 2196 810 2263 thesaurus,
858 2206 914 2269 et
942 2207 1398 2269 argumentorum
1422 2196 1659 2269 gravitas
1682 2197 1835 2251 evin-

242 2273 338 2328 cit.
378 2271 577 2350 Agitur
600 2284 792 2350 nempe
832 2268 907 2323 ibi
932 2266 1295 2350 de7'primari07
1320 2266 1833 2350 reiigionisnnostrte

245 2337 508 2413 mysterio
536 2355 631 2395 seu
682 2337 747 2394 de
777 2337 1144 2413 incarnatione
1172 2337 1345 2413 Verbi
1366 2337 1531 2413 divini
1550 2379 1564 2402 ,
1598 2339 1835 2413 ﬁdesque

246 2407 505 2468 Ecclesia:
535 2424 641 2463 non
693 2417 899 2462 tantum
942 2407 1380 2478 locupletissimis
1423 2410 1648 2478 Patrum
1691 2407 1834 2461 anti-

245 2497 479 2552 quorum
507 2480 860 2552 testimoniis,
890 2479 983 2552 sed
1010 2477 1280 2534 rationum
1320 2481 1485 2535 etiam
1511 2477 1837 2548 theologica-

248 2548 371 2607 runi
400 2549 733 2620 ponderibus
759 2548 1003 2620 apprime
1031 2552 1337 2606 roboratur.

319 2618 495 2676 Fuere
518 2618 871 2675 nihilominus
913 2621 1003 2690 qui
1037 2621 1364 2745 priestantia:
1393 2619 1575 2690 operis
1605 2618 1835 2674 multum

321 2693 540 2745 trahere
573 2700 918 2745 conarentur.
961 2699 1016 2744 et
1075 2706 1137 2745 ac
1164 2691 1379 2745 quidem
1409 2692 1460 2745 in
1492 2707 1550 2745 re
1585 2705 1696 2745 nne
1734 2704 1835 2745 cte-

249 2692 540 2750 detrahere
573 2700 918 2753 conarentur,
961 2699 1016 2744 et
1038 2691 1137 2745 hac
1164 2691 1379 2759 quidem
1409 2692 1460 2745 in
1492 2707 1550 2746 re
1585 2705 1696 2759 pra:
1734 2704 1841 2745 cte~

248 2764 383 2821 teris
438 2764 641 2818 eminet
689 2760 1029 2816 Christianus
1085 2759 1229 2815 Guil.
1282 2760 1477 2817 Franc.
1533 2759 1834 2827 Walchius,

248 2833 543 2912 gheoiogia:
586 2832 788 2912 (iacio:
822 2839 877 2886 et
906 2829 1233 2912 _proi7'essor7,
1283 2832 1375 2912 qui
1405 2832 1459 2886 in
1490 2846 1640 2912 manu
1675 2843 1838 2912 quam

249 2900 521 2975 Gottingae
556 2917 644 2957 an.
687 2900 791 2954 755
832 2900 1090 2975 vulgavit,
1123 2900 1546 2975 Adoptianorum
1578 2900 1835 2975 Historia,

249 2973 305 3031 id
338 2969 517 3030 soliim
547 2980 822 3042 spectasse
849 2969 1104 3042 videtur:
1145 2979 1207 3025 ut
1228 2969 1568 3042 Elipandum
1588 2986 1652 3042 ac
1695 2969 1839 3026 Feli-

251 3061 369 3102 cem
397 3046 560 3115 longe
577 3039 691 3096 alia
710 3041 953 3115 sensisse
980 3057 1043 3096 ac
1069 3042 1208 3115 ipsis
1233 3039 1524 3115 impulerat
1544 3039 1835 3115 Aleuinus;

252 3116 400 3171 hunc
434 3111 592 3182 proin
618 3111 759 3167 male
788 3121 977 3167 contra
1017 3111 1357 3182 adversarios
1395 3127 1522 3167 suos
1563 3111 1617 3165 in
1645 3113 1841 3182 praedi-

254 3131 400 3171 nunc
475 3131 592 3169 rom
618 3131 759 3167 male
788 3131 977 3167 οοηιηι
1017 3131 1357 3167 θαγεῐδθῐνιοε
1395 3131 1522 3167 SUOS
1563 3131 1617 3165 In
1645 3131 1841 3182 prtem-

254 3185 359 3241 ctis
389 3131 546 3240 “gris
572 3183 871 3252 disputasse
895 3180 1220 3238 ostenderet.
1252 3181 1363 3238 Nec
1391 3197 1521 3238 vero
1557 3181 1730 3237 solum
1760 3183 1842 3238 in-

254 3263 411 3312 wsat
457 3251 743 3309 Alcuinum
795 3251 1107 3318 Walchius,
1152 3253 1247 3308 sed
1287 3252 1581 3308 Adrianum
1626 3267 1842 3322 quoque

252 3327 495 3396 primum
517 3322 576 3379 S.
600 3323 686 3387 P.,
714 3322 994 3377 Paulinum
1019 3322 1653 3396 Aquileiensem,_Patre_s_
1676 3323 1841 3377 Fran-

253 3369 647 3459 lc'tnii‘d’r‘dienses,
671 3369 753 3449 ἐι
786 3401 1049 3517 quotquot
1070 3369 1133 3447 in
1167 3369 1570 3449 concertatione
1599 3394 1689 3448 illa
1722 3408 1846 3450 cum
1874 3369 1924 3432 Β

257 3466 580 3517 Adontianis
607 3466 795 3517 svmbo
819 3480 905 3517 am
940 3464 1304 3517 contulerunt.
1356 3472 1595 3517 mentem
1622 3472 1847 3517 antaao-

257 3466 580 3537 Adoptianis
607 3464 905 3537 symbolam
940 3464 1304 3537 contulerunt,
1356 3472 1595 3519 mentem
1622 3472 1847 3537 antago-

257 3534 531 3593 nistarum
560 3534 787 3603 su0rum7
806 3534 1081 3603 ignorasse
1111 3534 1326 3603 asserit.

329 3606 650 3677 Arguebant
699 3602 906 3677 scilicet
946 3603 1002 3657 bi
1028 3619 1216 3659 omnes
1261 3602 1499 3677 Felicem
1540 3603 1853 3677 ac7Elipan—

259 3678 391 3734 dum
415 3673 487 3731 de
512 3673 956 3744 Nestorianismo,
988 3689 1089 3730 nec
1109 3674 1434 3728 sententiam
1457 3674 1524 3729 de
1565 3673 1852 3744 adoptione

260 3750 318 3803 in
345 3746 570 3801 Christo
616 3743 829 3814 defendi
866 3757 1024 3812 posse
1070 3744 1433 3810 aﬂirmabant,
1484 3745 1614 3814 quin
1645 3743 1765 3801 dua:
1796 3746 1850 3800 in

259 3819 357 3873 illo
392 3831 641 3887 personat
664 3813 1009 3887 inferrentur.
1062 3815 1262 3870 Eodem
1289 3816 1449 3887 modo
1477 3813 1619 3870 hanc
1646 3815 1713 3887 de
1741 3815 1851 3870 tilio

262 3884 549 3957 adoptivo
573 3884 925 3957 assertionem
976 3884 1316 3957 interpretati
1348 3892 1498 3957 sunt
1558 3885 1850 3957 scriptores

424 3956 607 4019 rioris,
642 3954 917 4025 ipsiusque
945 3954 1134 4010 etiam
1158 3955 1478 4011 recentioris
1516 3955 1634 4017 aavi,
1669 3954 1715 4009 si
1745 3954 1852 4011 Ga-

302 4028 494 4084 rielem
534 4025 923 4096 Vasquesium,
961 4034 1017 4080 et
1055 4025 1390 4096 cardinalem
1436 4025 1745 4096 Aguirrium
1781 4042 1850 4082 ex

263 4098 488 4161 nostris,
524 4094 831 4167 paucosque
861 4094 996 4150 alios
1032 4095 1100 4167 de
1133 4106 1274 4151 caatu
1308 4094 1728 4151 Protes'tantium
1758 4111 1852 4151 ex-

264 4169 459 4239 cipias,
492 4165 642 4239 quos
668 4168 733 4221 ad
754 4181 1044 4239 numerum
1073 4165 1379 4239 faciendum
1408 4168 1462 4239 in
1489 4168 1851 4239 patrocinium

265 4235 554 4294 sententiae
582 4253 692 4293 suae
719 4237 812 4291 cit.
852 4236 972 4291 loco
997 4236 1188 4291 recitat
1216 4235 1510 4298 Walcbius,
1545 4237 1848 4304 afﬁrmans,

264 4310 555 4379 episcopos
586 4307 873 4379 Hispanos,
899 4306 1027 4379 licet
1052 4306 1103 4361 in
1126 4306 1377 4379 omnibus
1398 4308 1535 4379 bene
1564 4308 1704 4379 baud
1731 4323 1854 4363 sen-

265 4376 473 4441 serint,
495 4379 604 4433 imo
624 4376 929 4448 gravissimi
954 4377 1019 4432 de
1048 4378 1454 4448 regeneratione
1479 4376 1681 4432 Christi
1702 4393 1853 4434 erro-

256 4450 349 4519 ris
379 4450 462 4503 rei
491 4447 819 4519 exstiterint,
844 4447 1208 4519 adoptionem
1251 4454 1428 4519 tamen
1464 4463 1621 4502 sensu
1654 4463 1720 4503 eo
1740 4518 1743 4519 7
1762 4450 1855 4504 de-

263 4518 529 4582 fendisse,
571 4518 663 4589 qui
699 4517 856 4572 sicuti
885 4533 916 4571 a
946 4526 1124 4573 mente
1151 4517 1385 4589 Nestorii
1421 4526 1565 4574 esset
1592 4518 1855 4574 alienissi-

263 4605 416 4653 mus,
447 4590 521 4643 ita
548 4587 602 4642 et
627 4588 886 4642 unitatem
911 4601 1157 4656 persona:
1185 4587 1493 4644 nullatenus
1522 4589 1755 4644 tolleret.

344 4658 586 4732 Ulterius
630 4659 804 4714 adhuc
828 4673 1151 4732 progressus
1198 4669 1303 4732 est
1328 4658 1560 4714 Iacobus
1584 4659 1847 4732 Basnage,

1942 2053 2120 2110 ctione
2146 2053 2516 2116 conciliorum,
2555 2054 2800 2117 Patrum,
2847 2063 2902 2109 et
2938 2053 3318 2111 ecclesiasticae
3358 2058 3533 2113 histo-

1936 2126 2034 2199 riie
2060 2134 2363 2199 occurrunt
2383 2132 2437 2178 et
2459 2124 2684 2199 majoris
2708 2124 2883 2180 adhuc
2905 2124 3302 2199 explanationis
3344 2137 3532 2199 egent,

1939 2196 2043 2251 alia
2070 2196 2211 2249 inter
2239 2195 2401 2250 dubia
2429 2195 2497 2249 ad
2525 2195 2778 2250 saeculum
2825 2210 2939 2253 vm.
2996 2196 3188 2251 ultimo
3223 2197 3340 2253 loco
3362 2195 3532 2253 etiam

1940 2281 2173 2335 sequens
2193 2266 2412 2337 exhibet
2428 2284 2455 2337 ε
2499 2285 2516 2317 ι
2552 2265 2701 2337 Felix
2728 2273 2781 2320 et
2812 2265 3129 2337 Elipandus,
3162 2283 3390 2337 quorum
3418 2272 3534 2324 ha:-

1939 2337 2079 2463 Resis
2102 2337 2153 2419 in
2176 2336 2405 2446 convcilio
2417 2335 2856 2391 Francofurtensi
2879 2335 3133 2391 damnata
3156 2335 3278 2405 fuit,
3303 2350 3532 2395 erantne

1989 2416 2245 2463 estoriam
2273 2450 2284 2461 .
2319 2427 2337 2459 ι

1989 2407 2245 2463 estoriani
2268 2408 2291 2461 ?
2319 2427 2337 2459 ι

2014 2478 2376 2544 Quzestionem
2420 2478 2564 2532 hanc
2608 2476 2952 2547 postmodum
2979 2478 3191 2533 caeteris
3222 2479 3538 2536 accuratius

1942 2549 2191 2616 equidem
2219 2548 2572 2617 pertractavit
2597 2546 2651 2601 et
2677 2546 2999 2603 afﬁrmative
3022 2548 3242 2604 resolvit
3271 2550 3342 2605 cl.
3370 2549 3532 2605 Joan.

1942 2618 2137 2691 Eranc.
2173 2617 2459 2691 Madrisius
2488 2620 2541 2691 in
2584 2617 2974 2691 Dissertatione
3008 2617 3312 2691 dogmatica
3341 2622 3407 2675 de
3432 2620 3539 2675 Fe-

1944 2688 2064 2758 licis
2112 2697 2167 2743 et
2202 2689 2447 2758 Elipandi
2483 2689 2715 2758 haeresi,
2764 2704 2959 2758 quam,
3008 2688 3232 2745 numero
3288 2692 3538 2755 tertiam,

1946 2757 2211 2828 Operibus
2262 2756 2435 2815 sancti
2482 2756 2692 2828 Paulini
2733 2756 3094 2827 Aquileiensis
3143 2760 3386 2828 Venetiis
3441 2776 3536 2814 an.

1946 2826 2085 2901 47757
2106 2826 2334 2901 (Patrol.
2359 2837 2498 2901 tom.
2516 2827 2701 2901 XCIX)
2723 2826 2836 2901 a_se_
2847 2828 3015 2901 editis
3036 2827 3329 2896 subiunxit,
3355 2839 3542 2901 ostcnf

1948 2900 2081 2955 dens
2116 2898 2236 2955 tam
2267 2915 2335 2955 ex
2376 2899 2702 2955 testimoniis
2745 2898 3003 2954 Feliciani
3051 2914 3203 2968 mque
3249 2916 3312 2954 ac
3360 2899 3542 2955 nostri

1948 2971 2065 3034 aevi,
2104 2985 2266 3039 quam
2294 2986 2360 3025 ex
2394 2970 2697 3040 rationibus
2738 2969 3075 3040 theologicis,
3130 2970 3431 3025 doctrinam
3467 2969 3544 3025 de

1949 3038 2234 3113 adoptione
2258 3040 2421 3113 945
2462 3040 2519 3113 in_
2543 3039 2780 3113 Qhristo,
2806 3038 3233 3113 Nestorianismo
3274 3041 3542 3113 imbiitam

1949 3109 2133 3167 fuisse.
2173 3111 2243 3165 At
2270 3109 2460 3181 parum
2490 3109 2661 3165 defert
2704 3110 2788 3165 liis
2816 3111 2980 3165 etiam
3009 3112 3343 3179 argumentis
3368 3109 3543 3181 7Wal~

1949 3183 2124 3245 chius,
2153 3196 2253 3237 nec
2272 3180 2418 3238 forte
2447 3189 2655 3236 tantum
2684 3182 2839 3235 abest
2866 3182 2995 3250 quin
3024 3189 3080 3236 et
3117 3181 3230 3251 ipse
3259 3180 3540 3249 conjectu-

1948 3268 2067 3325 ram
2098 3253 2349 3325 Basnagii
2385 3252 2546 3323 paulo
2573 3262 2701 3309 ante
2726 3251 2952 3307 relatam
2988 3253 3249 3323 approbet
3276 3266 3540 3322 suamque

1948 3323 2131 3378 faciat.

2024 3393 2213 3463 Operae
2242 3393 2407 3464 igitur
2425 3393 2659 3464 pretium
2687 3392 2803 3449 fore
2829 3393 3261 3449 existimavimus
3285 3394 3331 3448 si
3360 3393 3414 3448 in
3437 3392 3543 3450 hac

1954 3464 2245 3520 novissima
2274 3463 2514 3534 editione
2540 3463 2776 3534 Operum
2804 3464 3034 3527 Alcuini,
3074 3480 3261 3519 eorum
3292 3464 3539 3518 omnium

1953 3535 2045 3605 qui
2086 3542 2275 3590 contra
2304 3532 2651 3605 ‘Adoptian'os
2683 3537 3047 3597 decertarunt,
3067 3603 3077 3605 7
3098 3549 3233 3605 sane
3258 3535 3543 3605 praecipui,

1952 3603 2041 3660 res
2068 3620 2207 3660 novo
2232 3604 2468 3660 examini
2492 3605 2832 3675 subjiciatur,
2862 3613 2921 3658 ut
2947 3612 3001 3660 et
3024 3603 3266 3675 affinitas
3282 3603 3548 3675 Adoptia-

1951 3676 2115 3731 nismi
2163 3691 2284 3730 cum
2324 3674 2602 3730 erroribus
2637 3677 2702 3731 de
2750 3676 2946 3745 duplici
2978 3675 3031 3728 in
3062 3674 3278 3730 Christo
3305 3674 3540 3745 person

1952 3745 2241 3801 momentis
2288 3745 2753 3816 irrefragabilibus
2778 3787 2794 3809 ,
2843 3755 2897 3801 et
2927 3746 3144 3816 quidem
3183 3763 3292 3802 non
3333 3755 3543 3803 tamex

1952 3817 2162 3871 ratione
2194 3816 2517 3887 theologica,
2548 3832 2710 3884 quam
2741 3817 2856 3885 ipsa
2882 3824 3185 3885 temporum
3209 3817 3422 3872 illorum
3453 3816 3541 3870 hi-

1952 3887 2121 3957 storia
2162 3878 2817 3957 petitis,'comprobetu'r,
2868 3894 2922 3941 et
2959 3878 3149 3957 auctor
3175 3895 3378 3950 noster,
3411 3887 3544 3957 dum

1950 3955 2184 4013 Felicem
2243 3964 2297 4011 et
2332 3955 2672 4026 Elipandum,
2721 3964 2978 4025 tanquam
3026 3955 3260 4011 Nestorii
3307 3955 3549 4012 asseclas

1952 4028 2269 4092 insectatur,
2314 4027 2451 4082 bene
2476 4043 2598 4081 cum
2627 4027 2968 4098 adversariis
2981 4028 3094 4098 suis
3118 4041 3390 4098 pugnasse
3406 4026 3541 4098 vin-

1952 4098 2180 4162 dicetur,
2218 4112 2375 4153 secus
2405 4113 2469 4153 ac
2494 4097 2827 4153 existimavit
2851 4095 3152 4162 Walchius,
3182 4095 3273 4162 qui
3303 4096 3545 4153 Felicem

1951 4177 2007 4224 et
2033 4167 2352 4237 Elipandum
2388 4168 2455 4223 de
2483 4168 2682 4239 unione
2717 4167 3054 4239 hypostatiea
3099 4169 3152 4221 in
3200 4166 3419 4239 Christo
3447 4180 3545 4239 or-

1952 4240 2186 4295 thodoxe
2212 4239 2418 4294 locutos
2442 4253 2561 4293 esse
2583 4237 2808 4306 iudicat,
2838 4237 3125 4293 Alcuinum
3150 4252 3278 4293 vero
3313 4257 3331 4288 ι
3367 4238 3545 4291 homi—

1953 4324 2075 4364 nem
2126 4309 2398 4373 mobilem,
2454 4309 2880 4374 inconstantem,
2927 4316 3040 4363 tum
3087 4309 3224 4373 hoc,
3256 4316 3369 4363 tum
3412 4306 3547 4363 illud

1954 4381 2241 4441 dicentem,
2291 4380 2423 4449 quid
2469 4394 2599 4434 vero
2631 4387 2837 4449 certum
2878 4379 2980 4444 sit,
3020 4380 3352 4434 nescientem
3390 4392 3545 4449 iap-

1953 4449 2134 4521 pellat,
2166 4448 2379 4521 aliaque
2409 4450 2575 4504 multa
2606 4450 2662 4504 in
2687 4448 2937 4505 Historiae
2965 4464 3076 4521 suae
3102 4450 3331 4521 decursu
3360 4448 3541 4513 aﬂ’ert,

1954 4519 2172 4590 quibus,
2196 4519 2242 4575 si
2270 4520 2483 4575 veritati
2512 4530 2693 4575 essent
2718 4536 2975 4585 consona,
3006 4520 3253 4574 laudibus
3278 4528 3333 4575 et
3356 4528 3546 4576 aucto-

1958 4589 2105 4645 ritati
2135 4591 2417 4660 scriptoris
2460 4590 2618 4660 hujus
2662 4591 2796 4648 alias
2841 4589 3181 4646 celeberrimi
3212 4606 3318 4645 non
3345 4604 3543 4660 parum

1956 4661 2353 4716 detraheretur.

266 4702 643 4802 ab‘universa
671 4702 873 4783 errori's
907 4702 1211 4797 siispicione
1250 4728 1450 4802 liberos
1496 4702 1854 4799 pronuntiili’ns
1878 4724 1928 4790 ο
1958 4702 2400 4801 πιῖῖηέιίινιῖξίτο
2429 4732 2582 4787 nobis
2604 4730 3221 4802 propositumsecurius
3250 4738 3303 4785 et
3341 4732 3549 4787 certius
3608 4702 3619 4718 ι

267 4800 565 4869 Hispanos,
614 4799 740 4853 dum
778 4814 992 4869 omnem
1038 4799 1437 4854 contentionem
1484 4802 1584 4855 hos
1630 4801 1771 4856 inter
1797 4810 1852 4856 et

266 4868 517 4925 Francos
554 4879 714 4940 atque
756 4868 1057 4940 Germanos
1086 4884 1191 4924 non
1240 4870 1347 4940 nisi
1382 4871 1447 4925 de
1475 4871 1658 4925 verbis
1693 4870 1858 4927 fuisse

267 4940 612 4996 conﬁdenter
630 4938 842 4995 statuit.
878 4958 896 4990 ι
932 4938 1042 4995 Nos
1070 4940 1296 5010 ingenue
1327 4939 1576 5007 fatemur,
1618 4942 1713 5005 ait,
1747 4958 1860 4998 me-

270 5024 396 5065 ram
414 5010 594 5082 fuisse
633 5010 1045 5082 logomacbiam,
1078 5025 1197 5079 qua:
1229 5012 1425 5080 sapius
1452 5013 1690 5067 occurrit
1716 5013 1859 5082 apud

272 5081 582 5153 theologos.
620 5100 653 5153 7i
695 5079 950 5153 'Tom._ll_
977 5079 1239 5153 Thesaur.
1286 5079 1521 5137 Monum.
1553 5082 1710 5153 eccl.,
1748 5079 1853 5138 Tol.

268 5150 583 5227 $8,7num.
614 5152 669 5207 5.
719 5150 831 5227 Nec
858 5150 1196 5227 defuerequi
1234 5153 1426 5227 eadem
1463 5169 1585 5227 cum
1614 5152 1859 5227 Basnage

268 5167 404 5217 ua,
433 5169 583 5207 num.
614 5167 669 5207 δ.
719 5167 831 5207 nec
858 5167 1077 5206 deluere
1144 5169 1196 5206 ut
1238 5167 1426 5208 eadem
1463 5169 1585 5209 cum
1615 5167 1678 5207 tia

268 5224 564 5305 sentirent,
578 5304 581 5305 7
594 5238 730 5305 quos
741 5223 932 5305 denuo
959 5167 1432 5305 appdq7Wal7chium
1443 5224 1678 5305 _videris.

300 5324 321 5337 η.
346 5292 675 5349 Μοὰεηιίὸι·
701 5294 849 5349 hisce
877 5292 1219 5349 Mabillonius
1247 5294 1302 5348 in
1328 5294 1640 5363 praafatione
1667 5295 1736 5349 ad
1759 5310 1856 5351 sa:-

270 5363 463 5437 galum
498 5380 562 5437 tv
606 5364 1031 5437 Benedictinum,
1069 5371 1224 5433 parte
1268 5381 1306 5429 ι,
1353 5366 1379 5437 §
1434 5367 1484 5428 i,
1524 5365 1757 5437 Felicem
1803 5374 1861 5422 et

270 5434 601 5504 Elipandum
631 5435 853 5490 h:eresis
897 5433 1231 5491 Nestoriana:
1258 5433 1538 5490 accusatos
1586 5436 1754 5491 fuisse
1781 5437 1858 5493 ita
1954 5482 1965 5486 -

272 5504 470 5571 refert,
518 5516 580 5561 ut
614 5505 769 5577 plane
801 5507 1047 5563 eamdem
1090 5505 1158 5560 de
1188 5505 1336 5560 hisce
1366 5507 1633 5577 episcopis
1672 5506 1859 5563 tulisse

276 5576 690 5649 sententiamet
723 5578 837 5647 ipse
863 5577 1160 5649 existimari
1191 5584 1372 5649 queat.
1409 5576 1479 5631 At
1516 5592 1638 5632 cum
1677 5587 1860 5634 nosset

275 5648 391 5703 hac
415 5648 483 5703 de
506 5662 565 5703 re
588 5649 732 5704 inter
753 5648 992 5720 eruditos
1018 5648 1193 5706 adhuc
1210 5648 1340 5704 dum
1361 5650 1709 5715 controverti,
1736 5665 1860 5720 pro-

277 5732 494 5791 ponens
520 5719 579 5779 in
604 5725 842 5777 tractatu
867 5720 933 5778 de
972 5719 1177 5779 Studiis
1217 5720 1532 5805 monasticis
1557 5722 1627 5779 ad
1655 5719 1856 5782 catecm

1957 4818 2056 4857 nos
2080 4800 2419 4857 assecutums
2447 4817 2566 4857 esse
2592 4800 2844 4869 putamus
2869 4800 2915 4853 si
2940 4800 3293 4869 Adoptianos,
3318 4802 3549 4871 paribus

1958 4889 2082 4929 cum
2116 4873 2449 4929 Nestorianis
2488 4873 2758 4926 natalibus
2795 4880 2976 4935 ortos,
3027 4872 3218 4926 iisdem
3262 4873 3550 4942 principiis

1958 4945 2191 5008 innixos,
2247 4960 2308 4998 ac
2339 4944 2526 4997 iisdem
2575 4943 2791 4996 demum
2821 4943 2987 4996 armis
3036 4942 3334 4998 debellatos
3378 4942 3549 4998 fuisse

1958 5015 2373 5071 ostenderimus.
2422 5012 2478 5067 ld
2521 5021 2579 5067 ut
2607 5012 2914 5068 accuratius
2940 5013 3051 5078 tiat,
3082 5021 3250 5068 totam
3274 5014 3547 5069 Disserta-

1959 5087 2157 5141 tionem
2186 5085 2241 5138 in
2277 5084 2380 5138 tria
2406 5084 2581 5153 capita
2613 5083 2923 5147 dividimus,
2955 5084 3008 5138 in
3038 5084 3217 5153 primo
3242 5085 3306 5138 de
3333 5083 3545 5154 genesi,

1960 5156 2017 5210 in
2072 5155 2242 5210 altero
2296 5155 2361 5208 de
2407 5154 2631 5209 assertis
2655 5195 2669 5217 ,
2724 5154 2780 5208 in
2829 5155 2992 5210 tertio
3038 5155 3105 5211 de
3141 5153 3547 5225 impugnatione

1959 5226 2244 5296 utriusque
2267 5225 2471 5280 erroris
2494 5225 2690 5279 acturi.

1998 5368 2026 5441 §
2066 5366 2106 5423 Ι.
2145 5397 2216 5408 -
2242 5365 2331 5421 DE
2373 5363 2618 5422 GENESI
2667 5361 3206 5422 NESTORIANISMI
3251 5360 3341 5418 ET
3390 5358 3514 5417 AD-

2545 5457 2953 5518 OPTIANISMI.

2030 5575 2391 5651 1.7Di/ﬁcultas
2420 5577 2485 5651 in
2525 5575 2806 5647 detegenda
2819 5577 3090 5651 haeresim}
3115 5568 3308 5651 genesi:
3336 5597 3407 5651 —_-
3433 5565 3573 5624 υἱὲ·

1964 5641 2256 5707 ὒουιιθιὲἓω
2282 5664 2390 5705 non
2419 5649 2591 5704 levem
2617 5641 2675 5703 se
2699 5646 2941 5717 prodere
2971 5641 3546 5717 in_det§genda_hzere—

1961 5739 2081 5789 sum
2125 5721 2345 5794 genesi,
2391 5720 2592 5779 dudum
2637 5711 2859 5788 agnovit
2899 5716 2968 5773 cl.
3017 5714 3083 5781 D.
3130 5713 3438 5785 Bernardus
3476 5711 3549 5775 de
