  <div class='ocr_page' id='page_1' title='image "/cluster/home/n/w/nwhite01/storage/ocr_20150623/101/hvd.32044004824769/176.png"; bbox 0 0 4030 6358; ppageno 0'>
   <div class='ocr_carea' id='block_1_1' title="bbox 161 241 263 298">
    <p class='ocr_par' dir='ltr' id='par_1_1' title="bbox 161 241 263 298">
     <span class='ocr_line' id='line_1_1' title="bbox 161 241 263 298; baseline -0.02 0"><span class='ocrx_word' id='word_1_1' title='bbox 161 241 263 298; x_wconf 76' lang='grc'><strong>541</strong></span> 
     </span>
    </p>
   </div>
   <div class='ocr_carea' id='block_1_2' title="bbox 803 214 2847 289">
    <p class='ocr_par' dir='ltr' id='par_1_2' title="bbox 803 214 2847 289">
     <span class='ocr_line' id='line_1_2' title="bbox 803 214 2847 289; baseline -0.003 0"><span class='ocrx_word' id='word_1_2' title='bbox 803 230 1176 289; x_wconf 78' lang='lat' dir='ltr'><strong>ENHUEBER</strong></span> <span class='ocrx_word' id='word_1_3' title='bbox 1208 228 1523 287; x_wconf 77' lang='lat' dir='ltr'><strong>DISSERT.</strong></span> <span class='ocrx_word' id='word_1_4' title='bbox 1566 227 1654 285; x_wconf 87' lang='lat' dir='ltr'><strong>DE</strong></span> <span class='ocrx_word' id='word_1_5' title='bbox 1686 224 1965 283; x_wconf 68' lang='lat' dir='ltr'><strong>HERESI</strong></span> <span class='ocrx_word' id='word_1_6' title='bbox 2002 226 2320 284; x_wconf 85' lang='lat' dir='ltr'><strong>ELIPANDI</strong></span> <span class='ocrx_word' id='word_1_7' title='bbox 2356 226 2445 284; x_wconf 88' lang='lat' dir='ltr'><strong>ET</strong></span> <span class='ocrx_word' id='word_1_8' title='bbox 2480 227 2761 286; x_wconf 86' lang='lat' dir='ltr'><strong>FELICIS.</strong></span> <span class='ocrx_word' id='word_1_9' title='bbox 2834 214 2847 220; x_wconf 53' lang='grc'><em>’</em></span> 
     </span>
    </p>
   </div>
   <div class='ocr_carea' id='block_1_3' title="bbox 3322 192 3432 286">
    <p class='ocr_par' dir='ltr' id='par_1_3' title="bbox 3322 192 3432 286">
     <span class='ocr_line' id='line_1_3' title="bbox 3322 192 3432 286; baseline -0.018 0"><span class='ocrx_word' id='word_1_10' title='bbox 3322 192 3432 286; x_wconf 73' lang='lat' dir='ltr'><strong>sta</strong></span> 
     </span>
    </p>
   </div>
   <div class='ocr_carea' id='block_1_4' title="bbox 162 340 3435 427">
    <p class='ocr_par' dir='ltr' id='par_1_4' title="bbox 162 340 3435 427">
     <span class='ocr_line' id='line_1_4' title="bbox 162 340 3435 427; baseline -0.001 -20"><span class='ocrx_word' id='word_1_11' title='bbox 162 352 385 427; x_wconf 85' lang='lat' dir='ltr'><strong>quidem</strong></span> <span class='ocrx_word' id='word_1_12' title='bbox 414 346 621 427; x_wconf 73' lang='lat' dir='ltr'><strong>homini</strong></span> <span class='ocrx_word' id='word_1_13' title='bbox 650 343 963 427; x_wconf 75' lang='lat' dir='ltr'><strong>tribuendas</strong></span> <span class='ocrx_word' id='word_1_14' title='bbox 982 344 1624 427; x_wconf 44' lang='lat' dir='ltr'><strong>.csseﬁasserit,‘nimirum</strong></span> <span class='ocrx_word' id='word_1_15' title='bbox 1649 343 1752 425; x_wconf 78' lang='lat' dir='ltr'><strong>hu—</strong></span> <span class='ocrx_word' id='word_1_16' title='bbox 1776 343 1831 405; x_wconf 75' lang='grc' dir='ltr'><strong>Δ</strong></span> <span class='ocrx_word' id='word_1_17' title='bbox 1855 414 1895 427; x_wconf 73' lang='lat'>_</span> <span class='ocrx_word' id='word_1_18' title='bbox 1927 340 2060 425; x_wconf 69' lang='lat' dir='ltr'><strong>VIII.</strong></span> <span class='ocrx_word' id='word_1_19' title='bbox 2082 342 2225 427; x_wconf 46' lang='lat' dir='ltr'><strong>‘Item</strong></span> <span class='ocrx_word' id='word_1_20' title='bbox 2256 344 2423 427; x_wconf 72' lang='lat' dir='ltr'><strong>Deum</strong></span> <span class='ocrx_word' id='word_1_21' title='bbox 2450 346 3435 427; x_wconf 33' lang='lat' dir='ltr'><strong>nuncupativum.7-DeAappeIIatione</strong></span> 
     </span>
    </p>
   </div>
   <div class='ocr_carea' id='block_1_5' title="bbox 163 414 1747 483">
    <p class='ocr_par' dir='ltr' id='par_1_5' title="bbox 163 414 1747 483">
     <span class='ocr_line' id='line_1_5' title="bbox 163 414 1747 483; baseline -0.009 -2"><span class='ocrx_word' id='word_1_22' title='bbox 163 414 377 483; x_wconf 77' lang='lat' dir='ltr'><strong>manas,</strong></span> <span class='ocrx_word' id='word_1_23' title='bbox 412 419 546 474; x_wconf 88' lang='lat' dir='ltr'><strong>alias</strong></span> <span class='ocrx_word' id='word_1_24' title='bbox 570 431 702 472; x_wconf 82' lang='lat' dir='ltr'><strong>vero</strong></span> <span class='ocrx_word' id='word_1_25' title='bbox 738 416 1083 483; x_wconf 79' lang='lat' dir='ltr'><strong>singulariter</strong></span> <span class='ocrx_word' id='word_1_26' title='bbox 1102 415 1213 472; x_wconf 87' lang='lat' dir='ltr'><strong>Deo</strong></span> <span class='ocrx_word' id='word_1_27' title='bbox 1242 416 1421 471; x_wconf 87' lang='lat' dir='ltr'><strong>Verbo</strong></span> <span class='ocrx_word' id='word_1_28' title='bbox 1437 414 1747 479; x_wconf 81' lang='lat' dir='ltr'><strong>convenire,</strong></span> 
     </span>
    </p>
   </div>
   <div class='ocr_carea' id='block_1_6' title="bbox 164 487 1753 558">
    <p class='ocr_par' dir='ltr' id='par_1_6' title="bbox 164 487 1753 558">
     <span class='ocr_line' id='line_1_6' title="bbox 164 487 1753 558; baseline -0.008 -8"><span class='ocrx_word' id='word_1_29' title='bbox 164 495 379 551; x_wconf 76' lang='lat' dir='ltr'><strong>scilicet</strong></span> <span class='ocrx_word' id='word_1_30' title='bbox 408 490 638 552; x_wconf 82' lang='lat' dir='ltr'><strong>divinas,</strong></span> <span class='ocrx_word' id='word_1_31' title='bbox 668 494 722 542; x_wconf 90' lang='lat' dir='ltr'><strong>et</strong></span> <span class='ocrx_word' id='word_1_32' title='bbox 747 488 873 556; x_wconf 83' lang='lat' dir='ltr'><strong>quia</strong></span> <span class='ocrx_word' id='word_1_33' title='bbox 896 487 1259 558; x_wconf 69' lang='lat' dir='ltr'><strong>multipliciter</strong></span> <span class='ocrx_word' id='word_1_34' title='bbox 1278 487 1486 558; x_wconf 82' lang='lat' dir='ltr'><strong>dividit,</strong></span> <span class='ocrx_word' id='word_1_35' title='bbox 1516 501 1580 540; x_wconf 92' lang='lat' dir='ltr'><strong>ac</strong></span> <span class='ocrx_word' id='word_1_36' title='bbox 1603 499 1753 540; x_wconf 86' lang='lat' dir='ltr'><strong>seor-</strong></span> 
     </span>
    </p>
   </div>
   <div class='ocr_carea' id='block_1_7' title="bbox 163 556 1753 628">
    <p class='ocr_par' dir='ltr' id='par_1_7' title="bbox 163 556 1753 628">
     <span class='ocr_line' id='line_1_7' title="bbox 163 556 1753 628; baseline -0.008 -7"><span class='ocrx_word' id='word_1_37' title='bbox 163 568 268 621; x_wconf 86' lang='lat' dir='ltr'><strong>sim</strong></span> <span class='ocrx_word' id='word_1_38' title='bbox 294 561 451 628; x_wconf 88' lang='lat' dir='ltr'><strong>ponit</strong></span> <span class='ocrx_word' id='word_1_39' title='bbox 478 569 734 628; x_wconf 86' lang='lat' dir='ltr'><strong>tanquam</strong></span> <span class='ocrx_word' id='word_1_40' title='bbox 770 556 1310 627; x_wconf 35' lang='lat' dir='ltr'><strong>hominem’proprie,</strong></span> <span class='ocrx_word' id='word_1_41' title='bbox 1360 556 1506 611; x_wconf 90' lang='lat' dir='ltr'><strong>illum</strong></span> <span class='ocrx_word' id='word_1_42' title='bbox 1535 571 1601 611; x_wconf 78' lang='lat' dir='ltr'><strong>ex</strong></span> <span class='ocrx_word' id='word_1_43' title='bbox 1625 570 1753 628; x_wconf 81' lang='lat' dir='ltr'><strong>san-</strong></span> 
     </span>
    </p>
   </div>
   <div class='ocr_carea' id='block_1_8' title="bbox 164 626 1754 701">
    <p class='ocr_par' dir='ltr' id='par_1_8' title="bbox 164 626 1754 701">
     <span class='ocr_line' id='line_1_8' title="bbox 164 626 1754 701; baseline -0.006 -11"><span class='ocrx_word' id='word_1_44' title='bbox 164 645 250 691; x_wconf 87' lang='lat' dir='ltr'><strong>cta</strong></span> <span class='ocrx_word' id='word_1_45' title='bbox 296 626 518 701; x_wconf 78' lang='lat' dir='ltr'><strong>Virgine</strong></span> <span class='ocrx_word' id='word_1_46' title='bbox 548 626 764 701; x_wconf 48' lang='lat' dir='ltr'><strong>natum,</strong></span> <span class='ocrx_word' id='word_1_47' title='bbox 803 636 859 682; x_wconf 91' lang='lat' dir='ltr'><strong>et</strong></span> <span class='ocrx_word' id='word_1_48' title='bbox 899 626 1147 701; x_wconf 70' lang='lat' dir='ltr'><strong>similiter</strong></span> <span class='ocrx_word' id='word_1_49' title='bbox 1175 628 1393 697; x_wconf 87' lang='lat' dir='ltr'><strong>proprie</strong></span> <span class='ocrx_word' id='word_1_50' title='bbox 1419 643 1483 681; x_wconf 92' lang='lat' dir='ltr'><strong>ac</strong></span> <span class='ocrx_word' id='word_1_51' title='bbox 1525 626 1754 681; x_wconf 88' lang='lat' dir='ltr'><strong>seorsim</strong></span> 
     </span>
    </p>
   </div>
   <div class='ocr_carea' id='block_1_9' title="bbox 165 698 1756 771">
    <p class='ocr_par' dir='ltr' id='par_1_9' title="bbox 165 698 1756 771">
     <span class='ocr_line' id='line_1_9' title="bbox 165 698 1756 771; baseline -0.008 -10"><span class='ocrx_word' id='word_1_52' title='bbox 165 707 342 761; x_wconf 82' lang='lat' dir='ltr'><strong>tilium</strong></span> <span class='ocrx_word' id='word_1_53' title='bbox 370 698 500 756; x_wconf 83' lang='lat' dir='ltr'><strong>illud</strong></span> <span class='ocrx_word' id='word_1_54' title='bbox 523 717 588 755; x_wconf 76' lang='lat' dir='ltr'><strong>ex</strong></span> <span class='ocrx_word' id='word_1_55' title='bbox 602 699 712 756; x_wconf 86' lang='lat' dir='ltr'><strong>Deo</strong></span> <span class='ocrx_word' id='word_1_56' title='bbox 734 698 892 771; x_wconf 74' lang='lat' dir='ltr'><strong>Patre</strong></span> <span class='ocrx_word' id='word_1_57' title='bbox 914 699 1171 771; x_wconf 80' lang='lat' dir='ltr'><strong>Verbum,</strong></span> <span class='ocrx_word' id='word_1_58' title='bbox 1199 707 1482 771; x_wconf 66' lang='lat' dir='ltr'><strong>propterea</strong></span> <span class='ocrx_word' id='word_1_59' title='bbox 1510 705 1756 771; x_wconf 82' lang='lat' dir='ltr'><strong>sanctam</strong></span> 
     </span>
    </p>
   </div>
   <div class='ocr_carea' id='block_1_10' title="bbox 166 767 1758 842">
    <p class='ocr_par' dir='ltr' id='par_1_10' title="bbox 166 767 1758 842">
     <span class='ocr_line' id='line_1_10' title="bbox 166 767 1758 842; baseline -0.006 -11"><span class='ocrx_word' id='word_1_60' title='bbox 166 777 315 833; x_wconf 81' lang='lat' dir='ltr'><strong>illam</strong></span> <span class='ocrx_word' id='word_1_61' title='bbox 343 773 621 842; x_wconf 74' lang='lat' dir='ltr'><strong>Virginem</strong></span> <span class='ocrx_word' id='word_1_62' title='bbox 651 786 755 825; x_wconf 89' lang='lat' dir='ltr'><strong>non</strong></span> <span class='ocrx_word' id='word_1_63' title='bbox 778 768 870 842; x_wconf 82' lang='lat' dir='ltr'><strong>Dei</strong></span> <span class='ocrx_word' id='word_1_64' title='bbox 902 767 1237 841; x_wconf 70' lang='lat' dir='ltr'><strong>genitricem,</strong></span> <span class='ocrx_word' id='word_1_65' title='bbox 1260 767 1355 826; x_wconf 81' lang='lat' dir='ltr'><strong>sed</strong></span> <span class='ocrx_word' id='word_1_66' title='bbox 1375 768 1555 840; x_wconf 88' lang='lat' dir='ltr'><strong>potius</strong></span> <span class='ocrx_word' id='word_1_67' title='bbox 1581 767 1758 824; x_wconf 85' lang='lat' dir='ltr'><strong>homi-</strong></span> 
     </span>
    </p>
   </div>
   <div class='ocr_carea' id='block_1_11' title="bbox 167 840 946 903">
    <p class='ocr_par' dir='ltr' id='par_1_11' title="bbox 167 840 946 903">
     <span class='ocr_line' id='line_1_11' title="bbox 167 840 946 903; baseline -0.014 0"><span class='ocrx_word' id='word_1_68' title='bbox 167 848 252 903; x_wconf 90' lang='lat' dir='ltr'><strong>nis</strong></span> <span class='ocrx_word' id='word_1_69' title='bbox 277 840 510 901; x_wconf 55' lang='lat' dir='ltr'><strong>matre&#39;m</strong></span> <span class='ocrx_word' id='word_1_70' title='bbox 541 857 660 899; x_wconf 88' lang='lat' dir='ltr'><strong>esse</strong></span> <span class='ocrx_word' id='word_1_71' title='bbox 684 840 894 897; x_wconf 84' lang='lat' dir='ltr'><strong>asserit.</strong></span> <span class='ocrx_word' id='word_1_72' title='bbox 916 840 946 893; x_wconf 59' lang='grc'><strong>⁷,</strong></span> 
     </span>
    </p>
   </div>
   <div class='ocr_carea' id='block_1_12' title="bbox 240 929 1757 1004">
    <p class='ocr_par' dir='ltr' id='par_1_12' title="bbox 240 929 1757 1004">
     <span class='ocr_line' id='line_1_12' title="bbox 240 929 1757 1004; baseline -0.005 -14"><span class='ocrx_word' id='word_1_73' title='bbox 240 937 329 991; x_wconf 76' lang='lat' dir='ltr'><strong>\‘I.</strong></span> <span class='ocrx_word' id='word_1_74' title='bbox 360 936 443 990; x_wconf 86' lang='lat' dir='ltr'><strong>Eu</strong></span> <span class='ocrx_word' id='word_1_75' title='bbox 479 935 644 1004; x_wconf 84' lang='lat' dir='ltr'><strong>igitur</strong></span> <span class='ocrx_word' id='word_1_76' title='bbox 669 933 1006 989; x_wconf 84' lang='lat' dir='ltr'><strong>occasionem</strong></span> <span class='ocrx_word' id='word_1_77' title='bbox 1052 932 1276 989; x_wconf 84' lang='lat' dir='ltr'><strong>erroris.</strong></span> <span class='ocrx_word' id='word_1_78' title='bbox 1315 933 1462 1004; x_wconf 87' lang='lat' dir='ltr'><strong>Cum</strong></span> <span class='ocrx_word' id='word_1_79' title='bbox 1508 932 1609 1004; x_wconf 90' lang='lat' dir='ltr'><strong>viri</strong></span> <span class='ocrx_word' id='word_1_80' title='bbox 1644 929 1757 994; x_wconf 85' lang='lat' dir='ltr'><strong>isti,</strong></span> 
     </span>
    </p>
   </div>
   <div class='ocr_carea' id='block_1_13' title="bbox 169 1003 1762 1078">
    <p class='ocr_par' dir='ltr' id='par_1_13' title="bbox 169 1003 1762 1078">
     <span class='ocr_line' id='line_1_13' title="bbox 169 1003 1762 1078; baseline -0.004 -16"><span class='ocrx_word' id='word_1_81' title='bbox 169 1008 375 1078; x_wconf 83' lang='lat' dir='ltr'><strong>aliique</strong></span> <span class='ocrx_word' id='word_1_82' title='bbox 401 1003 526 1062; x_wconf 86' lang='lat' dir='ltr'><strong>cum</strong></span> <span class='ocrx_word' id='word_1_83' title='bbox 565 1006 695 1078; x_wconf 79' lang='lat' dir='ltr'><strong>ipsis</strong></span> <span class='ocrx_word' id='word_1_84' title='bbox 721 1004 977 1060; x_wconf 86' lang='lat' dir='ltr'><strong>adversus</strong></span> <span class='ocrx_word' id='word_1_85' title='bbox 1015 1004 1244 1078; x_wconf 50' lang='lat' dir='ltr'><strong>Arium,</strong></span> <span class='ocrx_word' id='word_1_86' title='bbox 1274 1003 1664 1078; x_wconf 74' lang='lat' dir='ltr'><strong>Macedoniam,</strong></span> <span class='ocrx_word' id='word_1_87' title='bbox 1704 1007 1762 1055; x_wconf 87' lang='lat' dir='ltr'><strong>et</strong></span> 
     </span>
    </p>
   </div>
   <div class='ocr_carea' id='block_1_14' title="bbox 168 1072 1765 1147">
    <p class='ocr_par' dir='ltr' id='par_1_14' title="bbox 168 1072 1765 1147">
     <span class='ocr_line' id='line_1_14' title="bbox 168 1072 1765 1147; baseline -0.006 -13"><span class='ocrx_word' id='word_1_88' title='bbox 168 1072 541 1147; x_wconf 75' lang='lat' dir='ltr'><strong>Apollinarem</strong></span> <span class='ocrx_word' id='word_1_89' title='bbox 584 1072 972 1139; x_wconf 81' lang='lat' dir='ltr'><strong>decertarent,</strong></span> <span class='ocrx_word' id='word_1_90' title='bbox 1023 1093 1042 1126; x_wconf 78' lang='grc' dir='ltr'><strong>ι</strong></span> <span class='ocrx_word' id='word_1_91' title='bbox 1090 1074 1517 1147; x_wconf 74' lang='lat' dir='ltr'><strong>aedistribuere</strong></span> <span class='ocrx_word' id='word_1_92' title='bbox 1553 1072 1765 1147; x_wconf 78' lang='lat' dir='ltr'><strong>vellent</strong></span> 
     </span>
    </p>
   </div>
   <div class='ocr_carea' id='block_1_15' title="bbox 171 1144 1760 1211">
    <p class='ocr_par' dir='ltr' id='par_1_15' title="bbox 171 1144 1760 1211">
     <span class='ocr_line' id='line_1_15' title="bbox 171 1144 1760 1211; baseline -0.006 -6"><span class='ocrx_word' id='word_1_93' title='bbox 171 1144 457 1205; x_wconf 78' lang='lat' dir='ltr'><strong>sacrarum</strong></span> <span class='ocrx_word' id='word_1_94' title='bbox 509 1148 814 1203; x_wconf 80' lang='lat' dir='ltr'><strong>litterarum</strong></span> <span class='ocrx_word' id='word_1_95' title='bbox 865 1161 1062 1211; x_wconf 90' lang='lat' dir='ltr'><strong>voces,</strong></span> <span class='ocrx_word' id='word_1_96' title='bbox 1110 1146 1245 1200; x_wconf 86' lang='lat' dir='ltr'><strong>alias</strong></span> <span class='ocrx_word' id='word_1_97' title='bbox 1289 1146 1355 1200; x_wconf 89' lang='lat' dir='ltr'><strong>ad</strong></span> <span class='ocrx_word' id='word_1_98' title='bbox 1401 1144 1760 1206; x_wconf 80' lang='lat' dir='ltr'><strong>divinitatem,</strong></span> 
     </span>
    </p>
   </div>
   <div class='ocr_carea' id='block_1_16' title="bbox 172 1214 1766 1278">
    <p class='ocr_par' dir='ltr' id='par_1_16' title="bbox 172 1214 1766 1278">
     <span class='ocr_line' id='line_1_16' title="bbox 172 1214 1766 1278; baseline -0.005 -5"><span class='ocrx_word' id='word_1_99' title='bbox 172 1220 311 1274; x_wconf 82' lang='lat' dir='ltr'><strong>alias</strong></span> <span class='ocrx_word' id='word_1_100' title='bbox 340 1219 408 1272; x_wconf 90' lang='lat' dir='ltr'><strong>ad</strong></span> <span class='ocrx_word' id='word_1_101' title='bbox 437 1218 729 1273; x_wconf 79' lang='lat' dir='ltr'><strong>humanam</strong></span> <span class='ocrx_word' id='word_1_102' title='bbox 759 1225 1008 1271; x_wconf 89' lang='lat' dir='ltr'><strong>naturam</strong></span> <span class='ocrx_word' id='word_1_103' title='bbox 1030 1217 1250 1278; x_wconf 90' lang='lat' dir='ltr'><strong>relatas,</strong></span> <span class='ocrx_word' id='word_1_104' title='bbox 1287 1237 1305 1268; x_wconf 81' lang='grc' dir='ltr'><strong>ι</strong></span> <span class='ocrx_word' id='word_1_105' title='bbox 1340 1217 1392 1270; x_wconf 90' lang='lat' dir='ltr'><strong>id</strong></span> <span class='ocrx_word' id='word_1_106' title='bbox 1419 1216 1493 1270; x_wconf 86' lang='lat' dir='ltr'><strong>ita</strong></span> <span class='ocrx_word' id='word_1_107' title='bbox 1520 1214 1766 1269; x_wconf 88' lang='lat' dir='ltr'><strong>fecerunt</strong></span> 
     </span>
    </p>
   </div>
   <div class='ocr_carea' id='block_1_17' title="bbox 172 1285 1763 1356">
    <p class='ocr_par' dir='ltr' id='par_1_17' title="bbox 172 1285 1763 1356">
     <span class='ocr_line' id='line_1_17' title="bbox 172 1285 1763 1356; baseline -0.006 -11"><span class='ocrx_word' id='word_1_108' title='bbox 172 1299 231 1345; x_wconf 85' lang='lat' dir='ltr'><strong>ut</strong></span> <span class='ocrx_word' id='word_1_109' title='bbox 255 1289 421 1343; x_wconf 81' lang='lat' dir='ltr'><strong>simul</strong></span> <span class='ocrx_word' id='word_1_110' title='bbox 445 1290 497 1343; x_wconf 91' lang='lat' dir='ltr'><strong>in</strong></span> <span class='ocrx_word' id='word_1_111' title='bbox 519 1288 834 1343; x_wconf 80' lang='lat' dir='ltr'><strong>divisionem</strong></span> <span class='ocrx_word' id='word_1_112' title='bbox 854 1302 1208 1356; x_wconf 89' lang='lat' dir='ltr'><strong>personarum</strong></span> <span class='ocrx_word' id='word_1_113' title='bbox 1227 1287 1553 1341; x_wconf 82' lang='lat' dir='ltr'><strong>laberentur.</strong></span> <span class='ocrx_word' id='word_1_114' title='bbox 1576 1285 1763 1352; x_wconf 89' lang='lat' dir='ltr'><strong>Pugna</strong></span> 
     </span>
    </p>
   </div>
   <div class='ocr_carea' id='block_1_18' title="bbox 178 1357 1764 1430">
    <p class='ocr_par' dir='ltr' id='par_1_18' title="bbox 178 1357 1764 1430">
     <span class='ocr_line' id='line_1_18' title="bbox 178 1357 1764 1430; baseline -0.004 -16"><span class='ocrx_word' id='word_1_115' title='bbox 178 1362 344 1430; x_wconf 81' lang='lat' dir='ltr'><strong>igitur</strong></span> <span class='ocrx_word' id='word_1_116' title='bbox 368 1368 561 1415; x_wconf 84' lang='lat' dir='ltr'><strong>contra</strong></span> <span class='ocrx_word' id='word_1_117' title='bbox 600 1359 1149 1430; x_wconf 68' lang='lat' dir='ltr'><strong>Ariauosprazcipue</strong></span> <span class='ocrx_word' id='word_1_118' title='bbox 1171 1366 1227 1411; x_wconf 91' lang='lat' dir='ltr'><strong>et</strong></span> <span class='ocrx_word' id='word_1_119' title='bbox 1259 1357 1764 1430; x_wconf 81' lang='lat' dir='ltr'><strong>Apollinarem_an-</strong></span> 
     </span>
    </p>
   </div>
   <div class='ocr_carea' id='block_1_19' title="bbox 177 1425 1767 1499">
    <p class='ocr_par' dir='ltr' id='par_1_19' title="bbox 177 1425 1767 1499">
     <span class='ocr_line' id='line_1_19' title="bbox 177 1425 1767 1499; baseline -0.005 -14"><span class='ocrx_word' id='word_1_120' title='bbox 177 1425 290 1485; x_wconf 62' lang='lat' dir='ltr'><strong>sum</strong></span> <span class='ocrx_word' id='word_1_121' title='bbox 335 1430 511 1485; x_wconf 87' lang='lat' dir='ltr'><strong>errori</strong></span> <span class='ocrx_word' id='word_1_122' title='bbox 542 1429 787 1499; x_wconf 62' lang='lat' dir='ltr'><strong>praebuit,</strong></span> <span class='ocrx_word' id='word_1_123' title='bbox 838 1425 997 1499; x_wconf 83' lang='lat' dir='ltr'><strong>idque</strong></span> <span class='ocrx_word' id='word_1_124' title='bbox 1024 1425 1133 1483; x_wconf 77' lang='lat' dir='ltr'><strong>non</strong></span> <span class='ocrx_word' id='word_1_125' title='bbox 1177 1425 1408 1483; x_wconf 80' lang='lat' dir='ltr'><strong>obscure</strong></span> <span class='ocrx_word' id='word_1_126' title='bbox 1447 1428 1610 1499; x_wconf 90' lang='lat' dir='ltr'><strong>etiam</strong></span> <span class='ocrx_word' id='word_1_127' title='bbox 1639 1425 1767 1499; x_wconf 86' lang='lat' dir='ltr'><strong>inde</strong></span> 
     </span>
    </p>
   </div>
   <div class='ocr_carea' id='block_1_20' title="bbox 177 1497 1767 1572">
    <p class='ocr_par' dir='ltr' id='par_1_20' title="bbox 177 1497 1767 1572">
     <span class='ocr_line' id='line_1_20' title="bbox 177 1497 1767 1572; baseline -0.005 -16"><span class='ocrx_word' id='word_1_128' title='bbox 177 1501 455 1572; x_wconf 75' lang='lat' dir='ltr'><strong>colligitur</strong></span> <span class='ocrx_word' id='word_1_129' title='bbox 496 1497 639 1572; x_wconf 83' lang='lat' dir='ltr'><strong>quod</strong></span> <span class='ocrx_word' id='word_1_130' title='bbox 683 1497 962 1572; x_wconf 65' lang='lat' dir='ltr'><strong>Nestorius</strong></span> <span class='ocrx_word' id='word_1_131' title='bbox 988 1499 1313 1572; x_wconf 73' lang='lat' dir='ltr'><strong>inepistolis</strong></span> <span class='ocrx_word' id='word_1_132' title='bbox 1356 1499 1469 1572; x_wconf 76' lang='lat' dir='ltr'><strong>suis</strong></span> <span class='ocrx_word' id='word_1_133' title='bbox 1494 1497 1767 1572; x_wconf 79' lang='lat' dir='ltr'><strong>existimet</strong></span> 
     </span>
    </p>
   </div>
   <div class='ocr_carea' id='block_1_21' title="bbox 178 1567 1766 1640">
    <p class='ocr_par' dir='ltr' id='par_1_21' title="bbox 178 1567 1766 1640">
     <span class='ocr_line' id='line_1_21' title="bbox 178 1567 1766 1640; baseline -0.004 -14"><span class='ocrx_word' id='word_1_134' title='bbox 178 1567 484 1627; x_wconf 70' lang='lat' dir='ltr'><strong>doctrinam</strong></span> <span class='ocrx_word' id='word_1_135' title='bbox 516 1567 626 1625; x_wconf 44' lang='lat' dir='ltr'><strong>_sibi</strong></span> <span class='ocrx_word' id='word_1_136' title='bbox 652 1571 934 1624; x_wconf 82' lang='lat' dir='ltr'><strong>adversam</strong></span> <span class='ocrx_word' id='word_1_137' title='bbox 970 1569 1182 1623; x_wconf 90' lang='lat' dir='ltr'><strong>defendi</strong></span> <span class='ocrx_word' id='word_1_138' title='bbox 1229 1568 1371 1624; x_wconf 89' lang='lat' dir='ltr'><strong>haud</strong></span> <span class='ocrx_word' id='word_1_139' title='bbox 1416 1582 1600 1640; x_wconf 81' lang='lat' dir='ltr'><strong>posse,</strong></span> <span class='ocrx_word' id='word_1_140' title='bbox 1638 1567 1766 1640; x_wconf 72' lang='lat' dir='ltr'><strong>quin</strong></span> 
     </span>
    </p>
   </div>
   <div class='ocr_carea' id='block_1_22' title="bbox 179 1636 1768 1711">
    <p class='ocr_par' dir='ltr' id='par_1_22' title="bbox 179 1636 1768 1711">
     <span class='ocr_line' id='line_1_22' title="bbox 179 1636 1768 1711; baseline -0.003 -16"><span class='ocrx_word' id='word_1_141' title='bbox 179 1642 374 1711; x_wconf 83' lang='lat' dir='ltr'><strong>aliquis</strong></span> <span class='ocrx_word' id='word_1_142' title='bbox 402 1642 455 1695; x_wconf 91' lang='lat' dir='ltr'><strong>in</strong></span> <span class='ocrx_word' id='word_1_143' title='bbox 483 1640 597 1694; x_wconf 82' lang='lat' dir='ltr'><strong>Arii</strong></span> <span class='ocrx_word' id='word_1_144' title='bbox 624 1648 717 1693; x_wconf 87' lang='lat' dir='ltr'><strong>aut</strong></span> <span class='ocrx_word' id='word_1_145' title='bbox 742 1640 1064 1708; x_wconf 81' lang='lat' dir='ltr'><strong>Apollinaris</strong></span> <span class='ocrx_word' id='word_1_146' title='bbox 1092 1642 1318 1695; x_wconf 68' lang='lat' dir='ltr'><strong>hmresin</strong></span> <span class='ocrx_word' id='word_1_147' title='bbox 1342 1636 1591 1711; x_wconf 77' lang='lat' dir='ltr'><strong>labatur:</strong></span> <span class='ocrx_word' id='word_1_148' title='bbox 1625 1657 1643 1689; x_wconf 76' lang='grc' dir='ltr'><strong>ι</strong></span> <span class='ocrx_word' id='word_1_149' title='bbox 1678 1636 1768 1711; x_wconf 50' lang='lat' dir='ltr'><strong>Di:</strong></span> 
     </span>
    </p>
   </div>
   <div class='ocr_carea' id='block_1_23' title="bbox 1855 411 3437 489">
    <p class='ocr_par' dir='ltr' id='par_1_23' title="bbox 1855 411 3437 489">
     <span class='ocr_line' id='line_1_23' title="bbox 1855 411 3437 489; baseline 0.003 -20"><span class='ocrx_word' id='word_1_150' title='bbox 1855 411 1950 469; x_wconf 90' lang='lat' dir='ltr'><strong>Dei</strong></span> <span class='ocrx_word' id='word_1_151' title='bbox 1997 414 2188 469; x_wconf 90' lang='lat' dir='ltr'><strong>eodem</strong></span> <span class='ocrx_word' id='word_1_152' title='bbox 2240 417 2399 489; x_wconf 75' lang='lat' dir='ltr'><strong>modo</strong></span> <span class='ocrx_word' id='word_1_153' title='bbox 2447 411 2675 472; x_wconf 77' lang='lat' dir='ltr'><strong>erronee</strong></span> <span class='ocrx_word' id='word_1_154' title='bbox 2714 420 3021 474; x_wconf 85' lang='lat' dir='ltr'><strong>sentiebant</strong></span> <span class='ocrx_word' id='word_1_155' title='bbox 3042 411 3251 483; x_wconf 69' lang='lat' dir='ltr'><strong>Ariani,</strong></span> <span class='ocrx_word' id='word_1_156' title='bbox 3273 429 3437 489; x_wconf 78' lang='lat' dir='ltr'><strong>prout</strong></span> 
     </span>
    </p>
   </div>
   <div class='ocr_carea' id='block_1_24' title="bbox 1851 486 3441 546">
    <p class='ocr_par' dir='ltr' id='par_1_24' title="bbox 1851 486 3441 546">
     <span class='ocr_line' id='line_1_24' title="bbox 1851 486 3441 546; baseline 0.005 -8"><span class='ocrx_word' id='word_1_157' title='bbox 1851 498 2068 539; x_wconf 84' lang='lat' dir='ltr'><strong>rursum</strong></span> <span class='ocrx_word' id='word_1_158' title='bbox 2098 502 2165 539; x_wconf 81' lang='lat' dir='ltr'><strong>ex</strong></span> <span class='ocrx_word' id='word_1_159' title='bbox 2191 486 2355 540; x_wconf 83' lang='lat' dir='ltr'><strong>variis</strong></span> <span class='ocrx_word' id='word_1_160' title='bbox 2373 501 2562 542; x_wconf 75' lang='lat' dir='ltr'><strong>earnm</strong></span> <span class='ocrx_word' id='word_1_161' title='bbox 2588 491 2813 545; x_wconf 80' lang='lat' dir='ltr'><strong>assertis</strong></span> <span class='ocrx_word' id='word_1_162' title='bbox 2841 491 2908 544; x_wconf 88' lang='lat' dir='ltr'><strong>ab</strong></span> <span class='ocrx_word' id='word_1_163' title='bbox 2933 489 3230 545; x_wconf 81' lang='lat' dir='ltr'><strong>Athanasio</strong></span> <span class='ocrx_word' id='word_1_164' title='bbox 3252 486 3441 546; x_wconf 76' lang='lat' dir='ltr'><strong>relatis</strong></span> 
     </span>
    </p>
   </div>
   <div class='ocr_carea' id='block_1_25' title="bbox 1852 555 3432 631">
    <p class='ocr_par' dir='ltr' id='par_1_25' title="bbox 1852 555 3432 631">
     <span class='ocr_line' id='line_1_25' title="bbox 1852 555 3432 631; baseline 0.004 -20"><span class='ocrx_word' id='word_1_165' title='bbox 1852 563 2086 631; x_wconf 56' lang='lat' dir='ltr'><strong>constat:</strong></span> <span class='ocrx_word' id='word_1_166' title='bbox 2113 555 2205 631; x_wconf 71' lang='lat' dir='ltr'><strong>Sic</strong></span> <span class='ocrx_word' id='word_1_167' title='bbox 2219 558 2279 631; x_wconf 75' lang='lat' dir='ltr'><strong>in</strong></span> <span class='ocrx_word' id='word_1_168' title='bbox 2293 559 2519 627; x_wconf 84' lang='lat' dir='ltr'><strong>epistola</strong></span> <span class='ocrx_word' id='word_1_169' title='bbox 2539 559 2604 613; x_wconf 85' lang='lat' dir='ltr'><strong>ad</strong></span> <span class='ocrx_word' id='word_1_170' title='bbox 2617 561 2898 630; x_wconf 80' lang='lat' dir='ltr'><strong>episcopos</strong></span> <span class='ocrx_word' id='word_1_171' title='bbox 2914 559 3132 631; x_wconf 64' lang='lat' dir='ltr'><strong>Egypti</strong></span> <span class='ocrx_word' id='word_1_172' title='bbox 3154 570 3211 615; x_wconf 89' lang='lat' dir='ltr'><strong>et</strong></span> <span class='ocrx_word' id='word_1_173' title='bbox 3229 560 3432 631; x_wconf 64' lang='lat' dir='ltr'><strong>Libyae,</strong></span> 
     </span>
    </p>
   </div>
   <div class='ocr_carea' id='block_1_26' title="bbox 1852 625 3433 699">
    <p class='ocr_par' dir='ltr' id='par_1_26' title="bbox 1852 625 3433 699">
     <span class='ocr_line' id='line_1_26' title="bbox 1852 625 3433 699; baseline 0.005 -21"><span class='ocrx_word' id='word_1_174' title='bbox 1852 642 1908 699; x_wconf 64' lang='grc' dir='ltr'>ιι,</span> <span class='ocrx_word' id='word_1_175' title='bbox 1942 627 2031 699; x_wconf 72' lang='lat'><strong>12,</strong></span> <span class='ocrx_word' id='word_1_176' title='bbox 2059 625 2151 681; x_wconf 87' lang='lat' dir='ltr'><strong>fol.</strong></span> <span class='ocrx_word' id='word_1_177' title='bbox 2176 627 2299 690; x_wconf 66' lang='lat'><strong>281,</strong></span> <span class='ocrx_word' id='word_1_178' title='bbox 2327 625 2462 683; x_wconf 77' lang='lat' dir='ltr'><strong>torni</strong></span> <span class='ocrx_word' id='word_1_179' title='bbox 2491 631 2511 683; x_wconf 92' lang='lat' dir='ltr'><strong>I</strong></span> <span class='ocrx_word' id='word_1_180' title='bbox 2538 625 2692 699; x_wconf 72' lang='lat' dir='ltr'><strong>parte</strong></span> <span class='ocrx_word' id='word_1_181' title='bbox 2719 646 2758 697; x_wconf 88' lang='grc' dir='ltr'><strong>ι,</strong></span> <span class='ocrx_word' id='word_1_182' title='bbox 2784 625 2927 686; x_wconf 76' lang='lat' dir='ltr'><strong>inter</strong></span> <span class='ocrx_word' id='word_1_183' title='bbox 2951 625 3086 685; x_wconf 73' lang='lat' dir='ltr'><strong>alias</strong></span> <span class='ocrx_word' id='word_1_184' title='bbox 3123 631 3238 685; x_wconf 86' lang='lat' dir='ltr'><strong>Arii</strong></span> <span class='ocrx_word' id='word_1_185' title='bbox 3287 625 3433 686; x_wconf 51' lang='lat' dir='ltr'><strong>Idas?</strong></span> 
     </span>
    </p>
   </div>
   <div class='ocr_carea' id='block_1_27' title="bbox 1854 697 3434 772">
    <p class='ocr_par' dir='ltr' id='par_1_27' title="bbox 1854 697 3434 772">
     <span class='ocr_line' id='line_1_27' title="bbox 1854 697 3434 772; baseline 0.004 -22"><span class='ocrx_word' id='word_1_186' title='bbox 1854 697 2099 768; x_wconf 86' lang='lat' dir='ltr'><strong>phemias</strong></span> <span class='ocrx_word' id='word_1_187' title='bbox 2119 699 2301 772; x_wconf 84' lang='lat' dir='ltr'><strong>etiam_</strong></span> <span class='ocrx_word' id='word_1_188' title='bbox 2316 697 2629 769; x_wconf 72' lang='lat' dir='ltr'><strong>sequentem</strong></span> <span class='ocrx_word' id='word_1_189' title='bbox 2655 702 2871 757; x_wconf 87' lang='lat' dir='ltr'><strong>adducit</strong></span> <span class='ocrx_word' id='word_1_190' title='bbox 2907 719 2921 756; x_wconf 94' lang='lat'><strong>:</strong></span> <span class='ocrx_word' id='word_1_191' title='bbox 2957 722 2975 752; x_wconf 84' lang='grc'><em>‹</em></span> <span class='ocrx_word' id='word_1_192' title='bbox 3010 703 3203 757; x_wconf 88' lang='lat' dir='ltr'><strong>Dicunt</strong></span> <span class='ocrx_word' id='word_1_193' title='bbox 3231 702 3434 772; x_wconf 81' lang='lat' dir='ltr'><strong>itaque,</strong></span> 
     </span>
    </p>
   </div>
   <div class='ocr_carea' id='block_1_28' title="bbox 1856 768 3441 839">
    <p class='ocr_par' dir='ltr' id='par_1_28' title="bbox 1856 768 3441 839">
     <span class='ocr_line' id='line_1_28' title="bbox 1856 768 3441 839; baseline 0.003 -17"><span class='ocrx_word' id='word_1_194' title='bbox 1856 782 2030 839; x_wconf 86' lang='lat' dir='ltr'><strong>neque</strong></span> <span class='ocrx_word' id='word_1_195' title='bbox 2054 768 2441 839; x_wconf 20' lang='lat' dir='ltr'><strong>verumiDeum</strong></span> <span class='ocrx_word' id='word_1_196' title='bbox 2486 786 2606 826; x_wconf 90' lang='lat' dir='ltr'><strong>esse</strong></span> <span class='ocrx_word' id='word_1_197' title='bbox 2642 772 2937 839; x_wconf 87' lang='lat' dir='ltr'><strong>Christum,</strong></span> <span class='ocrx_word' id='word_1_198' title='bbox 2978 774 3070 827; x_wconf 86' lang='lat' dir='ltr'><strong>sed</strong></span> <span class='ocrx_word' id='word_1_199' title='bbox 3121 787 3264 838; x_wconf 91' lang='lat' dir='ltr'><strong>eum,</strong></span> <span class='ocrx_word' id='word_1_200' title='bbox 3297 768 3355 826; x_wconf 71' lang='lat' dir='ltr'><strong>ut</strong></span> <span class='ocrx_word' id='word_1_201' title='bbox 3384 782 3441 829; x_wconf 88' lang='lat' dir='ltr'><strong>et</strong></span> 
     </span>
    </p>
   </div>
   <div class='ocr_carea' id='block_1_29' title="bbox 1856 838 3441 912">
    <p class='ocr_par' dir='ltr' id='par_1_29' title="bbox 1856 838 3441 912">
     <span class='ocr_line' id='line_1_29' title="bbox 1856 838 3441 912; baseline 0.003 -20"><span class='ocrx_word' id='word_1_202' title='bbox 1856 838 1991 912; x_wconf 82' lang='lat' dir='ltr'><strong>alios</strong></span> <span class='ocrx_word' id='word_1_203' title='bbox 2016 854 2205 912; x_wconf 84' lang='lat' dir='ltr'><strong>omnes</strong></span> <span class='ocrx_word' id='word_1_204' title='bbox 2230 838 2400 894; x_wconf 86' lang='lat' dir='ltr'><strong>Deum</strong></span> <span class='ocrx_word' id='word_1_205' title='bbox 2426 843 2895 912; x_wconf 80' lang='lat' dir='ltr'><strong>communicatione</strong></span> <span class='ocrx_word' id='word_1_206' title='bbox 2924 838 3199 912; x_wconf 83' lang='lat' dir='ltr'><strong>appellari.</strong></span> <span class='ocrx_word' id='word_1_207' title='bbox 3235 863 3252 895; x_wconf 84' lang='grc' dir='ltr'><strong>ι</strong></span> <span class='ocrx_word' id='word_1_208' title='bbox 3291 842 3356 897; x_wconf 87' lang='lat' dir='ltr'><strong>Et</strong></span> <span class='ocrx_word' id='word_1_209' title='bbox 3385 844 3441 897; x_wconf 90' lang='lat' dir='ltr'><strong>in</strong></span> 
     </span>
    </p>
   </div>
   <div class='ocr_carea' id='block_1_30' title="bbox 1857 910 3436 979">
    <p class='ocr_par' dir='ltr' id='par_1_30' title="bbox 1857 910 3436 979">
     <span class='ocr_line' id='line_1_30' title="bbox 1857 910 3436 979; baseline 0.002 -16"><span class='ocrx_word' id='word_1_210' title='bbox 1857 910 2103 979; x_wconf 88' lang='lat' dir='ltr'><strong>oratione</strong></span> <span class='ocrx_word' id='word_1_211' title='bbox 2151 911 2175 964; x_wconf 81' lang='lat' dir='ltr'><strong>I</strong></span> <span class='ocrx_word' id='word_1_212' title='bbox 2214 919 2403 965; x_wconf 91' lang='lat' dir='ltr'><strong>contra</strong></span> <span class='ocrx_word' id='word_1_213' title='bbox 2442 911 2702 977; x_wconf 88' lang='lat' dir='ltr'><strong>Arianos,</strong></span> <span class='ocrx_word' id='word_1_214' title='bbox 2732 913 2897 979; x_wconf 90' lang='lat' dir='ltr'><strong>ibid.,</strong></span> <span class='ocrx_word' id='word_1_215' title='bbox 2930 910 3021 967; x_wconf 85' lang='lat' dir='ltr'><strong>fol.</strong></span> <span class='ocrx_word' id='word_1_216' title='bbox 3067 913 3201 978; x_wconf 63' lang='lat'><strong>409,</strong></span> <span class='ocrx_word' id='word_1_217' title='bbox 3237 930 3289 967; x_wconf 87' lang='grc' dir='ltr'>ιι.</span> <span class='ocrx_word' id='word_1_218' title='bbox 3339 914 3371 966; x_wconf 87' lang='lat'><strong>6</strong></span> <span class='ocrx_word' id='word_1_219' title='bbox 3424 932 3436 966; x_wconf 93' lang='lat'><strong>:</strong></span> 
     </span>
    </p>
   </div>
   <div class='ocr_carea' id='block_1_31' title="bbox 1865 978 3444 1046">
    <p class='ocr_par' dir='ltr' id='par_1_31' title="bbox 1865 978 3444 1046">
     <span class='ocr_line' id='line_1_31' title="bbox 1865 978 3444 1046; baseline 0.006 -16"><span class='ocrx_word' id='word_1_220' title='bbox 1865 998 1884 1030; x_wconf 75' lang='grc' dir='ltr'><strong>ι</strong></span> <span class='ocrx_word' id='word_1_221' title='bbox 1910 978 2177 1035; x_wconf 69' lang='grc' dir='ltr'>Ρι-ωιριοιι</span> <span class='ocrx_word' id='word_1_222' title='bbox 2208 996 2371 1036; x_wconf 90' lang='lat' dir='ltr'><strong>ausus</strong></span> <span class='ocrx_word' id='word_1_223' title='bbox 2399 990 2484 1037; x_wconf 86' lang='lat' dir='ltr'><strong>est</strong></span> <span class='ocrx_word' id='word_1_224' title='bbox 2504 983 2953 1046; x_wconf 86' lang='lat' dir='ltr'><strong>dicere,Verbum</strong></span> <span class='ocrx_word' id='word_1_225' title='bbox 2975 1000 3083 1037; x_wconf 90' lang='lat' dir='ltr'><strong>non</strong></span> <span class='ocrx_word' id='word_1_226' title='bbox 3111 999 3232 1039; x_wconf 89' lang='lat' dir='ltr'><strong>esse</strong></span> <span class='ocrx_word' id='word_1_227' title='bbox 3250 998 3444 1039; x_wconf 88' lang='lat' dir='ltr'><strong>verum</strong></span> 
     </span>
    </p>
   </div>
   <div class='ocr_carea' id='block_1_32' title="bbox 1860 1050 3443 1122">
    <p class='ocr_par' dir='ltr' id='par_1_32' title="bbox 1860 1050 3443 1122">
     <span class='ocr_line' id='line_1_32' title="bbox 1860 1050 3443 1122; baseline 0.002 -17"><span class='ocrx_word' id='word_1_228' title='bbox 1860 1050 2048 1105; x_wconf 87' lang='lat' dir='ltr'><strong>Deum.</strong></span> <span class='ocrx_word' id='word_1_229' title='bbox 2084 1052 2216 1105; x_wconf 89' lang='lat' dir='ltr'><strong>Nam</strong></span> <span class='ocrx_word' id='word_1_230' title='bbox 2242 1054 2457 1107; x_wconf 79' lang='lat' dir='ltr'><strong>tametsi</strong></span> <span class='ocrx_word' id='word_1_231' title='bbox 2488 1054 2683 1108; x_wconf 90' lang='lat' dir='ltr'><strong>dicitur</strong></span> <span class='ocrx_word' id='word_1_232' title='bbox 2709 1053 2871 1117; x_wconf 86' lang='lat' dir='ltr'><strong>Deus,</strong></span> <span class='ocrx_word' id='word_1_233' title='bbox 2898 1054 3103 1122; x_wconf 87' lang='lat' dir='ltr'><strong>inquit,</strong></span> <span class='ocrx_word' id='word_1_234' title='bbox 3132 1069 3238 1108; x_wconf 90' lang='lat' dir='ltr'><strong>non</strong></span> <span class='ocrx_word' id='word_1_235' title='bbox 3262 1062 3443 1108; x_wconf 90' lang='lat' dir='ltr'><strong>tamen</strong></span> 
     </span>
    </p>
   </div>
   <div class='ocr_carea' id='block_1_33' title="bbox 1859 1122 3442 1194">
    <p class='ocr_par' dir='ltr' id='par_1_33' title="bbox 1859 1122 3442 1194">
     <span class='ocr_line' id='line_1_33' title="bbox 1859 1122 3442 1194; baseline 0.002 -19"><span class='ocrx_word' id='word_1_236' title='bbox 1859 1136 2023 1176; x_wconf 87' lang='lat' dir='ltr'><strong>verus</strong></span> <span class='ocrx_word' id='word_1_237' title='bbox 2056 1130 2141 1175; x_wconf 86' lang='lat' dir='ltr'><strong>est</strong></span> <span class='ocrx_word' id='word_1_238' title='bbox 2172 1122 2333 1194; x_wconf 81' lang='lat' dir='ltr'><strong>Deus,</strong></span> <span class='ocrx_word' id='word_1_239' title='bbox 2363 1123 2457 1178; x_wconf 90' lang='lat' dir='ltr'><strong>sed</strong></span> <span class='ocrx_word' id='word_1_240' title='bbox 2484 1124 2671 1194; x_wconf 73' lang='lat' dir='ltr'><strong>gratim</strong></span> <span class='ocrx_word' id='word_1_241' title='bbox 2707 1124 2883 1179; x_wconf 82' lang='lat' dir='ltr'><strong>factus</strong></span> <span class='ocrx_word' id='word_1_242' title='bbox 2908 1125 3175 1194; x_wconf 87' lang='lat' dir='ltr'><strong>particeps</strong></span> <span class='ocrx_word' id='word_1_243' title='bbox 3205 1141 3309 1179; x_wconf 89' lang='lat' dir='ltr'><strong>non</strong></span> <span class='ocrx_word' id='word_1_244' title='bbox 3341 1125 3442 1179; x_wconf 88' lang='lat' dir='ltr'><strong>ali-</strong></span> 
     </span>
    </p>
   </div>
   <div class='ocr_carea' id='block_1_34' title="bbox 1864 1192 3440 1263">
    <p class='ocr_par' dir='ltr' id='par_1_34' title="bbox 1864 1192 3440 1263">
     <span class='ocr_line' id='line_1_34' title="bbox 1864 1192 3440 1263; baseline 0.001 -17"><span class='ocrx_word' id='word_1_245' title='bbox 1864 1201 1947 1246; x_wconf 89' lang='lat' dir='ltr'><strong>ter</strong></span> <span class='ocrx_word' id='word_1_246' title='bbox 1980 1208 2141 1263; x_wconf 90' lang='lat' dir='ltr'><strong>quam</strong></span> <span class='ocrx_word' id='word_1_247' title='bbox 2172 1192 2262 1246; x_wconf 89' lang='lat' dir='ltr'><strong>alii</strong></span> <span class='ocrx_word' id='word_1_248' title='bbox 2291 1192 2505 1259; x_wconf 63' lang='lat' dir='ltr'><strong>omnes,</strong></span> <span class='ocrx_word' id='word_1_249' title='bbox 2532 1195 2644 1263; x_wconf 89' lang='lat' dir='ltr'><strong>ipse</strong></span> <span class='ocrx_word' id='word_1_250' title='bbox 2671 1192 3144 1263; x_wconf 43' lang='lat' dir='ltr'><strong>quoqua—nomine</strong></span> <span class='ocrx_word' id='word_1_251' title='bbox 3180 1195 3440 1249; x_wconf 72' lang='lat' dir='ltr'><strong>duntaxat</strong></span> 
     </span>
    </p>
   </div>
   <div class='ocr_carea' id='block_1_35' title="bbox 1864 1263 3447 1335">
    <p class='ocr_par' dir='ltr' id='par_1_35' title="bbox 1864 1263 3447 1335">
     <span class='ocr_line' id='line_1_35' title="bbox 1864 1263 3447 1335; baseline 0.001 -19"><span class='ocrx_word' id='word_1_252' title='bbox 1864 1263 2062 1335; x_wconf 71' lang='lat' dir='ltr'><strong>dicitur</strong></span> <span class='ocrx_word' id='word_1_253' title='bbox 2091 1264 2250 1318; x_wconf 89' lang='lat' dir='ltr'><strong>Deus.</strong></span> <span class='ocrx_word' id='word_1_254' title='bbox 2285 1281 2303 1315; x_wconf 79' lang='grc' dir='ltr'><strong>ι</strong></span> <span class='ocrx_word' id='word_1_255' title='bbox 2332 1264 2500 1334; x_wconf 84' lang='lat' dir='ltr'><strong>Ilujus</strong></span> <span class='ocrx_word' id='word_1_256' title='bbox 2515 1266 2677 1319; x_wconf 91' lang='lat' dir='ltr'><strong>etiam</strong></span> <span class='ocrx_word' id='word_1_257' title='bbox 2705 1266 3021 1320; x_wconf 87' lang='lat' dir='ltr'><strong>assertiouis</strong></span> <span class='ocrx_word' id='word_1_258' title='bbox 3036 1280 3305 1335; x_wconf 74' lang='lat' dir='ltr'><strong>perversa:</strong></span> <span class='ocrx_word' id='word_1_259' title='bbox 3328 1264 3447 1335; x_wconf 84' lang='lat' dir='ltr'><strong>fun-</strong></span> 
     </span>
    </p>
   </div>
   <div class='ocr_carea' id='block_1_36' title="bbox 1865 1334 3445 1405">
    <p class='ocr_par' dir='ltr' id='par_1_36' title="bbox 1865 1334 3445 1405">
     <span class='ocr_line' id='line_1_36' title="bbox 1865 1334 3445 1405; baseline 0 -18"><span class='ocrx_word' id='word_1_260' title='bbox 1865 1334 2179 1387; x_wconf 88' lang='lat' dir='ltr'><strong>damentum</strong></span> <span class='ocrx_word' id='word_1_261' title='bbox 2228 1336 2569 1403; x_wconf 90' lang='lat' dir='ltr'><strong>potissimum</strong></span> <span class='ocrx_word' id='word_1_262' title='bbox 2608 1336 2662 1390; x_wconf 90' lang='lat' dir='ltr'><strong>in</strong></span> <span class='ocrx_word' id='word_1_263' title='bbox 2702 1335 2804 1391; x_wconf 89' lang='lat' dir='ltr'><strong>illis</strong></span> <span class='ocrx_word' id='word_1_264' title='bbox 2844 1334 3050 1405; x_wconf 77' lang='lat' dir='ltr'><strong>psalmi</strong></span> <span class='ocrx_word' id='word_1_265' title='bbox 3081 1351 3276 1399; x_wconf 69' lang='lat' dir='ltr'><strong>LXXXI,</strong></span> <span class='ocrx_word' id='word_1_266' title='bbox 3307 1351 3356 1387; x_wconf 73' lang='grc' dir='ltr'><strong>γ.</strong></span> <span class='ocrx_word' id='word_1_267' title='bbox 3389 1334 3445 1405; x_wconf 86' lang='grc'><strong>6,</strong></span> 
     </span>
    </p>
   </div>
   <div class='ocr_carea' id='block_1_37' title="bbox 1864 1404 3451 1476">
    <p class='ocr_par' dir='ltr' id='par_1_37' title="bbox 1864 1404 3451 1476">
     <span class='ocr_line' id='line_1_37' title="bbox 1864 1404 3451 1476; baseline 0.001 -20"><span class='ocrx_word' id='word_1_268' title='bbox 1864 1404 2046 1458; x_wconf 79' lang='lat' dir='ltr'><strong>verbis</strong></span> <span class='ocrx_word' id='word_1_269' title='bbox 2069 1406 2401 1476; x_wconf 80' lang='lat' dir='ltr'><strong>reponebam</strong></span> <span class='ocrx_word' id='word_1_270' title='bbox 2426 1421 2438 1459; x_wconf 90' lang='lat'><strong>:</strong></span> <span class='ocrx_word' id='word_1_271' title='bbox 2472 1405 2583 1476; x_wconf 83' lang='lat' dir='ltr'><strong>Ego</strong></span> <span class='ocrx_word' id='word_1_272' title='bbox 2610 1407 2739 1471; x_wconf 74' lang='lat' dir='ltr'><strong>dixi,</strong></span> <span class='ocrx_word' id='word_1_273' title='bbox 2770 1404 2853 1461; x_wconf 77' lang='lat' dir='ltr'><strong>dii</strong></span> <span class='ocrx_word' id='word_1_274' title='bbox 2870 1409 3011 1469; x_wconf 79' lang='lat' dir='ltr'><strong>estis,</strong></span> <span class='ocrx_word' id='word_1_275' title='bbox 3044 1416 3089 1460; x_wconf 90' lang='lat' dir='ltr'><strong>et</strong></span> <span class='ocrx_word' id='word_1_276' title='bbox 3111 1405 3210 1475; x_wconf 81' lang='lat' dir='ltr'><strong>ﬁlii</strong></span> <span class='ocrx_word' id='word_1_277' title='bbox 3238 1404 3451 1476; x_wconf 52' lang='lat' dir='ltr'><strong>lia-celsi</strong></span> 
     </span>
    </p>
   </div>
   <div class='ocr_carea' id='block_1_38' title="bbox 1867 1473 3451 1548">
    <p class='ocr_par' dir='ltr' id='par_1_38' title="bbox 1867 1473 3451 1548">
     <span class='ocr_line' id='line_1_38' title="bbox 1867 1473 3451 1548; baseline 0 -20"><span class='ocrx_word' id='word_1_278' title='bbox 1867 1491 2061 1548; x_wconf 76' lang='lat' dir='ltr'><strong>omnes.</strong></span> <span class='ocrx_word' id='word_1_279' title='bbox 2114 1473 2211 1548; x_wconf 79' lang='lat' dir='ltr'><strong>Vel</strong></span> <span class='ocrx_word' id='word_1_280' title='bbox 2256 1476 2322 1548; x_wconf 12' lang='lat' dir='ltr'><strong>in,</strong></span> <span class='ocrx_word' id='word_1_281' title='bbox 2368 1473 2835 1548; x_wconf 79' lang='lat' dir='ltr'><strong>argumentatione</strong></span> <span class='ocrx_word' id='word_1_282' title='bbox 2878 1479 3059 1547; x_wconf 89' lang='lat' dir='ltr'><strong>potius</strong></span> <span class='ocrx_word' id='word_1_283' title='bbox 3108 1473 3451 1548; x_wconf 78' lang='lat' dir='ltr'><strong>quamfecit</strong></span> 
     </span>
    </p>
   </div>
   <div class='ocr_carea' id='block_1_39' title="bbox 1867 1545 3452 1617">
    <p class='ocr_par' dir='ltr' id='par_1_39' title="bbox 1867 1545 3452 1617">
     <span class='ocr_line' id='line_1_39' title="bbox 1867 1545 3452 1617; baseline 0.001 -19"><span class='ocrx_word' id='word_1_284' title='bbox 1867 1545 2227 1617; x_wconf 12' lang='lat' dir='ltr'><strong>exinde‘ipse</strong></span> <span class='ocrx_word' id='word_1_285' title='bbox 2268 1545 2515 1603; x_wconf 75' lang='lat' dir='ltr'><strong>Christus</strong></span> <span class='ocrx_word' id='word_1_286' title='bbox 2559 1550 2700 1617; x_wconf 88' lang='lat' dir='ltr'><strong>apud</strong></span> <span class='ocrx_word' id='word_1_287' title='bbox 2746 1545 2901 1602; x_wconf 51' lang='lat' dir='ltr'><strong>Joan&#39;.</strong></span> <span class='ocrx_word' id='word_1_288' title='bbox 2952 1565 3006 1615; x_wconf 75' lang='grc' dir='ltr'>ιι,</span> <span class='ocrx_word' id='word_1_289' title='bbox 3058 1547 3157 1609; x_wconf 67' lang='grc'><strong>54,</strong></span> <span class='ocrx_word' id='word_1_290' title='bbox 3212 1546 3305 1601; x_wconf 90' lang='lat' dir='ltr'><strong>ubi</strong></span> <span class='ocrx_word' id='word_1_291' title='bbox 3350 1545 3452 1599; x_wconf 83' lang='lat' dir='ltr'><strong>Ju-</strong></span> 
     </span>
    </p>
   </div>
   <div class='ocr_carea' id='block_1_40' title="bbox 1870 1615 3455 1689">
    <p class='ocr_par' dir='ltr' id='par_1_40' title="bbox 1870 1615 3455 1689">
     <span class='ocr_line' id='line_1_40' title="bbox 1870 1615 3455 1689; baseline 0.001 -20"><span class='ocrx_word' id='word_1_292' title='bbox 1870 1616 2000 1689; x_wconf 72' lang='lat' dir='ltr'><strong>daeis</strong></span> <span class='ocrx_word' id='word_1_293' title='bbox 2047 1615 2392 1689; x_wconf 64' lang='lat' dir='ltr'><strong>blasphemiae</strong></span> <span class='ocrx_word' id='word_1_294' title='bbox 2443 1615 2671 1681; x_wconf 80' lang='lat' dir='ltr'><strong>crimen,</strong></span> <span class='ocrx_word' id='word_1_295' title='bbox 2699 1634 2763 1675; x_wconf 90' lang='lat' dir='ltr'><strong>eo</strong></span> <span class='ocrx_word' id='word_1_296' title='bbox 2818 1620 2963 1689; x_wconf 87' lang='lat' dir='ltr'><strong>quod</strong></span> <span class='ocrx_word' id='word_1_297' title='bbox 3015 1618 3209 1673; x_wconf 89' lang='lat' dir='ltr'><strong>Filium</strong></span> <span class='ocrx_word' id='word_1_298' title='bbox 3255 1617 3349 1671; x_wconf 89' lang='lat' dir='ltr'><strong>Dei</strong></span> <span class='ocrx_word' id='word_1_299' title='bbox 3395 1630 3455 1671; x_wconf 90' lang='lat' dir='ltr'><strong>se</strong></span> 
     </span>
    </p>
   </div>
   <div class='ocr_carea' id='block_1_41' title="bbox 179 1686 3454 1779">
    <p class='ocr_par' dir='ltr' id='par_1_41' title="bbox 179 1686 3454 1779">
     <span class='ocr_line' id='line_1_41' title="bbox 179 1686 3454 1779; baseline 0.005 -15"><span class='ocrx_word' id='word_1_300' title='bbox 179 1686 1766 1779; x_wconf 47' lang='grc' dir='ltr'><strong>ἓῖπίἑῖἲὲἐίὶἷίἐὶᾴξῆιῖἑῖἴὶὶᾇῖἰζνῖιέὦὶπῖζ’Ξιῖῖἷίῖνίεἰ.ὶὶι</strong></span> <span class='ocrx_word' id='word_1_301' title='bbox 1792 1706 1842 1767; x_wconf 86' lang='grc' dir='ltr'><strong>Β</strong></span> <span class='ocrx_word' id='word_1_302' title='bbox 1872 1686 2854 1779; x_wconf 21' lang='lat' dir='ltr'><strong>9W???BPiIFi‘EPEib‘???A’ﬁim‘idilf</strong></span> <span class='ocrx_word' id='word_1_303' title='bbox 2885 1688 3454 1779; x_wconf 59' lang='lat' dir='ltr'><strong>_1Y?r*zwscrir_&#39;i‘e£€£</strong></span> 
     </span>
    </p>
   </div>
   <div class='ocr_carea' id='block_1_42' title="bbox 178 1780 1760 1853">
    <p class='ocr_par' dir='ltr' id='par_1_42' title="bbox 178 1780 1760 1853">
     <span class='ocr_line' id='line_1_42' title="bbox 178 1780 1760 1853; baseline -0.003 -17"><span class='ocrx_word' id='word_1_304' title='bbox 178 1781 446 1853; x_wconf 85' lang='lat' dir='ltr'><strong>Cyrillum</strong></span> <span class='ocrx_word' id='word_1_305' title='bbox 476 1782 630 1851; x_wconf 90' lang='lat' dir='ltr'><strong>(tom.</strong></span> <span class='ocrx_word' id='word_1_306' title='bbox 662 1780 726 1834; x_wconf 97' lang='lat' dir='ltr'><strong>IV</strong></span> <span class='ocrx_word' id='word_1_307' title='bbox 756 1780 980 1845; x_wconf 86' lang='lat' dir='ltr'><strong>Concil.,</strong></span> <span class='ocrx_word' id='word_1_308' title='bbox 1011 1782 1140 1836; x_wconf 89' lang='lat' dir='ltr'><strong>edit.</strong></span> <span class='ocrx_word' id='word_1_309' title='bbox 1170 1782 1361 1853; x_wconf 83' lang='lat' dir='ltr'><strong>Mansi)</strong></span> <span class='ocrx_word' id='word_1_310' title='bbox 1387 1800 1402 1835; x_wconf 92' lang='lat'><strong>:</strong></span> <span class='ocrx_word' id='word_1_311' title='bbox 1429 1782 1760 1850; x_wconf 86' lang='lat' dir='ltr'><strong>passionem,</strong></span> 
     </span>
    </p>
   </div>
   <div class='ocr_carea' id='block_1_43' title="bbox 180 1852 1762 1923">
    <p class='ocr_par' dir='ltr' id='par_1_43' title="bbox 180 1852 1762 1923">
     <span class='ocr_line' id='line_1_43' title="bbox 180 1852 1762 1923; baseline -0.003 -16"><span class='ocrx_word' id='word_1_312' title='bbox 180 1852 435 1923; x_wconf 87' lang='lat' dir='ltr'><strong>mortem,</strong></span> <span class='ocrx_word' id='word_1_313' title='bbox 481 1861 808 1920; x_wconf 71' lang='lat' dir='ltr'><strong>czetcrasque</strong></span> <span class='ocrx_word' id='word_1_314' title='bbox 834 1853 1011 1906; x_wconf 88' lang='lat' dir='ltr'><strong>carnis</strong></span> <span class='ocrx_word' id='word_1_315' title='bbox 1034 1852 1409 1923; x_wconf 86' lang='lat' dir='ltr'><strong>proprietates,</strong></span> <span class='ocrx_word' id='word_1_316' title='bbox 1444 1853 1496 1906; x_wconf 88' lang='lat' dir='ltr'><strong>id</strong></span> <span class='ocrx_word' id='word_1_317' title='bbox 1529 1855 1762 1914; x_wconf 89' lang='lat' dir='ltr'><strong>demum,</strong></span> 
     </span>
    </p>
   </div>
   <div class='ocr_carea' id='block_1_44' title="bbox 179 1922 1767 1986">
    <p class='ocr_par' dir='ltr' id='par_1_44' title="bbox 179 1922 1767 1986">
     <span class='ocr_line' id='line_1_44' title="bbox 179 1922 1767 1986; baseline -0.002 -8"><span class='ocrx_word' id='word_1_318' title='bbox 179 1927 251 1978; x_wconf 87' lang='lat' dir='ltr'><strong>mi</strong></span> <span class='ocrx_word' id='word_1_319' title='bbox 286 1922 497 1986; x_wconf 88' lang='lat' dir='ltr'><strong>frater,</strong></span> <span class='ocrx_word' id='word_1_320' title='bbox 547 1923 739 1977; x_wconf 88' lang='lat' dir='ltr'><strong>mentis</strong></span> <span class='ocrx_word' id='word_1_321' title='bbox 785 1931 889 1986; x_wconf 91' lang='lat' dir='ltr'><strong>est,</strong></span> <span class='ocrx_word' id='word_1_322' title='bbox 937 1922 1049 1977; x_wconf 72' lang='lat' dir='ltr'><strong>aut</strong></span> <span class='ocrx_word' id='word_1_323' title='bbox 1076 1924 1413 1978; x_wconf 82' lang='lat' dir='ltr'><strong>ethnicorum</strong></span> <span class='ocrx_word' id='word_1_324' title='bbox 1463 1938 1613 1978; x_wconf 90' lang='lat' dir='ltr'><strong>more</strong></span> <span class='ocrx_word' id='word_1_325' title='bbox 1641 1935 1767 1975; x_wconf 86' lang='lat' dir='ltr'><strong>vere</strong></span> 
     </span>
    </p>
   </div>
   <div class='ocr_carea' id='block_1_45' title="bbox 179 1993 1770 2064">
    <p class='ocr_par' dir='ltr' id='par_1_45' title="bbox 179 1993 1770 2064">
     <span class='ocr_line' id='line_1_45' title="bbox 179 1993 1770 2064; baseline -0.003 -15"><span class='ocrx_word' id='word_1_326' title='bbox 179 1995 444 2057; x_wconf 87' lang='lat' dir='ltr'><strong>errantis,</strong></span> <span class='ocrx_word' id='word_1_327' title='bbox 488 2000 582 2048; x_wconf 90' lang='lat' dir='ltr'><strong>aut</strong></span> <span class='ocrx_word' id='word_1_328' title='bbox 618 2002 766 2047; x_wconf 86' lang='lat' dir='ltr'><strong>certe</strong></span> <span class='ocrx_word' id='word_1_329' title='bbox 794 1994 969 2048; x_wconf 90' lang='lat' dir='ltr'><strong>insani</strong></span> <span class='ocrx_word' id='word_1_330' title='bbox 998 1994 1313 2064; x_wconf 88' lang='lat' dir='ltr'><strong>Apollinarii</strong></span> <span class='ocrx_word' id='word_1_331' title='bbox 1343 2003 1435 2048; x_wconf 91' lang='lat' dir='ltr'><strong>aut</strong></span> <span class='ocrx_word' id='word_1_332' title='bbox 1462 1994 1605 2056; x_wconf 88' lang='lat' dir='ltr'><strong>Arii,</strong></span> <span class='ocrx_word' id='word_1_333' title='bbox 1639 1993 1770 2064; x_wconf 51' lang='lat' dir='ltr'><strong>aliof</strong></span> 
     </span>
    </p>
   </div>
   <div class='ocr_carea' id='block_1_46' title="bbox 185 2061 1769 2135">
    <p class='ocr_par' dir='ltr' id='par_1_46' title="bbox 185 2061 1769 2135">
     <span class='ocr_line' id='line_1_46' title="bbox 185 2061 1769 2135; baseline -0.004 -16"><span class='ocrx_word' id='word_1_334' title='bbox 185 2080 417 2135; x_wconf 89' lang='lat' dir='ltr'><strong>rumque</strong></span> <span class='ocrx_word' id='word_1_335' title='bbox 442 2064 816 2120; x_wconf 69' lang='lat' dir='ltr'><strong>hmretieorum</strong></span> <span class='ocrx_word' id='word_1_336' title='bbox 843 2061 1062 2129; x_wconf 57' lang='lat' dir='ltr'><strong>morbo;</strong></span> <span class='ocrx_word' id='word_1_337' title='bbox 1079 2072 1173 2135; x_wconf 82' lang='lat' dir='ltr'><strong>aut</strong></span> <span class='ocrx_word' id='word_1_338' title='bbox 1208 2065 1311 2119; x_wconf 89' lang='lat' dir='ltr'><strong>alio</strong></span> <span class='ocrx_word' id='word_1_339' title='bbox 1340 2066 1500 2119; x_wconf 88' lang='lat' dir='ltr'><strong>etiam</strong></span> <span class='ocrx_word' id='word_1_340' title='bbox 1534 2061 1769 2135; x_wconf 75' lang='lat' dir='ltr'><strong>graviori</strong></span> 
     </span>
    </p>
   </div>
   <div class='ocr_carea' id='block_1_47' title="bbox 183 2134 1765 2204">
    <p class='ocr_par' dir='ltr' id='par_1_47' title="bbox 183 2134 1765 2204">
     <span class='ocr_line' id='line_1_47' title="bbox 183 2134 1765 2204; baseline -0.003 -15"><span class='ocrx_word' id='word_1_341' title='bbox 183 2134 503 2189; x_wconf 82' lang='lat' dir='ltr'><strong>laborantis.</strong></span> <span class='ocrx_word' id='word_1_342' title='bbox 541 2154 558 2186; x_wconf 80' lang='grc' dir='ltr'><strong>ι</strong></span> <span class='ocrx_word' id='word_1_343' title='bbox 614 2135 681 2189; x_wconf 84' lang='grc' dir='ltr'>Ει</span> <span class='ocrx_word' id='word_1_344' title='bbox 732 2134 785 2188; x_wconf 91' lang='lat' dir='ltr'><strong>in</strong></span> <span class='ocrx_word' id='word_1_345' title='bbox 828 2136 986 2203; x_wconf 90' lang='lat' dir='ltr'><strong>epist.</strong></span> <span class='ocrx_word' id='word_1_346' title='bbox 1037 2135 1102 2188; x_wconf 93' lang='lat' dir='ltr'><strong>ad</strong></span> <span class='ocrx_word' id='word_1_347' title='bbox 1150 2134 1498 2190; x_wconf 70' lang='lat' dir='ltr'><strong>leestinum</strong></span> <span class='ocrx_word' id='word_1_348' title='bbox 1536 2134 1765 2204; x_wconf 86' lang='lat' dir='ltr'><strong>papam:</strong></span> 
     </span>
    </p>
   </div>
   <div class='ocr_carea' id='block_1_48' title="bbox 190 2205 1773 2275">
    <p class='ocr_par' dir='ltr' id='par_1_48' title="bbox 190 2205 1773 2275">
     <span class='ocr_line' id='line_1_48' title="bbox 190 2205 1773 2275; baseline 0 -18"><span class='ocrx_word' id='word_1_349' title='bbox 190 2226 209 2257; x_wconf 78' lang='grc' dir='ltr'><strong>ι</strong></span> <span class='ocrx_word' id='word_1_350' title='bbox 246 2206 344 2260; x_wconf 87' lang='lat' dir='ltr'><strong>Est</strong></span> <span class='ocrx_word' id='word_1_351' title='bbox 370 2207 516 2260; x_wconf 86' lang='lat' dir='ltr'><strong>enim</strong></span> <span class='ocrx_word' id='word_1_352' title='bbox 556 2205 817 2275; x_wconf 80' lang='lat' dir='ltr'><strong>aegritudo</strong></span> <span class='ocrx_word' id='word_1_353' title='bbox 846 2221 951 2259; x_wconf 89' lang='lat' dir='ltr'><strong>non</strong></span> <span class='ocrx_word' id='word_1_354' title='bbox 981 2220 1165 2275; x_wconf 84' lang='lat' dir='ltr'><strong>parva,</strong></span> <span class='ocrx_word' id='word_1_355' title='bbox 1215 2207 1309 2260; x_wconf 90' lang='lat' dir='ltr'><strong>sed</strong></span> <span class='ocrx_word' id='word_1_356' title='bbox 1354 2205 1547 2259; x_wconf 85' lang='lat' dir='ltr'><strong>adﬁnis</strong></span> <span class='ocrx_word' id='word_1_357' title='bbox 1590 2211 1773 2275; x_wconf 85' lang='lat' dir='ltr'><strong>putre-</strong></span> 
     </span>
    </p>
   </div>
   <div class='ocr_carea' id='block_1_49' title="bbox 185 2273 1773 2346">
    <p class='ocr_par' dir='ltr' id='par_1_49' title="bbox 185 2273 1773 2346">
     <span class='ocr_line' id='line_1_49' title="bbox 185 2273 1773 2346; baseline -0.003 -15"><span class='ocrx_word' id='word_1_358' title='bbox 185 2277 299 2331; x_wconf 92' lang='lat' dir='ltr'><strong>diui</strong></span> <span class='ocrx_word' id='word_1_359' title='bbox 344 2273 672 2346; x_wconf 84' lang='lat' dir='ltr'><strong>Apollinaris</strong></span> <span class='ocrx_word' id='word_1_360' title='bbox 699 2284 752 2329; x_wconf 92' lang='lat' dir='ltr'><strong>et</strong></span> <span class='ocrx_word' id='word_1_361' title='bbox 778 2275 914 2329; x_wconf 91' lang='lat' dir='ltr'><strong>Arii.</strong></span> <span class='ocrx_word' id='word_1_362' title='bbox 956 2273 1086 2346; x_wconf 40' lang='lat' dir='ltr'><strong>[Et</strong></span> <span class='ocrx_word' id='word_1_363' title='bbox 1108 2278 1369 2345; x_wconf 78' lang='lat' dir='ltr'><strong>‘apertius</strong></span> <span class='ocrx_word' id='word_1_364' title='bbox 1407 2277 1581 2329; x_wconf 89' lang='lat' dir='ltr'><strong>adhuc</strong></span> <span class='ocrx_word' id='word_1_365' title='bbox 1611 2275 1665 2329; x_wconf 91' lang='lat' dir='ltr'><strong>in</strong></span> <span class='ocrx_word' id='word_1_366' title='bbox 1697 2273 1773 2327; x_wconf 91' lang='lat' dir='ltr'><strong>al-</strong></span> 
     </span>
    </p>
   </div>
   <div class='ocr_carea' id='block_1_50' title="bbox 186 2345 1771 2415">
    <p class='ocr_par' dir='ltr' id='par_1_50' title="bbox 186 2345 1771 2415">
     <span class='ocr_line' id='line_1_50' title="bbox 186 2345 1771 2415; baseline -0.001 -15"><span class='ocrx_word' id='word_1_367' title='bbox 186 2356 304 2401; x_wconf 86' lang='lat' dir='ltr'><strong>tera</strong></span> <span class='ocrx_word' id='word_1_368' title='bbox 338 2345 403 2401; x_wconf 87' lang='lat' dir='ltr'><strong>ad</strong></span> <span class='ocrx_word' id='word_1_369' title='bbox 436 2345 780 2403; x_wconf 71' lang='lat' dir='ltr'><strong>Caelestinum</strong></span> <span class='ocrx_word' id='word_1_370' title='bbox 823 2345 1049 2415; x_wconf 89' lang='lat' dir='ltr'><strong>epistola</strong></span> <span class='ocrx_word' id='word_1_371' title='bbox 1081 2360 1098 2399; x_wconf 91' lang='lat'><strong>:</strong></span> <span class='ocrx_word' id='word_1_372' title='bbox 1143 2365 1161 2396; x_wconf 87' lang='grc'><em>‹</em></span> <span class='ocrx_word' id='word_1_373' title='bbox 1198 2346 1394 2401; x_wconf 85' lang='lat' dir='ltr'><strong>Multus</strong></span> <span class='ocrx_word' id='word_1_374' title='bbox 1432 2346 1580 2400; x_wconf 90' lang='lat' dir='ltr'><strong>enim</strong></span> <span class='ocrx_word' id='word_1_375' title='bbox 1608 2346 1771 2399; x_wconf 89' lang='lat' dir='ltr'><strong>etiam</strong></span> 
     </span>
    </p>
   </div>
   <div class='ocr_carea' id='block_1_51' title="bbox 186 2416 1775 2481">
    <p class='ocr_par' dir='ltr' id='par_1_51' title="bbox 186 2416 1775 2481">
     <span class='ocr_line' id='line_1_51' title="bbox 186 2416 1775 2481; baseline -0.001 -10"><span class='ocrx_word' id='word_1_376' title='bbox 186 2418 344 2473; x_wconf 83' lang='lat' dir='ltr'><strong>nobis</strong></span> <span class='ocrx_word' id='word_1_377' title='bbox 374 2416 528 2472; x_wconf 89' lang='lat' dir='ltr'><strong>labor</strong></span> <span class='ocrx_word' id='word_1_378' title='bbox 564 2417 652 2470; x_wconf 87' lang='lat' dir='ltr'><strong>hic</strong></span> <span class='ocrx_word' id='word_1_379' title='bbox 678 2416 1013 2481; x_wconf 83' lang='lat' dir='ltr'><strong>celebratur,</strong></span> <span class='ocrx_word' id='word_1_380' title='bbox 1043 2417 1167 2471; x_wconf 90' lang='lat' dir='ltr'><strong>dum</strong></span> <span class='ocrx_word' id='word_1_381' title='bbox 1202 2417 1542 2473; x_wconf 88' lang='lat' dir='ltr'><strong>elaboramus</strong></span> <span class='ocrx_word' id='word_1_382' title='bbox 1584 2430 1775 2471; x_wconf 88' lang='lat' dir='ltr'><strong>eruere</strong></span> 
     </span>
    </p>
   </div>
   <div class='ocr_carea' id='block_1_52' title="bbox 187 2484 1776 2557">
    <p class='ocr_par' dir='ltr' id='par_1_52' title="bbox 187 2484 1776 2557">
     <span class='ocr_line' id='line_1_52' title="bbox 187 2484 1776 2557; baseline -0.003 -16"><span class='ocrx_word' id='word_1_383' title='bbox 187 2488 618 2543; x_wconf 83' lang='lat' dir='ltr'><strong>sordidissimam</strong></span> <span class='ocrx_word' id='word_1_384' title='bbox 657 2488 988 2557; x_wconf 87' lang='lat' dir='ltr'><strong>impietatem</strong></span> <span class='ocrx_word' id='word_1_385' title='bbox 1026 2488 1273 2556; x_wconf 64' lang='lat' dir='ltr'><strong>pessima:</strong></span> <span class='ocrx_word' id='word_1_386' title='bbox 1317 2487 1586 2557; x_wconf 81' lang='lat' dir='ltr'><strong>opinionis</strong></span> <span class='ocrx_word' id='word_1_387' title='bbox 1616 2484 1776 2556; x_wconf 87' lang='lat' dir='ltr'><strong>Apol—</strong></span> 
     </span>
    </p>
   </div>
   <div class='ocr_carea' id='block_1_53' title="bbox 188 2504 1776 2624">
    <p class='ocr_par' dir='ltr' id='par_1_53' title="bbox 188 2504 1776 2624">
     <span class='ocr_line' id='line_1_53' title="bbox 188 2504 1776 2557; baseline -0.003 -16"><span class='ocrx_word' id='word_1_388' title='bbox 188 2504 618 2543; x_wconf 84' lang='lat' dir='ltr'><strong>sorutaissunam</strong></span> <span class='ocrx_word' id='word_1_389' title='bbox 657 2504 729 2542; x_wconf 85' lang='lat' dir='ltr'><strong>tm</strong></span> <span class='ocrx_word' id='word_1_390' title='bbox 772 2504 988 2541; x_wconf 81' lang='lat' dir='ltr'><strong>tetatem</strong></span> <span class='ocrx_word' id='word_1_391' title='bbox 1026 2504 1273 2556; x_wconf 70' lang='lat' dir='ltr'><strong>pessrmze</strong></span> <span class='ocrx_word' id='word_1_392' title='bbox 1317 2504 1586 2557; x_wconf 79' lang='lat' dir='ltr'><strong>opinionis</strong></span> <span class='ocrx_word' id='word_1_393' title='bbox 1616 2504 1776 2556; x_wconf 76' lang='lat' dir='ltr'><strong>Apot-</strong></span> 
     </span>
     <span class='ocr_line' id='line_1_54' title="bbox 188 2504 1776 2624; baseline -0.001 -12"><span class='ocrx_word' id='word_1_394' title='bbox 188 2558 379 2614; x_wconf 87' lang='lat' dir='ltr'><strong>Iinaris</strong></span> <span class='ocrx_word' id='word_1_395' title='bbox 405 2567 464 2614; x_wconf 90' lang='lat' dir='ltr'><strong>et</strong></span> <span class='ocrx_word' id='word_1_396' title='bbox 491 2558 621 2612; x_wconf 84' lang='lat' dir='ltr'><strong>Arii.</strong></span> <span class='ocrx_word' id='word_1_397' title='bbox 655 2578 674 2611; x_wconf 82' lang='grc' dir='ltr'><strong>ι</strong></span> <span class='ocrx_word' id='word_1_398' title='bbox 722 2504 837 2624; x_wconf 62' lang='lat' dir='ltr'><strong>801a</strong></span> <span class='ocrx_word' id='word_1_399' title='bbox 880 2567 1058 2611; x_wconf 84' lang='lat' dir='ltr'><strong>autem</strong></span> <span class='ocrx_word' id='word_1_400' title='bbox 1105 2559 1313 2612; x_wconf 89' lang='lat' dir='ltr'><strong>ratione</strong></span> <span class='ocrx_word' id='word_1_401' title='bbox 1350 2574 1417 2613; x_wconf 78' lang='lat' dir='ltr'><strong>ex</strong></span> <span class='ocrx_word' id='word_1_402' title='bbox 1454 2560 1555 2612; x_wconf 92' lang='lat' dir='ltr'><strong>hoc</strong></span> <span class='ocrx_word' id='word_1_403' title='bbox 1595 2564 1776 2613; x_wconf 88' lang='lat' dir='ltr'><strong>certa-</strong></span> 
     </span>
    </p>
   </div>
   <div class='ocr_carea' id='block_1_54' title="bbox 191 2628 1779 2684">
    <p class='ocr_par' dir='ltr' id='par_1_54' title="bbox 191 2628 1779 2684">
     <span class='ocr_line' id='line_1_55' title="bbox 191 2628 1779 2684; baseline -0.001 -2"><span class='ocrx_word' id='word_1_404' title='bbox 191 2628 340 2684; x_wconf 84' lang='lat' dir='ltr'><strong>mine</strong></span> <span class='ocrx_word' id='word_1_405' title='bbox 375 2638 565 2684; x_wconf 90' lang='lat' dir='ltr'><strong>coutra</strong></span> <span class='ocrx_word' id='word_1_406' title='bbox 597 2637 881 2684; x_wconf 76' lang='lat' dir='ltr'><strong>utramque</strong></span> <span class='ocrx_word' id='word_1_407' title='bbox 910 2628 1140 2683; x_wconf 77' lang='lat' dir='ltr'><strong>hzeresin</strong></span> <span class='ocrx_word' id='word_1_408' title='bbox 1180 2629 1360 2683; x_wconf 91' lang='lat' dir='ltr'><strong>minus</strong></span> <span class='ocrx_word' id='word_1_409' title='bbox 1394 2637 1553 2683; x_wconf 89' lang='lat' dir='ltr'><strong>caute</strong></span> <span class='ocrx_word' id='word_1_410' title='bbox 1594 2642 1779 2683; x_wconf 85' lang='lat' dir='ltr'><strong>susce-</strong></span> 
     </span>
    </p>
   </div>
   <div class='ocr_carea' id='block_1_55' title="bbox 187 2698 1777 2770">
    <p class='ocr_par' dir='ltr' id='par_1_55' title="bbox 187 2698 1777 2770">
     <span class='ocr_line' id='line_1_56' title="bbox 187 2698 1777 2770; baseline -0.001 -17"><span class='ocrx_word' id='word_1_411' title='bbox 187 2710 283 2769; x_wconf 86' lang='lat' dir='ltr'><strong>pto</strong></span> <span class='ocrx_word' id='word_1_412' title='bbox 307 2700 377 2753; x_wconf 90' lang='lat' dir='ltr'><strong>ad</strong></span> <span class='ocrx_word' id='word_1_413' title='bbox 406 2700 701 2755; x_wconf 77' lang='lat' dir='ltr'><strong>sententias</strong></span> <span class='ocrx_word' id='word_1_414' title='bbox 726 2714 755 2752; x_wconf 89' lang='lat' dir='ltr'><strong>a</strong></span> <span class='ocrx_word' id='word_1_415' title='bbox 783 2698 1033 2770; x_wconf 75' lang='lat' dir='ltr'><strong>dogmate</strong></span> <span class='ocrx_word' id='word_1_416' title='bbox 1054 2700 1308 2755; x_wconf 69' lang='lat' dir='ltr'><strong>Ecclesia:</strong></span> <span class='ocrx_word' id='word_1_417' title='bbox 1336 2700 1539 2755; x_wconf 90' lang='lat' dir='ltr'><strong>alienas</strong></span> <span class='ocrx_word' id='word_1_418' title='bbox 1558 2698 1777 2768; x_wconf 86' lang='lat' dir='ltr'><strong>quidem</strong></span> 
     </span>
    </p>
   </div>
   <div class='ocr_carea' id='block_1_56' title="bbox 188 2770 1782 2841">
    <p class='ocr_par' dir='ltr' id='par_1_56' title="bbox 188 2770 1782 2841">
     <span class='ocr_line' id='line_1_57' title="bbox 188 2770 1782 2841; baseline -0.001 -17"><span class='ocrx_word' id='word_1_419' title='bbox 188 2772 545 2837; x_wconf 82' lang='lat' dir='ltr'><strong>deviaverint,</strong></span> <span class='ocrx_word' id='word_1_420' title='bbox 592 2771 896 2826; x_wconf 86' lang='lat' dir='ltr'><strong>accuratius</strong></span> <span class='ocrx_word' id='word_1_421' title='bbox 933 2770 1047 2839; x_wconf 88' lang='lat' dir='ltr'><strong>jam</strong></span> <span class='ocrx_word' id='word_1_422' title='bbox 1099 2786 1166 2826; x_wconf 81' lang='lat' dir='ltr'><strong>ex</strong></span> <span class='ocrx_word' id='word_1_423' title='bbox 1213 2772 1403 2827; x_wconf 88' lang='lat' dir='ltr'><strong>ordine</strong></span> <span class='ocrx_word' id='word_1_424' title='bbox 1454 2770 1782 2841; x_wconf 87' lang='lat' dir='ltr'><strong>investigare</strong></span> 
     </span>
    </p>
   </div>
   <div class='ocr_carea' id='block_1_57' title="bbox 191 2851 999 2912">
    <p class='ocr_par' dir='ltr' id='par_1_57' title="bbox 191 2851 999 2912">
     <span class='ocr_line' id='line_1_58' title="bbox 191 2851 999 2912; baseline 0.002 -17"><span class='ocrx_word' id='word_1_425' title='bbox 191 2851 431 2912; x_wconf 86' lang='lat' dir='ltr'><strong>oportet.</strong></span> <span class='ocrx_word' id='word_1_426' title='bbox 994 2868 999 2873; x_wconf 64' lang='grc'><strong>’</strong></span> 
     </span>
    </p>
   </div>
   <div class='ocr_carea' id='block_1_58' title="bbox 263 2930 1782 3004">
    <p class='ocr_par' dir='ltr' id='par_1_58' title="bbox 263 2930 1782 3004">
     <span class='ocr_line' id='line_1_59' title="bbox 263 2930 1782 3004; baseline 0 -17"><span class='ocrx_word' id='word_1_427' title='bbox 263 2932 377 2987; x_wconf 87' lang='lat' dir='ltr'><strong>VII.</strong></span> <span class='ocrx_word' id='word_1_428' title='bbox 401 2933 588 2987; x_wconf 79' lang='lat' dir='ltr'><strong>Ariani</strong></span> <span class='ocrx_word' id='word_1_429' title='bbox 615 2933 851 2988; x_wconf 83' lang='lat' dir='ltr'><strong>dicebant</strong></span> <span class='ocrx_word' id='word_1_430' title='bbox 881 2932 1107 2988; x_wconf 82' lang='lat' dir='ltr'><strong>Verbum</strong></span> <span class='ocrx_word' id='word_1_431' title='bbox 1130 2951 1239 2989; x_wconf 87' lang='lat' dir='ltr'><strong>esse</strong></span> <span class='ocrx_word' id='word_1_432' title='bbox 1262 2930 1461 2988; x_wconf 80' lang='lat' dir='ltr'><strong>Filium</strong></span> <span class='ocrx_word' id='word_1_433' title='bbox 1484 2933 1782 3004; x_wconf 83' lang='lat' dir='ltr'><strong>adoptivum</strong></span> 
     </span>
    </p>
   </div>
   <div class='ocr_carea' id='block_1_59' title="bbox 196 3004 1782 3061">
    <p class='ocr_par' dir='ltr' id='par_1_59' title="bbox 196 3004 1782 3061">
     <span class='ocr_line' id='line_1_60' title="bbox 196 3004 1782 3061; baseline 0.001 -3"><span class='ocrx_word' id='word_1_434' title='bbox 196 3004 396 3058; x_wconf 82' lang='lat' dir='ltr'><strong>Patris.</strong></span> <span class='ocrx_word' id='word_1_435' title='bbox 456 3035 526 3045; x_wconf 92' lang='lat'><strong><em>—</em></strong></span> <span class='ocrx_word' id='word_1_436' title='bbox 578 3005 880 3060; x_wconf 90' lang='lat' dir='ltr'><strong>Palmarem</strong></span> <span class='ocrx_word' id='word_1_437' title='bbox 936 3005 1262 3061; x_wconf 87' lang='lat' dir='ltr'><strong>Arianorum</strong></span> <span class='ocrx_word' id='word_1_438' title='bbox 1314 3021 1555 3061; x_wconf 89' lang='lat' dir='ltr'><strong>errorem</strong></span> <span class='ocrx_word' id='word_1_439' title='bbox 1616 3005 1669 3059; x_wconf 90' lang='lat' dir='ltr'><strong>in</strong></span> <span class='ocrx_word' id='word_1_440' title='bbox 1718 3018 1782 3059; x_wconf 92' lang='lat' dir='ltr'><strong>eo</strong></span> 
     </span>
    </p>
   </div>
   <div class='ocr_carea' id='block_1_60' title="bbox 1869 1756 3455 1829">
    <p class='ocr_par' dir='ltr' id='par_1_60' title="bbox 1869 1756 3455 1829">
     <span class='ocr_line' id='line_1_61' title="bbox 1869 1756 3455 1829; baseline 0 -19"><span class='ocrx_word' id='word_1_441' title='bbox 1869 1757 1925 1829; x_wconf 85' lang='lat' dir='ltr'><strong>in</strong></span> <span class='ocrx_word' id='word_1_442' title='bbox 1951 1756 2057 1827; x_wconf 86' lang='lat' dir='ltr'><strong>lege</strong></span> <span class='ocrx_word' id='word_1_443' title='bbox 2088 1756 2271 1829; x_wconf 66' lang='lat' dir='ltr'><strong>castra,</strong></span> <span class='ocrx_word' id='word_1_444' title='bbox 2300 1761 2423 1829; x_wconf 88' lang='lat' dir='ltr'><strong>quia</strong></span> <span class='ocrx_word' id='word_1_445' title='bbox 2449 1776 2541 1828; x_wconf 87' lang='lat' dir='ltr'><strong>ego</strong></span> <span class='ocrx_word' id='word_1_446' title='bbox 2565 1756 2677 1814; x_wconf 61' lang='lat' dir='ltr'><strong>difri</strong></span> <span class='ocrx_word' id='word_1_447' title='bbox 2704 1778 2723 1815; x_wconf 90' lang='lat'><strong>:</strong></span> <span class='ocrx_word' id='word_1_448' title='bbox 2757 1760 2843 1815; x_wconf 85' lang='lat' dir='ltr'><strong>Dii</strong></span> <span class='ocrx_word' id='word_1_449' title='bbox 2873 1761 3037 1814; x_wconf 83' lang='lat' dir='ltr'><strong>estis?</strong></span> <span class='ocrx_word' id='word_1_450' title='bbox 3081 1760 3125 1814; x_wconf 84' lang='lat' dir='ltr'><strong>si</strong></span> <span class='ocrx_word' id='word_1_451' title='bbox 3164 1756 3285 1812; x_wconf 78' lang='lat' dir='ltr'><strong>illos</strong></span> <span class='ocrx_word' id='word_1_452' title='bbox 3318 1758 3455 1829; x_wconf 59' lang='lat' dir='ltr'><strong>dixit</strong></span> 
     </span>
    </p>
   </div>
   <div class='ocr_carea' id='block_1_61' title="bbox 1867 1827 3458 1900">
    <p class='ocr_par' dir='ltr' id='par_1_61' title="bbox 1867 1827 3458 1900">
     <span class='ocr_line' id='line_1_62' title="bbox 1867 1827 3458 1900; baseline 0.001 -20"><span class='ocrx_word' id='word_1_453' title='bbox 1867 1828 2013 1900; x_wconf 72' lang='lat' dir='ltr'><strong>deos,</strong></span> <span class='ocrx_word' id='word_1_454' title='bbox 2043 1828 2111 1880; x_wconf 87' lang='lat' dir='ltr'><strong>ad</strong></span> <span class='ocrx_word' id='word_1_455' title='bbox 2132 1846 2261 1896; x_wconf 84' lang='lat' dir='ltr'><strong>quos</strong></span> <span class='ocrx_word' id='word_1_456' title='bbox 2294 1827 2458 1900; x_wconf 69' lang='lat' dir='ltr'><strong>sermo</strong></span> <span class='ocrx_word' id='word_1_457' title='bbox 2482 1827 2577 1883; x_wconf 83' lang='lat' dir='ltr'><strong>Dei</strong></span> <span class='ocrx_word' id='word_1_458' title='bbox 2610 1831 2781 1899; x_wconf 84' lang='lat' dir='ltr'><strong>factus</strong></span> <span class='ocrx_word' id='word_1_459' title='bbox 2808 1839 2904 1891; x_wconf 84' lang='lat' dir='ltr'><strong>est,</strong></span> <span class='ocrx_word' id='word_1_460' title='bbox 2934 1840 2980 1884; x_wconf 87' lang='lat' dir='ltr'><strong>et</strong></span> <span class='ocrx_word' id='word_1_461' title='bbox 3009 1847 3113 1884; x_wconf 88' lang='lat' dir='ltr'><strong>non</strong></span> <span class='ocrx_word' id='word_1_462' title='bbox 3139 1838 3304 1900; x_wconf 84' lang='lat' dir='ltr'><strong>potest</strong></span> <span class='ocrx_word' id='word_1_463' title='bbox 3327 1827 3458 1882; x_wconf 79' lang='lat' dir='ltr'><strong>solvi</strong></span> 
     </span>
    </p>
   </div>
   <div class='ocr_carea' id='block_1_62' title="bbox 1872 1897 3455 1982">
    <p class='ocr_par' dir='ltr' id='par_1_62' title="bbox 1872 1897 3455 1982">
     <span class='ocr_line' id='line_1_63' title="bbox 1872 1897 3455 1982; baseline 0.001 -32"><span class='ocrx_word' id='word_1_464' title='bbox 1872 1897 2195 1982; x_wconf 41' lang='lat' dir='ltr'><strong>.Scripturai</strong></span> <span class='ocrx_word' id='word_1_465' title='bbox 2221 1916 2372 1982; x_wconf 69' lang='lat' dir='ltr'><strong>quem</strong></span> <span class='ocrx_word' id='word_1_466' title='bbox 2400 1897 2957 1982; x_wconf 51' lang='lat' dir='ltr'><strong>Patersanetiﬁcavit,</strong></span> <span class='ocrx_word' id='word_1_467' title='bbox 2980 1910 3027 1982; x_wconf 75' lang='lat' dir='ltr'><strong>et</strong></span> <span class='ocrx_word' id='word_1_468' title='bbox 3060 1897 3199 1982; x_wconf 62' lang='lat' dir='ltr'><strong>misit</strong></span> <span class='ocrx_word' id='word_1_469' title='bbox 3220 1901 3455 1982; x_wconf 54' lang='lat' dir='ltr'><strong>in&#39;mun-</strong></span> 
     </span>
    </p>
   </div>
   <div class='ocr_carea' id='block_1_63' title="bbox 1868 1967 3454 2092">
    <p class='ocr_par' dir='ltr' id='par_1_63' title="bbox 1868 1967 3454 2092">
     <span class='ocr_line' id='line_1_64' title="bbox 1868 1967 3454 2092; baseline 0.002 -73"><span class='ocrx_word' id='word_1_470' title='bbox 1868 1967 2016 2092; x_wconf 67' lang='lat' dir='ltr'><strong>tll)um,</strong></span> <span class='ocrx_word' id='word_1_471' title='bbox 2033 1986 2118 2023; x_wconf 85' lang='lat' dir='ltr'><strong>vos</strong></span> <span class='ocrx_word' id='word_1_472' title='bbox 2142 1967 2352 2025; x_wconf 81' lang='lat' dir='ltr'><strong>dicitis:</strong></span> <span class='ocrx_word' id='word_1_473' title='bbox 2380 1972 2504 2042; x_wconf 86' lang='lat' dir='ltr'><strong>quia</strong></span> <span class='ocrx_word' id='word_1_474' title='bbox 2527 1967 2856 2042; x_wconf 81' lang='lat' dir='ltr'><strong>blasphemas</strong></span> <span class='ocrx_word' id='word_1_475' title='bbox 2888 1985 2905 2023; x_wconf 91' lang='lat'><strong>:</strong></span> <span class='ocrx_word' id='word_1_476' title='bbox 2936 1972 3061 2044; x_wconf 85' lang='lat' dir='ltr'><strong>quia</strong></span> <span class='ocrx_word' id='word_1_477' title='bbox 3086 1971 3199 2024; x_wconf 66' lang='lat' dir='ltr'><strong>dixi</strong></span> <span class='ocrx_word' id='word_1_478' title='bbox 3227 1983 3244 2023; x_wconf 92' lang='lat'><strong>:</strong></span> <span class='ocrx_word' id='word_1_479' title='bbox 3276 1967 3454 2022; x_wconf 76' lang='lat' dir='ltr'><strong>Filius</strong></span> 
     </span>
     <span class='ocr_line' id='line_1_65' title="bbox 1924 2055 2129 2092; baseline 0.005 -1"><span class='ocrx_word' id='word_1_480' title='bbox 1924 2055 1967 2092; x_wconf 77' lang='lat' dir='ltr'><strong>ei</strong></span> <span class='ocrx_word' id='word_1_481' title='bbox 1994 2056 2129 2092; x_wconf 85' lang='lat' dir='ltr'><strong>sum.</strong></span> 
     </span>
    </p>
   </div>
   <div class='ocr_carea' id='block_1_64' title="bbox 1924 2055 2129 2093">
    <p class='ocr_par' dir='ltr' id='par_1_64' title="bbox 1924 2055 2129 2093">
     <span class='ocr_line' id='line_1_66' title="bbox 1924 2055 2129 2093; baseline 0 0"><span class='ocrx_word' id='word_1_482' title='bbox 1924 2055 1967 2093; x_wconf 81' lang='grc' dir='ltr'>ει</span> <span class='ocrx_word' id='word_1_483' title='bbox 1994 2056 2129 2093; x_wconf 85' lang='lat' dir='ltr'><strong>sum.</strong></span> 
     </span>
    </p>
   </div>
   <div class='ocr_carea' id='block_1_65' title="bbox 1942 2131 3462 2192">
    <p class='ocr_par' dir='ltr' id='par_1_65' title="bbox 1942 2131 3462 2192">
     <span class='ocr_line' id='line_1_67' title="bbox 1942 2131 3462 2192; baseline 0.005 -8"><span class='ocrx_word' id='word_1_484' title='bbox 1942 2131 2032 2185; x_wconf 78' lang='lat' dir='ltr'><strong>IX.</strong></span> <span class='ocrx_word' id='word_1_485' title='bbox 2078 2132 2252 2188; x_wconf 84' lang='lat' dir='ltr'><strong>Tertio</strong></span> <span class='ocrx_word' id='word_1_486' title='bbox 2280 2151 2483 2190; x_wconf 82' lang='lat' dir='ltr'><strong>servum</strong></span> <span class='ocrx_word' id='word_1_487' title='bbox 2509 2135 2707 2191; x_wconf 86' lang='lat' dir='ltr'><strong>Patris.</strong></span> <span class='ocrx_word' id='word_1_488' title='bbox 2729 2167 2799 2178; x_wconf 91' lang='lat'><strong>—-</strong></span> <span class='ocrx_word' id='word_1_489' title='bbox 2821 2137 3047 2192; x_wconf 89' lang='lat' dir='ltr'><strong>Demnm</strong></span> <span class='ocrx_word' id='word_1_490' title='bbox 3079 2137 3144 2191; x_wconf 89' lang='lat' dir='ltr'><strong>de</strong></span> <span class='ocrx_word' id='word_1_491' title='bbox 3199 2135 3462 2191; x_wconf 75' lang='lat' dir='ltr'><strong>servitute</strong></span> 
     </span>
    </p>
   </div>
   <div class='ocr_carea' id='block_1_66' title="bbox 1873 2202 3463 2277">
    <p class='ocr_par' dir='ltr' id='par_1_66' title="bbox 1873 2202 3463 2277">
     <span class='ocr_line' id='line_1_68' title="bbox 1873 2202 3463 2277; baseline 0.004 -22"><span class='ocrx_word' id='word_1_492' title='bbox 1873 2202 2039 2256; x_wconf 88' lang='lat' dir='ltr'><strong>etiam</strong></span> <span class='ocrx_word' id='word_1_493' title='bbox 2093 2204 2311 2277; x_wconf 77' lang='lat' dir='ltr'><strong>indigna</strong></span> <span class='ocrx_word' id='word_1_494' title='bbox 2367 2205 2690 2277; x_wconf 83' lang='lat' dir='ltr'><strong>alIingebant</strong></span> <span class='ocrx_word' id='word_1_495' title='bbox 2737 2207 3286 2277; x_wconf 85' lang='lat' dir='ltr'><strong>Verbo,passimque</strong></span> <span class='ocrx_word' id='word_1_496' title='bbox 3328 2206 3463 2261; x_wconf 91' lang='lat' dir='ltr'><strong>illud</strong></span> 
     </span>
    </p>
   </div>
   <div class='ocr_carea' id='block_1_67' title="bbox 1874 2275 3466 2347">
    <p class='ocr_par' dir='ltr' id='par_1_67' title="bbox 1874 2275 3466 2347">
     <span class='ocr_line' id='line_1_69' title="bbox 1874 2275 3466 2347; baseline 0.001 -19"><span class='ocrx_word' id='word_1_497' title='bbox 1874 2288 2092 2347; x_wconf 78' lang='lat' dir='ltr'><strong>servum</strong></span> <span class='ocrx_word' id='word_1_498' title='bbox 2150 2275 2325 2330; x_wconf 87' lang='lat' dir='ltr'><strong>Patris</strong></span> <span class='ocrx_word' id='word_1_499' title='bbox 2378 2275 2738 2347; x_wconf 85' lang='lat' dir='ltr'><strong>appellabant,</strong></span> <span class='ocrx_word' id='word_1_500' title='bbox 2785 2279 2852 2333; x_wconf 90' lang='lat' dir='ltr'><strong>iis</strong></span> <span class='ocrx_word' id='word_1_501' title='bbox 2901 2275 3118 2334; x_wconf 77' lang='lat' dir='ltr'><strong>rursum</strong></span> <span class='ocrx_word' id='word_1_502' title='bbox 3170 2276 3466 2346; x_wconf 63' lang='lat' dir='ltr'><strong>Scriptura:</strong></span> 
     </span>
    </p>
   </div>
   <div class='ocr_carea' id='block_1_68' title="bbox 1875 2343 3465 2419">
    <p class='ocr_par' dir='ltr' id='par_1_68' title="bbox 1875 2343 3465 2419">
     <span class='ocr_line' id='line_1_70' title="bbox 1875 2343 3465 2419; baseline 0.003 -22"><span class='ocrx_word' id='word_1_503' title='bbox 1875 2343 2114 2399; x_wconf 85' lang='lat' dir='ltr'><strong>textibus</strong></span> <span class='ocrx_word' id='word_1_504' title='bbox 2137 2343 2428 2419; x_wconf 69' lang='lat' dir='ltr'><strong>certantes,</strong></span> <span class='ocrx_word' id='word_1_505' title='bbox 2444 2343 2639 2417; x_wconf 80' lang='lat' dir='ltr'><strong>quibus</strong></span> <span class='ocrx_word' id='word_1_506' title='bbox 2662 2348 2914 2404; x_wconf 86' lang='lat' dir='ltr'><strong>Christus</strong></span> <span class='ocrx_word' id='word_1_507' title='bbox 2939 2357 3029 2403; x_wconf 91' lang='lat' dir='ltr'><strong>aut</strong></span> <span class='ocrx_word' id='word_1_508' title='bbox 3053 2364 3150 2419; x_wconf 90' lang='lat' dir='ltr'><strong>per</strong></span> <span class='ocrx_word' id='word_1_509' title='bbox 3170 2343 3465 2417; x_wconf 82' lang='lat' dir='ltr'><strong>prophetas</strong></span> 
     </span>
    </p>
   </div>
   <div class='ocr_carea' id='block_1_69' title="bbox 1877 2417 3466 2488">
    <p class='ocr_par' dir='ltr' id='par_1_69' title="bbox 1877 2417 3466 2488">
     <span class='ocr_line' id='line_1_71' title="bbox 1877 2417 3466 2488; baseline 0.003 -20"><span class='ocrx_word' id='word_1_510' title='bbox 1877 2429 2087 2488; x_wconf 61' lang='lat' dir='ltr'><strong>servus,</strong></span> <span class='ocrx_word' id='word_1_511' title='bbox 2117 2431 2255 2488; x_wconf 88' lang='lat' dir='ltr'><strong>puer</strong></span> <span class='ocrx_word' id='word_1_512' title='bbox 2277 2417 2511 2483; x_wconf 90' lang='lat' dir='ltr'><strong>electus,</strong></span> <span class='ocrx_word' id='word_1_513' title='bbox 2537 2426 2667 2484; x_wconf 87' lang='lat' dir='ltr'><strong>etc.,</strong></span> <span class='ocrx_word' id='word_1_514' title='bbox 2701 2428 2944 2485; x_wconf 89' lang='lat' dir='ltr'><strong>vocatur,</strong></span> <span class='ocrx_word' id='word_1_515' title='bbox 2973 2417 3070 2474; x_wconf 75' lang='lat' dir='ltr'><strong>aut</strong></span> <span class='ocrx_word' id='word_1_516' title='bbox 3111 2419 3309 2488; x_wconf 85' lang='lat' dir='ltr'><strong>quibus</strong></span> <span class='ocrx_word' id='word_1_517' title='bbox 3348 2418 3466 2486; x_wconf 86' lang='lat' dir='ltr'><strong>ipse</strong></span> 
     </span>
    </p>
   </div>
   <div class='ocr_carea' id='block_1_70' title="bbox 1878 2483 3464 2561">
    <p class='ocr_par' dir='ltr' id='par_1_70' title="bbox 1878 2483 3464 2561">
     <span class='ocr_line' id='line_1_72' title="bbox 1878 2483 3464 2561; baseline 0.002 -22"><span class='ocrx_word' id='word_1_518' title='bbox 1878 2498 1937 2539; x_wconf 89' lang='lat' dir='ltr'><strong>se</strong></span> <span class='ocrx_word' id='word_1_519' title='bbox 1966 2483 2132 2561; x_wconf 70' lang='lat' dir='ltr'><strong>Patre</strong></span> <span class='ocrx_word' id='word_1_520' title='bbox 2148 2487 2583 2561; x_wconf 78' lang='lat' dir='ltr'><strong>minoremdixit.</strong></span> <span class='ocrx_word' id='word_1_521' title='bbox 2609 2483 2667 2544; x_wconf 89' lang='lat' dir='ltr'><strong>In</strong></span> <span class='ocrx_word' id='word_1_522' title='bbox 2688 2506 2852 2559; x_wconf 90' lang='lat' dir='ltr'><strong>opere</strong></span> <span class='ocrx_word' id='word_1_523' title='bbox 2870 2483 2937 2545; x_wconf 85' lang='lat' dir='ltr'><strong>de</strong></span> <span class='ocrx_word' id='word_1_524' title='bbox 2951 2483 3207 2561; x_wconf 43' lang='lat' dir='ltr'><strong>Synod-is,</strong></span> <span class='ocrx_word' id='word_1_525' title='bbox 3224 2488 3316 2545; x_wconf 90' lang='lat' dir='ltr'><strong>fol.</strong></span> <span class='ocrx_word' id='word_1_526' title='bbox 3337 2483 3464 2553; x_wconf 57' lang='lat'><strong>715,</strong></span> 
     </span>
    </p>
   </div>
   <div class='ocr_carea' id='block_1_71' title="bbox 1877 2557 3467 2624">
    <p class='ocr_par' dir='ltr' id='par_1_71' title="bbox 1877 2557 3467 2624">
     <span class='ocr_line' id='line_1_73' title="bbox 1877 2557 3467 2624; baseline 0.002 -15"><span class='ocrx_word' id='word_1_527' title='bbox 1877 2569 1943 2610; x_wconf 83' lang='lat' dir='ltr'><strong>ex</strong></span> <span class='ocrx_word' id='word_1_528' title='bbox 1977 2557 2203 2624; x_wconf 87' lang='lat' dir='ltr'><strong>septima</strong></span> <span class='ocrx_word' id='word_1_529' title='bbox 2251 2558 2373 2613; x_wconf 86' lang='lat' dir='ltr'><strong>fidei</strong></span> <span class='ocrx_word' id='word_1_530' title='bbox 2410 2558 2636 2614; x_wconf 87' lang='lat' dir='ltr'><strong>formula</strong></span> <span class='ocrx_word' id='word_1_531' title='bbox 2673 2557 2789 2616; x_wconf 61' lang='lat' dir='ltr'><strong>haec</strong></span> <span class='ocrx_word' id='word_1_532' title='bbox 2817 2557 3333 2616; x_wconf 56' lang='lat' dir='ltr'><strong>verba&#39;Arianorum</strong></span> <span class='ocrx_word' id='word_1_533' title='bbox 3380 2574 3467 2613; x_wconf 86' lang='lat' dir='ltr'><strong>re-</strong></span> 
     </span>
    </p>
   </div>
   <div class='ocr_carea' id='block_1_72' title="bbox 1880 2626 3469 2695">
    <p class='ocr_par' dir='ltr' id='par_1_72' title="bbox 1880 2626 3469 2695">
     <span class='ocr_line' id='line_1_74' title="bbox 1880 2626 3469 2695; baseline 0.002 -15"><span class='ocrx_word' id='word_1_534' title='bbox 1880 2635 2067 2681; x_wconf 87' lang='lat' dir='ltr'><strong>censet</strong></span> <span class='ocrx_word' id='word_1_535' title='bbox 2090 2626 2458 2684; x_wconf 80' lang='lat' dir='ltr'><strong>Athanasius:</strong></span> <span class='ocrx_word' id='word_1_536' title='bbox 2498 2649 2516 2681; x_wconf 78' lang='lat' dir='ltr'><strong>t</strong></span> <span class='ocrx_word' id='word_1_537' title='bbox 2552 2631 2619 2685; x_wconf 89' lang='lat' dir='ltr'><strong>Et</strong></span> <span class='ocrx_word' id='word_1_538' title='bbox 2647 2632 2751 2686; x_wconf 89' lang='lat' dir='ltr'><strong>hoc</strong></span> <span class='ocrx_word' id='word_1_539' title='bbox 2781 2633 3111 2686; x_wconf 89' lang='lat' dir='ltr'><strong>catholicum</strong></span> <span class='ocrx_word' id='word_1_540' title='bbox 3144 2644 3469 2695; x_wconf 88' lang='lat' dir='ltr'><strong>esse,nemo</strong></span> 
     </span>
    </p>
   </div>
   <div class='ocr_carea' id='block_1_73' title="bbox 1880 2696 3468 2769">
    <p class='ocr_par' dir='ltr' id='par_1_73' title="bbox 1880 2696 3468 2769">
     <span class='ocr_line' id='line_1_75' title="bbox 1880 2696 3468 2769; baseline 0.001 -18"><span class='ocrx_word' id='word_1_541' title='bbox 1880 2696 2115 2769; x_wconf 72' lang='lat' dir='ltr'><strong>ignorat,</strong></span> <span class='ocrx_word' id='word_1_542' title='bbox 2151 2699 2285 2755; x_wconf 89' lang='lat' dir='ltr'><strong>duas</strong></span> <span class='ocrx_word' id='word_1_543' title='bbox 2311 2714 2571 2769; x_wconf 90' lang='lat' dir='ltr'><strong>personas</strong></span> <span class='ocrx_word' id='word_1_544' title='bbox 2591 2718 2729 2765; x_wconf 86' lang='lat' dir='ltr'><strong>esse,</strong></span> <span class='ocrx_word' id='word_1_545' title='bbox 2754 2702 2935 2755; x_wconf 80' lang='lat' dir='ltr'><strong>Patris</strong></span> <span class='ocrx_word' id='word_1_546' title='bbox 2960 2711 3015 2757; x_wconf 92' lang='lat' dir='ltr'><strong>et</strong></span> <span class='ocrx_word' id='word_1_547' title='bbox 3040 2699 3468 2768; x_wconf 61' lang='lat' dir='ltr'><strong>Filii..Majorem</strong></span> 
     </span>
    </p>
   </div>
   <div class='ocr_carea' id='block_1_74' title="bbox 1882 2766 3470 2840">
    <p class='ocr_par' dir='ltr' id='par_1_74' title="bbox 1882 2766 3470 2840">
     <span class='ocr_line' id='line_1_76' title="bbox 1882 2766 3470 2840; baseline 0.003 -20"><span class='ocrx_word' id='word_1_548' title='bbox 1882 2766 2345 2840; x_wconf 74' lang='lat' dir='ltr'><strong>Patrem,Filium</strong></span> <span class='ocrx_word' id='word_1_549' title='bbox 2387 2771 2690 2840; x_wconf 86' lang='lat' dir='ltr'><strong>subjectum</strong></span> <span class='ocrx_word' id='word_1_550' title='bbox 2738 2787 2861 2827; x_wconf 92' lang='lat' dir='ltr'><strong>cum</strong></span> <span class='ocrx_word' id='word_1_551' title='bbox 2899 2772 3152 2825; x_wconf 89' lang='lat' dir='ltr'><strong>omnibus</strong></span> <span class='ocrx_word' id='word_1_552' title='bbox 3195 2766 3314 2834; x_wconf 73' lang='lat' dir='ltr'><strong>his,</strong></span> <span class='ocrx_word' id='word_1_553' title='bbox 3348 2783 3470 2836; x_wconf 66' lang='lat' dir='ltr'><strong>quin</strong></span> 
     </span>
    </p>
   </div>
   <div class='ocr_carea' id='block_1_75' title="bbox 1883 2838 3471 2911">
    <p class='ocr_par' dir='ltr' id='par_1_75' title="bbox 1883 2838 3471 2911">
     <span class='ocr_line' id='line_1_77' title="bbox 1883 2838 3471 2911; baseline 0.001 -20"><span class='ocrx_word' id='word_1_554' title='bbox 1883 2838 1985 2911; x_wconf 67' lang='lat' dir='ltr'><strong>ipsi</strong></span> <span class='ocrx_word' id='word_1_555' title='bbox 2010 2838 2171 2893; x_wconf 90' lang='lat' dir='ltr'><strong>Pater</strong></span> <span class='ocrx_word' id='word_1_556' title='bbox 2195 2839 2441 2908; x_wconf 83' lang='lat' dir='ltr'><strong>subjecit.</strong></span> <span class='ocrx_word' id='word_1_557' title='bbox 2480 2838 2497 2894; x_wconf 69' lang='grc' dir='ltr'><em>ἰ</em></span> <span class='ocrx_word' id='word_1_558' title='bbox 2540 2842 2710 2897; x_wconf 91' lang='lat' dir='ltr'><strong>Totus</strong></span> <span class='ocrx_word' id='word_1_559' title='bbox 2734 2844 2954 2911; x_wconf 84' lang='lat' dir='ltr'><strong>insuper</strong></span> <span class='ocrx_word' id='word_1_560' title='bbox 2972 2850 3055 2897; x_wconf 85' lang='lat' dir='ltr'><strong>est</strong></span> <span class='ocrx_word' id='word_1_561' title='bbox 3077 2842 3215 2895; x_wconf 91' lang='lat' dir='ltr'><strong>idem</strong></span> <span class='ocrx_word' id='word_1_562' title='bbox 3249 2848 3471 2911; x_wconf 81' lang='lat' dir='ltr'><strong>sanctus</strong></span> 
     </span>
    </p>
   </div>
   <div class='ocr_carea' id='block_1_76' title="bbox 1930 2908 3470 2975">
    <p class='ocr_par' dir='ltr' id='par_1_76' title="bbox 1930 2908 3470 2975">
     <span class='ocr_line' id='line_1_78' title="bbox 1930 2908 3470 2975; baseline 0 -13"><span class='ocrx_word' id='word_1_563' title='bbox 1930 2915 2049 2963; x_wconf 88' lang='lat' dir='ltr'><strong>ater</strong></span> <span class='ocrx_word' id='word_1_564' title='bbox 2074 2912 2127 2963; x_wconf 88' lang='lat' dir='ltr'><strong>in</strong></span> <span class='ocrx_word' id='word_1_565' title='bbox 2152 2918 2292 2964; x_wconf 90' lang='lat' dir='ltr'><strong>orat.</strong></span> <span class='ocrx_word' id='word_1_566' title='bbox 2320 2911 2356 2965; x_wconf 72' lang='grc'><strong>2</strong></span> <span class='ocrx_word' id='word_1_567' title='bbox 2391 2920 2578 2966; x_wconf 90' lang='lat' dir='ltr'><strong>contra</strong></span> <span class='ocrx_word' id='word_1_568' title='bbox 2619 2908 2872 2975; x_wconf 53' lang='lat' dir='ltr'><strong>Arianos}</strong></span> <span class='ocrx_word' id='word_1_569' title='bbox 2913 2913 3003 2967; x_wconf 89' lang='lat' dir='ltr'><strong>fol.</strong></span> <span class='ocrx_word' id='word_1_570' title='bbox 3033 2912 3158 2975; x_wconf 75' lang='grc'><strong>471,</strong></span> <span class='ocrx_word' id='word_1_571' title='bbox 3188 2928 3242 2965; x_wconf 88' lang='grc' dir='ltr'>ιι.</span> <span class='ocrx_word' id='word_1_572' title='bbox 3272 2913 3306 2966; x_wconf 77' lang='grc'>5</span> <span class='ocrx_word' id='word_1_573' title='bbox 3331 2917 3388 2963; x_wconf 78' lang='lat' dir='ltr'><strong>et</strong></span> <span class='ocrx_word' id='word_1_574' title='bbox 3412 2908 3470 2973; x_wconf 73' lang='grc'><strong>4,</strong></span> 
     </span>
    </p>
   </div>
   <div class='ocr_carea' id='block_1_77' title="bbox 1886 2981 3472 3048">
    <p class='ocr_par' dir='ltr' id='par_1_77' title="bbox 1886 2981 3472 3048">
     <span class='ocr_line' id='line_1_79' title="bbox 1886 2981 3472 3048; baseline 0.001 -16"><span class='ocrx_word' id='word_1_575' title='bbox 1886 2986 1947 3034; x_wconf 81' lang='grc' dir='ltr'><strong>ιιι</strong></span> <span class='ocrx_word' id='word_1_576' title='bbox 1973 2982 2184 3048; x_wconf 89' lang='lat' dir='ltr'><strong>probet,</strong></span> <span class='ocrx_word' id='word_1_577' title='bbox 2215 2981 2470 3045; x_wconf 80' lang='lat' dir='ltr'><strong>Verbum,</strong></span> <span class='ocrx_word' id='word_1_578' title='bbox 2502 2984 2604 3038; x_wconf 88' lang='lat' dir='ltr'><strong>etsi</strong></span> <span class='ocrx_word' id='word_1_579' title='bbox 2650 3000 2840 3040; x_wconf 81' lang='lat' dir='ltr'><strong>servus</strong></span> <span class='ocrx_word' id='word_1_580' title='bbox 2879 2985 3035 3039; x_wconf 90' lang='lat' dir='ltr'><strong>subin</strong></span> <span class='ocrx_word' id='word_1_581' title='bbox 3085 2983 3139 3037; x_wconf 90' lang='lat' dir='ltr'><strong>in</strong></span> <span class='ocrx_word' id='word_1_582' title='bbox 3191 2981 3472 3048; x_wconf 88' lang='lat' dir='ltr'><strong>Scriptura</strong></span> 
     </span>
    </p>
   </div>
   <div class='ocr_carea' id='block_1_78' title="bbox 192 3050 3473 3144">
    <p class='ocr_par' dir='ltr' id='par_1_78' title="bbox 192 3050 3473 3144">
     <span class='ocr_line' id='line_1_80' title="bbox 192 3050 3473 3144; baseline 0.002 -15"><span class='ocrx_word' id='word_1_583' title='bbox 192 3074 385 3142; x_wconf 86' lang='lat' dir='ltr'><strong>fuisse,</strong></span> <span class='ocrx_word' id='word_1_584' title='bbox 416 3076 559 3144; x_wconf 83' lang='lat' dir='ltr'><strong>quod</strong></span> <span class='ocrx_word' id='word_1_585' title='bbox 588 3050 1092 3131; x_wconf 47' lang='lat' dir='ltr'><strong>Verbum&#39;divinum</strong></span> <span class='ocrx_word' id='word_1_586' title='bbox 1110 3050 1277 3130; x_wconf 45' lang='lat' dir='ltr'><strong>vint&#39;c&#39;r</strong></span> <span class='ocrx_word' id='word_1_587' title='bbox 1304 3050 1584 3133; x_wconf 53' lang='lat' dir='ltr'><strong>creaturas</strong></span> <span class='ocrx_word' id='word_1_588' title='bbox 1614 3073 1783 3129; x_wconf 88' lang='lat' dir='ltr'><strong>refer-</strong></span> <span class='ocrx_word' id='word_1_589' title='bbox 1811 3065 1860 3134; x_wconf 83' lang='lat' dir='ltr'><strong>C</strong></span> <span class='ocrx_word' id='word_1_590' title='bbox 1889 3050 2209 3144; x_wconf 44' lang='lat' dir='ltr'><strong>iggfliel‘ii’</strong></span> <span class='ocrx_word' id='word_1_591' title='bbox 2229 3062 2568 3144; x_wconf 43' lang='grc' dir='ltr'><strong>ξξῗθῇἾἮθρ</strong></span> <span class='ocrx_word' id='word_1_592' title='bbox 2586 3057 3251 3144; x_wconf 15' lang='grc' dir='ltr'><strong>γὲθγ¹Ϊ¹ξί¹Ῐ¹ῘΨηΪῨῘ¹¹ἮΨξῗ</strong></span> 
     </span>
    </p>
   </div>
   <div class='ocr_carea' id='block_1_79' title="bbox 194 3144 1785 3219">
    <p class='ocr_par' dir='ltr' id='par_1_79' title="bbox 194 3144 1785 3219">
     <span class='ocr_line' id='line_1_81' title="bbox 194 3144 1785 3219; baseline 0.001 -20"><span class='ocrx_word' id='word_1_593' title='bbox 194 3154 337 3219; x_wconf 82' lang='lat' dir='ltr'><strong>rent,</strong></span> <span class='ocrx_word' id='word_1_594' title='bbox 375 3144 631 3216; x_wconf 88' lang='lat' dir='ltr'><strong>Patrique</strong></span> <span class='ocrx_word' id='word_1_595' title='bbox 666 3145 936 3219; x_wconf 68' lang='grc' dir='ltr'><strong>ὁμρούριον</strong></span> <span class='ocrx_word' id='word_1_596' title='bbox 964 3162 1083 3202; x_wconf 90' lang='lat' dir='ltr'><strong>esse</strong></span> <span class='ocrx_word' id='word_1_597' title='bbox 1118 3157 1401 3219; x_wconf 84' lang='lat' dir='ltr'><strong>negarent,</strong></span> <span class='ocrx_word' id='word_1_598' title='bbox 1430 3148 1785 3219; x_wconf 68' lang='lat' dir='ltr'><strong>apudomnes</strong></span> 
     </span>
    </p>
   </div>
   <div class='ocr_carea' id='block_1_80' title="bbox 198 3216 1786 3287">
    <p class='ocr_par' dir='ltr' id='par_1_80' title="bbox 198 3216 1786 3287">
     <span class='ocr_line' id='line_1_82' title="bbox 198 3216 1786 3287; baseline 0 -16"><span class='ocrx_word' id='word_1_599' title='bbox 198 3218 254 3271; x_wconf 89' lang='lat' dir='ltr'><strong>in</strong></span> <span class='ocrx_word' id='word_1_600' title='bbox 284 3228 565 3287; x_wconf 82' lang='lat' dir='ltr'><strong>comperto</strong></span> <span class='ocrx_word' id='word_1_601' title='bbox 593 3216 703 3271; x_wconf 58' lang='lat' dir='ltr'><strong>est;</strong></span> <span class='ocrx_word' id='word_1_602' title='bbox 743 3216 870 3271; x_wconf 90' lang='lat' dir='ltr'><strong>Inde</strong></span> <span class='ocrx_word' id='word_1_603' title='bbox 913 3233 1042 3272; x_wconf 81' lang='lat' dir='ltr'><strong>vero</strong></span> <span class='ocrx_word' id='word_1_604' title='bbox 1087 3216 1498 3282; x_wconf 75' lang='lat' dir='ltr'><strong>concludebant,</strong></span> <span class='ocrx_word' id='word_1_605' title='bbox 1549 3216 1786 3272; x_wconf 89' lang='lat' dir='ltr'><strong>Verbum</strong></span> 
     </span>
    </p>
   </div>
   <div class='ocr_carea' id='block_1_81' title="bbox 199 3287 1787 3360">
    <p class='ocr_par' dir='ltr' id='par_1_81' title="bbox 199 3287 1787 3360">
     <span class='ocr_line' id='line_1_83' title="bbox 199 3287 1787 3360; baseline 0 -18"><span class='ocrx_word' id='word_1_606' title='bbox 199 3288 345 3342; x_wconf 85' lang='lat' dir='ltr'><strong>istud</strong></span> <span class='ocrx_word' id='word_1_607' title='bbox 383 3302 493 3360; x_wconf 70' lang='lat' dir='ltr'><strong>non</strong></span> <span class='ocrx_word' id='word_1_608' title='bbox 525 3288 627 3341; x_wconf 91' lang='lat' dir='ltr'><strong>nisi</strong></span> <span class='ocrx_word' id='word_1_609' title='bbox 660 3287 855 3342; x_wconf 88' lang='lat' dir='ltr'><strong>Filium</strong></span> <span class='ocrx_word' id='word_1_610' title='bbox 896 3287 992 3360; x_wconf 74' lang='lat' dir='ltr'><strong>Dei</strong></span> <span class='ocrx_word' id='word_1_611' title='bbox 1038 3290 1348 3360; x_wconf 86' lang='lat' dir='ltr'><strong>adoptivum</strong></span> <span class='ocrx_word' id='word_1_612' title='bbox 1394 3304 1533 3352; x_wconf 88' lang='lat' dir='ltr'><strong>esse,</strong></span> <span class='ocrx_word' id='word_1_613' title='bbox 1570 3288 1787 3360; x_wconf 82' lang='lat' dir='ltr'><strong>nomine</strong></span> 
     </span>
    </p>
   </div>
   <div class='ocr_carea' id='block_1_82' title="bbox 198 3357 1787 3431">
    <p class='ocr_par' dir='ltr' id='par_1_82' title="bbox 198 3357 1787 3431">
     <span class='ocr_line' id='line_1_84' title="bbox 198 3357 1787 3431; baseline 0.001 -19"><span class='ocrx_word' id='word_1_614' title='bbox 198 3366 360 3412; x_wconf 60' lang='lat' dir='ltr'><strong>unus</strong></span> <span class='ocrx_word' id='word_1_615' title='bbox 384 3357 574 3431; x_wconf 84' lang='lat' dir='ltr'><strong>Deum,</strong></span> <span class='ocrx_word' id='word_1_616' title='bbox 605 3373 927 3431; x_wconf 71' lang='lat' dir='ltr'><strong>servumque</strong></span> <span class='ocrx_word' id='word_1_617' title='bbox 954 3357 1159 3424; x_wconf 67' lang='lat' dir='ltr'><strong>Patris,</strong></span> <span class='ocrx_word' id='word_1_618' title='bbox 1193 3368 1351 3431; x_wconf 88' lang='lat' dir='ltr'><strong>prout</strong></span> <span class='ocrx_word' id='word_1_619' title='bbox 1377 3360 1543 3415; x_wconf 86' lang='lat' dir='ltr'><strong>variis</strong></span> <span class='ocrx_word' id='word_1_620' title='bbox 1569 3359 1624 3413; x_wconf 91' lang='lat' dir='ltr'><strong>in</strong></span> <span class='ocrx_word' id='word_1_621' title='bbox 1654 3358 1787 3431; x_wconf 83' lang='lat' dir='ltr'><strong>locis</strong></span> 
     </span>
    </p>
   </div>
   <div class='ocr_carea' id='block_1_83' title="bbox 200 3427 1786 3502">
    <p class='ocr_par' dir='ltr' id='par_1_83' title="bbox 200 3427 1786 3502">
     <span class='ocr_line' id='line_1_85' title="bbox 200 3427 1786 3502; baseline 0.001 -21"><span class='ocrx_word' id='word_1_622' title='bbox 200 3437 425 3502; x_wconf 79' lang='lat' dir='ltr'><strong>sanctus</strong></span> <span class='ocrx_word' id='word_1_623' title='bbox 451 3427 778 3502; x_wconf 76' lang='lat' dir='ltr'><strong>Athanasius</strong></span> <span class='ocrx_word' id='word_1_624' title='bbox 804 3427 1059 3502; x_wconf 57' lang='lat' dir='ltr'><strong>expresse</strong></span> <span class='ocrx_word' id='word_1_625' title='bbox 1100 3427 1283 3485; x_wconf 78' lang='lat' dir='ltr'><strong>refert.</strong></span> <span class='ocrx_word' id='word_1_626' title='bbox 1317 3431 1383 3485; x_wconf 85' lang='lat' dir='ltr'><strong>Et</strong></span> <span class='ocrx_word' id='word_1_627' title='bbox 1409 3431 1642 3502; x_wconf 84' lang='lat' dir='ltr'><strong>primum</strong></span> <span class='ocrx_word' id='word_1_628' title='bbox 1664 3429 1786 3499; x_wconf 83' lang='lat' dir='ltr'><strong>qui—</strong></span> 
     </span>
    </p>
   </div>
   <div class='ocr_carea' id='block_1_84' title="bbox 200 3499 1789 3572">
    <p class='ocr_par' dir='ltr' id='par_1_84' title="bbox 200 3499 1789 3572">
     <span class='ocr_line' id='line_1_86' title="bbox 200 3499 1789 3572; baseline 0 -19"><span class='ocrx_word' id='word_1_629' title='bbox 200 3500 324 3572; x_wconf 80' lang='lat' dir='ltr'><strong>dem</strong></span> <span class='ocrx_word' id='word_1_630' title='bbox 354 3499 510 3572; x_wconf 69' lang='lat' dir='ltr'><strong>quod</strong></span> <span class='ocrx_word' id='word_1_631' title='bbox 525 3507 754 3572; x_wconf 84' lang='lat' dir='ltr'><strong>spect_at,</strong></span> <span class='ocrx_word' id='word_1_632' title='bbox 779 3500 855 3572; x_wconf 82' lang='lat' dir='ltr'><strong>_in</strong></span> <span class='ocrx_word' id='word_1_633' title='bbox 877 3499 991 3572; x_wconf 29' lang='lat' dir='ltr'><strong>’lib.</strong></span> <span class='ocrx_word' id='word_1_634' title='bbox 1026 3502 1091 3572; x_wconf 86' lang='lat' dir='ltr'><strong>de</strong></span> <span class='ocrx_word' id='word_1_635' title='bbox 1137 3502 1388 3572; x_wconf 85' lang='lat' dir='ltr'><strong>Synodis,</strong></span> <span class='ocrx_word' id='word_1_636' title='bbox 1410 3499 1563 3572; x_wconf 53' lang='lat' dir='ltr'><strong>&#39;tomi</strong></span> <span class='ocrx_word' id='word_1_637' title='bbox 1594 3499 1789 3570; x_wconf 86' lang='lat' dir='ltr'><strong>[parte</strong></span> 
     </span>
    </p>
   </div>
   <div class='ocr_carea' id='block_1_85' title="bbox 202 3568 1792 3641">
    <p class='ocr_par' dir='ltr' id='par_1_85' title="bbox 202 3568 1792 3641">
     <span class='ocr_line' id='line_1_87' title="bbox 202 3568 1792 3641; baseline 0.001 -17"><span class='ocrx_word' id='word_1_638' title='bbox 202 3586 265 3633; x_wconf 88' lang='grc' dir='ltr'>ιι,</span> <span class='ocrx_word' id='word_1_639' title='bbox 292 3569 386 3623; x_wconf 88' lang='lat' dir='ltr'><strong>fol.</strong></span> <span class='ocrx_word' id='word_1_640' title='bbox 414 3568 536 3641; x_wconf 71' lang='lat'><strong>72_8,</strong></span> <span class='ocrx_word' id='word_1_641' title='bbox 568 3585 636 3624; x_wconf 79' lang='lat' dir='ltr'><strong>ex</strong></span> <span class='ocrx_word' id='word_1_642' title='bbox 660 3569 848 3624; x_wconf 86' lang='lat' dir='ltr'><strong>Thalia</strong></span> <span class='ocrx_word' id='word_1_643' title='bbox 877 3571 989 3625; x_wconf 86' lang='lat' dir='ltr'><strong>Arii</strong></span> <span class='ocrx_word' id='word_1_644' title='bbox 1017 3571 1132 3638; x_wconf 85' lang='lat' dir='ltr'><strong>ejus</strong></span> <span class='ocrx_word' id='word_1_645' title='bbox 1156 3568 1516 3641; x_wconf 79' lang='lat' dir='ltr'><strong>blasphemias</strong></span> <span class='ocrx_word' id='word_1_646' title='bbox 1542 3571 1612 3625; x_wconf 89' lang='lat' dir='ltr'><strong>ita</strong></span> <span class='ocrx_word' id='word_1_647' title='bbox 1636 3568 1792 3625; x_wconf 79' lang='lat' dir='ltr'><strong>enar-</strong></span> 
     </span>
    </p>
   </div>
   <div class='ocr_carea' id='block_1_86' title="bbox 205 3638 1792 3713">
    <p class='ocr_par' dir='ltr' id='par_1_86' title="bbox 205 3638 1792 3713">
     <span class='ocr_line' id='line_1_88' title="bbox 205 3638 1792 3713; baseline 0.001 -20"><span class='ocrx_word' id='word_1_648' title='bbox 205 3649 327 3693; x_wconf 82' lang='lat' dir='ltr'><strong>rat:</strong></span> <span class='ocrx_word' id='word_1_649' title='bbox 386 3659 404 3689; x_wconf 78' lang='grc' dir='ltr'><strong>ι</strong></span> <span class='ocrx_word' id='word_1_650' title='bbox 438 3638 722 3695; x_wconf 70' lang='lat' dir='ltr'><strong>Aiternum</strong></span> <span class='ocrx_word' id='word_1_651' title='bbox 757 3641 932 3710; x_wconf 89' lang='lat' dir='ltr'><strong>ipsum</strong></span> <span class='ocrx_word' id='word_1_652' title='bbox 977 3641 1052 3712; x_wconf 89' lang='lat' dir='ltr'><strong>(id</strong></span> <span class='ocrx_word' id='word_1_653' title='bbox 1082 3652 1183 3705; x_wconf 88' lang='lat' dir='ltr'><strong>est,</strong></span> <span class='ocrx_word' id='word_1_654' title='bbox 1216 3638 1385 3697; x_wconf 82' lang='lat' dir='ltr'><strong>Deum</strong></span> <span class='ocrx_word' id='word_1_655' title='bbox 1415 3641 1651 3713; x_wconf 87' lang='lat' dir='ltr'><strong>Patrem)</strong></span> <span class='ocrx_word' id='word_1_656' title='bbox 1702 3657 1792 3713; x_wconf 35' lang='lat' dir='ltr'><strong>vos</strong></span> 
     </span>
    </p>
   </div>
   <div class='ocr_carea' id='block_1_87' title="bbox 203 3709 1792 3782">
    <p class='ocr_par' dir='ltr' id='par_1_87' title="bbox 203 3709 1792 3782">
     <span class='ocr_line' id='line_1_89' title="bbox 203 3709 1792 3782; baseline 0.001 -17"><span class='ocrx_word' id='word_1_657' title='bbox 203 3725 476 3782; x_wconf 83' lang='lat' dir='ltr'><strong>neramur</strong></span> <span class='ocrx_word' id='word_1_658' title='bbox 491 3720 709 3780; x_wconf 89' lang='lat' dir='ltr'><strong>propter</strong></span> <span class='ocrx_word' id='word_1_659' title='bbox 717 3709 854 3782; x_wconf 60' lang='lat' dir='ltr'><strong>eum</strong></span> <span class='ocrx_word' id='word_1_660' title='bbox 883 3709 1050 3781; x_wconf 87' lang='lat' dir='ltr'><strong>quiin</strong></span> <span class='ocrx_word' id='word_1_661' title='bbox 1081 3721 1321 3782; x_wconf 90' lang='lat' dir='ltr'><strong>tempore</strong></span> <span class='ocrx_word' id='word_1_662' title='bbox 1350 3720 1506 3767; x_wconf 88' lang='lat' dir='ltr'><strong>natus</strong></span> <span class='ocrx_word' id='word_1_663' title='bbox 1538 3709 1641 3767; x_wconf 72' lang='lat' dir='ltr'><strong>est.</strong></span> <span class='ocrx_word' id='word_1_664' title='bbox 1688 3709 1792 3777; x_wconf 85' lang='lat' dir='ltr'><strong>Qui</strong></span> 
     </span>
    </p>
   </div>
   <div class='ocr_carea' id='block_1_88' title="bbox 204 3779 1790 3853">
    <p class='ocr_par' dir='ltr' id='par_1_88' title="bbox 204 3779 1790 3853">
     <span class='ocr_line' id='line_1_90' title="bbox 204 3779 1790 3853; baseline 0 -18"><span class='ocrx_word' id='word_1_665' title='bbox 204 3782 324 3836; x_wconf 90' lang='lat' dir='ltr'><strong>sine</strong></span> <span class='ocrx_word' id='word_1_666' title='bbox 362 3779 518 3834; x_wconf 89' lang='lat' dir='ltr'><strong>initio</strong></span> <span class='ocrx_word' id='word_1_667' title='bbox 545 3779 628 3853; x_wconf 79' lang='lat' dir='ltr'><strong>est</strong></span> <span class='ocrx_word' id='word_1_668' title='bbox 651 3822 666 3846; x_wconf 94' lang='lat'><strong>,</strong></span> <span class='ocrx_word' id='word_1_669' title='bbox 715 3779 915 3853; x_wconf 28' lang='lat' dir='ltr'><strong>Filium’</strong></span> <span class='ocrx_word' id='word_1_670' title='bbox 936 3784 1112 3853; x_wconf 89' lang='lat' dir='ltr'><strong>posuit</strong></span> <span class='ocrx_word' id='word_1_671' title='bbox 1154 3779 1364 3838; x_wconf 82' lang='lat' dir='ltr'><strong>initium</strong></span> <span class='ocrx_word' id='word_1_672' title='bbox 1397 3792 1790 3846; x_wconf 74' lang='lat' dir='ltr'><strong>creaturarum,</strong></span> 
     </span>
    </p>
   </div>
   <div class='ocr_carea' id='block_1_89' title="bbox 204 3850 1793 3923">
    <p class='ocr_par' dir='ltr' id='par_1_89' title="bbox 204 3850 1793 3923">
     <span class='ocr_line' id='line_1_91' title="bbox 204 3850 1793 3923; baseline 0 -16"><span class='ocrx_word' id='word_1_673' title='bbox 204 3853 461 3920; x_wconf 78' lang='lat' dir='ltr'><strong>hancque</strong></span> <span class='ocrx_word' id='word_1_674' title='bbox 491 3850 629 3923; x_wconf 81' lang='lat' dir='ltr'><strong>tulit,</strong></span> <span class='ocrx_word' id='word_1_675' title='bbox 672 3865 735 3904; x_wconf 89' lang='lat' dir='ltr'><strong>ac</strong></span> <span class='ocrx_word' id='word_1_676' title='bbox 756 3852 854 3907; x_wconf 89' lang='lat' dir='ltr'><strong>sibi</strong></span> <span class='ocrx_word' id='word_1_677' title='bbox 897 3850 949 3907; x_wconf 84' lang='lat' dir='ltr'><strong>in</strong></span> <span class='ocrx_word' id='word_1_678' title='bbox 980 3854 1172 3908; x_wconf 89' lang='lat' dir='ltr'><strong>Filium</strong></span> <span class='ocrx_word' id='word_1_679' title='bbox 1210 3855 1523 3923; x_wconf 81' lang='lat' dir='ltr'><strong>adoptavit:</strong></span> <span class='ocrx_word' id='word_1_680' title='bbox 1564 3856 1652 3923; x_wconf 69' lang='grc' dir='ltr'><strong>Εἰς</strong></span> <span class='ocrx_word' id='word_1_681' title='bbox 1684 3856 1793 3908; x_wconf 59' lang='lat' dir='ltr'><strong>ri?»</strong></span> 
     </span>
    </p>
   </div>
   <div class='ocr_carea' id='block_1_90' title="bbox 205 3921 1796 3991">
    <p class='ocr_par' dir='ltr' id='par_1_90' title="bbox 205 3921 1796 3991">
     <span class='ocr_line' id='line_1_92' title="bbox 205 3921 1796 3991; baseline -0.001 -14"><span class='ocrx_word' id='word_1_682' title='bbox 205 3924 378 3991; x_wconf 69' lang='grc' dir='ltr'><strong>ἑαυτῷ</strong></span> <span class='ocrx_word' id='word_1_683' title='bbox 406 3921 548 3977; x_wconf 79' lang='grc' dir='ltr'><strong>τόνδε</strong></span> <span class='ocrx_word' id='word_1_684' title='bbox 572 3928 953 3982; x_wconf 55' lang='lat' dir='ltr'><strong>ramoraum.</strong></span> <span class='ocrx_word' id='word_1_685' title='bbox 991 3944 1007 3974; x_wconf 80' lang='grc' dir='ltr'><strong>ι</strong></span> <span class='ocrx_word' id='word_1_686' title='bbox 1056 3923 1185 3979; x_wconf 88' lang='lat' dir='ltr'><strong>Item</strong></span> <span class='ocrx_word' id='word_1_687' title='bbox 1217 3921 1330 3976; x_wconf 49' lang='lat' dir='ltr'><strong>Ibi.—</strong></span> <span class='ocrx_word' id='word_1_688' title='bbox 1351 3923 1474 3989; x_wconf 83' lang='lat'><strong>767,</strong></span> <span class='ocrx_word' id='word_1_689' title='bbox 1505 3940 1560 3978; x_wconf 92' lang='lat' dir='ltr'><strong>n.</strong></span> <span class='ocrx_word' id='word_1_690' title='bbox 1591 3921 1679 3985; x_wconf 64' lang='grc'><strong>54,</strong></span> <span class='ocrx_word' id='word_1_691' title='bbox 1721 3923 1796 3977; x_wconf 91' lang='lat' dir='ltr'><strong>ita</strong></span> 
     </span>
    </p>
   </div>
   <div class='ocr_carea' id='block_1_91' title="bbox 207 3991 1797 4065">
    <p class='ocr_par' dir='ltr' id='par_1_91' title="bbox 207 3991 1797 4065">
     <span class='ocr_line' id='line_1_93' title="bbox 207 3991 1797 4065; baseline -0.001 -18"><span class='ocrx_word' id='word_1_692' title='bbox 207 4000 621 4065; x_wconf 78' lang='lat' dir='ltr'><strong>argumentatur</strong></span> <span class='ocrx_word' id='word_1_693' title='bbox 657 3991 982 4065; x_wconf 82' lang='lat' dir='ltr'><strong>Athanasius</strong></span> <span class='ocrx_word' id='word_1_694' title='bbox 1020 4013 1031 4048; x_wconf 92' lang='lat'><strong>:</strong></span> <span class='ocrx_word' id='word_1_695' title='bbox 1089 4014 1106 4044; x_wconf 74' lang='grc' dir='ltr'><strong>ι</strong></span> <span class='ocrx_word' id='word_1_696' title='bbox 1144 3994 1606 4049; x_wconf 83' lang='lat' dir='ltr'><strong>Considerandum</strong></span> <span class='ocrx_word' id='word_1_697' title='bbox 1652 3994 1797 4065; x_wconf 90' lang='lat' dir='ltr'><strong>enim</strong></span> 
     </span>
    </p>
   </div>
   <div class='ocr_carea' id='block_1_92' title="bbox 209 4064 1798 4130">
    <p class='ocr_par' dir='ltr' id='par_1_92' title="bbox 209 4064 1798 4130">
     <span class='ocr_line' id='line_1_94' title="bbox 209 4064 1798 4130; baseline 0.001 -12"><span class='ocrx_word' id='word_1_698' title='bbox 209 4074 312 4123; x_wconf 87' lang='lat' dir='ltr'><strong>est,</strong></span> <span class='ocrx_word' id='word_1_699' title='bbox 340 4073 396 4117; x_wconf 87' lang='lat' dir='ltr'><strong>et</strong></span> <span class='ocrx_word' id='word_1_700' title='bbox 423 4071 677 4117; x_wconf 82' lang='lat' dir='ltr'><strong>accurate</strong></span> <span class='ocrx_word' id='word_1_701' title='bbox 696 4064 1249 4130; x_wconf 79' lang='lat' dir='ltr'><strong>animadvertendum,</strong></span> <span class='ocrx_word' id='word_1_702' title='bbox 1280 4081 1400 4121; x_wconf 91' lang='lat' dir='ltr'><strong>cum</strong></span> <span class='ocrx_word' id='word_1_703' title='bbox 1423 4081 1547 4120; x_wconf 88' lang='lat' dir='ltr'><strong>eum</strong></span> <span class='ocrx_word' id='word_1_704' title='bbox 1571 4064 1798 4120; x_wconf 87' lang='lat' dir='ltr'><strong>dicimus</strong></span> 
     </span>
    </p>
   </div>
   <div class='ocr_carea' id='block_1_93' title="bbox 209 4133 1797 4205">
    <p class='ocr_par' dir='ltr' id='par_1_93' title="bbox 209 4133 1797 4205">
     <span class='ocr_line' id='line_1_95' title="bbox 209 4133 1797 4205; baseline 0.001 -16"><span class='ocrx_word' id='word_1_705' title='bbox 209 4134 513 4189; x_wconf 82' lang='lat' dir='ltr'><strong>substantia</strong></span> <span class='ocrx_word' id='word_1_706' title='bbox 567 4133 918 4205; x_wconf 82' lang='lat' dir='ltr'><strong>dissimilem,</strong></span> <span class='ocrx_word' id='word_1_707' title='bbox 986 4151 1082 4190; x_wconf 89' lang='lat' dir='ltr'><strong>nos</strong></span> <span class='ocrx_word' id='word_1_708' title='bbox 1140 4137 1554 4205; x_wconf 82' lang='lat' dir='ltr'><strong>haudquaquam</strong></span> <span class='ocrx_word' id='word_1_709' title='bbox 1609 4150 1797 4190; x_wconf 87' lang='lat' dir='ltr'><strong>verum</strong></span> 
     </span>
    </p>
   </div>
   <div class='ocr_carea' id='block_1_94' title="bbox 210 4202 1798 4275">
    <p class='ocr_par' dir='ltr' id='par_1_94' title="bbox 210 4202 1798 4275">
     <span class='ocr_line' id='line_1_96' title="bbox 210 4202 1798 4275; baseline 0 -16"><span class='ocrx_word' id='word_1_710' title='bbox 210 4205 409 4259; x_wconf 85' lang='lat' dir='ltr'><strong>Filium</strong></span> <span class='ocrx_word' id='word_1_711' title='bbox 426 4202 753 4275; x_wconf 75' lang='lat' dir='ltr'><strong>signiﬁcare,</strong></span> <span class='ocrx_word' id='word_1_712' title='bbox 782 4205 874 4258; x_wconf 91' lang='lat' dir='ltr'><strong>sed</strong></span> <span class='ocrx_word' id='word_1_713' title='bbox 899 4222 1061 4261; x_wconf 90' lang='lat' dir='ltr'><strong>unum</strong></span> <span class='ocrx_word' id='word_1_714' title='bbox 1086 4222 1153 4261; x_wconf 80' lang='lat' dir='ltr'><strong>ex</strong></span> <span class='ocrx_word' id='word_1_715' title='bbox 1175 4202 1425 4275; x_wconf 52' lang='lat' dir='ltr'><strong>opificiis;</strong></span> <span class='ocrx_word' id='word_1_716' title='bbox 1455 4214 1509 4261; x_wconf 88' lang='lat' dir='ltr'><strong>et</strong></span> <span class='ocrx_word' id='word_1_717' title='bbox 1534 4206 1798 4261; x_wconf 89' lang='lat' dir='ltr'><strong>adscitum</strong></span> 
     </span>
    </p>
   </div>
   <div class='ocr_carea' id='block_1_95' title="bbox 213 4273 1803 4346">
    <p class='ocr_par' dir='ltr' id='par_1_95' title="bbox 213 4273 1803 4346">
     <span class='ocr_line' id='line_1_97' title="bbox 213 4273 1803 4346; baseline 0.002 -17"><span class='ocrx_word' id='word_1_718' title='bbox 213 4275 599 4345; x_wconf 80' lang='lat' dir='ltr'><strong>adoptioneque</strong></span> <span class='ocrx_word' id='word_1_719' title='bbox 642 4273 863 4339; x_wconf 79' lang='lat' dir='ltr'><strong>Filium,</strong></span> <span class='ocrx_word' id='word_1_720' title='bbox 912 4278 1056 4346; x_wconf 87' lang='lat' dir='ltr'><strong>quod</strong></span> <span class='ocrx_word' id='word_1_721' title='bbox 1101 4273 1339 4332; x_wconf 64' lang='lat' dir='ltr'><strong>hiet-elici</strong></span> <span class='ocrx_word' id='word_1_722' title='bbox 1381 4278 1620 4331; x_wconf 88' lang='lat' dir='ltr'><strong>sentiunt</strong></span> <span class='ocrx_word' id='word_1_723' title='bbox 1648 4295 1664 4346; x_wconf 9' lang='lat'><strong>:7</strong></span> <span class='ocrx_word' id='word_1_724' title='bbox 1713 4281 1803 4332; x_wconf 71' lang='lat' dir='ltr'><strong>sui</strong></span> 
     </span>
    </p>
   </div>
   <div class='ocr_carea' id='block_1_96' title="bbox 214 4345 1797 4421">
    <p class='ocr_par' dir='ltr' id='par_1_96' title="bbox 214 4345 1797 4421">
     <span class='ocr_line' id='line_1_98' title="bbox 214 4345 1797 4421; baseline 0.001 -22"><span class='ocrx_word' id='word_1_725' title='bbox 214 4347 560 4421; x_wconf 31' lang='lat' dir='ltr'><strong>an-irratnfbv</strong></span> <span class='ocrx_word' id='word_1_726' title='bbox 586 4346 824 4421; x_wconf 53' lang='grc' dir='ltr'><strong>διαὶβέσει</strong></span> <span class='ocrx_word' id='word_1_727' title='bbox 850 4345 985 4421; x_wconf 49' lang='lat' dir='ltr'><strong>uta»,</strong></span> <span class='ocrx_word' id='word_1_728' title='bbox 1028 4345 1156 4421; x_wconf 59' lang='lat' dir='ltr'><strong>5152p</strong></span> <span class='ocrx_word' id='word_1_729' title='bbox 1190 4357 1319 4421; x_wconf 59' lang='grc' dir='ltr'><strong>τοῖς.</strong></span> <span class='ocrx_word' id='word_1_730' title='bbox 1352 4350 1618 4421; x_wconf 63' lang='grc' dir='ltr'><strong>αἱρετιιεοῖς</strong></span> <span class='ocrx_word' id='word_1_731' title='bbox 1648 4345 1797 4404; x_wconf 78' lang='grc' dir='ltr'><strong>δόκει.</strong></span> 
     </span>
    </p>
   </div>
   <div class='ocr_carea' id='block_1_97' title="bbox 1935 3121 3471 3196">
    <p class='ocr_par' dir='ltr' id='par_1_97' title="bbox 1935 3121 3471 3196">
     <span class='ocr_line' id='line_1_99' title="bbox 1935 3121 3471 3196; baseline -0.001 -19"><span class='ocrx_word' id='word_1_732' title='bbox 1935 3121 2331 3196; x_wconf 79' lang='lat' dir='ltr'><strong>ilium,_ex__qu_o</strong></span> <span class='ocrx_word' id='word_1_733' title='bbox 2353 3133 2501 3192; x_wconf 90' lang='lat' dir='ltr'><strong>patet</strong></span> <span class='ocrx_word' id='word_1_734' title='bbox 2520 3121 2751 3181; x_wconf 70' lang='lat' dir='ltr'><strong>Arianos</strong></span> <span class='ocrx_word' id='word_1_735' title='bbox 2780 3140 3037 3196; x_wconf 89' lang='lat' dir='ltr'><strong>perverso</strong></span> <span class='ocrx_word' id='word_1_736' title='bbox 3091 3121 3255 3179; x_wconf 82' lang='lat' dir='ltr'><strong>sensu</strong></span> <span class='ocrx_word' id='word_1_737' title='bbox 3301 3121 3471 3180; x_wconf 86' lang='lat' dir='ltr'><strong>servi-</strong></span> 
     </span>
    </p>
   </div>
   <div class='ocr_carea' id='block_1_98' title="bbox 1890 3192 2705 3252">
    <p class='ocr_par' dir='ltr' id='par_1_98' title="bbox 1890 3192 2705 3252">
     <span class='ocr_line' id='line_1_100' title="bbox 1890 3192 2705 3252; baseline 0.007 -6"><span class='ocrx_word' id='word_1_738' title='bbox 1890 3199 2060 3247; x_wconf 86' lang='lat' dir='ltr'><strong>tutem</strong></span> <span class='ocrx_word' id='word_1_739' title='bbox 2084 3192 2151 3247; x_wconf 91' lang='lat' dir='ltr'><strong>de</strong></span> <span class='ocrx_word' id='word_1_740' title='bbox 2184 3193 2359 3248; x_wconf 88' lang='lat' dir='ltr'><strong>Verbo</strong></span> <span class='ocrx_word' id='word_1_741' title='bbox 2389 3197 2705 3252; x_wconf 85' lang='lat' dir='ltr'><strong>asseruisse.</strong></span> 
     </span>
    </p>
   </div>
   <div class='ocr_carea' id='block_1_99' title="bbox 1959 3282 3478 3358">
    <p class='ocr_par' dir='ltr' id='par_1_99' title="bbox 1959 3282 3478 3358">
     <span class='ocr_line' id='line_1_101' title="bbox 1959 3282 3478 3358; baseline 0.001 -21"><span class='ocrx_word' id='word_1_742' title='bbox 1959 3282 2030 3358; x_wconf 55' lang='grc' dir='ltr'><strong>Χἶ</strong></span> <span class='ocrx_word' id='word_1_743' title='bbox 2056 3283 2247 3339; x_wconf 79' lang='lat' dir='ltr'><strong>Ariani</strong></span> <span class='ocrx_word' id='word_1_744' title='bbox 2276 3295 2515 3342; x_wconf 77' lang='lat' dir='ltr'><strong>statuunt</strong></span> <span class='ocrx_word' id='word_1_745' title='bbox 2555 3288 2779 3343; x_wconf 84' lang='lat' dir='ltr'><strong>Verbum</strong></span> <span class='ocrx_word' id='word_1_746' title='bbox 2803 3289 2936 3345; x_wconf 84' lang='lat' dir='ltr'><strong>vices</strong></span> <span class='ocrx_word' id='word_1_747' title='bbox 2968 3290 3160 3344; x_wconf 78' lang='lat' dir='ltr'><strong>anima:</strong></span> <span class='ocrx_word' id='word_1_748' title='bbox 3207 3288 3371 3358; x_wconf 80' lang='lat' dir='ltr'><strong>egisse</strong></span> <span class='ocrx_word' id='word_1_749' title='bbox 3420 3286 3478 3339; x_wconf 88' lang='lat' dir='ltr'><strong>in</strong></span> 
     </span>
    </p>
   </div>
   <div class='ocr_carea' id='block_1_100' title="bbox 1889 3356 3478 3440">
    <p class='ocr_par' dir='ltr' id='par_1_100' title="bbox 1889 3356 3478 3440">
     <span class='ocr_line' id='line_1_102' title="bbox 1889 3356 3478 3440; baseline 0.002 -33"><span class='ocrx_word' id='word_1_750' title='bbox 1889 3356 2099 3440; x_wconf 57' lang='lat' dir='ltr'><strong>nomine</strong></span> <span class='ocrx_word' id='word_1_751' title='bbox 2135 3367 2423 3440; x_wconf 63' lang='lat' dir='ltr'><strong>assumpto.</strong></span> <span class='ocrx_word' id='word_1_752' title='bbox 2446 3389 2517 3440; x_wconf 56' lang='grc' dir='ltr'><strong>τέ</strong></span> <span class='ocrx_word' id='word_1_753' title='bbox 2538 3358 2699 3415; x_wconf 83' lang='lat' dir='ltr'><strong>Hisce</strong></span> <span class='ocrx_word' id='word_1_754' title='bbox 2721 3360 3185 3440; x_wconf 41' lang='lat' dir='ltr'><strong>erroribus-alium</strong></span> <span class='ocrx_word' id='word_1_755' title='bbox 3207 3356 3388 3440; x_wconf 71' lang='lat' dir='ltr'><strong>adhuc</strong></span> <span class='ocrx_word' id='word_1_756' title='bbox 3409 3371 3478 3438; x_wconf 72' lang='lat' dir='ltr'><strong>ex</strong></span> 
     </span>
    </p>
   </div>
   <div class='ocr_carea' id='block_1_101' title="bbox 1889 3425 3475 3495">
    <p class='ocr_par' dir='ltr' id='par_1_101' title="bbox 1889 3425 3475 3495">
     <span class='ocr_line' id='line_1_103' title="bbox 1889 3425 3475 3495; baseline 0.002 -18"><span class='ocrx_word' id='word_1_757' title='bbox 1889 3425 2194 3495; x_wconf 85' lang='lat' dir='ltr'><strong>prioribus,</strong></span> <span class='ocrx_word' id='word_1_758' title='bbox 2243 3425 2322 3481; x_wconf 88' lang='lat' dir='ltr'><strong>uti</strong></span> <span class='ocrx_word' id='word_1_759' title='bbox 2373 3429 2605 3495; x_wconf 87' lang='lat' dir='ltr'><strong>videtur,</strong></span> <span class='ocrx_word' id='word_1_760' title='bbox 2666 3440 2849 3486; x_wconf 89' lang='lat' dir='ltr'><strong>natum</strong></span> <span class='ocrx_word' id='word_1_761' title='bbox 2898 3431 3220 3486; x_wconf 89' lang='lat' dir='ltr'><strong>addiderunt</strong></span> <span class='ocrx_word' id='word_1_762' title='bbox 3264 3427 3475 3492; x_wconf 87' lang='lat' dir='ltr'><strong>Ariani,</strong></span> 
     </span>
    </p>
   </div>
   <div class='ocr_carea' id='block_1_102' title="bbox 1891 3495 3475 3569">
    <p class='ocr_par' dir='ltr' id='par_1_102' title="bbox 1891 3495 3475 3569">
     <span class='ocr_line' id='line_1_104' title="bbox 1891 3495 3475 3569; baseline 0.008 -21"><span class='ocrx_word' id='word_1_763' title='bbox 1891 3495 2143 3569; x_wconf 78' lang='lat' dir='ltr'><strong>quemS.</strong></span> <span class='ocrx_word' id='word_1_764' title='bbox 2176 3496 2505 3555; x_wconf 86' lang='lat' dir='ltr'><strong>Athanasius</strong></span> <span class='ocrx_word' id='word_1_765' title='bbox 2550 3501 2642 3555; x_wconf 91' lang='lat' dir='ltr'><strong>lib.</strong></span> <span class='ocrx_word' id='word_1_766' title='bbox 2691 3518 2731 3556; x_wconf 89' lang='grc' dir='ltr'><strong>ιι</strong></span> <span class='ocrx_word' id='word_1_767' title='bbox 2782 3503 3041 3557; x_wconf 87' lang='lat' dir='ltr'><strong>adversus</strong></span> <span class='ocrx_word' id='word_1_768' title='bbox 3087 3499 3475 3569; x_wconf 73' lang='lat' dir='ltr'><strong>Apollinarem.</strong></span> 
     </span>
    </p>
   </div>
   <div class='ocr_carea' id='block_1_103' title="bbox 1892 3566 3479 3628">
    <p class='ocr_par' dir='ltr' id='par_1_103' title="bbox 1892 3566 3479 3628">
     <span class='ocr_line' id='line_1_105' title="bbox 1892 3566 3479 3628; baseline 0.001 -7"><span class='ocrx_word' id='word_1_769' title='bbox 1892 3582 1947 3621; x_wconf 92' lang='grc' dir='ltr'>ιι.</span> <span class='ocrx_word' id='word_1_770' title='bbox 1972 3567 2025 3627; x_wconf 74' lang='grc' dir='ltr'><strong>ὅ,</strong></span> <span class='ocrx_word' id='word_1_771' title='bbox 2055 3567 2137 3620; x_wconf 87' lang='lat' dir='ltr'><strong>his</strong></span> <span class='ocrx_word' id='word_1_772' title='bbox 2163 3570 2345 3623; x_wconf 87' lang='lat' dir='ltr'><strong>verbis</strong></span> <span class='ocrx_word' id='word_1_773' title='bbox 2375 3571 2543 3625; x_wconf 87' lang='lat' dir='ltr'><strong>refert</strong></span> <span class='ocrx_word' id='word_1_774' title='bbox 2567 3590 2579 3624; x_wconf 89' lang='lat'><strong>:</strong></span> <span class='ocrx_word' id='word_1_775' title='bbox 2619 3591 2639 3623; x_wconf 86' lang='grc'><em>‹</em></span> <span class='ocrx_word' id='word_1_776' title='bbox 2673 3572 2836 3627; x_wconf 86' lang='lat' dir='ltr'><strong>Arius</strong></span> <span class='ocrx_word' id='word_1_777' title='bbox 2858 3586 3079 3628; x_wconf 89' lang='lat' dir='ltr'><strong>carnem</strong></span> <span class='ocrx_word' id='word_1_778' title='bbox 3104 3566 3272 3625; x_wconf 85' lang='lat' dir='ltr'><strong>solam</strong></span> <span class='ocrx_word' id='word_1_779' title='bbox 3296 3566 3362 3623; x_wconf 89' lang='lat' dir='ltr'><strong>ad</strong></span> <span class='ocrx_word' id='word_1_780' title='bbox 3387 3582 3479 3623; x_wconf 90' lang='lat' dir='ltr'><strong>oc-</strong></span> 
     </span>
    </p>
   </div>
   <div class='ocr_carea' id='block_1_104' title="bbox 1894 3636 3479 3710">
    <p class='ocr_par' dir='ltr' id='par_1_104' title="bbox 1894 3636 3479 3710">
     <span class='ocr_line' id='line_1_106' title="bbox 1894 3636 3479 3710; baseline 0.002 -19"><span class='ocrx_word' id='word_1_781' title='bbox 1894 3636 2244 3710; x_wconf 81' lang='lat' dir='ltr'><strong>cultationem</strong></span> <span class='ocrx_word' id='word_1_782' title='bbox 2274 3639 2573 3697; x_wconf 86' lang='lat' dir='ltr'><strong>divinitatis</strong></span> <span class='ocrx_word' id='word_1_783' title='bbox 2603 3643 2918 3710; x_wconf 87' lang='lat' dir='ltr'><strong>confitetur;</strong></span> <span class='ocrx_word' id='word_1_784' title='bbox 2973 3642 3091 3697; x_wconf 84' lang='lat' dir='ltr'><strong>vice</strong></span> <span class='ocrx_word' id='word_1_785' title='bbox 3118 3650 3297 3695; x_wconf 86' lang='lat' dir='ltr'><strong>autem</strong></span> <span class='ocrx_word' id='word_1_786' title='bbox 3339 3638 3479 3694; x_wconf 89' lang='lat' dir='ltr'><strong>inte-</strong></span> 
     </span>
    </p>
   </div>
   <div class='ocr_carea' id='block_1_105' title="bbox 1894 3707 3474 3776">
    <p class='ocr_par' dir='ltr' id='par_1_105' title="bbox 1894 3707 3474 3776">
     <span class='ocr_line' id='line_1_107' title="bbox 1894 3707 3474 3776; baseline 0.001 -16"><span class='ocrx_word' id='word_1_787' title='bbox 1894 3707 2057 3762; x_wconf 87' lang='lat' dir='ltr'><strong>rioris</strong></span> <span class='ocrx_word' id='word_1_788' title='bbox 2085 3710 2256 3763; x_wconf 90' lang='lat' dir='ltr'><strong>nostri</strong></span> <span class='ocrx_word' id='word_1_789' title='bbox 2301 3710 2557 3776; x_wconf 90' lang='lat' dir='ltr'><strong>hominis,</strong></span> <span class='ocrx_word' id='word_1_790' title='bbox 2588 3713 2640 3767; x_wconf 87' lang='lat' dir='ltr'><strong>id</strong></span> <span class='ocrx_word' id='word_1_791' title='bbox 2672 3724 2754 3768; x_wconf 90' lang='lat' dir='ltr'><strong>est</strong></span> <span class='ocrx_word' id='word_1_792' title='bbox 2786 3707 2998 3775; x_wconf 69' lang='lat' dir='ltr'><strong>animm,</strong></span> <span class='ocrx_word' id='word_1_793' title='bbox 3034 3713 3271 3767; x_wconf 88' lang='lat' dir='ltr'><strong>Verbum</strong></span> <span class='ocrx_word' id='word_1_794' title='bbox 3299 3710 3375 3763; x_wconf 87' lang='lat' dir='ltr'><strong>ait</strong></span> <span class='ocrx_word' id='word_1_795' title='bbox 3420 3709 3474 3762; x_wconf 90' lang='lat' dir='ltr'><strong>in</strong></span> 
     </span>
    </p>
   </div>
   <div class='ocr_carea' id='block_1_106' title="bbox 1896 3779 3483 3850">
    <p class='ocr_par' dir='ltr' id='par_1_106' title="bbox 1896 3779 3483 3850">
     <span class='ocr_line' id='line_1_108' title="bbox 1896 3779 3483 3850; baseline -0.001 -17"><span class='ocrx_word' id='word_1_796' title='bbox 1896 3793 2062 3833; x_wconf 84' lang='lat' dir='ltr'><strong>carne</strong></span> <span class='ocrx_word' id='word_1_797' title='bbox 2089 3780 2385 3850; x_wconf 76' lang='lat' dir='ltr'><strong>exstitisse,</strong></span> <span class='ocrx_word' id='word_1_798' title='bbox 2413 3784 2719 3850; x_wconf 89' lang='lat' dir='ltr'><strong>passionem</strong></span> <span class='ocrx_word' id='word_1_799' title='bbox 2745 3793 2799 3840; x_wconf 90' lang='lat' dir='ltr'><strong>et</strong></span> <span class='ocrx_word' id='word_1_800' title='bbox 2822 3786 2887 3838; x_wconf 92' lang='lat' dir='ltr'><strong>ab</strong></span> <span class='ocrx_word' id='word_1_801' title='bbox 2914 3784 3101 3839; x_wconf 89' lang='lat' dir='ltr'><strong>inferis</strong></span> <span class='ocrx_word' id='word_1_802' title='bbox 3128 3779 3483 3850; x_wconf 87' lang='lat' dir='ltr'><strong>resurrectio-</strong></span> 
     </span>
    </p>
   </div>
   <div class='ocr_carea' id='block_1_107' title="bbox 1898 3849 3483 3920">
    <p class='ocr_par' dir='ltr' id='par_1_107' title="bbox 1898 3849 3483 3920">
     <span class='ocr_line' id='line_1_109' title="bbox 1898 3849 3483 3920; baseline -0.001 -18"><span class='ocrx_word' id='word_1_803' title='bbox 1898 3863 2021 3920; x_wconf 87' lang='lat' dir='ltr'><strong>nem</strong></span> <span class='ocrx_word' id='word_1_804' title='bbox 2068 3849 2334 3904; x_wconf 88' lang='lat' dir='ltr'><strong>divinitati</strong></span> <span class='ocrx_word' id='word_1_805' title='bbox 2385 3849 2658 3909; x_wconf 85' lang='lat' dir='ltr'><strong>ascribere</strong></span> <span class='ocrx_word' id='word_1_806' title='bbox 2713 3870 2895 3909; x_wconf 88' lang='lat' dir='ltr'><strong>ausus.</strong></span> <span class='ocrx_word' id='word_1_807' title='bbox 2953 3875 2970 3905; x_wconf 78' lang='grc' dir='ltr'><strong>ι</strong></span> <span class='ocrx_word' id='word_1_808' title='bbox 3023 3851 3260 3908; x_wconf 85' lang='lat' dir='ltr'><strong>Verbum</strong></span> <span class='ocrx_word' id='word_1_809' title='bbox 3317 3849 3483 3920; x_wconf 82' lang='lat' dir='ltr'><strong>igitur</strong></span> 
     </span>
    </p>
   </div>
   <div class='ocr_carea' id='block_1_108' title="bbox 1899 3919 3481 3996">
    <p class='ocr_par' dir='ltr' id='par_1_108' title="bbox 1899 3919 3481 3996">
     <span class='ocr_line' id='line_1_110' title="bbox 1899 3919 3481 3996; baseline -0.001 -22"><span class='ocrx_word' id='word_1_810' title='bbox 1899 3919 2093 3996; x_wconf 70' lang='lat' dir='ltr'><strong>animm</strong></span> <span class='ocrx_word' id='word_1_811' title='bbox 2132 3921 2279 3996; x_wconf 78' lang='lat' dir='ltr'><strong>vices</strong></span> <span class='ocrx_word' id='word_1_812' title='bbox 2303 3921 2371 3996; x_wconf 62' lang='grc' dir='ltr'><strong>Δἰιι</strong></span> <span class='ocrx_word' id='word_1_813' title='bbox 2389 3923 2618 3996; x_wconf 62' lang='lat' dir='ltr'><strong>Christo</strong></span> <span class='ocrx_word' id='word_1_814' title='bbox 2640 3925 2974 3996; x_wconf 84' lang='lat' dir='ltr'><strong>supplevisse</strong></span> <span class='ocrx_word' id='word_1_815' title='bbox 3004 3919 3481 3981; x_wconf 38' lang='lat' dir='ltr'><strong>statuebant,’tum</strong></span> 
     </span>
    </p>
   </div>
   <div class='ocr_carea' id='block_1_109' title="bbox 1900 3990 3484 4060">
    <p class='ocr_par' dir='ltr' id='par_1_109' title="bbox 1900 3990 3484 4060">
     <span class='ocr_line' id='line_1_111' title="bbox 1900 3990 3484 4060; baseline -0.001 -16"><span class='ocrx_word' id='word_1_816' title='bbox 1900 3990 2042 4059; x_wconf 83' lang='lat' dir='ltr'><strong>quod</strong></span> <span class='ocrx_word' id='word_1_817' title='bbox 2070 3991 2270 4059; x_wconf 85' lang='lat' dir='ltr'><strong>passim</strong></span> <span class='ocrx_word' id='word_1_818' title='bbox 2300 3991 2355 4045; x_wconf 91' lang='lat' dir='ltr'><strong>in</strong></span> <span class='ocrx_word' id='word_1_819' title='bbox 2384 3991 2681 4060; x_wconf 88' lang='lat' dir='ltr'><strong>Scripturis</strong></span> <span class='ocrx_word' id='word_1_820' title='bbox 2709 3990 2923 4050; x_wconf 80' lang='lat' dir='ltr'><strong>dolores</strong></span> <span class='ocrx_word' id='word_1_821' title='bbox 2943 4037 2957 4060; x_wconf 96' lang='lat'><strong>,</strong></span> <span class='ocrx_word' id='word_1_822' title='bbox 2991 4008 3139 4048; x_wconf 90' lang='lat' dir='ltr'><strong>mors</strong></span> <span class='ocrx_word' id='word_1_823' title='bbox 3170 4008 3231 4046; x_wconf 91' lang='lat' dir='ltr'><strong>ac</strong></span> <span class='ocrx_word' id='word_1_824' title='bbox 3273 3997 3484 4045; x_wconf 71' lang='lat' dir='ltr'><strong>czetera:</strong></span> 
     </span>
    </p>
   </div>
   <div class='ocr_carea' id='block_1_110' title="bbox 1902 4010 3482 4123">
    <p class='ocr_par' dir='ltr' id='par_1_110' title="bbox 1902 4010 3482 4123">
     <span class='ocr_line' id='line_1_112' title="bbox 1902 4010 3482 4060; baseline -0.001 -16"><span class='ocrx_word' id='word_1_825' title='bbox 1902 4010 2042 4059; x_wconf 82' lang='lat' dir='ltr'><strong>quou</strong></span> <span class='ocrx_word' id='word_1_826' title='bbox 2070 4010 2270 4059; x_wconf 76' lang='lat' dir='ltr'><strong>passm!</strong></span> <span class='ocrx_word' id='word_1_827' title='bbox 2300 4010 2355 4045; x_wconf 81' lang='lat' dir='ltr'><strong>in</strong></span> <span class='ocrx_word' id='word_1_828' title='bbox 2384 4010 2501 4047; x_wconf 69' lang='lat' dir='ltr'><strong>acri</strong></span> <span class='ocrx_word' id='word_1_829' title='bbox 2547 4010 2681 4050; x_wconf 81' lang='lat' dir='ltr'><strong>turis</strong></span> <span class='ocrx_word' id='word_1_830' title='bbox 2711 4010 2923 4050; x_wconf 83' lang='lat' dir='ltr'><strong>amores</strong></span> <span class='ocrx_word' id='word_1_831' title='bbox 2943 4037 2957 4060; x_wconf 95' lang='lat'><strong>,</strong></span> <span class='ocrx_word' id='word_1_832' title='bbox 2991 4010 3139 4048; x_wconf 90' lang='lat' dir='ltr'><strong>mors</strong></span> <span class='ocrx_word' id='word_1_833' title='bbox 3170 4010 3231 4046; x_wconf 90' lang='lat' dir='ltr'><strong>ac</strong></span> <span class='ocrx_word' id='word_1_834' title='bbox 3273 4010 3482 4045; x_wconf 70' lang='lat' dir='ltr'><strong>caetera:</strong></span> 
     </span>
     <span class='ocr_line' id='line_1_113' title="bbox 1902 4010 3482 4123; baseline -0.003 -7"><span class='ocrx_word' id='word_1_835' title='bbox 1902 4060 2247 4117; x_wconf 82' lang='lat' dir='ltr'><strong>infirmitates</strong></span> <span class='ocrx_word' id='word_1_836' title='bbox 2269 4072 2479 4117; x_wconf 54' lang='lat' dir='ltr'><strong>natura</strong></span> <span class='ocrx_word' id='word_1_837' title='bbox 2501 4010 2749 4120; x_wconf 59' lang='lat' dir='ltr'><strong>iiumanae</strong></span> <span class='ocrx_word' id='word_1_838' title='bbox 2780 4066 2917 4120; x_wconf 89' lang='lat' dir='ltr'><strong>Filio</strong></span> <span class='ocrx_word' id='word_1_839' title='bbox 2934 4065 3031 4119; x_wconf 86' lang='lat' dir='ltr'><strong>Dei</strong></span> <span class='ocrx_word' id='word_1_840' title='bbox 3058 4063 3482 4123; x_wconf 84' lang='lat' dir='ltr'><strong>ascriberentur,</strong></span> 
     </span>
    </p>
   </div>
   <div class='ocr_carea' id='block_1_111' title="bbox 1902 4129 3487 4203">
    <p class='ocr_par' dir='ltr' id='par_1_111' title="bbox 1902 4129 3487 4203">
     <span class='ocr_line' id='line_1_114' title="bbox 1902 4129 3487 4203; baseline -0.003 -18"><span class='ocrx_word' id='word_1_841' title='bbox 1902 4139 2017 4203; x_wconf 88' lang='lat' dir='ltr'><strong>tum</strong></span> <span class='ocrx_word' id='word_1_842' title='bbox 2064 4133 2226 4201; x_wconf 93' lang='lat' dir='ltr'><strong>quod,</strong></span> <span class='ocrx_word' id='word_1_843' title='bbox 2268 4141 2330 4187; x_wconf 90' lang='lat' dir='ltr'><strong>ut</strong></span> <span class='ocrx_word' id='word_1_844' title='bbox 2377 4141 2528 4188; x_wconf 91' lang='lat' dir='ltr'><strong>notat</strong></span> <span class='ocrx_word' id='word_1_845' title='bbox 2571 4136 2901 4191; x_wconf 88' lang='lat' dir='ltr'><strong>Athanasius</strong></span> <span class='ocrx_word' id='word_1_846' title='bbox 2941 4136 2993 4190; x_wconf 92' lang='lat' dir='ltr'><strong>in</strong></span> <span class='ocrx_word' id='word_1_847' title='bbox 3042 4134 3198 4203; x_wconf 86' lang='lat' dir='ltr'><strong>epist.</strong></span> <span class='ocrx_word' id='word_1_848' title='bbox 3233 4132 3296 4185; x_wconf 78' lang='lat' dir='ltr'><strong>ad</strong></span> <span class='ocrx_word' id='word_1_849' title='bbox 3327 4129 3487 4184; x_wconf 85' lang='lat' dir='ltr'><strong>Adel-</strong></span> 
     </span>
    </p>
   </div>
   <div class='ocr_carea' id='block_1_112' title="bbox 1901 4202 3486 4278">
    <p class='ocr_par' dir='ltr' id='par_1_112' title="bbox 1901 4202 3486 4278">
     <span class='ocr_line' id='line_1_115' title="bbox 1901 4202 3486 4278; baseline -0.001 -22"><span class='ocrx_word' id='word_1_850' title='bbox 1901 4202 2109 4278; x_wconf 84' lang='lat' dir='ltr'><strong>phium,</strong></span> <span class='ocrx_word' id='word_1_851' title='bbox 2137 4220 2191 4258; x_wconf 89' lang='grc' dir='ltr'>ιι.</span> <span class='ocrx_word' id='word_1_852' title='bbox 2222 4204 2272 4269; x_wconf 81' lang='grc'><strong>1,</strong></span> <span class='ocrx_word' id='word_1_853' title='bbox 2306 4205 2575 4278; x_wconf 86' lang='lat' dir='ltr'><strong>Christus,</strong></span> <span class='ocrx_word' id='word_1_854' title='bbox 2600 4208 2643 4262; x_wconf 93' lang='lat' dir='ltr'><strong>si</strong></span> <span class='ocrx_word' id='word_1_855' title='bbox 2668 4206 2935 4278; x_wconf 84' lang='lat' dir='ltr'><strong>perfectus</strong></span> <span class='ocrx_word' id='word_1_856' title='bbox 2961 4202 3123 4278; x_wconf 85' lang='lat' dir='ltr'><strong>homo</strong></span> <span class='ocrx_word' id='word_1_857' title='bbox 3163 4211 3325 4278; x_wconf 77' lang='lat' dir='ltr'><strong>esset,</strong></span> <span class='ocrx_word' id='word_1_858' title='bbox 3357 4216 3486 4278; x_wconf 60' lang='lat' dir='ltr'><strong>qua:</strong></span> 
     </span>
    </p>
   </div>
   <div class='ocr_carea' id='block_1_113' title="bbox 1906 4268 3491 4349">
    <p class='ocr_par' dir='ltr' id='par_1_113' title="bbox 1906 4268 3491 4349">
     <span class='ocr_line' id='line_1_116' title="bbox 1906 4268 3491 4349; baseline -0.001 -22"><span class='ocrx_word' id='word_1_859' title='bbox 1906 4268 2063 4349; x_wconf 75' lang='lat' dir='ltr'><strong>tenus</strong></span> <span class='ocrx_word' id='word_1_860' title='bbox 2086 4268 2483 4349; x_wconf 29' lang='lat' dir='ltr'><strong>homo&#39;adorari</strong></span> <span class='ocrx_word' id='word_1_861' title='bbox 2513 4268 2652 4331; x_wconf 86' lang='lat' dir='ltr'><strong>haud</strong></span> <span class='ocrx_word' id='word_1_862' title='bbox 2669 4268 2887 4349; x_wconf 72' lang='lat' dir='ltr'><strong>posset;</strong></span> <span class='ocrx_word' id='word_1_863' title='bbox 2923 4286 3035 4331; x_wconf 91' lang='lat' dir='ltr'><strong>tum</strong></span> <span class='ocrx_word' id='word_1_864' title='bbox 3067 4274 3323 4349; x_wconf 72' lang='lat' dir='ltr'><strong>denique,</strong></span> <span class='ocrx_word' id='word_1_865' title='bbox 3346 4268 3491 4341; x_wconf 73' lang='lat' dir='ltr'><strong>quod</strong></span> 
     </span>
    </p>
   </div>
   <div class='ocr_carea' id='block_1_114' title="bbox 1907 4343 3492 4423">
    <p class='ocr_par' dir='ltr' id='par_1_114' title="bbox 1907 4343 3492 4423">
     <span class='ocr_line' id='line_1_117' title="bbox 1907 4343 3492 4423; baseline 0 -26"><span class='ocrx_word' id='word_1_866' title='bbox 1907 4344 2013 4398; x_wconf 89' lang='lat' dir='ltr'><strong>duo</strong></span> <span class='ocrx_word' id='word_1_867' title='bbox 2034 4344 2272 4413; x_wconf 89' lang='lat' dir='ltr'><strong>perfecta</strong></span> <span class='ocrx_word' id='word_1_868' title='bbox 2298 4361 2466 4423; x_wconf 76' lang='lat' dir='ltr'><strong>unum</strong></span> <span class='ocrx_word' id='word_1_869' title='bbox 2510 4361 2630 4423; x_wconf 82' lang='lat' dir='ltr'><strong>esse</strong></span> <span class='ocrx_word' id='word_1_870' title='bbox 2666 4343 2971 4423; x_wconf 75' lang='lat' dir='ltr'><strong>nequirent,</strong></span> <span class='ocrx_word' id='word_1_871' title='bbox 3009 4362 3172 4423; x_wconf 79' lang='lat' dir='ltr'><strong>quam</strong></span> <span class='ocrx_word' id='word_1_872' title='bbox 3224 4343 3492 4423; x_wconf 74' lang='lat' dir='ltr'><strong>rationem</strong></span> 
     </span>
    </p>
   </div>
   <div class='ocr_carea' id='block_1_115' title="bbox 216 4410 3491 4495">
    <p class='ocr_par' dir='ltr' id='par_1_115' title="bbox 216 4410 3491 4495">
     <span class='ocr_line' id='line_1_118' title="bbox 216 4410 3491 4495; baseline -0.001 -26"><span class='ocrx_word' id='word_1_873' title='bbox 216 4418 289 4495; x_wconf 53' lang='lat' dir='ltr'><strong>Et</strong></span> <span class='ocrx_word' id='word_1_874' title='bbox 310 4410 1022 4495; x_wconf 38' lang='lat' dir='ltr'><strong>in‘epistolidesententia</strong></span> <span class='ocrx_word' id='word_1_875' title='bbox 1066 4410 1327 4488; x_wconf 73' lang='lat' dir='ltr'><strong>Dionysii,</strong></span> <span class='ocrx_word' id='word_1_876' title='bbox 1374 4410 1506 4495; x_wconf 74' lang='lat' dir='ltr'><strong>torni</strong></span> <span class='ocrx_word' id='word_1_877' title='bbox 1532 4416 1553 4471; x_wconf 80' lang='grc' dir='ltr'>Ι</span> <span class='ocrx_word' id='word_1_878' title='bbox 1579 4426 1737 4495; x_wconf 80' lang='lat' dir='ltr'><strong>parte</strong></span> <span class='ocrx_word' id='word_1_879' title='bbox 1761 4436 1800 4483; x_wconf 85' lang='lat'><strong>1,</strong></span> <span class='ocrx_word' id='word_1_880' title='bbox 1831 4432 1888 4495; x_wconf 74' lang='grc' dir='ltr'>ι)</span> <span class='ocrx_word' id='word_1_881' title='bbox 1910 4410 2061 4495; x_wconf 83' lang='lat' dir='ltr'><strong>suam</strong></span> <span class='ocrx_word' id='word_1_882' title='bbox 2085 4425 2272 4485; x_wconf 88' lang='lat' dir='ltr'><strong>postea</strong></span> <span class='ocrx_word' id='word_1_883' title='bbox 2303 4414 2549 4473; x_wconf 88' lang='lat' dir='ltr'><strong>fecerunt</strong></span> <span class='ocrx_word' id='word_1_884' title='bbox 2591 4410 2987 4491; x_wconf 69' lang='lat' dir='ltr'><strong>Apollinarista:</strong></span> <span class='ocrx_word' id='word_1_885' title='bbox 3006 4410 3187 4485; x_wconf 45' lang='lat' dir='ltr'><strong>{idem</strong></span> <span class='ocrx_word' id='word_1_886' title='bbox 3230 4410 3491 4484; x_wconf 82' lang='lat' dir='ltr'><strong>dogmati—</strong></span> 
     </span>
    </p>
   </div>
   <div class='ocr_carea' id='block_1_116' title="bbox 221 4484 1802 4559">
    <p class='ocr_par' dir='ltr' id='par_1_116' title="bbox 221 4484 1802 4559">
     <span class='ocr_line' id='line_1_119' title="bbox 221 4484 1802 4559; baseline 0.001 -17"><span class='ocrx_word' id='word_1_887' title='bbox 221 4484 477 4559; x_wconf 14' lang='lat'><strong>1017.258,</strong></span> <span class='ocrx_word' id='word_1_888' title='bbox 510 4503 563 4539; x_wconf 94' lang='lat' dir='ltr'><strong>n.</strong></span> <span class='ocrx_word' id='word_1_889' title='bbox 609 4486 699 4551; x_wconf 72' lang='lat'><strong>2&#39;5,</strong></span> <span class='ocrx_word' id='word_1_890' title='bbox 745 4487 858 4543; x_wconf 67' lang='lat' dir='ltr'><strong>haec</strong></span> <span class='ocrx_word' id='word_1_891' title='bbox 898 4492 1059 4543; x_wconf 85' lang='lat' dir='ltr'><strong>verba</strong></span> <span class='ocrx_word' id='word_1_892' title='bbox 1089 4484 1343 4559; x_wconf 80' lang='lat' dir='ltr'><strong>tanquam</strong></span> <span class='ocrx_word' id='word_1_893' title='bbox 1390 4489 1506 4559; x_wconf 88' lang='lat' dir='ltr'><strong>Arii</strong></span> <span class='ocrx_word' id='word_1_894' title='bbox 1547 4484 1802 4543; x_wconf 81' lang='lat' dir='ltr'><strong>adducit:</strong></span> 
     </span>
    </p>
   </div>
   <div class='ocr_carea' id='block_1_117' title="bbox 233 4558 1808 4628">
    <p class='ocr_par' dir='ltr' id='par_1_117' title="bbox 233 4558 1808 4628">
     <span class='ocr_line' id='line_1_120' title="bbox 233 4558 1808 4628; baseline 0.002 -17"><span class='ocrx_word' id='word_1_895' title='bbox 233 4578 252 4628; x_wconf 70' lang='grc' dir='ltr'>ε</span> <span class='ocrx_word' id='word_1_896' title='bbox 280 4558 522 4611; x_wconf 80' lang='lat' dir='ltr'><strong>Verbum</strong></span> <span class='ocrx_word' id='word_1_897' title='bbox 561 4572 667 4612; x_wconf 87' lang='lat' dir='ltr'><strong>non</strong></span> <span class='ocrx_word' id='word_1_898' title='bbox 697 4568 777 4611; x_wconf 88' lang='lat' dir='ltr'><strong>est</strong></span> <span class='ocrx_word' id='word_1_899' title='bbox 806 4561 1078 4628; x_wconf 88' lang='lat' dir='ltr'><strong>proprium</strong></span> <span class='ocrx_word' id='word_1_900' title='bbox 1120 4558 1287 4625; x_wconf 87' lang='lat' dir='ltr'><strong>Patri,</strong></span> <span class='ocrx_word' id='word_1_901' title='bbox 1339 4561 1431 4615; x_wconf 87' lang='lat' dir='ltr'><strong>sed</strong></span> <span class='ocrx_word' id='word_1_902' title='bbox 1456 4558 1599 4614; x_wconf 86' lang='lat' dir='ltr'><strong>aliud</strong></span> <span class='ocrx_word' id='word_1_903' title='bbox 1642 4567 1723 4613; x_wconf 88' lang='lat' dir='ltr'><strong>est</strong></span> <span class='ocrx_word' id='word_1_904' title='bbox 1754 4559 1808 4614; x_wconf 91' lang='lat' dir='ltr'><strong>in</strong></span> 
     </span>
    </p>
   </div>
   <div class='ocr_carea' id='block_1_118' title="bbox 228 4622 1810 4699">
    <p class='ocr_par' dir='ltr' id='par_1_118' title="bbox 228 4622 1810 4699">
     <span class='ocr_line' id='line_1_121' title="bbox 228 4622 1810 4699; baseline 0.004 -20"><span class='ocrx_word' id='word_1_905' title='bbox 228 4622 640 4699; x_wconf 71' lang='lat' dir='ltr'><strong>)eoVerbum;</strong></span> <span class='ocrx_word' id='word_1_906' title='bbox 689 4628 775 4699; x_wconf 75' lang='lat' dir='ltr'><strong>hic</strong></span> <span class='ocrx_word' id='word_1_907' title='bbox 800 4622 929 4682; x_wconf 71' lang='lat' dir='ltr'><strong>vero</strong></span> <span class='ocrx_word' id='word_1_908' title='bbox 967 4630 1225 4685; x_wconf 82' lang='lat' dir='ltr'><strong>Dominus</strong></span> <span class='ocrx_word' id='word_1_909' title='bbox 1267 4622 1558 4686; x_wconf 78' lang='lat' dir='ltr'><strong>extraneas</strong></span> <span class='ocrx_word' id='word_1_910' title='bbox 1594 4631 1810 4699; x_wconf 90' lang='lat' dir='ltr'><strong>quidem</strong></span> 
     </span>
    </p>
   </div>
   <div class='ocr_carea' id='block_1_119' title="bbox 220 4696 1813 4767">
    <p class='ocr_par' dir='ltr' id='par_1_119' title="bbox 220 4696 1813 4767">
     <span class='ocr_line' id='line_1_122' title="bbox 220 4696 1813 4767; baseline -0.001 -11"><span class='ocrx_word' id='word_1_911' title='bbox 220 4709 276 4756; x_wconf 89' lang='lat' dir='ltr'><strong>et</strong></span> <span class='ocrx_word' id='word_1_912' title='bbox 299 4698 512 4752; x_wconf 88' lang='lat' dir='ltr'><strong>alienus</strong></span> <span class='ocrx_word' id='word_1_913' title='bbox 534 4705 619 4753; x_wconf 88' lang='lat' dir='ltr'><strong>est</strong></span> <span class='ocrx_word' id='word_1_914' title='bbox 645 4715 674 4751; x_wconf 91' lang='lat' dir='ltr'><strong>a</strong></span> <span class='ocrx_word' id='word_1_915' title='bbox 702 4696 877 4753; x_wconf 87' lang='lat' dir='ltr'><strong>Patris</strong></span> <span class='ocrx_word' id='word_1_916' title='bbox 904 4702 1225 4767; x_wconf 85' lang='lat' dir='ltr'><strong>substantia,</strong></span> <span class='ocrx_word' id='word_1_917' title='bbox 1257 4710 1311 4755; x_wconf 80' lang='lat' dir='ltr'><strong>et</strong></span> <span class='ocrx_word' id='word_1_918' title='bbox 1338 4696 1813 4756; x_wconf 49' lang='lat' dir='ltr'><strong>duntaxat&#39;secun—</strong></span> 
     </span>
    </p>
   </div>
   <div class='ocr_carea' id='block_1_120' title="bbox 222 4768 1815 4839">
    <p class='ocr_par' dir='ltr' id='par_1_120' title="bbox 222 4768 1815 4839">
     <span class='ocr_line' id='line_1_123' title="bbox 222 4768 1815 4839; baseline 0.001 -14"><span class='ocrx_word' id='word_1_919' title='bbox 222 4771 353 4825; x_wconf 89' lang='lat' dir='ltr'><strong>dum</strong></span> <span class='ocrx_word' id='word_1_920' title='bbox 401 4768 677 4839; x_wconf 84' lang='lat' dir='ltr'><strong>cogitandi</strong></span> <span class='ocrx_word' id='word_1_921' title='bbox 709 4772 925 4824; x_wconf 90' lang='lat' dir='ltr'><strong>modum</strong></span> <span class='ocrx_word' id='word_1_922' title='bbox 971 4772 1169 4826; x_wconf 77' lang='lat' dir='ltr'><strong>dicitur</strong></span> <span class='ocrx_word' id='word_1_923' title='bbox 1210 4774 1465 4835; x_wconf 84' lang='lat' dir='ltr'><strong>Verbum,</strong></span> <span class='ocrx_word' id='word_1_924' title='bbox 1514 4779 1700 4827; x_wconf 89' lang='lat' dir='ltr'><strong>etnon</strong></span> <span class='ocrx_word' id='word_1_925' title='bbox 1732 4779 1815 4826; x_wconf 87' lang='lat' dir='ltr'><strong>est</strong></span> 
     </span>
    </p>
   </div>
   <div class='ocr_carea' id='block_1_121' title="bbox 222 4840 1818 4916">
    <p class='ocr_par' dir='ltr' id='par_1_121' title="bbox 222 4840 1818 4916">
     <span class='ocr_line' id='line_1_124' title="bbox 222 4840 1818 4916; baseline 0.003 -24"><span class='ocrx_word' id='word_1_926' title='bbox 222 4840 522 4916; x_wconf 79' lang='lat' dir='ltr'><strong>secundum</strong></span> <span class='ocrx_word' id='word_1_927' title='bbox 549 4849 797 4916; x_wconf 77' lang='lat' dir='ltr'><strong>naturam</strong></span> <span class='ocrx_word' id='word_1_928' title='bbox 820 4857 883 4916; x_wconf 90' lang='lat' dir='ltr'><strong>ac</strong></span> <span class='ocrx_word' id='word_1_929' title='bbox 913 4858 1073 4916; x_wconf 76' lang='lat' dir='ltr'><strong>verus</strong></span> <span class='ocrx_word' id='word_1_930' title='bbox 1088 4842 1180 4896; x_wconf 90' lang='lat' dir='ltr'><strong>Dei</strong></span> <span class='ocrx_word' id='word_1_931' title='bbox 1203 4843 1366 4916; x_wconf 63' lang='grc'><strong>941</strong></span> <span class='ocrx_word' id='word_1_932' title='bbox 1390 4843 1588 4916; x_wconf 62' lang='lat' dir='ltr'><strong>Pilius:</strong></span> <span class='ocrx_word' id='word_1_933' title='bbox 1612 4843 1704 4916; x_wconf 82' lang='lat' dir='ltr'><strong>sed</strong></span> <span class='ocrx_word' id='word_1_934' title='bbox 1721 4857 1818 4912; x_wconf 90' lang='lat' dir='ltr'><strong>per</strong></span> 
     </span>
    </p>
   </div>
   <div class='ocr_carea' id='block_1_122' title="bbox 223 4911 1811 4984">
    <p class='ocr_par' dir='ltr' id='par_1_122' title="bbox 223 4911 1811 4984">
     <span class='ocr_line' id='line_1_125' title="bbox 223 4911 1811 4984; baseline 0.002 -21"><span class='ocrx_word' id='word_1_935' title='bbox 223 4912 574 4984; x_wconf 76' lang='lat' dir='ltr'><strong>adoptionem</strong></span> <span class='ocrx_word' id='word_1_936' title='bbox 605 4911 755 4984; x_wconf 62' lang='grc' dir='ltr'><strong>(κατὰ</strong></span> <span class='ocrx_word' id='word_1_937' title='bbox 779 4912 932 4981; x_wconf 78' lang='grc' dir='ltr'><strong>θέσιν)</strong></span> <span class='ocrx_word' id='word_1_938' title='bbox 962 4914 1051 4968; x_wconf 91' lang='lat' dir='ltr'><strong>hic</strong></span> <span class='ocrx_word' id='word_1_939' title='bbox 1090 4911 1304 4984; x_wconf 61' lang='lat' dir='ltr'><strong>quoq&#39;ué</strong></span> <span class='ocrx_word' id='word_1_940' title='bbox 1327 4911 1498 4969; x_wconf 83' lang='lat' dir='ltr'><strong>Filius</strong></span> <span class='ocrx_word' id='word_1_941' title='bbox 1541 4911 1759 4968; x_wconf 85' lang='lat' dir='ltr'><strong>dicitur.</strong></span> <span class='ocrx_word' id='word_1_942' title='bbox 1793 4933 1811 4965; x_wconf 79' lang='grc' dir='ltr'><strong>ι</strong></span> 
     </span>
    </p>
   </div>
   <div class='ocr_carea' id='block_1_123' title="bbox 224 4982 1822 5054">
    <p class='ocr_par' dir='ltr' id='par_1_123' title="bbox 224 4982 1822 5054">
     <span class='ocr_line' id='line_1_126' title="bbox 224 4982 1822 5054; baseline 0.001 -19"><span class='ocrx_word' id='word_1_943' title='bbox 224 4982 369 5040; x_wconf 83' lang='lat' dir='ltr'><strong>Alia.</strong></span> <span class='ocrx_word' id='word_1_944' title='bbox 405 4997 527 5051; x_wconf 64' lang='lat' dir='ltr'><strong>quae</strong></span> <span class='ocrx_word' id='word_1_945' title='bbox 558 4983 611 5054; x_wconf 85' lang='lat' dir='ltr'><strong>in</strong></span> <span class='ocrx_word' id='word_1_946' title='bbox 652 4982 791 5037; x_wconf 84' lang='lat' dir='ltr'><strong>hanc</strong></span> <span class='ocrx_word' id='word_1_947' title='bbox 828 4999 940 5037; x_wconf 82' lang='lat' dir='ltr'><strong>rem</strong></span> <span class='ocrx_word' id='word_1_948' title='bbox 968 4982 1149 5039; x_wconf 80' lang='lat' dir='ltr'><strong>alTerri</strong></span> <span class='ocrx_word' id='word_1_949' title='bbox 1191 4982 1361 5040; x_wconf 86' lang='lat' dir='ltr'><strong>adhuc</strong></span> <span class='ocrx_word' id='word_1_950' title='bbox 1389 4991 1628 5054; x_wconf 88' lang='lat' dir='ltr'><strong>possent,</strong></span> <span class='ocrx_word' id='word_1_951' title='bbox 1674 4984 1822 5038; x_wconf 83' lang='lat' dir='ltr'><strong>testi-</strong></span> 
     </span>
    </p>
   </div>
   <div class='ocr_carea' id='block_1_124' title="bbox 226 5053 1823 5119">
    <p class='ocr_par' dir='ltr' id='par_1_124' title="bbox 226 5053 1823 5119">
     <span class='ocr_line' id='line_1_127' title="bbox 226 5053 1823 5119; baseline -0.001 -10"><span class='ocrx_word' id='word_1_952' title='bbox 226 5055 411 5109; x_wconf 87' lang='lat' dir='ltr'><strong>monia</strong></span> <span class='ocrx_word' id='word_1_953' title='bbox 443 5053 721 5108; x_wconf 76' lang='lat' dir='ltr'><strong>brevitatis</strong></span> <span class='ocrx_word' id='word_1_954' title='bbox 761 5068 921 5109; x_wconf 87' lang='lat' dir='ltr'><strong>causa</strong></span> <span class='ocrx_word' id='word_1_955' title='bbox 949 5055 1273 5119; x_wconf 89' lang='lat' dir='ltr'><strong>omittimus,</strong></span> <span class='ocrx_word' id='word_1_956' title='bbox 1306 5053 1429 5111; x_wconf 87' lang='lat' dir='ltr'><strong>cum</strong></span> <span class='ocrx_word' id='word_1_957' title='bbox 1471 5071 1538 5110; x_wconf 83' lang='lat' dir='ltr'><strong>ex</strong></span> <span class='ocrx_word' id='word_1_958' title='bbox 1565 5055 1649 5109; x_wconf 90' lang='lat' dir='ltr'><strong>his</strong></span> <span class='ocrx_word' id='word_1_959' title='bbox 1688 5053 1823 5108; x_wconf 84' lang='lat' dir='ltr'><strong>satis</strong></span> 
     </span>
    </p>
   </div>
   <div class='ocr_carea' id='block_1_125' title="bbox 229 5124 1824 5195">
    <p class='ocr_par' dir='ltr' id='par_1_125' title="bbox 229 5124 1824 5195">
     <span class='ocr_line' id='line_1_128' title="bbox 229 5124 1824 5195; baseline 0.001 -18"><span class='ocrx_word' id='word_1_960' title='bbox 229 5138 505 5192; x_wconf 80' lang='lat' dir='ltr'><strong>superque</strong></span> <span class='ocrx_word' id='word_1_961' title='bbox 563 5132 745 5195; x_wconf 85' lang='lat' dir='ltr'><strong>pateat</strong></span> <span class='ocrx_word' id='word_1_962' title='bbox 800 5124 1030 5180; x_wconf 88' lang='lat' dir='ltr'><strong>Arianos</strong></span> <span class='ocrx_word' id='word_1_963' title='bbox 1092 5126 1421 5195; x_wconf 76' lang='lat' dir='ltr'><strong>adoptionem</strong></span> <span class='ocrx_word' id='word_1_964' title='bbox 1487 5125 1585 5195; x_wconf 90' lang='lat' dir='ltr'><strong>ipsi</strong></span> <span class='ocrx_word' id='word_1_965' title='bbox 1646 5124 1824 5180; x_wconf 88' lang='lat' dir='ltr'><strong>Verbo</strong></span> 
     </span>
    </p>
   </div>
   <div class='ocr_carea' id='block_1_126' title="bbox 233 5194 1823 5266">
    <p class='ocr_par' dir='ltr' id='par_1_126' title="bbox 233 5194 1823 5266">
     <span class='ocr_line' id='line_1_129' title="bbox 233 5194 1823 5266; baseline 0.001 -18"><span class='ocrx_word' id='word_1_966' title='bbox 233 5195 556 5266; x_wconf 82' lang='lat' dir='ltr'><strong>ascripsisse</strong></span> <span class='ocrx_word' id='word_1_967' title='bbox 580 5234 596 5259; x_wconf 92' lang='lat'><strong>,</strong></span> <span class='ocrx_word' id='word_1_968' title='bbox 641 5195 705 5266; x_wconf 81' lang='lat' dir='ltr'><strong>in</strong></span> <span class='ocrx_word' id='word_1_969' title='bbox 750 5195 903 5262; x_wconf 88' lang='lat' dir='ltr'><strong>cujus</strong></span> <span class='ocrx_word' id='word_1_970' title='bbox 947 5196 1164 5263; x_wconf 90' lang='lat' dir='ltr'><strong>quidem</strong></span> <span class='ocrx_word' id='word_1_971' title='bbox 1200 5194 1402 5251; x_wconf 85' lang='lat' dir='ltr'><strong>erroris</strong></span> <span class='ocrx_word' id='word_1_972' title='bbox 1440 5194 1823 5266; x_wconf 83' lang='lat' dir='ltr'><strong>patrocinium,</strong></span> 
     </span>
    </p>
   </div>
   <div class='ocr_carea' id='block_1_127' title="bbox 231 5265 1823 5337">
    <p class='ocr_par' dir='ltr' id='par_1_127' title="bbox 231 5265 1823 5337">
     <span class='ocr_line' id='line_1_130' title="bbox 231 5265 1823 5337; baseline 0.001 -19"><span class='ocrx_word' id='word_1_973' title='bbox 231 5275 435 5334; x_wconf 72' lang='lat' dir='ltr'><strong>praeter</strong></span> <span class='ocrx_word' id='word_1_974' title='bbox 464 5265 601 5337; x_wconf 83' lang='lat' dir='ltr'><strong>alios</strong></span> <span class='ocrx_word' id='word_1_975' title='bbox 632 5265 924 5333; x_wconf 70' lang='lat' dir='ltr'><strong>Scriptura:</strong></span> <span class='ocrx_word' id='word_1_976' title='bbox 951 5274 1131 5321; x_wconf 74' lang='lat' dir='ltr'><strong>textus</strong></span> <span class='ocrx_word' id='word_1_977' title='bbox 1160 5283 1253 5322; x_wconf 86' lang='lat' dir='ltr'><strong>eos</strong></span> <span class='ocrx_word' id='word_1_978' title='bbox 1282 5265 1514 5322; x_wconf 75' lang='lat' dir='ltr'><strong>maxime</strong></span> <span class='ocrx_word' id='word_1_979' title='bbox 1534 5268 1823 5337; x_wconf 79' lang='lat' dir='ltr'><strong>urgebant,</strong></span> 
     </span>
    </p>
   </div>
   <div class='ocr_carea' id='block_1_128' title="bbox 234 5336 1830 5408">
    <p class='ocr_par' dir='ltr' id='par_1_128' title="bbox 234 5336 1830 5408">
     <span class='ocr_line' id='line_1_131' title="bbox 234 5336 1830 5408; baseline 0.002 -19"><span class='ocrx_word' id='word_1_980' title='bbox 234 5337 434 5408; x_wconf 74' lang='lat' dir='ltr'><strong>quibus</strong></span> <span class='ocrx_word' id='word_1_981' title='bbox 452 5336 689 5408; x_wconf 79' lang='lat' dir='ltr'><strong>Verbum</strong></span> <span class='ocrx_word' id='word_1_982' title='bbox 720 5337 957 5391; x_wconf 83' lang='lat' dir='ltr'><strong>divinum</strong></span> <span class='ocrx_word' id='word_1_983' title='bbox 986 5338 1359 5408; x_wconf 75' lang='lat' dir='ltr'><strong>primogenitus</strong></span> <span class='ocrx_word' id='word_1_984' title='bbox 1385 5338 1550 5391; x_wconf 85' lang='lat' dir='ltr'><strong>omnis</strong></span> <span class='ocrx_word' id='word_1_985' title='bbox 1573 5336 1830 5408; x_wconf 61' lang='lat' dir='ltr'><strong>creatura?</strong></span> 
     </span>
    </p>
   </div>
   <div class='ocr_carea' id='block_1_129' title="bbox 236 5405 1828 5530">
    <p class='ocr_par' dir='ltr' id='par_1_129' title="bbox 236 5405 1828 5530">
     <span class='ocr_line' id='line_1_132' title="bbox 236 5405 1828 5530; baseline 0.001 -71"><span class='ocrx_word' id='word_1_986' title='bbox 236 5406 487 5530; x_wconf 42' lang='lat' dir='ltr'><strong>gulosa.</strong></span> <span class='ocrx_word' id='word_1_987' title='bbox 514 5421 554 5471; x_wconf 90' lang='grc' dir='ltr'><strong>ι,</strong></span> <span class='ocrx_word' id='word_1_988' title='bbox 606 5406 731 5490; x_wconf 55' lang='grc' dir='ltr'><strong>Ιόξς</strong></span> <span class='ocrx_word' id='word_1_989' title='bbox 779 5405 1260 5492; x_wconf 50' lang='lat' dir='ltr'><strong>primogenitae“:</strong></span> <span class='ocrx_word' id='word_1_990' title='bbox 1302 5410 1523 5462; x_wconf 83' lang='lat' dir='ltr'><strong>mortuis</strong></span> <span class='ocrx_word' id='word_1_991' title='bbox 1563 5405 1751 5478; x_wconf 87' lang='lat' dir='ltr'><strong>(Ibid.,</strong></span> <span class='ocrx_word' id='word_1_992' title='bbox 1775 5422 1828 5460; x_wconf 88' lang='lat' dir='ltr'><strong>v.</strong></span> 
     </span>
     <span class='ocr_line' id='line_1_133' title="bbox 273 5477 1828 5530; baseline 0 0"><span class='ocrx_word' id='word_1_993' title='bbox 273 5478 328 5530; x_wconf 72' lang='lat' dir='ltr'><strong>8i</strong></span> <span class='ocrx_word' id='word_1_994' title='bbox 355 5494 371 5530; x_wconf 75' lang='grc' dir='ltr'><strong>Ζ</strong></span> <span class='ocrx_word' id='word_1_995' title='bbox 404 5488 779 5530; x_wconf 82' lang='lat' dir='ltr'><strong>rmmoaemtus</strong></span> <span class='ocrx_word' id='word_1_996' title='bbox 802 5496 857 5530; x_wconf 78' lang='grc' dir='ltr'><strong>ιιι</strong></span> <span class='ocrx_word' id='word_1_997' title='bbox 881 5478 1059 5530; x_wconf 82' lang='lat' dir='ltr'><strong>multis</strong></span> <span class='ocrx_word' id='word_1_998' title='bbox 1102 5477 1350 5530; x_wconf 75' lang='lat' dir='ltr'><strong>fratribus</strong></span> <span class='ocrx_word' id='word_1_999' title='bbox 1383 5478 1560 5530; x_wconf 88' lang='lat' dir='ltr'><strong>(Rom.</strong></span> <span class='ocrx_word' id='word_1_1000' title='bbox 1595 5493 1713 5530; x_wconf 83' lang='lat' dir='ltr'><strong>vm.</strong></span> <span class='ocrx_word' id='word_1_1001' title='bbox 1739 5480 1828 5530; x_wconf 71' lang='lat' dir='ltr'><strong>29I</strong></span> 
     </span>
    </p>
   </div>
   <div class='ocr_carea' id='block_1_130' title="bbox 273 5477 1831 5551">
    <p class='ocr_par' dir='ltr' id='par_1_130' title="bbox 273 5477 1831 5551">
     <span class='ocr_line' id='line_1_134' title="bbox 273 5477 1831 5551; baseline 0.002 -20"><span class='ocrx_word' id='word_1_1002' title='bbox 273 5478 328 5548; x_wconf 89' lang='lat'><strong>8)</strong></span> <span class='ocrx_word' id='word_1_1003' title='bbox 355 5494 371 5539; x_wconf 81' lang='lat'><strong>;</strong></span> <span class='ocrx_word' id='word_1_1004' title='bbox 404 5478 779 5551; x_wconf 75' lang='lat' dir='ltr'><strong>primogenitus</strong></span> <span class='ocrx_word' id='word_1_1005' title='bbox 802 5479 857 5533; x_wconf 84' lang='lat' dir='ltr'><strong>in</strong></span> <span class='ocrx_word' id='word_1_1006' title='bbox 881 5478 1059 5551; x_wconf 82' lang='lat' dir='ltr'><strong>multis</strong></span> <span class='ocrx_word' id='word_1_1007' title='bbox 1101 5477 1350 5551; x_wconf 74' lang='lat' dir='ltr'><strong>fratribus</strong></span> <span class='ocrx_word' id='word_1_1008' title='bbox 1383 5478 1560 5549; x_wconf 88' lang='lat' dir='ltr'><strong>(Rom.</strong></span> <span class='ocrx_word' id='word_1_1009' title='bbox 1595 5493 1713 5544; x_wconf 87' lang='lat' dir='ltr'><strong>vm,</strong></span> <span class='ocrx_word' id='word_1_1010' title='bbox 1739 5480 1831 5551; x_wconf 71' lang='lat'><strong>29)</strong></span> 
     </span>
    </p>
   </div>
   <div class='ocr_carea' id='block_1_131' title="bbox 237 5549 1833 5620">
    <p class='ocr_par' dir='ltr' id='par_1_131' title="bbox 237 5549 1833 5620">
     <span class='ocr_line' id='line_1_135' title="bbox 237 5549 1833 5620; baseline 0.004 -20"><span class='ocrx_word' id='word_1_1011' title='bbox 237 5549 600 5620; x_wconf 83' lang='lat' dir='ltr'><strong>enuntiatur;</strong></span> <span class='ocrx_word' id='word_1_1012' title='bbox 645 5563 766 5618; x_wconf 79' lang='lat' dir='ltr'><strong>quae</strong></span> <span class='ocrx_word' id='word_1_1013' title='bbox 789 5550 969 5604; x_wconf 89' lang='lat' dir='ltr'><strong>omnia</strong></span> <span class='ocrx_word' id='word_1_1014' title='bbox 1010 5550 1194 5605; x_wconf 84' lang='lat' dir='ltr'><strong>videre</strong></span> <span class='ocrx_word' id='word_1_1015' title='bbox 1235 5550 1361 5604; x_wconf 90' lang='lat' dir='ltr'><strong>licet</strong></span> <span class='ocrx_word' id='word_1_1016' title='bbox 1405 5549 1833 5620; x_wconf 12' lang='lat' dir='ltr'><strong>apudisanctum</strong></span> 
     </span>
    </p>
   </div>
   <div class='ocr_carea' id='block_1_132' title="bbox 238 5618 1833 5692">
    <p class='ocr_par' dir='ltr' id='par_1_132' title="bbox 238 5618 1833 5692">
     <span class='ocr_line' id='line_1_136' title="bbox 238 5618 1833 5692; baseline 0.006 -20"><span class='ocrx_word' id='word_1_1017' title='bbox 238 5618 602 5692; x_wconf 66' lang='lat' dir='ltr'><strong>Athanasium</strong></span> <span class='ocrx_word' id='word_1_1018' title='bbox 641 5627 781 5692; x_wconf 74' lang='lat' dir='ltr'><strong>orat.</strong></span> <span class='ocrx_word' id='word_1_1019' title='bbox 811 5620 846 5674; x_wconf 75' lang='lat'><strong>2</strong></span> <span class='ocrx_word' id='word_1_1020' title='bbox 875 5629 1065 5676; x_wconf 87' lang='lat' dir='ltr'><strong>contra</strong></span> <span class='ocrx_word' id='word_1_1021' title='bbox 1091 5620 1343 5689; x_wconf 87' lang='lat' dir='ltr'><strong>Arianos,</strong></span> <span class='ocrx_word' id='word_1_1022' title='bbox 1393 5618 1527 5678; x_wconf 80' lang='lat' dir='ltr'><strong>torni</strong></span> <span class='ocrx_word' id='word_1_1023' title='bbox 1552 5619 1574 5677; x_wconf 83' lang='grc' dir='ltr'>Ι</span> <span class='ocrx_word' id='word_1_1024' title='bbox 1603 5630 1763 5692; x_wconf 87' lang='lat' dir='ltr'><strong>parte</strong></span> <span class='ocrx_word' id='word_1_1025' title='bbox 1790 5640 1833 5692; x_wconf 89' lang='grc' dir='ltr'><strong>ι,</strong></span> 
     </span>
    </p>
   </div>
   <div class='ocr_carea' id='block_1_133' title="bbox 242 5687 1039 5765">
    <p class='ocr_par' dir='ltr' id='par_1_133' title="bbox 242 5687 1039 5765">
     <span class='ocr_line' id='line_1_137' title="bbox 242 5687 1039 5765; baseline -0.003 -18"><span class='ocrx_word' id='word_1_1026' title='bbox 242 5687 338 5747; x_wconf 81' lang='lat' dir='ltr'><strong>fol.</strong></span> <span class='ocrx_word' id='word_1_1027' title='bbox 368 5688 500 5759; x_wconf 75' lang='grc'><strong>551,</strong></span> <span class='ocrx_word' id='word_1_1028' title='bbox 524 5705 680 5747; x_wconf 76' lang='lat' dir='ltr'><strong>nam.</strong></span> <span class='ocrx_word' id='word_1_1029' title='bbox 706 5689 778 5748; x_wconf 82' lang='lat'><strong>65</strong></span> <span class='ocrx_word' id='word_1_1030' title='bbox 804 5698 859 5748; x_wconf 89' lang='lat' dir='ltr'><strong>et</strong></span> <span class='ocrx_word' id='word_1_1031' title='bbox 886 5706 1039 5765; x_wconf 86' lang='lat' dir='ltr'><strong>seqq.</strong></span> 
     </span>
    </p>
   </div>
   <div class='ocr_carea' id='block_1_134' title="bbox 1913 4494 2118 4542">
    <p class='ocr_par' dir='ltr' id='par_1_134' title="bbox 1913 4494 2118 4542">
     <span class='ocr_line' id='line_1_138' title="bbox 1913 4494 2118 4542; baseline -0.005 -1"><span class='ocrx_word' id='word_1_1032' title='bbox 1913 4494 2118 4542; x_wconf 87' lang='lat' dir='ltr'><strong>zantcs.</strong></span> 
     </span>
    </p>
   </div>
   <div class='ocr_carea' id='block_1_135' title="bbox 1983 4576 3497 4652">
    <p class='ocr_par' dir='ltr' id='par_1_135' title="bbox 1983 4576 3497 4652">
     <span class='ocr_line' id='line_1_139' title="bbox 1983 4576 3497 4652; baseline -0.001 -20"><span class='ocrx_word' id='word_1_1033' title='bbox 1983 4578 2074 4652; x_wconf 76' lang='lat' dir='ltr'><strong>XI.</strong></span> <span class='ocrx_word' id='word_1_1034' title='bbox 2110 4578 2333 4652; x_wconf 74' lang='lat' dir='ltr'><strong>Errores</strong></span> <span class='ocrx_word' id='word_1_1035' title='bbox 2360 4581 2453 4634; x_wconf 75' lang='lat' dir='ltr'><strong>Iros</strong></span> <span class='ocrx_word' id='word_1_1036' title='bbox 2494 4581 2571 4634; x_wconf 88' lang='lat' dir='ltr'><strong>ita</strong></span> <span class='ocrx_word' id='word_1_1037' title='bbox 2608 4581 2915 4652; x_wconf 71' lang='lat' dir='ltr'><strong>impugnari!</strong></span> <span class='ocrx_word' id='word_1_1038' title='bbox 2943 4581 3129 4651; x_wconf 81' lang='lat' dir='ltr'><strong>aliqui,</strong></span> <span class='ocrx_word' id='word_1_1039' title='bbox 3162 4588 3219 4634; x_wconf 80' lang='lat' dir='ltr'><strong>ut</strong></span> <span class='ocrx_word' id='word_1_1040' title='bbox 3261 4578 3396 4652; x_wconf 77' lang='lat' dir='ltr'><strong>duos</strong></span> <span class='ocrx_word' id='word_1_1041' title='bbox 3438 4576 3497 4630; x_wconf 84' lang='lat' dir='ltr'><strong>in</strong></span> 
     </span>
    </p>
   </div>
   <div class='ocr_carea' id='block_1_136' title="bbox 1914 4649 3498 4719">
    <p class='ocr_par' dir='ltr' id='par_1_136' title="bbox 1914 4649 3498 4719">
     <span class='ocr_line' id='line_1_140' title="bbox 1914 4649 3498 4719; baseline -0.002 -14"><span class='ocrx_word' id='word_1_1042' title='bbox 1914 4649 2121 4705; x_wconf 84' lang='lat' dir='ltr'><strong>Christo</strong></span> <span class='ocrx_word' id='word_1_1043' title='bbox 2145 4650 2285 4719; x_wconf 82' lang='lat' dir='ltr'><strong>ﬁlios</strong></span> <span class='ocrx_word' id='word_1_1044' title='bbox 2301 4660 2529 4705; x_wconf 85' lang='lat' dir='ltr'><strong>statuere</strong></span> <span class='ocrx_word' id='word_1_1045' title='bbox 2552 4649 2847 4706; x_wconf 70' lang='lat' dir='ltr'><strong>videantur.</strong></span> <span class='ocrx_word' id='word_1_1046' title='bbox 2870 4682 2946 4694; x_wconf 93' lang='lat'><strong>--</strong></span> <span class='ocrx_word' id='word_1_1047' title='bbox 2973 4649 3100 4707; x_wconf 67' lang='lat' dir='ltr'><strong>Hiec</strong></span> <span class='ocrx_word' id='word_1_1048' title='bbox 3123 4651 3307 4707; x_wconf 86' lang='lat' dir='ltr'><strong>omnia</strong></span> <span class='ocrx_word' id='word_1_1049' title='bbox 3335 4661 3498 4717; x_wconf 82' lang='lat' dir='ltr'><strong>porro</strong></span> 
     </span>
    </p>
   </div>
   <div class='ocr_carea' id='block_1_137' title="bbox 1915 4720 3499 4793">
    <p class='ocr_par' dir='ltr' id='par_1_137' title="bbox 1915 4720 3499 4793">
     <span class='ocr_line' id='line_1_141' title="bbox 1915 4720 3499 4793; baseline -0.004 -16"><span class='ocrx_word' id='word_1_1050' title='bbox 1915 4722 2040 4777; x_wconf 89' lang='lat' dir='ltr'><strong>dum</strong></span> <span class='ocrx_word' id='word_1_1051' title='bbox 2074 4720 2126 4793; x_wconf 80' lang='lat' dir='ltr'><strong>in</strong></span> <span class='ocrx_word' id='word_1_1052' title='bbox 2165 4722 2380 4793; x_wconf 85' lang='lat' dir='ltr'><strong>scriptis</strong></span> <span class='ocrx_word' id='word_1_1053' title='bbox 2410 4722 2522 4776; x_wconf 89' lang='lat' dir='ltr'><strong>suis</strong></span> <span class='ocrx_word' id='word_1_1054' title='bbox 2549 4722 2871 4790; x_wconf 88' lang='lat' dir='ltr'><strong>gravissimo</strong></span> <span class='ocrx_word' id='word_1_1055' title='bbox 2892 4732 3332 4793; x_wconf 83' lang='lat' dir='ltr'><strong>argumentorum</strong></span> <span class='ocrx_word' id='word_1_1056' title='bbox 3364 4734 3499 4793; x_wconf 82' lang='lat' dir='ltr'><strong>pon-</strong></span> 
     </span>
    </p>
   </div>
   <div class='ocr_carea' id='block_1_138' title="bbox 1917 4790 3500 4861">
    <p class='ocr_par' dir='ltr' id='par_1_138' title="bbox 1917 4790 3500 4861">
     <span class='ocr_line' id='line_1_142' title="bbox 1917 4790 3500 4861; baseline -0.003 -13"><span class='ocrx_word' id='word_1_1057' title='bbox 1917 4794 2046 4848; x_wconf 90' lang='lat' dir='ltr'><strong>dere</strong></span> <span class='ocrx_word' id='word_1_1058' title='bbox 2069 4790 2320 4861; x_wconf 87' lang='lat' dir='ltr'><strong>deprimit</strong></span> <span class='ocrx_word' id='word_1_1059' title='bbox 2346 4791 2696 4858; x_wconf 87' lang='lat' dir='ltr'><strong>Athanasius,</strong></span> <span class='ocrx_word' id='word_1_1060' title='bbox 2719 4807 2784 4846; x_wconf 88' lang='lat' dir='ltr'><strong>ac</strong></span> <span class='ocrx_word' id='word_1_1061' title='bbox 2813 4790 2995 4847; x_wconf 78' lang='lat' dir='ltr'><strong>divina</strong></span> <span class='ocrx_word' id='word_1_1062' title='bbox 3021 4793 3088 4847; x_wconf 90' lang='lat' dir='ltr'><strong>ad</strong></span> <span class='ocrx_word' id='word_1_1063' title='bbox 3110 4791 3500 4861; x_wconf 83' lang='lat' dir='ltr'><strong>divinam,_hu-</strong></span> 
     </span>
    </p>
   </div>
   <div class='ocr_carea' id='block_1_139' title="bbox 1919 4859 3498 4924">
    <p class='ocr_par' dir='ltr' id='par_1_139' title="bbox 1919 4859 3498 4924">
     <span class='ocr_line' id='line_1_143' title="bbox 1919 4859 3498 4924; baseline -0.003 -6"><span class='ocrx_word' id='word_1_1064' title='bbox 1919 4878 2079 4918; x_wconf 89' lang='lat' dir='ltr'><strong>mana</strong></span> <span class='ocrx_word' id='word_1_1065' title='bbox 2110 4859 2238 4917; x_wconf 80' lang='lat' dir='ltr'><strong>vero</strong></span> <span class='ocrx_word' id='word_1_1066' title='bbox 2263 4861 2331 4917; x_wconf 93' lang='lat' dir='ltr'><strong>ad</strong></span> <span class='ocrx_word' id='word_1_1067' title='bbox 2361 4864 2653 4917; x_wconf 89' lang='lat' dir='ltr'><strong>humanam</strong></span> <span class='ocrx_word' id='word_1_1068' title='bbox 2695 4863 2748 4915; x_wconf 90' lang='lat' dir='ltr'><strong>in</strong></span> <span class='ocrx_word' id='word_1_1069' title='bbox 2789 4863 3008 4919; x_wconf 87' lang='lat' dir='ltr'><strong>Christo</strong></span> <span class='ocrx_word' id='word_1_1070' title='bbox 3030 4874 3281 4919; x_wconf 87' lang='lat' dir='ltr'><strong>naturam</strong></span> <span class='ocrx_word' id='word_1_1071' title='bbox 3310 4859 3498 4924; x_wconf 85' lang='lat' dir='ltr'><strong>refert,</strong></span> 
     </span>
    </p>
   </div>
   <div class='ocr_carea' id='block_1_140' title="bbox 1921 4932 3502 5003">
    <p class='ocr_par' dir='ltr' id='par_1_140' title="bbox 1921 4932 3502 5003">
     <span class='ocr_line' id='line_1_144' title="bbox 1921 4932 3502 5003; baseline -0.003 -14"><span class='ocrx_word' id='word_1_1072' title='bbox 1921 4932 2082 4989; x_wconf 87' lang='lat' dir='ltr'><strong>simul</strong></span> <span class='ocrx_word' id='word_1_1073' title='bbox 2110 4948 2218 4987; x_wconf 92' lang='lat' dir='ltr'><strong>non</strong></span> <span class='ocrx_word' id='word_1_1074' title='bbox 2246 4948 2353 4987; x_wconf 92' lang='lat' dir='ltr'><strong>uno</strong></span> <span class='ocrx_word' id='word_1_1075' title='bbox 2374 4934 2428 4987; x_wconf 95' lang='lat' dir='ltr'><strong>in</strong></span> <span class='ocrx_word' id='word_1_1076' title='bbox 2452 4932 2572 4987; x_wconf 86' lang='lat' dir='ltr'><strong>loco</strong></span> <span class='ocrx_word' id='word_1_1077' title='bbox 2597 4942 2949 5002; x_wconf 86' lang='lat' dir='ltr'><strong>protestatur,</strong></span> <span class='ocrx_word' id='word_1_1078' title='bbox 2978 4949 3046 4989; x_wconf 88' lang='lat' dir='ltr'><strong>ne</strong></span> <span class='ocrx_word' id='word_1_1079' title='bbox 3077 4934 3271 5003; x_wconf 88' lang='lat' dir='ltr'><strong>duplex</strong></span> <span class='ocrx_word' id='word_1_1080' title='bbox 3304 4932 3502 5003; x_wconf 79' lang='lat' dir='ltr'><strong>exinde</strong></span> 
     </span>
    </p>
   </div>
   <div class='ocr_carea' id='block_1_141' title="bbox 1921 5000 3503 5075">
    <p class='ocr_par' dir='ltr' id='par_1_141' title="bbox 1921 5000 3503 5075">
     <span class='ocr_line' id='line_1_145' title="bbox 1921 5000 3503 5075; baseline 0 -17"><span class='ocrx_word' id='word_1_1081' title='bbox 1921 5003 2119 5068; x_wconf 89' lang='lat' dir='ltr'><strong>Filius,</strong></span> <span class='ocrx_word' id='word_1_1082' title='bbox 2153 5014 2246 5058; x_wconf 89' lang='lat' dir='ltr'><strong>aut</strong></span> <span class='ocrx_word' id='word_1_1083' title='bbox 2286 5004 2452 5075; x_wconf 76' lang='lat' dir='ltr'><strong>Verbi</strong></span> <span class='ocrx_word' id='word_1_1084' title='bbox 2502 5000 2962 5075; x_wconf 9' lang='lat' dir='ltr'><strong>abr&#39;humanitate</strong></span> <span class='ocrx_word' id='word_1_1085' title='bbox 2998 5000 3273 5075; x_wconf 81' lang='lat' dir='ltr'><strong>assumpta</strong></span> <span class='ocrx_word' id='word_1_1086' title='bbox 3316 5000 3503 5075; x_wconf 76' lang='lat' dir='ltr'><strong>quoad</strong></span> 
     </span>
    </p>
   </div>
   <div class='ocr_carea' id='block_1_142' title="bbox 1924 5072 3502 5146">
    <p class='ocr_par' dir='ltr' id='par_1_142' title="bbox 1924 5072 3502 5146">
     <span class='ocr_line' id='line_1_146' title="bbox 1924 5072 3502 5146; baseline -0.004 -16"><span class='ocrx_word' id='word_1_1087' title='bbox 1924 5075 2237 5146; x_wconf 84' lang='lat' dir='ltr'><strong>hypostasin</strong></span> <span class='ocrx_word' id='word_1_1088' title='bbox 2261 5072 2553 5146; x_wconf 82' lang='lat' dir='ltr'><strong>disjunctio</strong></span> <span class='ocrx_word' id='word_1_1089' title='bbox 2577 5074 2871 5146; x_wconf 88' lang='lat' dir='ltr'><strong>inferatur;</strong></span> <span class='ocrx_word' id='word_1_1090' title='bbox 2896 5077 3037 5131; x_wconf 91' lang='lat' dir='ltr'><strong>unde</strong></span> <span class='ocrx_word' id='word_1_1091' title='bbox 3059 5084 3142 5131; x_wconf 87' lang='lat' dir='ltr'><strong>sat</strong></span> <span class='ocrx_word' id='word_1_1092' title='bbox 3155 5072 3502 5146; x_wconf 82' lang='lat' dir='ltr'><strong>manifestum</strong></span> 
     </span>
    </p>
   </div>
   <div class='ocr_carea' id='block_1_143' title="bbox 1926 5143 3507 5217">
    <p class='ocr_par' dir='ltr' id='par_1_143' title="bbox 1926 5143 3507 5217">
     <span class='ocr_line' id='line_1_147' title="bbox 1926 5143 3507 5217; baseline -0.001 -19"><span class='ocrx_word' id='word_1_1093' title='bbox 1926 5143 2439 5217; x_wconf 66' lang='lat' dir='ltr'><strong>habeturindieium</strong></span> <span class='ocrx_word' id='word_1_1094' title='bbox 2457 5145 2571 5213; x_wconf 83' lang='lat' dir='ltr'><strong>jam</strong></span> <span class='ocrx_word' id='word_1_1095' title='bbox 2614 5154 2727 5201; x_wconf 86' lang='lat' dir='ltr'><strong>tum</strong></span> <span class='ocrx_word' id='word_1_1096' title='bbox 2771 5145 2937 5203; x_wconf 87' lang='lat' dir='ltr'><strong>fuisse</strong></span> <span class='ocrx_word' id='word_1_1097' title='bbox 2981 5148 3246 5217; x_wconf 86' lang='lat' dir='ltr'><strong>quosdam</strong></span> <span class='ocrx_word' id='word_1_1098' title='bbox 3292 5143 3406 5213; x_wconf 90' lang='lat' dir='ltr'><strong>qui,</strong></span> <span class='ocrx_word' id='word_1_1099' title='bbox 3440 5153 3507 5194; x_wconf 82' lang='lat' dir='ltr'><strong>ne</strong></span> 
     </span>
    </p>
   </div>
   <div class='ocr_carea' id='block_1_144' title="bbox 1927 5213 3507 5280">
    <p class='ocr_par' dir='ltr' id='par_1_144' title="bbox 1927 5213 3507 5280">
     <span class='ocr_line' id='line_1_148' title="bbox 1927 5213 3507 5280; baseline -0.004 -11"><span class='ocrx_word' id='word_1_1100' title='bbox 1927 5213 2274 5269; x_wconf 86' lang='lat' dir='ltr'><strong>infirmitates</strong></span> <span class='ocrx_word' id='word_1_1101' title='bbox 2314 5215 2577 5271; x_wconf 89' lang='lat' dir='ltr'><strong>humanas</strong></span> <span class='ocrx_word' id='word_1_1102' title='bbox 2622 5217 2799 5272; x_wconf 85' lang='lat' dir='ltr'><strong>Verbo</strong></span> <span class='ocrx_word' id='word_1_1103' title='bbox 2834 5213 3015 5272; x_wconf 79' lang='lat' dir='ltr'><strong>divino</strong></span> <span class='ocrx_word' id='word_1_1104' title='bbox 3047 5218 3321 5273; x_wconf 88' lang='lat' dir='ltr'><strong>ascribere</strong></span> <span class='ocrx_word' id='word_1_1105' title='bbox 3349 5225 3507 5280; x_wconf 85' lang='lat' dir='ltr'><strong>coge-</strong></span> 
     </span>
    </p>
   </div>
   <div class='ocr_carea' id='block_1_145' title="bbox 1930 5286 3507 5356">
    <p class='ocr_par' dir='ltr' id='par_1_145' title="bbox 1930 5286 3507 5356">
     <span class='ocr_line' id='line_1_149' title="bbox 1930 5286 3507 5356; baseline -0.004 -16"><span class='ocrx_word' id='word_1_1106' title='bbox 1930 5296 2144 5351; x_wconf 87' lang='lat' dir='ltr'><strong>rentur,</strong></span> <span class='ocrx_word' id='word_1_1107' title='bbox 2167 5295 2220 5341; x_wconf 90' lang='lat' dir='ltr'><strong>et</strong></span> <span class='ocrx_word' id='word_1_1108' title='bbox 2249 5286 2350 5341; x_wconf 89' lang='lat' dir='ltr'><strong>hac</strong></span> <span class='ocrx_word' id='word_1_1109' title='bbox 2376 5287 2584 5342; x_wconf 90' lang='lat' dir='ltr'><strong>ratione</strong></span> <span class='ocrx_word' id='word_1_1110' title='bbox 2608 5289 2835 5356; x_wconf 86' lang='lat' dir='ltr'><strong>argutiis</strong></span> <span class='ocrx_word' id='word_1_1111' title='bbox 2882 5288 3209 5345; x_wconf 87' lang='lat' dir='ltr'><strong>Arianorum</strong></span> <span class='ocrx_word' id='word_1_1112' title='bbox 3258 5296 3507 5356; x_wconf 82' lang='lat' dir='ltr'><strong>succum-</strong></span> 
     </span>
    </p>
   </div>
   <div class='ocr_carea' id='block_1_146' title="bbox 1931 5354 3505 5431">
    <p class='ocr_par' dir='ltr' id='par_1_146' title="bbox 1931 5354 3505 5431">
     <span class='ocr_line' id='line_1_150' title="bbox 1931 5354 3505 5431; baseline -0.005 -21"><span class='ocrx_word' id='word_1_1113' title='bbox 1931 5358 2146 5431; x_wconf 72' lang='lat' dir='ltr'><strong>herent,</strong></span> <span class='ocrx_word' id='word_1_1114' title='bbox 2162 5356 2400 5431; x_wconf 81' lang='lat' dir='ltr'><strong>Verbum</strong></span> <span class='ocrx_word' id='word_1_1115' title='bbox 2424 5358 2527 5431; x_wconf 86' lang='lat' dir='ltr'><strong>hoc</strong></span> <span class='ocrx_word' id='word_1_1116' title='bbox 2545 5373 2576 5411; x_wconf 91' lang='lat' dir='ltr'><strong>a</strong></span> <span class='ocrx_word' id='word_1_1117' title='bbox 2590 5354 2699 5431; x_wconf 78' lang='lat' dir='ltr'><strong>filio</strong></span> <span class='ocrx_word' id='word_1_1118' title='bbox 2720 5359 2891 5414; x_wconf 63' lang='lat' dir='ltr'><strong>beatae</strong></span> <span class='ocrx_word' id='word_1_1119' title='bbox 2912 5359 3148 5431; x_wconf 77' lang='lat' dir='ltr'><strong>Virginis</strong></span> <span class='ocrx_word' id='word_1_1120' title='bbox 3162 5354 3505 5431; x_wconf 78' lang='lat' dir='ltr'><strong>separabant.</strong></span> 
     </span>
    </p>
   </div>
   <div class='ocr_carea' id='block_1_147' title="bbox 1932 5427 3511 5485">
    <p class='ocr_par' dir='ltr' id='par_1_147' title="bbox 1932 5427 3511 5485">
     <span class='ocr_line' id='line_1_151' title="bbox 1932 5427 3511 5485; baseline -0.007 -2"><span class='ocrx_word' id='word_1_1121' title='bbox 1932 5427 2151 5484; x_wconf 87' lang='lat' dir='ltr'><strong>Incaute</strong></span> <span class='ocrx_word' id='word_1_1122' title='bbox 2176 5428 2430 5484; x_wconf 89' lang='lat' dir='ltr'><strong>nimirum</strong></span> <span class='ocrx_word' id='word_1_1123' title='bbox 2458 5430 2840 5485; x_wconf 88' lang='lat' dir='ltr'><strong>distribuentes</strong></span> <span class='ocrx_word' id='word_1_1124' title='bbox 2861 5449 2879 5480; x_wconf 76' lang='grc' dir='ltr'><strong>ι</strong></span> <span class='ocrx_word' id='word_1_1125' title='bbox 2910 5427 3185 5484; x_wconf 74' lang='lat' dir='ltr'><strong>sacrarum</strong></span> <span class='ocrx_word' id='word_1_1126' title='bbox 3210 5427 3511 5481; x_wconf 88' lang='lat' dir='ltr'><strong>litterarum</strong></span> 
     </span>
    </p>
   </div>
   <div class='ocr_carea' id='block_1_148' title="bbox 1934 5498 3512 5576">
    <p class='ocr_par' dir='ltr' id='par_1_148' title="bbox 1934 5498 3512 5576">
     <span class='ocr_line' id='line_1_152' title="bbox 1934 5498 3512 5576; baseline -0.007 -21"><span class='ocrx_word' id='word_1_1127' title='bbox 1934 5515 2098 5556; x_wconf 84' lang='lat' dir='ltr'><strong>voces</strong></span> <span class='ocrx_word' id='word_1_1128' title='bbox 2128 5498 2262 5576; x_wconf 82' lang='lat' dir='ltr'><strong>alias</strong></span> <span class='ocrx_word' id='word_1_1129' title='bbox 2288 5499 2355 5557; x_wconf 85' lang='lat' dir='ltr'><strong>ad</strong></span> <span class='ocrx_word' id='word_1_1130' title='bbox 2383 5500 2744 5576; x_wconf 62' lang='lat' dir='ltr'><strong>divinitatem,</strong></span> <span class='ocrx_word' id='word_1_1131' title='bbox 2773 5502 2905 5576; x_wconf 74' lang='lat' dir='ltr'><strong>alias</strong></span> <span class='ocrx_word' id='word_1_1132' title='bbox 2935 5501 3001 5555; x_wconf 89' lang='lat' dir='ltr'><strong>ad</strong></span> <span class='ocrx_word' id='word_1_1133' title='bbox 3030 5501 3319 5576; x_wconf 75' lang='lat' dir='ltr'><strong>humanam</strong></span> <span class='ocrx_word' id='word_1_1134' title='bbox 3350 5499 3512 5572; x_wconf 74' lang='lat' dir='ltr'><strong>natu-</strong></span> 
     </span>
    </p>
   </div>
   <div class='ocr_carea' id='block_1_149' title="bbox 1941 5571 3517 5636">
    <p class='ocr_par' dir='ltr' id='par_1_149' title="bbox 1941 5571 3517 5636">
     <span class='ocr_line' id='line_1_153' title="bbox 1941 5571 3517 5636; baseline -0.008 -8"><span class='ocrx_word' id='word_1_1135' title='bbox 1941 5588 2056 5628; x_wconf 87' lang='lat' dir='ltr'><strong>ram</strong></span> <span class='ocrx_word' id='word_1_1136' title='bbox 2079 5572 2298 5636; x_wconf 88' lang='lat' dir='ltr'><strong>relatas,</strong></span> <span class='ocrx_word' id='word_1_1137' title='bbox 2333 5591 2351 5623; x_wconf 83' lang='grc' dir='ltr'><strong>ι</strong></span> <span class='ocrx_word' id='word_1_1138' title='bbox 2386 5586 2508 5627; x_wconf 90' lang='lat' dir='ltr'><strong>cum</strong></span> <span class='ocrx_word' id='word_1_1139' title='bbox 2553 5571 2800 5627; x_wconf 89' lang='lat' dir='ltr'><strong>Christus</strong></span> <span class='ocrx_word' id='word_1_1140' title='bbox 2825 5572 3098 5626; x_wconf 83' lang='lat' dir='ltr'><strong>diceretur</strong></span> <span class='ocrx_word' id='word_1_1141' title='bbox 3132 5586 3151 5619; x_wconf 73' lang='grc' dir='ltr'><strong>ι</strong></span> <span class='ocrx_word' id='word_1_1142' title='bbox 3186 5571 3517 5636; x_wconf 78' lang='lat' dir='ltr'><strong>primogeni-</strong></span> 
     </span>
    </p>
   </div>
   <div class='ocr_carea' id='block_1_150' title="bbox 1937 5633 3519 5712">
    <p class='ocr_par' dir='ltr' id='par_1_150' title="bbox 1937 5633 3519 5712">
     <span class='ocr_line' id='line_1_154' title="bbox 1937 5633 3519 5712; baseline -0.009 -12"><span class='ocrx_word' id='word_1_1143' title='bbox 1937 5654 2025 5700; x_wconf 92' lang='lat' dir='ltr'><strong>tus</strong></span> <span class='ocrx_word' id='word_1_1144' title='bbox 2048 5646 2223 5700; x_wconf 87' lang='lat' dir='ltr'><strong>omnis</strong></span> <span class='ocrx_word' id='word_1_1145' title='bbox 2247 5633 2534 5707; x_wconf 76' lang='lat' dir='ltr'><strong>creaturze,</strong></span> <span class='ocrx_word' id='word_1_1146' title='bbox 2551 5651 2644 5697; x_wconf 82' lang='lat' dir='ltr'><strong>aut</strong></span> <span class='ocrx_word' id='word_1_1147' title='bbox 2673 5660 2692 5692; x_wconf 75' lang='grc' dir='ltr'><strong>ι</strong></span> <span class='ocrx_word' id='word_1_1148' title='bbox 2717 5641 3105 5712; x_wconf 80' lang='lat' dir='ltr'><strong>printogenitus</strong></span> <span class='ocrx_word' id='word_1_1149' title='bbox 3126 5633 3519 5712; x_wconf 53' lang='lat' dir='ltr'><strong>in&#39;mult_is&#39;__fra-</strong></span> 
     </span>
    </p>
   </div>
   <div class='ocr_carea' id='block_1_151' title="bbox 1942 5704 3521 5784">
    <p class='ocr_par' dir='ltr' id='par_1_151' title="bbox 1942 5704 3521 5784">
     <span class='ocr_line' id='line_1_155' title="bbox 1942 5704 3521 5784; baseline -0.008 -6"><span class='ocrx_word' id='word_1_1150' title='bbox 1942 5717 2133 5784; x_wconf 86' lang='lat' dir='ltr'><strong>tribus,</strong></span> <span class='ocrx_word' id='word_1_1151' title='bbox 2173 5734 2192 5773; x_wconf 81' lang='grc' dir='ltr'><strong>ι</strong></span> <span class='ocrx_word' id='word_1_1152' title='bbox 2227 5722 2390 5784; x_wconf 78' lang='lat' dir='ltr'><strong>atque</strong></span> <span class='ocrx_word' id='word_1_1153' title='bbox 2418 5728 2485 5769; x_wconf 79' lang='lat' dir='ltr'><strong>ex</strong></span> <span class='ocrx_word' id='word_1_1154' title='bbox 2512 5704 2603 5776; x_wconf 75' lang='lat' dir='ltr'><strong>his</strong></span> <span class='ocrx_word' id='word_1_1155' title='bbox 2626 5704 2818 5773; x_wconf 74' lang='lat' dir='ltr'><strong>Ariani</strong></span> <span class='ocrx_word' id='word_1_1156' title='bbox 2867 5704 3107 5771; x_wconf 67' lang='lat' dir='ltr'><strong>Verbum</strong></span> <span class='ocrx_word' id='word_1_1157' title='bbox 3149 5721 3271 5771; x_wconf 71' lang='lat' dir='ltr'><strong>esse</strong></span> <span class='ocrx_word' id='word_1_1158' title='bbox 3318 5704 3521 5768; x_wconf 78' lang='lat' dir='ltr'><strong>Filium</strong></span> 
     </span>
    </p>
   </div>
  </div>
