4030 6358
436 264 444 271 ’
522 308 629 365 διδ

1337 298 1397 356 Β.
1432 297 1497 354 F.
1536 290 1764 352 ALBINI
1803 290 1937 349 SEU
1974 278 2252 347 ALCUINI
2302 288 2587 349 OPERUM
2623 288 2804 347 PARS
2840 287 2926 345 Ill.

3680 289 3790 352 5η

520 423 669 477 inter
720 419 1000 490 adoptivos
1045 414 1354 490 adopiivum
1402 418 1737 476 assererem,
1787 410 1850 490 id.
1884 423 1993 490 non
2033 407 2102 489 de
2129 405 2181 466 A
2206 420 2331 490 sum.
2351 406 2569 477 ad0ptio
2595 404 2773 488 quoad
2801 403 3436 490 humanitatem‘admitti
3463 405 3700 490 videtur,
3729 420 3790 490 et

523 492 735 557 Verbo,
765 478 1030 561 quatenus
1036 478 1333 561 est-Filius
1382 494 1619 561 aeternus
1665 481 1854 561 interni
1900 478 2098 541 Patris,

522 565 617 618 sed
644 552 908 632 quatcnus
926 570 1011 617 est
1035 559 1202 632 Filius
1229 573 1293 632 ei:
1327 555 1533 632 semine
1561 552 1729 607 David
1760 560 1818 632 et_
1843 562 2101 632 excarne

522 624 724 690 saan
748 632 926 686 Mariae
947 639 1097 686 ortus
1120 626 1521 697 intelligendum
1553 624 1953 679 asseverabant.

590 743 703 799 XII.
738 742 939 797 Marius
959 738 1255 794 Victorinus
1274 738 1345 792 ait
1359 730 1658 802 Christum,
1674 745 1927 807 quatenus
1940 733 2099 807 homo

521 826 621 880 est,
649 815 817 883 ﬁlium
845 830 952 866 esse
971 808 1496 883 adoptirumqldem
1528 808 1654 883 facit
1688 806 1876 883 auctor
1913 806 2098 873 dispu-

522 878 737 940 tationis
750 893 930 936 contra
946 878 1397 947 Arium—Hujus
1421 879 1496 934 rei
1514 878 1795 949 vestigium
1818 888 2099 949 superesse

522 958 739 1011 videtur
767 954 818 1006 in
847 953 984 1006 libro
1010 952 1183 1020 primo
1206 946 1356 1004 Marii
1382 949 1643 1020 Victorini
1662 946 1863 1020 contra
1885 946 2095 1020 Arium,

522 1024 661 1079 Bibl.
710 1023 857 1077 Patr.
909 1015 1233 1092 Ling—ditium.
1260 1019 1345 1092 lV_,
1373 1018 1464 1072 fol.
1493 1018 1618 1082 256,
1647 1017 1735 1070 ubi
1774 1018 1819 1070 is
1859 1015 2093 1092 scribii:

525 1115 545 1146 ι
578 1094 826 1163 Ᾱέίιυθιίε
855 1084 1211 1163 igiturj‘ilius
1232 1090 1491 1163 et_P_ater,
1518 1097 1572 1143 et
1603 1095 1885 1163 propterea
1917 1093 1970 1139 et
1992 1084 2096 1163 “Fit

519 1165 627 1219 lius
649 1153 702 1219 in
724 1153 901 1227 Patre:
933 1171 986 1218 et
1012 1161 1174 1215 Pater
1199 1160 1251 1212 in
1280 1159 1433 1223 Filio,
1466 1168 1520 1212 et
1567 1153 1724 1212 ambo
1761 1172 1944 1211 unum.
1983 1153 2099 1227 δρᾶ

521 1236 622 1289 ista
656 1249 814 1288 nunc.
844 1224 914 1286 At
937 1246 1065 1287 vero
1094 1230 1183 1285 illa
1215 1227 1438 1284 Joannis
1465 1229 1762 1283 videamus.
1813 1227 1930 1297 Ipse
1976 1224 2097 1297 Sal-

518 1314 676 1359 vator
701 1303 829 1359 dicit
857 1322 868 1356 :
905 1302 1014 1372 Ego
1033 1317 1148 1372 sum
1171 1300 1478 1372 resurrectio
1497 1299 1787 1372 :Aquoniam
1812 1296 1924 1366 ipse
1944 1296 2092 1372 vita;

520 1375 642 1444 quis
671 1382 848 1444 autem
870 1364 1027 1444 iste!
1060 1370 1266 1444 Martha
1291 1369 1422 1424 dicit
1450 1388 1461 1444 ς
1495 1364 1761 1444 Quoniam
1783 1364 1847 1444 tu:
1867 1384 1919 1421 es
1944 1364 2098 1444 Chri-

517 1436 629 1499 s'tus
660 1442 832 1497 Filius
857 1441 953 1496 Dei
982 1442 1203 1511 vivi,qui
1226 1442 1281 1495 in
1300 1439 1551 1511 mundum
1581 1439 1780 1511 venisti.
1811 1436 2096 1511 Q_uod_non

523 1515 602 1570 sic
625 1514 816 1579 Filius,
842 1507 1291 1583 quemadmodum
1323 1524 1441 1583 nos.
1472 1508 1600 1583 Nos-
1623 1509 1765 1583 enim
1809 1507 2096 1583 adoptione

516 1584 661 1646 Filii,
694 1584 780 1638 ille
803 1574 1031 1638 natura.
1064 1582 1240 1635 Etiam
1264 1580 1491 1651 quadam
1533 1574 2096 1651 adqptionei‘ilius_et

520 1653 781 1717 Christus,
803 1654 892 1708 sed
918 1652 1200 1707 secundum
1229 1646 1456 1705 carnem.
1496 1670 1513 1702 ι
1551 1646 1677 1704 Seio
1707 1648 1955 1717 equidem
1982 1646 2095 1716 plu-

517 1741 607 1781 res
627 1741 745 1780 esse
774 1725 865 1793 qui
896 1723 1122 1777 Marium
1149 1721 1482 1793 Victorinum
1510 1721 1578 1774 ab
1615 1718 1876 1793 ejusmodi
1903 1733 2091 1772 errore

516 1789 814 1860 vindicant,
839 1804 891 1849 et
916 1809 1012 1864 per
1034 1795 1173 1864 hanc
1212 1792 1539 1861 adoptionem
1567 1789 1851 1864 secundum
1878 1804 2087 1864 carnem

517 1866 650 1919 nihil
682 1865 822 1919 aliud
850 1859 1006 1919 ab‘eo
1030 1859 1361 1917 intellectum
1382 1861 1722 1930 praetendunt
1739 1874 1901 1927 quam
1923 1859 2091 1927 ipsius

516 1937 697 1991 carnis
719 1951 812 1991 seu
843 1936 1088 1989 humana!
1109 1941 1317 1987 naturre
1340 1931 1393 1984 in
1420 1931 1683 1984 unitatem
1723 1942 1967 1999 persona:
2007 1943 2094 1984 as-

517 2007 894 2076 sumptionem.
947 2004 1087 2076 Quin
1136 2002 1398 2076 Alcuinus
1455 1999 2093 2076 Vict_oriui__auctoritate

514 2069 679 2130 etiam
725 2084 913 2131 contra
954 2069 1284 2142 Adoptianos
1326 2069 1787 2142 utitur,dumlib.
1820 2078 2092 2142 iv_contra

517 2146 857 2215 Elipandum,
889 2162 943 2199 n.
996 2145 1047 2215 9,
1074 2140 1374 2215 Sequentia
1411 2140 1527 2215 ejus
1575 2141 1739 2194 verba
1784 2140 2091 2215 recitat___ex

515 2208 865 2284 responsione
895 2215 960 2268 ad
1003 2208 1301 2284 Candidum
1329 2208 1803 2284 _Arianu_m,_apud
1828 2208 2092 2284 _l_\tabiilo-

517 2278 667 2339 niu'm
696 2286 961 2347 Analect.,
993 2299 1046 2352 p.
1074 2283 1145 2336 Ἡ
1171 2284 1301 2337 edit.
1328 2281 1497 2335 Paris.
1538 2280 1720 2352 17:25,:
1768 2298 1785 2329 ‹
1828 2278 1937 2352 Nos
1959 2279 2093 2352 dicis

518 2371 637 2411 mus
661 2372 780 2410 esse
803 2356 958 2409 nobis
986 2349 1203 2407 Patrem
1234 2352 1420 2411 Deum,
1454 2361 1508 2405 et
1553 2351 1809 2404 maxime.
1863 2349 1978 2415 Qua
2024 2351 2090 2407 de

518 2441 699 2490 causa,
724 2435 778 2480 et
790 2425 944 2493 juxta
964 2425 1091 2493 quid
1122 2423 1260 2477 Deus
1281 2422 1546 2493 charitate
1569 2419 1971 2493 pnedestinavit
1992 2436 2091 2475 nos

516 2495 572 2550 in
600 2489 938 2565 adoptionem
965 2489 1405 2565 perChrisAtuma
1425 2489 1673 2565 Nunquid
1692 2498 1767 2565 _et
1814 2489 2088 2544 Christum

516 2580 615 2637 per
640 2560 982 2637 adoptionem
1013 2562 1374 2637 FiliumDeus
1393 2560 1586 2637 ha_he_t_?
1609 2560 1993 2637 Nullusnausus
2007 2569 2092 2637 est

515 2630 715 2692 dicere.
746 2630 769 2688 ἰ
797 2637 862 2690 Et
888 2636 939 2690 in
966 2634 1313 2704 sequentibus
1343 2651 1355 2685 :
1387 2650 1405 2683 ‹
1440 2631 1725 2704 Deiigitur
1744 2630 1912 2685 Filius
1934 2631 2091 2684 Chri-

515 2716 650 2782 stus,
679 2708 780 2782 ﬁlii
820 2714 874 2782 et
912 2702 1059 2771 nosf
1091 2706 1184 2759 sed
1228 2718 1449 2782 nos-per
1478 2702 1837 2782 adoptionem,
1862 2715 2091 2782 uesper

512 2769 696 2831 Jesum
723 2769 1142 2837 Christum,'nos
1172 2783 1231 2829 ut
1265 2769 1369 2829 ﬁlii
1388 2769 1635 2842 dispersi.
1658 2771 1806 2842 Num
1832 2780 1887 2825 et
1924 2769 2086 2825 Chri-

511 2856 627 2922 stus
650 2847 729 2922 sic
754 2846 1193 2922 Filius_i_Natiira
1223 2845 1387 2914 igitur
1425 2841 1813 2922 Jesusmlf‘ilius,
1847 2856 1946 2896 nos
1974 2856 2088 2922 per

512 2919 854 2986 adoptionem
883 2917 998 2970 ﬁlii.
1030 2915 1184 2983 Quod
1215 2910 1409 2969 natura
1460 2914 1529 2968 sit
1572 2911 1761 2986 Filius,
1794 2912 1911 2986 ipse
1956 2910 2088 2986 dicit

511 2980 655 3056 saepe
682 3004 694 3038 :
736 2987 915 3051 Pater,
947 2980 1143 3056 gratias
1175 2985 1268 3047 tibi
1308 3001 1425 3055 ago,
1449 2983 1586 3056 quod
1612 3000 1693 3035 me
1718 2981 1933 3056 audisti.
1974 2980 2082 3056 Et:

514 3053 695 3121 Pater,
724 3056 865 3111 salva
893 3053 973 3109 me
997 3073 1060 3109 ex
1084 3058 1184 3110 ista
1210 3053 1362 3108 liora}
1403 3075 1420 3105 ι
1450 3053 1515 3107 Ει
1541 3054 1655 3107 haec
1676 3053 1889 3121 quidem
1918 3053 2084 3108 verba

549 3128 808 3181 osteriora
856 3128 1120 3181 habentur
1173 3125 1311 3194 apud
1375 3124 1709 3179 Victorinum
1756 3124 1922 3194 citato
1966 3121 2082 3190 jam

535 3196 653 3250 ibro
684 3213 699 3250 ι
728 3196 983 3251 adversus
1033 3190 1242 3260 Arium,
1275 3196 1568 3316 paucisque
1615 3190 1908 3259 interiectis
1955 3194 2083 3248 sub-

535 3273 805 3316 unauntur
841 3266 929 3316 iis.
949 3281 1067 3316 num
1096 3280 1258 3316 sunra
1284 3266 1457 3316 nrimo
1503 3277 1599 3316 oco
1626 3278 1693 3316 ex
1724 3264 1911 3316 eodem
1941 3264 2082 3316 reei-

506 3266 805 3336 junguntur
841 3266 929 3336 iis,
949 3281 1067 3335 qua:
1096 3280 1258 3334 supra
1278 3264 1457 3334 primo
1484 3264 1599 3336 loco
1626 3278 1693 3336 ex
1724 3264 1911 3317 eodem
1941 3264 2082 3318 reci-

513 3334 759 3395 tavimus,
790 3335 955 3406 948
982 3336 1113 3390 adeo
1144 3344 1203 3388 ut
1232 3337 1428 3388 mirum
1458 3334 1615 3406 nobis
1648 3334 1736 3406 sit,
1769 3348 1832 3387 ea
1859 3348 2085 3406 prorsus

512 3406 719 3461 intacta
752 3403 826 3460 ab
862 3403 1090 3460 Alcuino
1128 3406 1410 3468 mansisse,
1440 3403 1592 3472 cujus
1647 3405 1722 3456 rei
1770 3419 1931 3459 causa
1978 3404 2085 3460 alia

511 3478 651 3531 torte
683 3475 823 3529 haud
849 3474 970 3538 fuit,
997 3477 1100 3531 nisi
1128 3473 1269 3544 quod
1299 3483 1390 3528 aut
1421 3474 1472 3528 in
1498 3474 1792 3542 exemplari
1821 3488 1929 3542 quo
1955 3490 2085 3530 usus

512 3556 599 3601 est
630 3546 887 3600 Alcuinus
914 3546 1380 3609 desiderarentur;
1432 3553 1525 3598 aut
1562 3544 1608 3598 si
1635 3544 1800 3598 etiam
1824 3544 1956 3600 inibi
1984 3559 2081 3598 ex-

512 3625 740 3681 starent,
768 3616 955 3670 eodem
986 3617 1144 3670 modo
1184 3615 1272 3669 illa
1312 3618 1377 3670 de
1424 3614 1789 3683 assumptione
1836 3616 2085 3670 humanae

512 3696 718 3741 naturae
734 3687 964 3767 scriptor
976 3696 1158 3742 noster
1173 3689 1638 3767 interpretaretur.
1654 3684 1724 3738 At
1735 3700 1867 3739 vero
1889 3685 1934 3739 si
1959 3700 2081 3740 sco-

512 3772 642 3824 pum
669 3757 1069 3811 consideremus
1095 3772 1256 3825 quem
1284 3756 1383 3810 sibi
1409 3756 1463 3809 in
1490 3765 1717 3825 utroque
1754 3771 1916 3825 opere
1944 3770 2084 3824 prm-

511 3827 630 3880 ﬁxit
646 3826 968 3889 Victorinus,
984 3826 1241 3881 Ariauam
1263 3840 1451 3895 nempe
1473 3826 1760 3880 retundere
1778 3826 2079 3894 perﬁdiam,

511 3912 631 3965 qum
655 3897 991 3967 adoptionem
1025 3897 1123 3966 ipsi
1160 3897 1340 3952 Verbo
1379 3897 1662 3958 tribuebat,
1696 3897 1854 3964 plane
1881 3910 1989 3950 non
2015 3896 2083 3967 de

511 3968 691 4022 carnis
716 3966 1093 4036 assumptione,
1123 3969 1217 4022 sed
1254 3969 1319 4020 de
1371 3982 1497 4021 vera
1541 3968 1988 4036 adoptione,qu.'e
2027 3966 2082 4020 in

510 4036 806 4102 Christum,
840 4046 1103 4102 quatenus
1133 4040 1293 4093 homo
1332 4046 1433 4102 est,
1458 4037 1694 4101 caderet,
1720 4037 1935 4091 locutus
1962 4051 2081 4091 esse

472 4108 739 4172 ‘vjdetur.
791 4107 1040 4162 Admittit
1088 4109 1233 4163 enim
1289 4107 1596 4163 Victorinus
1644 4107 1709 4161 de
1750 4107 2082 4161 humanitate

510 4180 711 4236 Christi
738 4178 1097 4248 adoptionem,
1122 4194 1282 4248 quam
1320 4187 1505 4233 contra
1542 4177 1773 4231 Arianos
1799 4177 1864 4248 de
1899 4176 2078 4248 divina

508 4250 623 4318 ejus
672 4245 863 4304 natura
913 4245 1228 4318 negaverat,
1284 4248 1664 4318 conceptisque
1717 4245 1896 4301 verbis
1945 4246 2081 4318 dicit

508 4315 653 4387 quod
680 4315 1019 4373 Christus-sit
1064 4330 1253 4373 natura
1285 4315 1478 4382 Filius,
1506 4315 1772 4387 quatenus
1812 4324 1896 4371 est
1944 4315 2079 4370 Ver-

507 4388 636 4441 bum
666 4388 864 4453 Patris,
889 4389 954 4443 de
1003 4404 1109 4456 quo
1160 4388 1273 4443 solo
1322 4403 1626 4442 sermonem
1672 4387 1907 4443 habebat
1951 4401 2075 4441 cum

510 4458 751 4523 Arianis;
799 4458 891 4513 sed
918 4455 1078 4511 simul
1108 4458 1295 4510 statuit
1324 4460 1463 4525 quod
1499 4457 1655 4511 etiam
1681 4458 1910 4526 quadam
1950 4456 2079 4510 ado-
2107 4460 2160 4523 ι)

541 4528 679 4581 tione
706 4528 777 4581 sit
802 4527 991 4596 Filius,
1018 4541 1208 4596 nempe
1236 4527 1517 4580 secundum
1559 4525 1802 4596 carnem.
1829 4525 1979 4580 Unde
2023 4534 2079 4596 et

541 4545 679 4581 tione
706 4545 777 4581 Sll
804 4545 991 4590 l‘lllllS,
1018 4545 1208 4596 nempe
1236 4545 1517 4580 secundum
1559 4545 1787 4579 carnem.
1833 4545 1979 4580 Ullﬂe
2023 4545 2073 4580 ΘΙ

504 4545 571 4649 ἲ).
609 4596 841 4660 Ceillier,
874 4594 1107 4666 Histoire
1135 4596 1393 4666 générale,
1424 4603 1553 4659 etc.,
1578 4604 1709 4666 tom.
1738 4595 1823 4660 VI,
1860 4610 1980 4665 cap.
2008 4595 2073 4662 4,

504 4680 653 4737 num.
701 4667 759 4729 5,
789 4681 911 4737 pag.
951 4665 1051 4730 29,
1082 4665 1364 4735 pastquam
1404 4665 1677 4737 enarravit
1711 4680 1816 4733 qua
1866 4667 2076 4737 ratione

506 4736 707 4791 Marius
729 4736 1035 4795 VictOrinus
1060 4736 1396 4792 divinitatem
1429 4736 1587 4791 Verbi
1614 4743 1802 4789 contra
1845 4736 2077 4791 Arianos

500 4807 935 4878 propugnaverit,
984 4807 1420 4878 haecAsubjupgit
1450 4826 1460 4859 :
1495 4804 1546 4858 ll
1569 4822 1732 4878 atoue
1773 4805 2075 4878 neanmoins

499 4874 658 4999 igi‘on
679 4874 799 4960 peut
824 4877 935 4930 dire
963 4894 1062 4948 que
1092 4874 1459 4959 Iesus-Christ
1487 4884 1564 4930 est
1609 4874 1724 4929 Fils
1767 4877 1976 4946 adepti]
1989 4876 2076 4957 de

574 4964 656 4999 eu.
679 4964 812 4999 mais
831 4946 974 4999 selon
996 4948 1047 4999 la
1078 4957 1262 4999 nature
1281 4948 1557 4999 humaine:
1586 4963 1678 4999 car
1694 4945 1837 4999 selon
1861 4963 1919 4999 sa
1944 4946 2076 4999 dtvt-

560 4948 656 5011 ieu,
679 4945 812 5001 mais
831 4945 1047 5001 selon'la
1078 4957 1262 5002 nature
1281 4948 1557 5011 humaine;
1586 4963 1678 5001 car
1694 4945 1837 5000 selon
1861 4945 1919 4999 sa
1944 4945 2076 4999 divi-

501 5018 609 5070 nité
637 5017 677 5070 il
698 5027 772 5070 est
796 5016 911 5088 Fils
934 5018 998 5071 de
1024 5017 1158 5072 Dieu
1183 5035 1282 5088 par
1309 5029 1513 5073 nature.
1554 5016 1669 5071 Huc
1696 5015 1807 5088 fors
1849 5032 1954 5088 non
1998 5017 2075 5088 in-

499 5102 738 5156 congrue
767 5087 954 5142 referri
986 5086 1198 5159 quoque
1247 5089 1405 5143 debet
1453 5095 1645 5159 auctor
1698 5086 2073 5159 disputationis

499 5168 690 5211 contra
718 5159 908 5213 Arium
947 5157 1135 5213 sancto
1172 5159 1468 5214 Athanasio
1495 5157 1621 5212 olim
1651 5158 1958 5228 suppositae,
1981 5158 2073 5226 qui

499 5229 853 5313 interroganti
872 5227 1039 5313 "Ario
1086 5246 1098 5281 :
1135 5248 1185 5313 ot.
1233 5229 1663 5313 Nunquidnalius
1699 5227 1783 5283 est
1811 5228 2013 5313 F‘liliu-s?
2047 5248 2066 5280 ι

499 5298 807 5369 respondit:
830 5318 847 5350 ι
872 5298 1044 5354 Verus
1059 5299 1275 5369 quidem
1294 5298 1460 5354 Filius
1476 5299 1568 5353 Dei
1587 5314 1723 5352 unus
1736 5308 1819 5352 est
1838 5298 2071 5353 Verbum

497 5378 555 5423 et
583 5369 740 5423 Deus.
775 5370 869 5424 Est
897 5378 1076 5424 autem
1106 5370 1269 5425 veluti
1301 5372 1438 5425 alius
1478 5369 1644 5423 Filius
1672 5371 1952 5437 adoptatus
1976 5382 2076 5437 per

498 5440 758 5507 templum
786 5441 1032 5508 corporis
1066 5440 1234 5508 ipsius
1260 5440 1469 5495 Domini
1498 5439 1665 5493 nostri
1692 5438 1816 5492 Jesu
1846 5438 2068 5501 Christi,

500 5517 561 5561 ut
588 5510 666 5562 ait
689 5510 900 5564 divinus
920 5510 1205 5579 Apostolus
1234 5526 1248 5562 :
1287 5510 1411 5564 Non
1440 5510 1576 5562 enim
1604 5510 1893 5577 accepimus
1918 5509 2071 5577 spiri-

499 5588 609 5631 tum
634 5580 892 5634 servitutis
921 5580 1108 5633 iterum
1136 5582 1189 5633 in
1217 5581 1432 5643 timore,
1457 5579 1545 5632 sed
1587 5579 1877 5645 acCepimus
1919 5579 2073 5646 spiri-

500 5657 611 5700 tum
660 5648 972 5719 adoptionis,
1016 5651 1071 5703 in
1115 5666 1215 5719 quo
1264 5648 1595 5719 clam_ainus{
1632 5647 1776 5719 Αὔρα
1820 5646 2020 5719 Pater?
2047 5668 2064 5700 ι

503 5719 682 5787 (Tom.
712 5716 941 5789 ll'Oper.
975 5719 1031 5776 S.
1057 5716 1358 5783 Athanasii,
1386 5716 1476 5773 fol.
1503 5717 1652 5787 219.)
1696 5716 1776 5775 En
1819 5717 1907 5774 hic
1949 5731 2070 5772 rur-

2123 1761 2167 1819 B
2197 1764 2523 1835 intelligunt,
2557 1765 2717 1821 simul
2767 1774 2947 1821 tamen

2205 477 2419 546 quidem
2445 475 2512 530 ex
2546 475 2828 549 occasione
2856 476 3152 549 impugnati
3190 475 3501 549 Arianismi,
3534 475 3816 549 quamvis

2202 561 2454 669 (ispresse
2480 549 2583 603 duo
2608 547 2729 602 Filii
2754 547 2898 601 haud
2919 547 3186 614 dicantur,
3205 548 3300 609 sed
3322 566 3337 601 :
3368 557 3445 603 est
3464 547 3622 604 veluti
3646 552 3809 609 alius

2256 635 2272 669 ι
2297 635 2397 669 "18.

2256 635 2397 672 118118.

2273 708 2407 763 Xlll.
2450 708 2554 762 Alii
2591 709 2854 764 Christum
2880 709 3226 784 utAhominem
3272 709 3437 784 Deum
3461 714 3787 784 nuncupati-

2200 795 2317 834 vum
2346 796 2455 833 esse
2504 790 2761 834 asserunt.
2809 811 2881 820 —
2930 780 3081 847 Quod
3143 780 3648 837 denominationem'
3687 784 3786 840 Dei

2201 859 2425 923 spectat,
2478 866 2639 923 quam
2693 851 2865 923 solam
2890 850 3073 923 ‘Arius
3115 849 3474 923 concedebat,
3514 854 3788 923 simulque

2201 921 2514 976 servitutem
2545 921 2687 975 illam
2720 937 2823 991 qua
2853 920 2995 976 idem
3030 921 3264 992 Verbum
3302 920 3451 976 Patri
3477 920 3787 992 subjectum

2199 1005 2321 1064 esse
2349 993 2725 1064 contendebat,
2758 1000 2919 1064 prout
2943 1005 3106 1061 supra
3134 991 3399 1058 vidimus;
3433 994 3536 1048 hac
3564 991 3789 1064 Quoque

2199 1061 2254 1116 in
2280 1077 2339 1115 re
2367 1062 2707 1117 distinctione
2736 1062 2894 1131 paulo
2939 1070 3064 1115 ante
3109 1071 3406 1116 memorata
3446 1061 3596 1118 inter
3623 1061 3791 1119 Chrio

2199 1140 2361 1197 stum,
2385 1141 2651 1202 quatenus
2680 1141 2762 1186 est
2803 1132 2968 1186 Filius
2995 1140 3228 1187 internus
3267 1133 3454 1187 aeterni
3502 1132 3709 1197 Patris,
3731 1142 3791 1190 et

2198 1211 2465 1274 quatenus
2505 1203 2665 1257 homo
2710 1211 2811 1265 est,
2836 1204 3054 1274 quidam
3091 1202 3345 1274 videntur
3390 1204 3495 1268 usi,
3518 1211 3580 1256 ut
3623 1220 3790 1274 argu-

2198 1282 2381 1327 menta
2409 1272 2733 1327 Arianorum
2762 1273 3133 1328 dissolverent.
3164 1272 3276 1329 Hos
3306 1273 3452 1328 inter
3494 1272 3790 1330 nominare

2197 1341 2423 1415 forsitan
2447 1344 2573 1399 licet
2591 1342 2966 1415 Phtebadium,
2985 1358 3144 1415 quem
3173 1351 3394 1415 sanctus
3414 1343 3789 1415 Hieronymus

2196 1412 2252 1467 in
2278 1411 2531 1484 Catalogo
2557 1414 2886 1484 scriptorum
2923 1411 3410 1469 ecclesiasticorum
3462 1411 3789 1471 Sozba'dium

2194 1492 2372 1548 vocat,
2400 1482 2606 1554 Agenni
2635 1482 2928 1554 Galliarum
2954 1484 3289 1554 episcopum,
3323 1486 3414 1554 qui
3442 1485 3494 1539 in
3530 1499 3631 1539 suo
3655 1499 3791 1540 oon-

2196 1561 2278 1627 εἶθ
2293 1552 2523 1627 Arianos
2548 1555 2684 1627 libro
2706 1553 2867 1625 (Bibl.
2894 1552 3036 1627 PP},
3059 1552 3191 1627 tom.
3216 1554 3306 1627 Ν,
3333 1552 3425 1609 l‘ol.
3450 1554 3578 1627 500)
3604 1565 3784 1627 notat,

2198 1623 2504 1689 Ursacium,
2536 1623 2813 1679 Valentem
2843 1633 2898 1679 et
2941 1624 3246 1681 Potamium
3276 1625 3529 1681 haeretica
3560 1623 3790 1684 subtili-

2197 1700 2304 1748 tate
2324 1711 2490 1749 unum
2514 1695 2680 1749 Deum
2707 1694 2967 1757 conﬁteri,
2987 1710 3095 1757 quo
3121 1695 3337 1750 nomine
3363 1695 3534 1751 solum
3561 1695 3790 1750 Patrem

3045 1766 3175 1821 erbo
3219 1781 3412 1820 nomen
3464 1766 3583 1830 Dei,
3614 1781 3786 1821 sensu

2194 1835 2321 1889 licet
2344 1833 2597 1900 subdolo,
2625 1837 2939 1897 concedere,
2973 1843 3033 1889 ut
3078 1833 3433 1905 simpliciores
3476 1837 3784 1905 decipiant.

2194 1906 2370 1960 Verba
2402 1906 2518 1973 ejus
2538 1922 2635 1976 per
2660 1913 2941 1960 extensum
2971 1906 3198 1960 recitare
3220 1915 3455 1975 oportet,
3470 1908 3595 1976 quia
3616 1921 3788 1976 scopo

2194 1984 2378 2030 nostro
2406 1992 2509 2031 non
2546 1977 2717 2032 solum
2755 1977 2821 2030 de
2850 1977 2953 2031 hac
2979 1976 3415 2032 denominatione
3441 1978 3783 2045 extrinseca,

2194 2047 2287 2117 sed
2317 2047 2478 2100 etiam
2524 2048 2589 2102 de
2632 2047 2918 2112 servitute,
2952 2061 3113 2115 quam
3169 2046 3347 2101 Verbo
3397 2047 3788 2117 adjudicabant

2190 2115 2397 2179 Ariani,
2426 2119 2561 2171 mire
2592 2117 2890 2170 inserviunt
2918 2130 2933 2169 :
2972 2135 2989 2165 ‹
3024 2117 3079 2170 In
3100 2116 3246 2170 omni
3287 2115 3641 2186 professionis
3666 2133 3786 2173 sua:

2192 2202 2417 2257 corpore
2445 2190 2522 2242 sic
2563 2189 2737 2256 ipsum
2790 2187 3072 2241 Dominum
3125 2195 3371 2241 nostrum
3418 2204 3522 2242 non
3577 2197 3787 2257 negant

2192 2256 2421 2327 (Ariani)
2466 2266 2524 2311 ut
2551 2258 2717 2312 Deum
2753 2257 3052 2319 destruant,
3082 2257 3185 2311 hoc
3213 2265 3314 2321 est,
3341 2266 3399 2311 ut
3432 2256 3787 2314 tantumno-

2191 2326 2336 2399 miue
2380 2326 2591 2399 Domini
2638 2328 2836 2399 dicant.
2868 2344 2975 2397 quo
3021 2327 3239 2399 nomine
3271 2329 3434 2399 etiam
3467 2344 3565 2383 nos
3592 2330 3787 2399 appel-

2190 2396 2292 2468 lari
2337 2398 2479 2451 soliti
2528 2413 2733 2468 sumus.
2786 2396 2927 2468 Ego,
2962 2398 3155 2466 inquit,
3198 2398 3310 2451 dixi
3337 2413 3355 2450 .'
3394 2396 3494 2468 Vos
3524 2400 3601 2452 dii
3628 2396 3782 2454 estis.

2190 2466 2307 2539 Quo
2330 2469 2546 2539 nomine
2569 2479 2643 2539 et_
2653 2466 2860 2539 Moyses
2887 2477 3011 2539 ante
3043 2469 3272 2539 donatus
3295 2477 3411 2533 est,
3440 2467 3667 2522 Faciam
3705 2478 3782 2533 te,

2140 2558 2147 2567 ι
2189 2537 2383 2609 inquit,
2410 2538 2579 2609 Deum
2606 2536 2899 2592 Pharaoni.
2926 2538 3000 2591 Ne
3028 2538 3148 2609 quis
3175 2553 3306 2609 ergo
3335 2547 3511 2609 putet,
3543 2539 3629 2594 his
3651 2553 3784 2593 ver-

2188 2607 2273 2678 bis
2318 2608 2503 2676 perﬁci
2558 2609 2879 2663 catholicam
2929 2607 3351 2678 professionem,
3395 2609 3440 2664 si
3493 2616 3549 2665 et
3606 2624 3782 2664 unum

2190 2676 2357 2730 Deum
2394 2678 2607 2731 Patrem
2648 2676 2993 2741 conﬁtemur,
3024 2686 3078 2731 et
3126 2679 3292 2734 Deum
3319 2679 3514 2734 Filium
3540 2694 3647 2733 non
3671 2694 3782 2734 ne-

2189 2762 2400 2817 gamus.
2429 2747 2613 2802 Potest
2638 2749 2782 2804 enim
2836 2757 2891 2803 et
2931 2748 3074 2803 Deus
3118 2748 3280 2803 Pater
3324 2751 3403 2805 sic
3452 2765 3592 2804 unus
3632 2749 3784 2804 Deus

2190 2818 2317 2881 dici,
2341 2827 2400 2872 ut
2427 2820 2498 2872 sit
2526 2834 2664 2873 unus
2690 2818 2867 2883 Pater,
2900 2833 3005 2873 non
3038 2819 3179 2874 Deus
3208 2835 3367 2874 unus.
3393 2819 3581 2874 Potest
3609 2828 3667 2873 et
3692 2820 3783 2874 sic

2186 2886 2356 2943 Filius
2394 2888 2535 2944 Deus
2570 2889 2696 2953 diei,
2725 2897 2784 2943 ut
2815 2888 2956 2945 Deus
2995 2904 3101 2944 non
3142 2889 3363 2945 sit.....
3398 2889 3594 2945 Statim
3625 2890 3783 2945 enim

2186 2972 2285 3030 cur
2314 2960 2447 3030 duos
2487 2960 2615 3030 deos
2631 2961 2980 3030 negaverint,
3002 2969 3208 3030 ponun_t
3236 2976 3250 3014 :
3282 2961 3409 3030 quia
3460 2962 3573 3030 ipse
3625 2959 3783 3015 Deus

2185 3028 2261 3081 ait
2290 3046 2301 3081 :
2348 3028 2490 3082 Vada
2518 3029 2587 3083 ad
2618 3027 2831 3084 Patrem
2861 3027 3030 3084 meum
3070 3039 3117 3084 et
3162 3027 3377 3085 Patrem
3419 3027 3670 3096 vestrum,
3701 3030 3781 3084 ad

2111 3110 2160 3173 ο
2188 3098 2359 3173 Deum
2386 3116 2556 3173 meum
2584 3108 2633 3173 et
2660 3099 2829 3173 Deum
2857 3111 3100 3173 vestrum:
3136 3099 3250 3167 Qua
3267 3101 3590 3173 deﬁnitione
3614 3100 3783 3156 mala:

2187 3170 2649 3241 interpretationis
2680 3171 2733 3224 in
2774 3178 2983 3226 tantum
3010 3187 3041 3226 a
3071 3170 3233 3226 Patre
3266 3170 3437 3228 Filius
3461 3181 3778 3241 separatur,

2186 3247 2241 3294 et
2294 3239 2430 3294 infra
2473 3241 2894 3310 omnipotentem
2948 3242 3116 3296 Deum
3164 3242 3405 3310 ponitur,
3434 3256 3492 3295 ut
3518 3239 3672 3296 nobis
3719 3250 3782 3296 et

2186 3310 2485 3365 nativitatis
2509 3310 2744 3366 conditio
2769 3320 2822 3366 et
2862 3312 3212 3367 humanitatis
3254 3312 3541 3368 inﬁrmitas
3586 3310 3777 3367 socie-

2186 3388 2292 3452 ειη.
2336 3381 2576 3452 Denique
2632 3380 2960 3452 subiungunt
3014 3381 3182 3452 Deum
3229 3382 3493 3446 omnium,
3519 3397 3658 3436 unus
3682 3389 3780 3437 est

2185 3448 2352 3522 Deus1
2381 3448 2657 3521 quo—dicto
2678 3448 2936 3506 Demiiius
2960 3466 3066 3506 non
3091 3451 3233 3508 Deus
3267 3452 3512 3507 absolute
3534 3453 3779 3522 denega-

2187 3527 2293 3573 tur.
2329 3520 2444 3575 Deo
2469 3523 2667 3576 etenim
2710 3522 2856 3576 Patri
2887 3538 2990 3577 non
3035 3522 3153 3576 Filii
3201 3523 3437 3585 nomine,
3468 3522 3563 3578 sed
3614 3520 3778 3577 crea-

2186 3598 2321 3662 turae
2342 3591 2648 3646 conditione
2674 3593 2976 3662 subjicitur.
3007 3592 3074 3647 Et
3108 3593 3269 3648 credo
3300 3594 3401 3649 hoc
3429 3593 3546 3649 loco
3572 3603 3773 3648 aucto-

2184 3660 2316 3716 ritas
2342 3662 2634 3730 apostolica
2664 3660 3044 3729 vindicabitur,
3072 3673 3132 3718 ut
3170 3664 3312 3719 Deus
3342 3663 3592 3719 Christus
3620 3665 3777 3719 dica-

2183 3738 2272 3802 t_ur
2308 3734 2504 3802 potius,
2532 3749 2691 3802 quam
2722 3733 2792 3787 sit
2828 3751 2840 3787 :
2879 3735 3005 3802 quia
3053 3734 3249 3789 dixerit
3279 3752 3291 3787 :
3323 3733 3392 3787 Et
3430 3734 3643 3788 donavit
3675 3734 3769 3787 illi

2182 3799 2326 3875 Deus
2367 3799 2569 3875 nomen}
2599 3802 2738 3875 quod
2772 3799 2927 3874 super
2974 3820 3124 3859 omne
3176 3821 3361 3859 nomen
3395 3814 3490 3858 est.
3550 3803 3658 3859 Sed
3713 3811 3776 3859 et

2183 3869 2351 3942 ipsius
2375 3872 2587 3927 Domini
2611 3869 2869 3942 negantis
2911 3889 3031 3929 esse
3074 3889 3132 3930 se
3176 3875 3348 3929 Deum
3395 3890 3603 3940 verum,
3635 3890 3771 3930 cum

2182 3941 2313 3996 dicit
2348 3960 2360 3995 :
2401 3942 2531 4015 Ilwc
2567 3954 2643 3997 est
2674 3944 2776 3998 vita
2802 3954 3019 4015 agema,
3046 3954 3104 3999 ut
3144 3955 3457 4015 cognoscant
3485 3956 3536 3999 te
3564 3946 3770 4010 solum,

2180 4021 2227 4064 et
2278 4029 2455 4084 verum
2502 4013 2687 4079 Deum,
2716 4024 2784 4079 et,
2818 4013 2959 4079 Quid
3007 4032 3107 4080 me,
3140 4013 3332 4084 inquit,
3357 4016 3488 4068 dicis
3527 4015 3769 4069 bonum!

2181 4098 2330 4136 nemo
2356 4083 2538 4149 bonus,
2565 4085 2666 4137 nisi
2694 4101 2827 4138 unus
2856 4084 3016 4138 Deus.
3040 4083 3230 4141 Adhuc
3258 4086 3447 4140 audies
3466 4100 3563 4140 cur
3589 4087 3772 4141 hono-

2179 4166 2295 4205 rem
2321 4153 2389 4206 ab
2414 4168 2520 4207 uno
2547 4163 2601 4208 et
2628 4154 2742 4209 solo
2770 4154 2879 4209 Deo
2909 4170 3012 4209 non
3040 4156 3317 4211 emeritis?
3345 4155 3423 4209 De
3455 4156 3541 4209 die
3581 4166 3771 4210 autem

2179 4231 2228 4274 et
2263 4222 2392 4276 hora
2420 4239 2566 4277 nemo
2588 4227 2702 4289 scit,
2730 4225 2830 4279 nisi
2858 4224 3001 4279 solus
3031 4222 3209 4293 Pater,
3238 4234 3344 4282 etc.
3380 4246 3399 4279 ι
3451 4225 3573 4280 Jam
3622 4240 3766 4281 vero

2180 4292 2462 4365 recensitis
2490 4295 2741 4350 omnibus
2768 4295 2916 4350 hisce
2949 4295 3273 4352 Arianorum
3300 4296 3525 4365 argutiis
3544 4310 3611 4349 ex
3643 4304 3769 4350 tex-

2180 4362 2322 4436 tibus
2352 4361 2754 4436 scripturarum
2790 4365 3104 4436 plerumque
3149 4361 3501 4436 depromptis,
3529 4366 3605 4419 ita
3652 4380 3766 4421 ex-

2182 4432 2379 4486 clamat
2404 4432 2727 4491 Phoebadius
2760 4432 2839 4489 τ’(
2876 4435 2919 4491 0
2943 4432 3107 4491 duces
3126 4432 3284 4491 ε.Ἦὲἱὲ
3312 4452 3344 4490 o
3368 4432 3547 4491 saeculi
3580 4436 3766 4491 ambi-

2182 4504 2326 4575 tione
2357 4504 2590 4575 decepti!
2626 4521 2731 4561 non
2756 4506 3143 4575 distinguentes
3179 4506 3471 4561 Dominicis
3496 4501 3794 4575 potentiae.

2178 4573 2443 4646 duplicem
2472 4573 2692 4642 statum,
2724 4576 2778 4630 in
2808 4593 2901 4631 sua
2931 4573 3375 4646 unumquemque
3418 4573 3765 4645 proprietate

2178 4643 2488 4716 distantem,
2511 4654 2565 4699 et
2593 4647 2850 4716 quidquid
2875 4646 2941 4716 de
2966 4643 3181 4701 homine
3224 4643 3342 4715 ejus
3388 4643 3595 4702 dictum
3642 4656 3758 4712 est,

2175 4711 2286 4785 Deo
2321 4711 2625 4783 applicatis,
2649 4725 2708 4771 ut
2739 4711 2871 4785 'ipse
2916 4715 3059 4770 Deus
3102 4711 3336 4773 hominis
3380 4717 3762 4773 imbecillitate

2176 4784 2430 4857 societur.
2470 4804 2488 4836 ι
2520 4784 2959 4857 Distinguendum
2986 4802 3116 4857 ergo
3161 4788 3372 4843 censuit
3419 4786 3760 4843 Pbmbadius

2182 4854 2499 4927 {duplicem
2552 4854 2842 4911 Dominicae
2887 4854 3139 4927 potentiae
3189 4866 3408 4921 statum,
3449 4876 3466 4909 ι
3520 4866 3603 4927 et,
3624 4872 3757 4912 cum

2172 4924 2356 4978 Ariani
2384 4941 2449 4979 ex
2490 4927 2719 4982 testibus
2760 4924 3002 4982 adductis
3046 4928 3279 4984 Verbum
3335 4943 3454 4983 esse
3507 4946 3525 4978 ι
3578 4926 3760 4982 Deum

2173 4996 2629 5065 nuncupativum,
2676 5012 2995 5066 servumque
3035 4997 3214 5053 Patris
3257 5018 3275 5050 ι
3325 4998 3610 5063 inferrent,
3650 5012 3756 5053 eos

2172 5067 2373 5138 nonde
2403 5066 2577 5121 Verbo
2605 5067 2743 5137 ipso,
2769 5068 2861 5122 sed
2892 5069 2957 5121 de
2981 5076 3175 5122 natura
3207 5075 3515 5138 assumpta,
3547 5082 3643 5123 seu
3681 5068 3757 5123 de

2173 5133 2419 5218 Christo,
2463 5133 2733 5218 quatenus
2783 5138 2943 5194 homo
2990 5146 3103 5205 est,
3156 5133 3588 5209 interpreiandos
3626 5153 3758 5195 esse

2173 5214 2520 5260 existimavit.

2240 5294 2376 5369 XIV.
2426 5296 2653 5369 Quidam
2698 5298 2751 5352 id
2803 5298 2935 5353 bona
2985 5300 3091 5369 ﬁde
3128 5301 3439 5356 docuerunt.
3476 5330 3548 5341 -—
3591 5298 3757 5355 Haud

2171 5367 2418 5451 equidem
2463 5367 3029 5451 dixerimkscriptores
3075 5372 3332 5443 allegatos
3376 5372 3752 5451 adOptionem,

2171 5437 2658 5492 denominatiouem
2705 5439 2798 5494 Dei
2844 5437 3204 5496 extrinsecam
3228 5451 3319 5496 aut
3345 5437 3657 5496 servitutem
3691 5442 3753 5496 in

2170 5506 2404 5570 Christo,
2430 5519 2697 5577 quatenus
2722 5511 2883 5564 homo
2908 5522 3023 5576 est,
3053 5512 3126 5566 ita
3167 5512 3491 5575 defendisse,
3520 5519 3579 5564 ut
3606 5510 3755 5566 duas

2171 5578 2362 5632 exinde
2391 5593 2646 5648 personas
2676 5596 2840 5636 sensu
2882 5580 3202 5636 Nestoriano
3246 5581 3530 5636 inferrent.
3584 5580 3755 5635 Certe

2172 5648 2477 5721 Victorinus
2500 5650 2751 5705 unionem
2775 5652 3163 5721 hypostaticam
3192 5663 3275 5707 sat
3290 5666 3546 5721 expresse
3562 5651 3750 5721 docet,

2171 5733 2291 5775 cum
2322 5720 2395 5774 ait
2426 5734 2440 5773 :
2476 5740 2493 5772 ι
2530 5721 2816 5778 Discedam
2843 5722 3078 5779 Marcelli
3108 5730 3161 5777 et
3201 5720 3419 5779 Photini
3459 5720 3749 5792 discipuli;
