4030 6358
291 259 398 319 345

214 430 241 486 9
292 430 445 503 ξῖἰίυᾶ
473 444 709 501 Verbum
737 454 855 496 esse
882 448 936 496 et
962 442 1103 497 aliud
1135 443 1426 505 hominem,
1461 444 1515 497 in
1558 458 1665 512 quo
1712 430 1869 497 Chri-

293 528 437 576 stum
498 517 683 587 dicunt
715 526 888 587 esse,
940 513 1033 568 sed
1079 514 1252 584 ipsum
1305 516 1463 587 ,λόγον
1524 530 1742 569 carnem
1790 514 1870 567 in-

291 590 497 645 duisse.
525 585 785 657 Illiienim
816 585 1002 639 dicunt
1047 600 1165 657 esse
1212 594 1267 639 et
1310 585 1495 651 Deum,
1528 594 1582 639 et
1612 589 1786 657 Λόγον,
1816 593 1872 639 et

287 660 567 731 Spiritum.
601 656 862 731 Quartum
892 667 1070 710 autem
1110 656 1323 731 Filium,
1350 656 1403 711 id
1440 664 1543 720 est,
1574 656 1867 731 hominem,

290 726 478 809 quiest
508 728 692 809 Maria,
716 726 1191 809 quem_assumpsit
1217 730 1390 809 Λργος,
1407 737 1463 782 et
1484 737 1540 782 ut
1563 727 1868 809 ministrum

290 798 454 863 rexit,
488 800 573 853 cui
606 798 809 853 homini
846 798 1057 863 dicunt,
1090 806 1142 852 et
1192 798 1373 854 sedem
1431 808 1672 868 paratam
1726 813 1864 852 esse.

290 871 628 926 Exciderunt
656 885 784 941 ergo
810 885 841 923 a
870 869 1154 941 Trinitate._
1186 889 1203 920 ›
1238 870 1594 941 Nihilominus
1624 885 1686 921 ex
1720 869 1869 924 hisce

287 949 440 1013 patet
465 938 743 1013 quomodo
769 956 833 994 ex
869 940 1082 994 incauta
1130 938 1419 1013 Arianismi
1470 940 1870 1013 impugnatione

289 1009 357 1067 ac
387 1010 768 1065 distributione
810 1025 1085 1065 sacrarum
1123 1025 1315 1066 vocum
1341 1012 1425 1064 via
1452 1010 1519 1064 ad
1548 1009 1865 1064 divisionem

352 1097 647 1161 ersouarum
698 1080 857 1135 fuerit
897 1088 1086 1161 strata,
1120 1082 1243 1135 dum
1265 1082 1507 1161 _sc_i_licet,
1535 1094 1869 1161 qumcunque

341 1154 473 1208 erbo
524 1152 863 1222 aliquatenus
905 1152 1226 1206 videbantur
1264 1152 1705 1222 indigna,statim
1752 1152 1867 1205 sine

288 1224 492 1279 selectu
523 1223 590 1277 ad
616 1221 907 1278 humanam
936 1232 1182 1276 naturam
1234 1221 1519 1287 referrent,
1554 1221 1698 1290 quod
1748 1222 1869 1290 qui-

291 1296 415 1349 dem
462 1293 629 1362 aliqui
656 1293 847 1361 spiritu
890 1292 1027 1347 forte
1073 1293 1345 1359 hmretico,
1376 1292 1464 1347 alii
1517 1294 1656 1348 bona
1702 1293 1865 1346 etiam

292 1364 398 1447 fide
424 1363 620 1447 fecisse
641 1365 839 1447 _merito
866 1371 1174 1447 censentur,
1205 1378 1272 1419 eo
1324 1365 1487 1447 quod,
1535 1379 1597 1447 re_
1636 1364 1866 1447 needum

289 1435 450 1505 plene
478 1433 746 1489 elucidata
774 1444 935 1505 atque
960 1435 1223 1499 discussa,
1246 1432 1546 1505 periculum
1584 1433 1727 1488 haud
1750 1432 1868 1487 ani-

289 1506 712 1559 madverterent.

362 1575 477 1629 XV.
515 1573 913 1647 Conﬁrmantur
940 1576 1286 1647 prmeedentia
1316 1592 1381 1631 ea:
1405 1583 1587 1647 sancto
1614 1572 1865 1645 Gregorio

291 1644 347 1699 Ν
351 1662 551 1717 ysseno
567 1655 614 1699 et
636 1644 1417 1717 Athanasio.V1—7€onfirmatur
1444 1646 1560 1701 ltmc
1589 1644 1869 1717 argumen-

290 1718 511 1789 tatigex
542 1716 750 1789 iisqum
779 1716 1317 1789 sapctusGregorius
1338 1717 1623 1789 Nyssenusi
1630 1716 1866 1789 epistola

289 1787 357 1839 ad
381 1786 739 1855 Theophilum
766 1786 932 1855 959
958 1786 1404 1852 Alexandrinum,
1441 1797 1572 1842 tom.
1606 1787 1649 1841 ll
1676 1788 1862 1855 Oper.,

286 1856 419 1909 edit.
456 1858 627 1912 Paris.
656 1873 744 1911 an.
774 1856 927 1921 1615,
958 1867 1011 1911 ct
1038 1868 1166 1913 tom.
1202 1859 1222 1913 l
1260 1859 1421 1914 Thes.
1453 1857 1687 1911 Monum.
1721 1856 1866 1912 Eccl.

286 1924 563 1997 Basnagii,
589 1928 679 1982 fol.
716 1928 837 1993 192,
864 1929 1051 1984 scribit
1088 1947 1103 1983 :
1157 1947 1174 1979 ι
1228 1929 1329 1996 Qui
1376 1929 1627 1998 dogmata
1670 1928 1872 1998 Apolli—

286 1998 426 2050 narii
456 1999 771 2064 defendunt,
800 2010 1063 2054 conantur
1090 1999 1392 2055 accusando
1414 1997 1513 2055 nes
1549 2014 1645 2053 sua
1676 1997 1871 2052 cenfir-

289 2082 464 2131 mare,
490 2069 724 2123 Verbum
758 2079 811 2123 et
847 2078 1122 2125 auctorem
1157 2070 1508 2134 szcculorum,
1538 2070 1732 2124 Filium
1772 2070 1870 2122 bo-

287 2138 450 2192 minis
500 2140 639 2204 dico,
674 2140 929 2195 facientes
974 2156 1229 2196 carneum
1282 2150 1335 2195 et
1365 2141 1698 2195 divinitatem
1747 2138 1869 2193 Filii

287 2209 594 2281 mortalem.
630 2209 916 2265 Proferunt
941 2212 1103 2273 enim,
1128 2213 1281 2281 quasi
1312 2211 1529 2280 quidam
1573 2209 1869 2265 secundum

286 2279 615 2351 catholicam
650 2282 944 2336 Ecclesiam
988 2279 1257 2350 duplicem
1310 2279 1477 2336 filium
1524 2283 1576 2335 in
1617 2281 1870 2351 dogmate

285 2350 663 2423 profiteantur,
694 2368 860 2406 unum
906 2360 1117 2415 natura,
1145 2353 1375 2423 alterum
1424 2350 1705 2423 positione
1738 2351 1868 2419 (seu

284 2419 597 2496 adoptione)
632 2425 719 2478 τὸν
746 2427 834 2496 μᾼέν
864 2426 994 2479 κατά
1024 2423 1178 2496 quiia-tr
1211 2422 1350 2487 ὄντα,
1377 2419 1460 2479 τὸῦ
1481 2422 1534 2496 δὲ
1562 2425 1692 2496 κατᾴ
1731 2424 1868 2477 θέσιν

283 2490 504 2569 εἶᾳτεοςν
534 2490 954 2569 πρρσγεῦόηιέενοντ
991 2514 1009 2545 ι
1032 2490 1337 2569 ’δυιῄιιηεί1
1357 2495 1604 2569 equidem
1637 2494 1721 2569 his
1746 2508 1867 2547 ver-

281 2559 367 2615 bis
387 2548 727 2632 Cregoi-ius':
750 2583 767 2614 ι
792 2548 989 2619 Nescio
1011 2580 1039 2617 a
1062 2548 1295 2633 quonam
1325 2548 1427 2619 hoc
1451 2563 1741 2626 audierint,
1772 2578 1868 2617 ne.-

282 2646 388 2705 que
435 2644 624 2705 contra
676 2650 835 2704 quem
881 2643 1137 2705 pugnent.
1173 2635 1420 2705 Nondum
1449 2635 1594 2688 enim
1626 2633 1867 2705 intellexi

281 2703 406 2769 quis
429 2703 567 2759 falso
590 2703 705 2760 haec
727 2703 943 2759 dixerit.
963 2703 997 2756 ἰ
1027 2707 1095 2759 At
1122 2705 1246 2759 licet
1274 2704 1566 2774 Gregorius
1596 2704 1866 2759 neminem

283 2774 526 2840 sciverit,
560 2775 650 2845 qui
699 2775 832 2830 duos
884 2784 1067 2845 aperte
1116 2775 1255 2829 filios
1293 2776 1662 2845 profiteretur,
1700 2774 1866 2845 fuisse

283 2851 464 2899 tamen
490 2844 700 2914 aliquos
722 2848 812 2915 qui
850 2844 953 2900 ista
989 2845 1055 2900 de
1085 2844 1365 2901 catholicis
1411 2844 1734 2899 criminandi
1774 2858 1867 2915 oc-

281 2914 563 2971 casionem
593 2916 1013 2985 Apollinaristis,
1045 2932 1138 2971 sua
1168 2918 1308 2970 inter
1328 2915 1627 2970 naturalem
1655 2922 1713 2967 et
1738 2914 1867 2968 ado-

282 2985 491 3052 ptivum
544 2986 735 3040 Filium
787 2988 1128 3041 distinctione
1173 2987 1455 3051 dederunt,
1505 3001 1611 3040 non
1664 2985 1759 3039 abs
1806 2997 1866 3038 re

283 3054 501 3109 dicitur.
544 3056 841 3111 Admodum
889 3072 1229 3112 communem
1269 3058 1411 3112 enim
1456 3056 1693 3111 evasisse
1725 3056 1866 3110 hanc

928 228 1299 311 saansaan
1334 246 1649 310 DISSERT.
1686 250 1776 311 DE
1814 250 2093 310 M31251
2130 232 2449 311 meum
2486 251 2577 313 ar
2615 248 2897 312 FELICIS.

217 344 267 448 ᾗ
293 380 493 448 ipsum
503 370 652 448 enim
678 363 914 425 Verbum
943 368 1171 448 dicimus
1220 372 1276 448 in_
1323 385 1485 448 carne
1530 371 1696 426 fuisse
1713 386 1865 448 ;__no_n
1896 375 1944 433 Δ
1974 371 2158 448 Refert
2184 374 2273 429 hic
2302 382 2519 430 sanctus
2547 374 2710 448 Pater
2750 375 2828 448 ibi
2864 370 3154 448 absurdam

3445 252 3552 312 516

3267 375 3552 438 orumdam

1971 444 2304 511 Opinionem,
2336 461 2440 514 qua
2473 447 2651 500 unitas
2690 447 2743 501 in
2788 445 3107 501 Trinitatem
3150 444 3365 502 dilatari
3408 447 3557 507 dice-

1970 514 2167 579 batur;
2206 515 2405 598 iliaque
2433 518 2630 598 rejecta
2658 517 2737 571 sic
2766 518 3203 640 scribere1pergit
3228 532 3243 572 :
3277 537 3294 568 ι
3326 517 3555 585 Quando

1971 600 2100 639 vero
2128 601 2219 640 diu
2253 594 2323 639 ita
2354 596 2591 640 sentiunt
2616 588 2850 640 Verbum
2879 596 2933 640 et
2956 588 3017 640 F1
3044 590 3151 640 ium
3182 589 3422 640 dividere
3452 605 3551 640 au-

1971 600 2100 639 vero
2128 585 2219 653 qui
2253 587 2323 639 ita
2354 585 2591 641 sentiunt
2616 588 2850 643 Verbum
2879 596 2933 642 et
2956 585 3151 643 Filium
3182 589 3422 644 dividere
3452 605 3551 647 au-

1970 655 2132 728 dent,
2174 657 2611 728 contenduntque
2650 658 2792 711 aliud
2833 674 2953 714 esse
2999 659 3236 713 Verbum
3288 668 3341 715 et
3387 660 3551 717 alium

1970 726 2207 807 Fiiiumﬂf
2236 729 2379 807 ἀλλὸν
2404 731 2492 792 μὲν
2521 726 2643 807 sive}
2672 730 2757 807 ςὸις
2783 732 2971 807 Afros,
3003 730 3177 807 ἕτερον
3209 729 3376 807 δέ-τόν
3403 732 3551 802 Υἶόν)

1970 798 2122 868 prius
2154 797 2387 873 Verbum
2418 814 2534 853 esse
2554 840 2568 863 ,
2601 800 2792 873 deinde
2822 797 3052 873 Filium;
3088 797 3227 873 'age,
3270 802 3383 873 ista
3415 797 3553 871 quo;

1971 884 2105 937 que,
2140 868 2182 921 si
2213 869 2415 938 placet,
2448 869 2860 939 perpendamus.
2902 871 3066 926 Varia
3110 868 3290 927 autem
3335 868 3551 928 illorum

1970 950 2053 993 est
2083 939 2514 1011 temeritas.Alii
2556 940 2697 994 enim
2743 941 3040 1011 hominem,
3094 957 3253 1011 quem
3302 941 3556 998 Salvator

1971 1010 2294 1086 assumpsit,
2318 1010 2513 1086 Filium
2537 1025 2656 1065 esse
2676 1010 2861 1086 volunt
2872 1030 2904 1086 _:_
2919 1012 3007 1066 alii
3031 1010 3336 1086 utrumque,
3362 1028 3555 1086 nempe

1971 1081 2242 1135 hominem
2275 1089 2333 1153 et
2360 1081 2621 1146 Verbum,
2652 1089 2779 1153 tunc
2808 1082 3002 1153 Filium
3032 1081 3245 1153 factum
3261 1082 3427 1139 fuisse
3454 1081 3553 1153 pu-

1970 1158 2124 1215 tant,
2157 1167 2278 1205 cum
2325 1152 2465 1204 inter
2505 1167 2562 1206 se
2606 1151 2835 1220 copulati
2878 1161 3021 1205 sunt.
3067 1152 3170 1207 Alii
3201 1162 3381 1209 autem
3410 1151 3557 1209 arbi-

1970 1229 2181 1275 trantur
2209 1223 2381 1291 ipsum
2408 1222 2642 1277 Verbum
2674 1231 2799 1276 tunc
2823 1222 3013 1276 Filium
3042 1223 3239 1278 factum
3266 1238 3406 1290 esse,
3428 1240 3553 1281 cum

1970 1292 2132 1346 homo
2162 1294 2334 1363 factus
2360 1300 2443 1347 est
2470 1310 2481 1345 :
2516 1293 2781 1363 siquidem
2826 1309 2891 1348 ex
2922 1294 3126 1359 Verbo,
3159 1294 3439 1363 inquiunt,
3474 1294 3554 1350 fa-

1970 1370 2090 1419 ctus
2134 1371 2219 1418 est
2258 1362 2457 1427 Filius,
2488 1362 2593 1428 qui
2625 1372 2782 1419 antea
2812 1379 2917 1419 non
2944 1363 3143 1428 Filius,
3174 1362 3267 1420 sed
3295 1366 3556 1421 duntaxat

1969 1434 2206 1505 Verbum
2248 1442 2385 1489 erat.
2420 1454 2439 1505 ι
2486 1434 2659 1489 Fuere
2701 1450 2830 1505 ergo
2873 1436 3014 1489 inter
3037 1434 3268 1490 Arianos
3297 1436 3553 1505 quidam,

1970 1505 2061 1575 qui
2085 1504 2319 1558 Verbum
2349 1520 2377 1558 a
2404 1504 2541 1559 Filio
2567 1504 2894 1569 diviserant,
2923 1514 3016 1559 aut
3040 1507 3132 1575 qui
3158 1504 3393 1561 Verbum
3429 1514 3556 1561 tunc

1969 1574 2306 1647 solummodo
2332 1575 2539 1647 Filium,
2553 1592 2674 1631 esse
2700 1576 2904 1631 factum
2933 1574 3278 1647 asseruerant
3296 1618 3311 1641 ,
3339 1577 3557 1647 quando

1968 1645 2131 1700 homo
2160 1644 2334 1717 factus
2363 1655 2464 1701 est.
2500 1646 2652 1701 Hunc
2679 1661 2843 1717 porro
2870 1662 3114 1701 errorem
3142 1644 3379 1702 refutare
3406 1646 3558 1703 vide-

1971 1726 2059 1788 tur
2086 1726 2276 1788 auctor
2304 1716 2425 1772 libri
2461 1726 2648 1773 contra
2673 1716 3085 1779 Σύνουσιὰστας,
3115 1733 3275 1788 quem
3318 1718 3407 1772 alii
3457 1716 3559 1773 sub

1973 1786 2190 1841 Diodori
2237 1787 2549 1853 Tarsensis,
2596 1789 2688 1843 alii
2732 1790 2831 1843 sub
2877 1786 3147 1843 Theodori
3185 1788 3558 1858 ,Mopsucstcni

1972 1858 2190 1929 nomine
2210 1859 2418 1929 citant,
2450 1860 2577 1929 dum
2604 1859 2679 1912 ait
2707 1860 2845 1929 apud
2873 1858 3154 1913 Leontium
3178 1857 3404 1928 Byz’ant.
3434 1860 3556 1929 Act.

1973 1944 2068 2000 Iv,_
2092 1928 2179 2000 de,
2201 1928 2405 2000 Sectis,
2449 1928 2584 1983 Bibl.
2630 1928 2755 1983 PP."
2778 1929 2945 2000 Lugd.
2991 1938 3121 1984 tom.
3149 1930 3251 1994 1X,
3284 1930 3377 1985 fol.
3410 1928 3555 1983 704:

1976 2016 1995 2046 ι
2033 1998 2217 2053 Gratia
2249 1998 2416 2053 Filius
2445 2000 2608 2054 homo
2638 2015 2704 2054 ex
2736 1998 2903 2054 Maria
2929 2008 3120 2065 natus,
3151 2012 3345 2054 natura
3374 2008 3558 2055 autem

1970 2069 2114 2124 Deus
2161 2068 2440 2124 Verbum:
2491 2071 2622 2124 illud
2665 2072 2868 2141 gratia,
2916 2079 2974 2141 et
3017 2086 3124 2125 non
3170 2080 3403 2136 natura;
3452 2070 3557 2125 hoc

1971 2151 2152 2193 autem
2182 2150 2374 2193 natura
2396 2148 2460 2211 et
2488 2156 2591 2195 non
2623 2139 2817 2210 gratia.
2851 2139 3090 2195 Sufﬁciet
3120 2141 3336 2211 corpori
3362 2156 3427 2195 ex
3455 2155 3556 2195 nov

1971 2218 2084 2283 stro
2133 2225 2328 2283 genere
2381 2210 2569 2266 ﬁliatio
2622 2212 2916 2283 secundum
2965 2210 3239 2283 gratiam,
3286 2211 3455 2283 gloria
3480 2217 3561 2283 Aet

1970 2279 2381 2350 immortalitas,
2426 2289 2481 2335 et
2518 2281 2659 2350 quod
2704 2279 3086 2349 templum‘Dci
3114 2279 3314 2337 factum
3343 2290 3448 2337 est.
3479 2279 3561 2336 Ne

1970 2349 2209 2405 elevetur
2235 2366 2395 2421 supra
2423 2349 2671 2406 naturam
2692 2394 2706 2415 ,
2735 2364 2788 2406 et
2814 2353 2955 2407 Deus
2983 2353 3219 2408 Verbum
3247 2353 3365 2408 loco
3391 2351 3559 2407 actio-

1971 2421 2056 2474 nis
2096 2422 2394 2492 gratiarum
2418 2464 2432 2487 ,
2475 2438 2635 2492 quam
2676 2421 2967 2488 debemus,
3000 2423 3327 2478 contumelia
3356 2422 3560 2477 afﬁcia-

1972 2501 2081 2555 tur,
2111 2501 2167 2548 et
2196 2509 2315 2562 quae
2344 2493 2670 2547 contumelia
2693 2495 2716 2545 ?
2754 2508 3076 2563 componere
3119 2510 3244 2549 eum
3277 2510 3399 2549 cum
3436 2508 3560 2549 cor-

1968 2578 2100 2635 pore
2126 2573 2172 2617 et
2200 2563 2520 2635 existimare,
2550 2563 2782 2635 apusifli
2810 2582 2918 2618 esse
2944 2582 3159 2635 corpore
3185 2565 3254 2619 ad
3278 2565 3559 2635 perfectam

1968 2632 2351 2703 ﬁliationem.)
2385 2633 2463 2687 En
2494 2632 2656 2703 negat
2682 2634 2770 2688 hic
2796 2644 2986 2689 auctor
3026 2632 3127 2691 iste
3147 2676 3163 2702 ,
3209 2632 3445 2690 Verbum
3490 2633 3558 2689 ad

1968 2702 2261 2783 periectam
2294 2702 2609 2783 ﬁliationem
2642 2706 3036 2783 assumptione_
3058 2707 3309 2783 humana:
3337 2712 3559 2783 litatum:

1971 2773 2297 2843 indiguisse,
2328 2773 2472 2843 quod
2503 2773 2845 2828 Arianorum
2868 2775 3127 2843 quosdam
3155 2774 3461 2830 defendisse
3489 2788 3556 2827 ex

1967 2841 2280 2925 Athanasio
2316 2841 2626 2925 retulimus2
2677 2841 2913 2925 dicitque
2959 2846 3196 2925 Verbum
3246 2860 3311 2899 ex
3360 2852 3558 2898 natura

1969 2927 2063 2967 sua
2089 2913 2201 2985 jam
2233 2914 2300 2967 ab
2326 2921 2529 2985 aeterno
2555 2914 2719 2968 fuisse
2747 2910 2942 2969 Filium
2968 2932 2982 2980 ;
3010 2915 3183 2985 gratia
3213 2925 3394 2968 autem
3413 2929 3558 2985 ,Aseu

1969 2985 2110 3051 quod
2135 2984 2276 3039 idem
2302 2992 2408 3050 est,
2434 2983 2722 3054 adoptione
2747 2982 3398 3054 hominem'assumptum.
3428 2982 3557 3051 Quis

1969 3054 2058 3107 hic
2080 3069 2189 3126 non
2214 3055 2387 3126 videt,
2412 3055 2671 3110 directam
2700 3055 3039 3126 occasionem
3064 3069 3129 3126 ex
3158 3055 3557 3126 impugnatioue

283 3125 348 3197 de
395 3128 699 3182 assertione
744 3128 970 3197 duplicis
1012 3126 1104 3182 filii
1144 3128 1552 3197 imputationem
1580 3125 1864 3182 catholicis
1890 3116 1938 3178 C
1968 3124 2206 3197 perfidia:
2234 3116 2479 3197 Ariaute,
2509 3134 2567 3179 ut
2595 3126 2807 3197 duplex,
2834 3124 3032 3192 Filius,
3080 3116 3554 3192 alter-naturalis,

282 3194 686 3269 factam,etiam
708 3212 772 3269 ex
798 3194 862 3252 iis
885 3198 1157 3269 colligitur
1185 3194 1303 3267 quae
1329 3198 1655 3251 Athanasius
1686 3197 1822 3251 libro
1845 3213 1862 3250 ι

282 3266 548 3323 adversus
594 3266 1035 3338 Apollinaristas,
1059 3266 1341 3338 postquam
1374 3269 1750 3338 hmrcticorum
1778 3282 1865 3338 er-

284 3352 437 3409 rores
462 3336 842 3403 recensuisset,
877 3336 1102 3394 scribit:
1136 3358 1154 3389 ‹
1189 3336 1267 3394 Ita
1296 3354 1392 3393 vos
1434 3353 1647 3409 quoque
1672 3336 1859 3408 (Apol-

283 3407 931 3481 liuaristas‘alloquitur)
993 3412 1140 3465 velut
1187 3407 1531 3480 sycophantae
1563 3407 1711 3481 duos
1766 3422 1865 3462 nos

281 3477 425 3532 filios
450 3477 963 3547 admittere—dicitis,
993 3482 1079 3535 vel
1110 3477 1472 3536 nos’hominis
1500 3480 1735 3535 cultores
1770 3493 1864 3533 vo-

279 3549 442 3621 catis,
470 3565 675 3619 nosque
712 3552 918 3621 peccati
969 3552 1309 3606 insimulatis.
1378 3571 1396 3603 ι
1447 3550 1680 3619 Nempe,
1724 3548 1865 3604 inter

271 3616 385 3684 jam
415 3616 746 3676 memoratos
773 3621 886 3676 Arii
915 3638 1129 3677 errores
1150 3623 1194 3676 is
1230 3624 1417 3686 etiam,
1440 3630 1500 3674 ut
1526 3616 1682 3689 supra
1709 3627 1864 3673 nota-

278 3689 483 3753 vimus,
512 3689 703 3761 fuerat,
736 3693 877 3761 quod
913 3711 931 3743 ι
982 3708 1199 3748 carnem
1240 3694 1408 3747 solam
1451 3693 1517 3746 ad
1542 3690 1863 3761 occultatio-

279 3773 405 3812 nem
429 3759 770 3816 divinitatisi
799 3763 1179 3827 confiteretur;
1211 3783 1227 3813 ι
1254 3764 1369 3817 vice
1385 3770 1566 3816 autem
1590 3759 1863 3815 interioris

276 3830 454 3883 nostri
486 3832 748 3897 hominis,
778 3833 833 3887 id
854 3843 935 3888 est
961 3836 1174 3898 animm,
1201 3834 1435 3888 Verbum
1467 3833 1520 3885 in
1566 3846 1729 3885 carne
1763 3845 1860 3883 ex-

275 3901 509 3974 stitisse,
545 3902 823 3974 rgdiceret,
856 3922 874 3954 ε
904 3906 1208 3974 passionem
1234 3913 1289 3959 et
1314 3904 1382 3957 ab
1408 3902 1596 3974 inferis
1620 3916 1863 3974 resurre-

277 3971 519 4025 ctionem
544 3972 807 4028 divinitati
836 3971 1106 4031 ascribere
1134 3991 1315 4030 ausus.
1349 3995 1367 4027 ι
1401 3975 1476 4027 Ita
1510 3971 1857 4026 Athanasius.

277 4040 567 4114 Negabant
608 4043 660 4098 id
707 4045 976 4111 catholici,
1008 4047 1391 4101 contendentes
1430 4043 1723 4114 perfectam
1760 4042 1864 4114 Abo-

277 4112 446 4165 minis
475 4122 726 4168 naturam
754 4131 875 4169 cum
904 4110 1131 4187 corpore
1157 4126 1211 4170 et
1235 4119 1413 4170 anima
1432 4110 1464 4170 a
1492 4115 1667 4169 Verbo
1697 4110 1862 4187 fuisse

277 4193 635 4259 assumptam,
668 4200 734 4239 ex
763 4201 869 4255 quo
895 4184 1251 4259 Apollinaris,
1276 4188 1609 4259 Arianorum
1630 4184 1858 4259 vestigia

277 4252 331 4327 in
360 4267 429 4327 eo
462 4252 1089 4327 saltemisecutusfquod
1139 4276 1156 4308 ‹
1205 4258 1322 4312 vice
1370 4255 1645 4327 interioris
1689 4252 1862 4309 nostri

277 4322 523 4379 hominis
572 4326 843 4382 ccelestem
879 4322 1115 4384 mehtem
1163 4328 1216 4383 in
1265 4327 1482 4382 Christo
1506 4326 1671 4380 fuisse
1704 4344 1721 4375 ι
1754 4332 1862 4379 sta-

279 4401 482 4460 tueret,
511 4397 651 4463 apud
679 4397 940 4454 Athanas.
976 4400 1079 4454 loc.
1108 4399 1293 4463 citato,
1326 4399 1667 4453 occasionem
1717 4410 1859 4449 sum-

276 4466 671 4557 psitrerjrorem
701 4468 849 4557 illum
878 4470 944 4524 de
972 4471 1169 4557 duplici
1212 4470 1322 4524 ﬁlio
1361 4468 1641 4557 eatliolicis
1688 4467 1859 4536 impu-
1892 4498 1941 4557 υ
1964 4466 2879 4556 iw};ih‘u‘ggbgo'ggggrgg'ggl;
2912 4466 3176 4542 ,ζῷ’-,ζὼς
3202 4466 3338 4541 533,;

280 4536 665 4600 tandi,ductus
695 4539 902 4593 ratione
928 4536 1068 4609 quod
1095 4558 1113 4590 ι
1138 4540 1243 4594 duo
1277 4541 1514 4609 perfecta
1542 4553 1707 4591 unum
1734 4551 1861 4609 esse

276 4622 384 4677 non
441 4609 671 4677 possint.
732 4628 751 4661 ι
802 4606 1087 4676 Athauas.,
1116 4610 1219 4665 loc.
1265 4606 1356 4665 cit.
1400 4610 1570 4664 Porro
1599 4624 1692 4662 seu
1724 4606 1859 4662 falsa

276 4675 458 4731 fuerit
483 4676 648 4747 (quod
694 4680 923 4751 quidem,
953 4681 1126 4750 quoad
1172 4681 1458 4751 plerosque
1500 4679 1656 4733 facile
1700 4677 1861 4747 largi-

277 4750 450 4821 mur),
477 4764 573 4821 seu
605 4758 851 4821 respectu
880 4750 1180 4821 aliquorum
1216 4750 1393 4806 minus
1427 4758 1584 4806 cautc
1612 4764 1857 4821 pugnan~

279 4819 413 4872 tium
438 4820 604 4872 etiam
629 4835 759 4874 vera
792 4820 904 4876 haec
929 4819 1221 4886 accusatio,
1258 4836 1320 4875 ca
1364 4831 1513 4877 certe
1560 4821 1733 4883 docet,
1760 4819 1860 4872 im-

273 4890 990 4970 pugnationemﬁriauismi
1021 4908 1207 4970 ansam
1234 4894 1527 4970 praebuisse
1553 4891 1619 4944 de
1659 4889 1858 4970 duplici

278 4906 667 5015 puEnauouem
700 4906 990 4946 Miautsmt
1021 4908 1207 4947 ansam
1234 4906 1527 4961 praebuisse
1553 4906 1619 4944 de
1659 4906 1858 4971 uupnct

278 4975 351 5034 ιιιΔ
400 4960 581 5015 bristo
617 4960 728 5015 filio
755 4969 809 5034 et
834 4962 1127 5034 cogitandi,
1157 4971 1207 5034 et
1236 4963 1538 5034 scribendi;
1594 4970 1686 5014 aut
1733 4960 1858 5034 talia

279 5030 840 5155 snitemtassereudi,
883 5030 1025 5090 unde
1081 5033 1276 5104 duplex
1326 5034 1416 5088 ille
1472 5031 1612 5087 filius
1666 5030 1860 5085 merito

279 5117 331 5155 in
356 5118 484 5155 erre
513 5117 599 5155 ur.

278 5102 599 5157 inferretur.

345 5192 496 5265 XVI.
535 5192 649 5265 Ipsi
677 5195 862 5251 Ariani
892 5196 1212 5251 occasionem
1244 5196 1370 5249 dant
1396 5194 1647 5249 doctrina:
1675 5194 1739 5246 de
1765 5190 1864 5245 du-

278 5263 401 5338 ριὶςὶ
434 5263 576 5338 ﬁlio.
607 5296 676 5338 τέ
706 5267 842 5333 Quin
879 5267 1092 5338 ipsituet
1121 5268 1337 5328 Ariani,
1371 5282 1491 5321 cum
1524 5265 1711 5338 spiritu
1742 5277 1863 5338 ver-

281 5335 467 5408 tiginis
513 5336 569 5388 in
616 5334 828 5391 diversa
875 5333 1207 5408 raperentur.
1257 5346 1417 5404 atque
1448 5337 1503 5408 in
1531 5333 1865 5408 expositione

256 5406 546 5467 doctrinae
576 5422 687 5462 sum
712 5405 966 5462 continuo
996 5418 1051 5463 et
1078 5410 1349 5461 variarent
1378 5417 1430 5459 et
1457 5405 1827 5460 discordarent
1847 5444 1862 5467 ,

280 5477 456 5547 errori
506 5476 634 5532 huic
678 5478 1080 5535 fundamentum
1125 5494 1381 5547 posuere,
1430 5486 1587 5547 prout
1630 5491 1694 5527 ex
1722 5490 1863 5547 cra-

282 5546 429 5602 tione
453 5547 489 5602 4
517 5553 693 5602 sancti
721 5549 1001 5605 Athanasii
1030 5544 1219 5606 contra
1248 5544 1476 5603 Arianos
1503 5561 1691 5600 eruere
1720 5544 1863 5599 licet.

349 5727 381 5772 δ
418 5727 709 5787 Fabricius
732 5727 871 5788 Bibl.
899 5729 994 5788 Gr.
1027 5728 1089 5786 L.
1118 5727 1184 5783 V.
1212 5727 1274 5784 P.
1303 5725 1394 5795 V.,
1422 5740 1545 5796 pag.
1577 5724 1701 5791 157,
1742 5723 1894 5795 ponit
1920 5742 1932 5779 :

1968 3194 2107 3248 alter
2136 3195 2417 3264 adoptivus
2446 3194 2818 3251 statueretur?

2036 3287 2213 3364 XVII_._
2234 3290 2500 3364 Diodorus
2514 3291 2803 3364 Tarsensis
2834 3291 3060 3347 Arianos
3075 3292 3376 3364 impugnat.
3408 3289 3557 3364 Idem

1966 3359 2094 3483 Lach
2150 3359 2452 3414 Theodorus
2504 3360 2918 3432 Mopsuestenus.
2954 3392 3026 3403 —
3061 3359 3261 3418 Verum
3309 3362 3557 3431 equidem

2006 3431 2160 3483 abet.
2191 3430 2419 3483 librum.
2460 3447 2527 3483 ex
2559 3447 2666 3483 auo
2698 3440 2876 3483 textus
2921 3432 3026 3483 iste
3069 3431 3387 3483 desumutus
3435 3441 3556 3483 est.

2006 3431 2160 3502 abet,
2191 3430 2419 3502 librum,
2460 3447 2527 3485 ex
2559 3430 2666 3501 quo
2698 3440 2876 3502 textus
2921 3432 3026 3487 iste
3069 3430 3387 3502 desumptus
3435 3441 3556 3496 est,

1966 3498 2171 3573 directe
2200 3516 2305 3573 non
2335 3498 2591 3567 Arianis,
2616 3502 2706 3557 sed
2726 3501 3073 3573 ,Syuusiastis
3109 3518 3203 3557 seu
3229 3498 3555 3572 Apollinari-

1967 3570 2068 3624 stis
2093 3571 2399 3639 oppositum
2424 3587 2565 3628 esse.
2594 3572 2665 3626 At
2692 3572 2737 3627 si
2762 3570 2809 3628 is
2829 3574 2894 3628 ad
2918 3573 3209 3628 Diodorum
3236 3570 3556 3628 Tarsensem

1965 3640 2421 3713 referrirdebeat,
2453 3651 2669 3698 constat
2712 3644 3024 3713 episcopum
3071 3644 3213 3698 hunc
3258 3659 3365 3698 non
3411 3641 3556 3698 solos

1964 3710 2417 3781 Appollinaristas
2438 3754 2451 3778 ,
2486 3715 2581 3768 sed
2608 3710 2840 3769 Ariauos
2867 3710 3033 3769 etiam
3062 3730 3155 3769 seu
3187 3714 3556 3771 Eunomianos

1967 3780 2328 3852 impugnasse,
2358 3793 2517 3852 prout
2539 3784 2603 3838 de
2631 3800 2696 3839 eo
2726 3784 2891 3839 refert
2910 3784 3192 3839 Fabricius
3214 3784 3352 3838 Bibl.
3377 3783 3552 3839 Graec.

1967 3797 2328 3905 impugnasse,
2358 3797 2517 3852 prout
2539 3797 2603 3838 de
2631 3800 2696 3839 eo
2726 3797 2891 3839 relert
2910 3797 3192 3839 r'aurtclus
3215 3797 3352 3838 mut.
3377 3797 3552 3839 uram.

1964 3865 2032 3935 vo
2058 3891 2090 3935 τ’
2155 3852 2401 3935 lll,_pag.
2428 3854 2735 3935 2558Lseq.‘1
2762 3854 2865 3935 qui
2897 3854 3116 3935 insuper
3156 3870 3211 3909 ιι.
3357 3853 3555 3908 ibidem

1967 3921 2098 3976 dicit
2125 3921 2577 3993 quod'se'ripserit
2608 3924 2673 3978 de
2704 3921 2909 3993 Spiritu
2954 3921 3145 3980 sahcto
3191 3922 3340 3977 varia
3384 3938 3555 3993 argu-

1966 4001 2153 4064 menta
2169 3993 2598 4064 AMacedonianis,
2626 4002 2688 4048 ut
2712 3995 2941 4058 videtur,
2974 3994 3243 4064 opposita,
3275 3993 3330 4047 in
3361 3993 3555 4064 quibus

1966 4076 2089 4115 eum
2112 4062 2383 4134 iNestorio
2427 4064 2766 4134 przelusisse,
2798 4074 2951 4119 notat
2991 4062 3217 4120 Photius
3244 4065 3364 4119 cod.
3391 4062 3510 4134 7102
3532 4102 3548 4127 ,

1966 4134 2056 4206 qui
2090 4133 2177 4206 illa
2204 4135 2257 4188 in
2288 4133 2475 4190 eodem
2505 4135 2772 4189 volumine
2802 4136 2960 4206 legit,
2992 4150 3099 4204 quo
3136 4134 3336 4191 Gclasii
3376 4133 3555 4206 celsa-

1965 4203 2163 4276 ricnsis
2192 4206 2328 4276 liber
2354 4215 2544 4260 contra
2585 4202 2946 4260 Eunomianos
2971 4202 3390 4276 comprehensus
3417 4202 3552 4257 fere-

1963 4274 2143 4346 batur.
2172 4275 2365 4330 Mirum
2398 4278 2561 4346 igitur
2589 4292 2695 4331 non
2726 4285 2843 4339 est,
2870 4278 2915 4330 si
2945 4277 2997 4330 in
3027 4274 3145 4344 ipso
3170 4276 3333 4346 etiam
3362 4280 3553 4346 contra

1967 4342 2311 4413 Synusiastas
2335 4342 2474 4401 libro
2501 4349 2704 4401 erroris
2726 4342 3167 4401 Eunomianiseu
3192 4344 3378 4399 Ariani
3404 4357 3552 4397 men-

1966 4415 2165 4469 tionem
2195 4416 2416 4480 fecerit,
2447 4433 2677 4487 eumque
2706 4418 2880 4472 denuo
2909 4416 3179 4471 debellare
3208 4422 3435 4471 conatus
3458 4414 3553 4479 sit,

1966 4484 2089 4536 “CCI.
2116 4487 2295 4536 minus
2324 4496 2449 4536 3010
2479 4503 2751 4536 armorum
2782 4502 2878 4536 llSll
2912 4503 3024 4536 rem
3068 4503 3172 4536 non
3202 4488 3338 4536 adeo
3381 4482 3553 4536 perfe-

3448 4498 3553 4537 Tle-

1968 4499 2089 4539 ucct
2116 4502 2295 4542 mmus
2324 4499 2449 4556 apto
2479 4503 2751 4541 armorum
2782 4502 2879 4541 usu
2912 4503 3025 4542 rem
3068 4503 3173 4542 non
3202 4499 3338 4541 adeo
3380 4499 3550 4555 perte-

1968 4556 2121 4610 cerit.
2154 4557 2306 4623 Quod
2334 4560 2379 4611 si
2407 4572 2536 4612 vero
2561 4558 2870 4636 praceitatus
2899 4558 3036 4611 liber
3065 4556 3406 4636 Theodorum
3438 4553 3550 4636 Mo-

1966 4636 2313 4696 psuestenum
2360 4637 2635 4683 auctorem
2682 4628 2907 4690 habeat,
2955 4629 3199 4683 eamdem
3224 4639 3478 4696 pugnam
3506 4628 3553 4680 is

1967 4693 2181 4767 quoque
2226 4699 2518 4766 pugnavit,
2562 4707 2724 4767 prout
2767 4698 3037 4766 colligitur
3077 4693 3307 4767 exfejus
3323 4693 3549 4767 verbis,

1967 4764 2398 4835 quae-Facundos
2423 4764 2824 4822 Herzuianensis
2851 4764 2943 4821 lib.
2975 4784 3038 4828 ι,
3068 4782 3116 4822 c.
3147 4766 3197 4827 1,
3220 4764 3548 4835 θάἰιεορθιο.

1970 4834 2276 4903 Sirmondi,
2305 4848 2434 4892 tom.
2462 4838 2534 4902 ll,
2565 4839 2753 4891 Venet.
2788 4837 2959 4900 1728,
2986 4836 3089 4891 col.
3121 4835 3258 4899 515,
3289 4834 3455 4889 refert
3479 4848 3550 4888 ex

1967 4908 2105 4962 libro
2148 4910 2212 4962 de
2243 4907 2573 4976 Apollinario
2601 4916 2653 4960 et
2683 4907 2798 4975 ejus
2842 4907 3079 4976 bmresi:
3115 4924 3131 4955 ι
3164 4906 3299 4958 Αιιῖθ
3327 4904 3548 4976 triginta

1962 4977 2077 5046 jam
2117 4981 2216 5033 hos
2244 4974 2414 5031 annos
2441 4989 2466 5018 ο
2496 4977 2563 5032 de
2605 4974 2978 5030 lncarnatione
3016 4974 3266 5031 Codicem
3310 4974 3549 5046 conscri-

1966 5045 2172 5119 psimus
2203 5064 2372 5116 usque
2399 5047 2465 5101 ad
2493 5047 2796 5119 quindecim
2827 5046 3294 5119 millia-versuum
3333 5045 3550 5119 pertin-

1967 5065 2172 5119 psmms
2203 5064 2372 5116 usque
2399 5063 2465 5101 aa
2531 5063 2796 5101 mnuectm
2827 5063 2994 5100 muua
3040 5063 3294 5101 versuum
3343 5063 3545 5113 perun-

1967 5130 2178 5188 geutcm
2196 5158 2211 5182 ,
2262 5119 2317 5171 in
2360 5132 2466 5187 quo
2493 5063 2620 5171 (Arii
2651 5127 2704 5170 et
2728 5116 2975 5172 Eunomii
3000 5101 3067 5170 de
3095 5116 3197 5171 hac
3226 5130 3284 5170 re
3314 5114 3506 5188 delicta
3526 5150 3545 5178 ,

1968 5185 2068 5244 ﬁec
2117 5204 2226 5243 non
2275 5185 2437 5242 etiam
2484 5187 2801 5257 Apollinarii
2843 5202 3035 5241 vanam
3077 5185 3546 5256 pnesumptionem

1969 5276 2064 5330 per
2104 5268 2275 5313 torum
2318 5258 2619 5330 illudopus
2646 5258 3089 5330 examinavimus.
3128 5274 3146 5307 ι
3175 5257 3547 5330 Convenerat)!

1970 5320 2161 5404 heinpe
2191 5330 2433 5404 haeretici
2460 5320 2545 5404 isti
2564 5338 2678 5404 ,ιιιΔ
2697 5327 3166 5404 supra_diximus,_
3195 5320 3261 5378 in'
3293 5338 3357 5404 eo
3400 5320 3546 5404 quod

1968 5391 2202 5473 Verbum
2249 5401 2442 5473 animae
2480 5391 2623 5454 vices
2667 5400 2719 5473 i_n
2762 5391 2978 5473 Christo
3016 5391 3548 5473 supplev'cpib‘unde

1969 5471 2127 5524 simul
2173 5486 2237 5524 ac
2282 5470 2446 5525 semel
2488 5486 2580 5525 eos
2614 5469 2864 5525 refutavzt
2890 5462 3234 5529 Theodorus,
3264 5462 3428 5533 950
3452 5462 3547 5530 qui

1970 5542 2207 5611 insuper,
2240 5550 2401 5612 prout
2428 5543 2545 5596 loco
2574 5541 2738 5595 citato
2769 5538 2935 5593 refert
2961 5536 3276 5601 Facundus,
3308 5545 3546 5603 conque-

1967 5724 2108 5780 circa
2132 5739 2327 5779 annum
2354 5722 2547 5780 Christi
2575 5722 2698 5779 385.
