4030 6358
389 239 490 300 547

1199 240 1261 294 Β.
1300 237 1365 294 F.
1403 237 1630 294 ALBINI
1669 234 1802 292 SEU
1839 230 2116 292 ALCUINI
2169 233 2457 292 OPERUM
2495 233 2674 290 PARS
2705 235 2794 296 ΠΙ.

3539 232 3648 289 543

391 360 532 416 ritur
567 356 674 416 sibi
709 371 806 428 per
839 355 1167 414 calumniam
1207 354 1473 428 imputari
1498 355 1644 424 quod
1671 353 1805 428 duos
1834 351 1976 406 ﬁlios
1998 352 2055 413 Α
2076 353 2205 428 dum
2231 369 2368 428 _esse
2414 354 2748 428 decerneret.
2795 351 3130 428 VideAnotas
3279 348 3553 428 Bernardi
3586 352 3658 406 de

391 429 635 494 diceret;
669 423 733 484 ei
761 444 870 498 qua
899 429 1116 498 quidem
1145 423 1372 498 querela
1393 423 1642 498 infertur,
1673 425 1726 480 in
1755 439 1932 494 pugna
1950 462 1966 488 ,

392 500 484 555 illa
513 508 700 554 contra
729 495 980 556 Εὐηοηὶὶὶ
1001 507 1058 552 et
1082 495 1408 566 Apellinaris
1431 495 1759 551 assertiones
1787 508 1971 566 susce-

391 580 482 641 pta
514 571 644 624 talia
675 571 956 625 Theodoro
981 568 1278 641 excidisse,
1308 566 1770 641 enquibusduos
1811 565 1972 641 ab‘eo

391 635 534 697 lilios
563 641 729 696 fuisse
755 642 1018 696 admissos
1039 638 1150 707 jam
1179 647 1293 692 tum
1323 635 1488 707 aliqui
1504 637 1845 708 colligerent.
1877 635 1974 708 De:

391 728 542 768 mum
562 714 705 767 etde
731 711 978 767 Nestorio
1003 705 1069 765 ei
1096 708 1320 764 historia
1345 705 1693 763 manifestum
1719 716 1804 761 est
1831 705 1975 775 quod

395 783 463 838 ad
516 798 799 838 excessum
845 797 1015 852 usque
1065 788 1255 852 contra
1303 778 1536 852 Arianos
1586 778 1970 852 decertaret-it,

388 853 610 924 jamque
638 869 798 924 supra
823 869 901 924 ex,
916 849 1160 920 epistolis
1183 850 1572 924 ejusquzedam
1603 849 1972 912 recitarimus,

393 921 461 980 ex
485 921 682 994 quibus
704 921 860 994 patet
891 923 993 977 hoc
1016 932 1203 994 contra
1230 921 1458 994 Arianos
1485 929 1755 994 certamen
1787 934 1975 994 ansam

395 990 564 1049 errori
595 993 660 1048 de
685 990 880 1064 duplici
913 994 1054 1058 lilio,
1084 991 1492 1064 alteroscilicet
1513 991 1772 1064 naturali,
1803 990 1976 1064 altero

395 1065 657 1136 adoptivo
673 1061 986 1136 praebuisse.
1019 1062 1391 1136 Apertissimis
1418 1062 1599 1116 verbis
1645 1061 1702 1136 i_d
1744 1063 1978 1136 habetur

393 1131 695 1206 inrepismla
711 1134 933 1206 Joannis
954 1131 1276 1206 Antiocheni
1293 1173 1308 1198 ,
1330 1141 1384 1206 et
1405 1133 1762 1206 quorumdam
1789 1131 1978 1206 Orien-

391 1201 580 1277 talium
597 1246 611 1269 ,
639 1207 734 1277 qui
757 1204 1274 1277 Constantinopolim
1317 1201 1486 1277 missi
1501 1204 1714 1277 fuerant
1729 1243 1754 1277 ,_
1774 1204 1840 1277 ad
1856 1201 1979 1277 lin—

391 1275 505 1332 fum
549 1271 943 1340 Thessalonic.,
971 1271 1200 1331 tomflV
1229 1273 1396 1329 Cone.
1442 1275 1642 1338 Mansi,
1673 1273 1775 1327 col.
1809 1271 1973 1337 1415,

391 1347 483 1418 ubi
511 1347 584 1418 ita
603 1356 791 1404 contra
813 1347 1071 1418 Cyrillum
1090 1344 1513 1418 Alexandrinum
1541 1353 1973 1418 conqueruntur:

397 1435 416 1467 ‹
445 1417 527 1472 Ad
558 1417 672 1474 hate
713 1433 806 1472 eos
849 1414 1165 1472 exsecratur
1207 1417 1296 1485 qui
1344 1416 1682 1485 evangelicas
1725 1414 1980 1484 apostoli-

391 1501 592 1557 easque
619 1504 778 1544 voces
800 1488 868 1542 de
894 1488 1111 1543 Christo
1136 1487 1359 1542 Domino
1387 1487 1752 1557 distinguunt,
1782 1495 1863 1557 ut”
1881 1486 1980 1557 hu_-

392 1555 548 1640 miles
568 1558 782 1640 quidem
809 1558 876 1613 ad
900 1560 1323 1640 h‘umanita‘tem‘,
1341 1555 1711 1640 divinas'vero
1739 1556 1803 1609 ad
1827 1555 1980 1636 Chri:

393 1629 462 1684 sti
493 1623 832 1684 divinitatem
860 1628 1112 1684 referant.
1147 1627 1299 1696 Quod
1326 1628 1514 1683 Ariani
1555 1637 1610 1682 et
1654 1623 1978 1681 Eunomiani

391 1699 686 1772 sentientes
706 1739 730 1772 ,Δ
751 1699 1089 1772 humilesque
1119 1700 1535 1772 dispensationis
1562 1713 1722 1753 voces
1749 1699 1815 1751 ad
1843 1696 1973 1772 di_vi-
2002 1711 2052 1772 Β

391 1769 616 1825 nitatem
645 1769 970 1836 referentes,
1001 1766 1169 1824 Deum
1201 1766 1437 1824 Verbum
1469 1778 1775 1824 creaturam
1805 1776 1862 1821 et
1888 1766 1974 1819 fa—

391 1848 600 1896 cturam
621 1881 639 1905 ,
668 1841 1338 1910 alteriusquesubstantim
1357 1881 1371 1905 ,
1400 1848 1455 1896 et
1481 1840 1634 1895 Patri
1659 1838 1980 1909 inaequalem

393 1926 514 1968 esse
544 1911 812 1967 affirmare
839 1927 946 1966 non
974 1912 1306 1967 dubitarunt.
1338 1929 1358 1965 ι

461 2021 646 2078 XVIII.
679 2023 917 2094 Amplior
935 2039 1239 2094 progressus
1279 2023 1687 2077 Nestorianismi
1717 2038 1781 2076 ea:
1810 2022 1982 2092 impu-

465 2041 646 2078 avru.
679 2041 776 2077 mn
815 2041 917 2078 nor
935 2041 1239 2094 progressus
1279 2041 1686 2077 iveszonamsmt
1717 2041 1781 2076 ea:
1810 2041 1982 2092 tmpu-

391 2095 636 2164 gnatione
661 2041 1078 2163 Aporlinarismi.
1103 2123 1176 2134 —
1199 2094 1501 2164 Ampli’orcs
1531 2103 1710 2148 tamen
1737 2107 1982 2164 progres-

390 2163 484 2218 SUs
515 2164 601 2218 hic
629 2165 1044 2246 error_sumpsit
1088 2179 1154 2219 ex
1196 2163 1376 2246 pugna
1423 2173 1611 2246 contra
1633 2163 1980 2246 “Apollinari-

392 2243 533 2300 stas,
564 2250 659 2289 seu
678 2274 698 2306 ,
721 2237 811 2304 qui
842 2251 907 2291 ex
941 2234 1134 2291 horum
1166 2234 1286 2290 sinu
1315 2235 1566 2305 prodiere
1585 2276 1598 2300 ,
1633 2234 1980 2306 Synusiastas

390 2313 658 2377 suscepta.
684 2305 879 2361 lterato
898 2306 1012 2377 jam
1040 2304 1364 2371 notavimus,
1390 2306 1536 2376 ipsos
1562 2304 1725 2377 etiam
1744 2304 1981 2377 Arianos

392 2376 458 2446 ad
485 2373 607 2430 eum
635 2391 874 2432 errorem
899 2373 1148 2432 deviasse
1175 2392 1282 2446 quo
1309 2373 1611 2432 statuerant
1629 2375 1872 2446 Verbum
1903 2373 1982 2427 di—

389 2445 574 2500 vinum
605 2446 658 2500 in
687 2447 904 2503 homine
934 2445 1212 2516 assumpto
1237 2448 1429 2501 anima:
1461 2447 1578 2502 loco
1615 2445 1782 2500 fuisse
1801 2487 1814 2510 ,
1847 2446 1982 2499 adeo

390 2524 451 2570 ut
497 2517 710 2641 passio,
759 2533 907 2573 mors
952 2527 1265 2587 ueteresque
1311 2517 1657 2572 infirmitates
1704 2519 1758 2570 in
1804 2517 1980 2588 ipsum

392 2586 500 2641 Ver
540 2603 628 2641 um
672 2587 1006 2641 reciderent.
1043 2589 1277 2641 illudque
1321 2604 1390 2641 ex
1434 2587 1784 2641 consequenti
1829 2600 1980 2640 crea-

392 2586 628 2644 Verbum
672 2587 1006 2655 reciderent,
1043 2586 1277 2658 illudque
1321 2587 1784 2658 exnconsequent-i
1825 2586 1982 2640 erea-

392 2666 511 2711 tura
530 2699 545 2723 ,
580 2673 685 2712 non
715 2659 854 2714 Deus
883 2659 1166 2714 dicendum
1191 2656 1358 2715 esset.
1388 2656 1679 2723 Adeptavit
1715 2657 1862 2712 hunc
1891 2668 1982 2710 er-

391 2743 570 2800 rorem
618 2736 805 2800 postea
855 2729 1213 2800 Apollinaris,
1262 2745 1368 2784 non
1397 2728 1612 2799 quidem
1643 2728 1984 2800 divinitatem

397 2798 555 2872 Verbi
583 2797 704 2854 cum
730 2797 949 2855 Arianis
973 2817 1194 2871 negans,
1221 2797 1526 2872 pernegaris
1555 2809 1736 2854 tamen
1761 2797 1980 2872 Christo

391 2869 656 2935 animam,
709 2879 802 2926 aut
846 2867 1084 2925 mentem
1134 2867 1326 2926 saltem
1378 2867 1670 2926 humanam
1717 2867 1976 2930 adfuisse,

391 2931 745 3013 statuensque
774 2956 898 3013 eum
930 2942 1059 3013 (Dei
1092 2942 1300 2997 scilicet
1324 2940 1519 3013 Filium
1543 2983 1556 3008 ,
1590 2955 1686 2996 seu
1713 2937 1974 3013 Vgrbum)

390 3009 562 3082 instar
600 3007 789 3082 organi
832 3007 1268 3068 circumferentia
1308 3007 1552 3080 corporis
1579 3025 1738 3082 usum
1769 3007 1974 3082 fuisse;

392 3081 590 3151 quippe
631 3065 750 3134 ίὶέτί
793 3065 900 3136 non
927 3065 1259 3151 potuissent
1285 3065 1449 3137 hom‘o
1477 3065 1750 3150 perfectus
1779 3065 1986 3135 existe;
2003 3065 2058 3133 (ἶ

394 3149 502 3205 ret.
526 3149 802 3234 Ubinenirn
827 3149 1095 3221 perfectus
1121 3154 1304 3234 homo,
1331 3153 1405 3206 ibi
1432 3149 1490 3206 et
1510 3160 1791 3234 peccatum
1809 3151 1982 3234 ,‘dno—
2030 3177 2070 3214 ς-

391 3235 496 3290 que
522 3219 760 3291 perfecta
790 3219 843 3275 iri
872 3239 1036 3277 unum
1065 3223 1288 3278 conﬂari
1313 3239 1421 3277 non
1443 3219 1629 3291 posse,
1662 3229 1768 3276 etc.
1813 3220 1983 3291 Atha-

392 3289 579 3345 nasius
599 3291 694 3346 lib.
719 3308 738 3346 ι
761 3293 826 3348 de
849 3292 1066 3348 lncarn.
1093 3302 1282 3347 contra
1307 3289 1626 3361 Apollinar.,
1653 3307 1708 3345 n.
1731 3291 1785 3345 ‘2.
1820 3289 1985 3344 Erro-

394 3375 510 3444 rem
553 3362 698 3444 h'n‘nc
741 3364 987 3444 hausisse
1019 3365 1266 3444 creditur
1293 3362 1714 3444 Apollinarisex
1740 3361 1982 3444 philoso—
2027 3365 2032 3369 ’

391 3430 536 3554 Ehiaa
580 3431 868 3516 Platonicae
917 3433 1158 3518 fontibus
1179 3430 1382 3522 ,Yteste
1426 3433 1680 3516 Nemesio
1727 3430 1982 3514 episcopo

439 3516 660 3554 meseno
702 3512 861 3554 mmo
905 3504 1026 3554 llbl‘l
1069 3506 1136 3554 de
1180 3505 1382 3554 ﬂatura
1411 3505 1686 3554 hominis:
1720 3521 1738 3553 ‹
1763 3503 1976 3554 Altam.

439 3516 660 3556 meseno
702 3503 861 3558 initio
905 3504 1026 3559 libri
1069 3506 1136 3559 de
1180 3503 1382 3558 Natura
1411 3504 1686 3559 hominis:
1720 3521 1738 3553 ‹
1763 3503 1976 3572 Aliqui,
2029 3509 2040 3516 '

393 3570 601 3642 inquit,
635 3572 689 3626 in
719 3575 917 3642 quibus
944 3583 1029 3630 est
1052 3575 1322 3638 Plotinus,
1355 3575 1501 3629 aliud
1541 3588 1663 3629 esse
1703 3570 1978 3639 animum,

392 3641 540 3697 aliud
564 3641 974 3710 intelligentiam
1005 3654 1336 3710 statuentes,
1383 3660 1452 3701 ex
1491 3647 1666 3700 tribus
1702 3645 1982 3700 hominem

395 3722 644 3786 constare
669 3714 882 3786 volunt,
913 3731 1169 3786 corpore,
1196 3718 1400 3781 animo,
1433 3715 1803 3786 intelligentia.
1837 3714 1983 3781 Quos

394 3785 560 3856 etiam
581 3783 946 3856 Apollinarius
967 3783 1184 3842 secutus
1207 3799 1289 3842 est
1304 3828 1319 3853 ,
1348 3783 1629 3842 Laodiceae
1653 3787 1938 3856 episcopus
1966 3804 1978 3838 :

393 3869 520 3927 nam
544 3855 647 3927 hoc
671 3857 941 3927 opinionis
963 3872 1073 3913 sua:
1091 3856 1240 3926 jacto
1262 3859 1634 3923 fundamento,
1657 3855 1863 3926 reliqua
1885 3872 1982 3912 suo

395 3923 631 3995 dogmati
679 3923 1069 3984 convenienter
1095 3923 1370 3985 astruxit.
1411 3949 1430 3981 ›
1465 3929 1621 3983 Tom.
1679 3923 1791 3982 Vlll
1842 3927 1979 3981 Bibl.

393 3991 541 4080 Patr.
578 3997 749 4080 Lugd.
770 3998 911 4080 ,ofol.
939 3999 1069 4054 6l9.
1111 4000 1318 4056 Praeter
1354 3999 1484 4080 jam‘
1509 4000 1810 4080 assignatas
1830 3998 1982 4080 “talia

392 4067 682 4122 asserendi
713 4070 983 4142 rationes.
1033 4084 1226 4142 nempe
1267 4067 1413 4141 quod
1456 4067 1784 4142 Apollinaris
1825 4067 1984 4142 Chri-

391 4143 534 4210 stum
564 4150 790 4208 peccato
817 4141 1120 4210 subjectum
1147 4139 1304 4206 (οι-εξ
1315 4149 1410 4196 aut
1435 4142 1488 4196 in
1508 4139 1652 4197 Vduos
1677 4140 1818 4194 filios
1848 4139 1984 4192 divi-

394 4205 629 4280 dendum
659 4211 878 4265 timeret
893 4205 983 4276 ,ἐί
1013 4222 1194 4269 mente
1219 4205 1455 4267 humana
1484 4212 1742 4280 praeditus
1771 4211 1982 4280 dicere-

393 4283 499 4339 tur,
530 4279 668 4334 alias
697 4281 919 4352 insuper
947 4281 1112 4338 fuisse
1141 4299 1248 4338 non
1279 4286 1376 4339 abs
1416 4279 1770 4337 fundamento
1795 4279 1980 4348 conje-

391 4354 657 4402 eturatur.
699 4349 922 4415 Ariani,
949 4355 1162 4408 etiamsi
1185 4356 1420 4410 Verbum
1445 4368 1558 4408 rem
1598 4362 1837 4409 creatam
1861 4367 1981 4406 esse

2075 424 2416 480 Montfaueon
2457 424 2696 493 epistolae
2727 423 2899 479 sancti
2931 421 3308 493 Athanasiiad
3333 420 3658 493 Adelphium

2071 496 2379 566 praemissas
2409 491 2540 550 torni
2571 495 2592 550 Ι
2619 495 2853 566 Operum
2883 501 3023 564 part.
3057 509 3129 557 ιι,
3162 491 3263 566 fol._
3289 491 3412 566 9_lO.
3445 491 3558 566 Hoc
3585 509 3657 548 ex

2072 563 2258 621 errore
2306 567 2395 620 alii
2430 563 2716 620 emanasse
2754 563 3025 628 videntur,
3066 579 3204 633 quos
3239 563 3568 618 Athanasius
3601 566 3659 619 in

2072 637 2229 707 epist.
2256 639 2322 690 ad
2346 636 2646 704 Epictetum
2672 645 2916 690 recenset
2943 653 2995 688 n.
3021 634 3056 688 2
3075 675 3089 698 ,
3116 634 3298 707 illique
3310 633 3378 707 in
3405 634 3658 707 eopositi

2073 703 2231 762 erant
2258 703 2406 775 quod
2429 722 2625 778 corpus
2649 723 2713 762 ex
2743 707 2916 778 Maria
2936 707 3174 778 genitum
3203 703 3362 759 Verbi
3385 703 3660 760 divinitati

2076 779 2146 833 sit
2173 775 2632 834 consubstantiale
2661 795 2674 831 :
2706 777 2850 846 quod
2881 775 3116 830 Verbum
3147 776 3202 829 in
3240 790 3463 829 carnem
3483 816 3500 840 ,
3528 789 3660 830 ossa

2073 857 2128 904 et
2155 848 2377 918 capillos
2403 855 2457 901 et
2485 848 2540 902 in
2571 855 2739 902 totum
2770 863 2963 918 corpus
2991 847 3062 900 sit
3088 854 3385 911 mutatum,
3416 855 3530 918 et_a
3561 862 3665 918 ntr-

2076 927 2198 974 tura
2224 916 2328 974 sua
2368 918 2695 983 desciverit;
2735 919 2878 987 quod
2921 917 3157 987 Verbum
3203 931 3310 970 non
3347 932 3414 971 ex
3454 916 3658 987 Maria,

2076 991 2171 1044 sed
2194 1003 2261 1044 ex
2287 1005 2384 1044 sua
2410 989 2578 1059 ipsius
2603 986 2899 1059 substantia
2925 986 3177 1057 passibile
3203 988 3304 1042 sibi
3329 1003 3526 1057 corpus
3548 986 3665 1041 for.

2075 1061 2333 1125 maverit;
2363 1058 2506 1130 quod
2531 1060 2648 1130 ipsa
2677 1058 3026 1130 deitasPatri
3051 1059 3528 1130 consubstantialis
3551 1059 3668 1112 cir-

2077 1132 2346 1197 eumcisa,
2378 1128 2634 1198 erueique
2666 1130 2824 1184 allisa
2854 1129 3044 1191 fuerit,
3079 1137 3184 1183 etc.
3225 1128 3376 1184 Haud
3401 1130 3662 1199 equidem

2079 1202 2307 1257 dixerim
2348 1203 2598 1256 absurdis
2632 1202 2781 1257 hisce
2807 1201 3151 1268 opinionibus
3179 1200 3354 1270 ipsum
3383 1200 3666 1269 Apollina—

2078 1286 2192 1326 rem
2238 1274 2568 1336 adhzesisse;
2616 1274 2745 1341 quin
2788 1272 3119 1327 contrarium
3161 1285 3228 1324 ex
3273 1270 3666 1341 libro_Leontii

2077 1341 2360 1413 Byzantini
2385 1352 2513 1397 tom.
2543 1345 2561 1398 l
2591 1339 2740 1398 Leet.
2760 1344 2941 1398 Canis.
2969 1341 3098 1397 edit.
3123 1341 3389 1413 Basnage,
3415 1339 3506 1393 fol.
3532 1341 3664 1413 600,

2079 1411 2369 1484 colligitur,
2395 1415 2484 1468 ubi
2518 1414 2564 1469 is
2589 1413 2946 1484 fragmentum
2971 1412 3212 1484 epistolae
3237 1411 3566 1482 Apollinaris
3593 1411 3668 1484 ad

2081 1481 2431 1553 Serapionem
2468 1485 2554 1538 his
2597 1481 2775 1539 verbis
2810 1483 3016 1538 refert:
3055 1481 3306 1553 «Eorum
3350 1491 3529 1536 autem
3569 1482 3667 1551 qui

2080 1552 2266 1609 dicunt
2287 1570 2504 1609 carnem
2535 1555 2647 1610 Deo
2671 1552 3186 1610 consubstantialem
3205 1594 3220 1618 ,
3247 1568 3497 1623 magnam
3526 1556 3670 1607 insa-

2079 1625 2224 1679 niam
2263 1626 2655 1680 damnavimus.
2696 1645 2714 1676 ι
2743 1625 2874 1680 Item
2917 1624 3279 1693 fragmentum
3321 1639 3390 1678 ex
3436 1623 3668 1692 epistola

2079 1694 2318 1762 ejusdem
2356 1697 2424 1751 ad
2461 1696 2774 1766 Dionysium
2807 1714 2819 1748 :
2852 1714 2870 1745 ε
2905 1695 3059 1763 Quod
3096 1704 3274 1752 autem
3313 1710 3470 1766 nemo
3507 1695 3670 1750 nobis

2081 1767 2198 1822 haec
2217 1768 2452 1838 objicere
2472 1765 2682 1835 potest,
2705 1783 2825 1836 quae
2846 1774 3033 1822 contra
3058 1767 3318 1838 quosdam
3339 1765 3481 1838 dicta
3505 1773 3668 1829 sunt,

2080 1838 2424 1892 manifestum
2462 1847 2547 1893 est
2585 1855 2650 1893 ex
2688 1838 2786 1903 iis,
2814 1853 2934 1908 quae
2959 1853 3172 1906 semper
3195 1837 3542 1906 scripsimus,
3569 1850 3671 1890 ne-

2081 1923 2186 1976 que
2225 1924 2446 1964 carnem
2483 1909 2782 1963 Salvatoris
2815 1924 2847 1963 e
2879 1909 3018 1963 coelo
3053 1922 3207 1971 esse,
3233 1921 3407 1974 neque
3441 1921 3668 1961 carnem

2080 1979 2318 2049 ejusdem
2345 1980 2659 2034 substantia:
2681 1994 2800 2034 esse
2821 1995 2945 2034 eum
2967 1978 3099 2042 Deo,
3122 1987 3388 2048 quatenus
3409 1987 3492 2031 est
3511 1992 3670 2049 caro,

2081 2048 2136 2103 et
2173 2065 2279 2104 non
2317 2050 2495 2114 Deus;
2526 2050 2670 2106 Deus
2704 2059 2917 2115 autem,
2951 2057 3216 2115 quatenus
3243 2049 3392 2102 unita
3417 2055 3500 2102 est
3523 2048 3674 2100 divi-

2081 2121 2235 2192 nitati
2277 2121 2330 2174 in
2369 2136 2530 2174 unam
2572 2136 2881 2192 personam.
2911 2141 2936 2192 in
2969 2118 3034 2192 Et
3060 2120 3218 2188 paulo
3247 2120 3432 2192 infra;
3465 2118 3682 2192 t_Ana-_

2082 2191 2264 2244 thema
2307 2192 2470 2262 igitur
2509 2187 2591 2247 sit“
2611 2192 2704 2261 qui
2744 2206 2850 2246 non
2890 2191 3020 2246 dicit
3045 2187 3265 2246 carnem
3289 2205 3356 2244 ex
3385 2187 3584 2254 Maria,
3612 2196 3675 2244 et

2082 2262 2172 2330 qui
2211 2262 2371 2326 dicit,
2411 2277 2533 2317 eam
2566 2278 2783 2318 carnem
2817 2277 2939 2317 esse
2974 2267 3180 2315 natura
3217 2276 3324 2314 non
3359 2268 3585 2324 creatae,
3615 2268 3676 2313 et

2083 2331 2348 2403 ὁμοούσιον
2387 2333 2533 2399 Deo,
2587 2334 2696 2389 imo
2739 2342 2795 2388 et
2833 2332 2925 2401 qui
2971 2332 3136 2395 dicit,
3174 2331 3511 2403 divinitatem
3533 2345 3674 2403 esse

2081 2401 2396 2486 patibilem,
2434 2412 2592 2486 etnex
2633 2405 2748 2486 ipsa
2791 2419 2911 2458 esse
2933 2402 3454 2486 passiones-animas.
3487 2423 3505 2453 ι
3531 2401 3676 2482 Inte-

2081 2471 2208 2544 rim,
2240 2475 2340 2528 etsi
2369 2471 2696 2544 Apollinaris
2725 2475 2839 2544 ipse
2865 2490 2896 2527 a
2920 2471 3194 2543 perversis
3219 2473 3366 2544 hisce
3401 2471 3676 2543 dogmati—

2080 2542 2182 2599 bus
2207 2542 2627 2608 alienusfuerit,
2657 2562 2726 2599 ex
2747 2542 2936 2615 ipsius
2949 2553 3126 2615 tamen
3154 2543 3338 2599 schola
3361 2542 3546 2597 eorum
3576 2558 3672 2597 as-

2083 2624 2319 2670 sertores
2340 2617 2684 2684 prodierant,
2709 2612 2915 2684 hosque
2937 2616 3078 2669 inter
3099 2612 3292 2668 famosi
3317 2615 3489 2684 magis
3509 2621 3674 2668 erant

2085 2686 2120 2756 ii
2148 2687 2241 2756 qui
2267 2683 2485 2756 carnem
2514 2686 2716 2740 Christi
2743 2683 2920 2741 Verbo
2943 2683 3678 2756 consubstantialemdefen-

2087 2755 2310 2826 debant,
2329 2755 2458 2810 dicti
2477 2764 2764 2826 propterea
2787 2763 3180 2820 Συνονσὶασται,
3203 2762 3296 2810 aut
3316 2756 3408 2824 qui
3433 2755 3674 2809 Verbum

2082 2825 2138 2880 in
2162 2841 2414 2897 carnem,
2451 2825 2607 2892 Ossa,
2636 2827 2886 2897 capillos,
2931 2841 3124 2897 nervos
3160 2837 3214 2880 et
3249 2826 3305 2880 in
3339 2835 3509 2897 totum
3547 2840 3676 2880 cor-

2118 2911 2181 2951 us
2213 2896 2386 2952 fuisse
2420 2896 2742 2952 conversum
2781 2896 3128 2961 asserebant,
3155 2912 3260 2967 qua
3285 2896 3502 2965 quidem
3526 2897 3582 2967 in
3611 2911 3678 2952 re

2107 2967 2316 3038 Eutyehi
2334 3037 2343 3038 ί
2364 2967 2725 3038 praeludentes
2760 2965 3520 3023 distinctionem‘naturarum
3553 2965 3676 3036 jam

2086 2984 2316 3038 nutycm
2403 2984 2725 3023 ranuoentes
2760 2984 2921 3023 ursun

2086 3046 2204 3092 tum
2236 3039 2291 3094 in
2317 2984 2539 3094 CEI’iStO
2566 3039 2921 3095 sustulerant.

2155 3149 2296 3205 XIX.
2337 3150 2745 3221 Apollinei-istas
2795 3147 2932 3205 male
2977 3149 3194 3221 quidam
3240 3151 3572 3219 impugnant.
3601 3177 3681 3221 -_—-

2082 3219 2430 3278 lnsurrexere
2469 3229 2654 3277 contra
2691 3221 2856 3276 hosce
2894 3219 3108 3276 errores
3145 3219 3329 3290 plures
3359 3235 3424 3274 ex
3463 3219 3674 3275 sanctis

2082 3293 2356 3359 Patrihus,
2382 3299 2436 3362 et
2451 3292 2496 3345 si
2516 3292 2636 3362 quis
2664 3291 2820 3355 alius,
2847 3301 2995 3348 certe
3019 3289 3238 3362 sanctus
3258 3289 3586 3344 Athanasius
3604 3291 3678 3362 in

2085 3362 2310 3445 epistola
2349 3361 2419 3417 ad
2456 3361 2759 3445 Epictetum
2796 3362 3041 3445 Corinthi
3079 3361 3388 3445 episcopum
3419 3361 3675 3445 eos‘soli-

2083 3431 2321 3490 dissimis
2355 3431 2688 3504 argumentis
2722 3433 3040 3488 confutavit.
3083 3431 3256 3487 Fuere
3289 3440 3466 3504 tamen
3494 3431 3677 3486 denuo

2083 3505 2174 3574 qui
2195 3546 2208 3568 ,
2240 3505 2357 3560 zelo
2391 3502 2570 3559 minus
2599 3504 2851 3574 prudenti
2883 3505 2936 3558 in
2965 3519 3201 3573 pugnam
3229 3502 3483 3574 excitati,
3513 3517 3674 3569 cum,

2081 3572 2243 3645 prout
2280 3591 2347 3647 ex
2383 3585 2570 3647 sancto
2599 3572 2804 3647 Cyrillo
2841 3591 2905 3630 ac
2942 3572 3169 3630 Leontio
3198 3572 3497 3644 Byzantina
3531 3588 3681 3642 smpe

2083 3646 2458 3710 meminimus,
2509 3645 2910 3716 Scripturarum
2956 3660 3117 3700 voces
3164 3647 3678 3716 contraxovpuaié—

2085 3738 2246 3782 στας,
2288 3732 2396 3771 non
2430 3718 2560 3772 satis
2609 3714 2862 3772 accurate
2893 3716 3228 3778 dividerent,
3263 3714 3318 3768 in
3349 3714 3678 3770 divisionem

2082 3802 2441 3856 personarum
2477 3787 2626 3842 fuere
2662 3788 2826 3858 lapsi,
2857 3801 2922 3841 ac
2953 3787 3006 3841 in
3047 3787 3225 3856 specie
3255 3785 3405 3858 illum
3435 3785 3502 3839 de
3536 3785 3683 3858 Filio

2085 3855 2341 3937 adoptivo
2365 3858 2540 3937 quoad
2571 3855 2959 3937 humanitatem
2990 3855 3233 3937 crrOrern
3265 3856 3365 3910 sibi
3387 3855 3683 3937 proprium

2083 3923 2348 3984 fecerunt.
2382 3923 2619 3983 'Notavit
2653 3929 2706 3982 id
2737 3927 2849 3996 jam
2891 3937 3110 3982 sanctus
3142 3923 3469 3982 Athanasius
3509 3923 3678 4049 ᾔει

2084 3997 2141 4049 in
2179 3999 2404 4049 epistola
2440 4001 2674 4049 primum
2713 3999 2906 4049 citata.
2937 3999 3029 4049 ubi
3069 4008 3354 4049 postquam
3401 3995 3516 4049 Ano
3561 3997 3678 4049 ina-

2084 3997 2141 4070 in
2179 3999 2404 4070 epistola
2440 4001 2674 4070 primum
2713 3995 2906 4064 citata,
2937 3999 3029 4070 ubi
3068 4008 3354 4070 postquam
3401 3995 3684 4070 Apollina-

2083 4066 2344 4125 ristarum
2369 4066 2582 4124 errores
2609 4071 2879 4125 recensuit
2897 4110 2911 4133 ,
2937 4069 3010 4140 ita
3037 4066 3292 4140 pergit’n.
3322 4067 3386 4140 2,
3412 4066 3502 4140 fol.
3531 4066 3640 4140 902
3661 4106 3680 4121 .

2091 4158 2110 4192 ι
2133 4141 2249 4208 Quo
2275 4148 2433 4211 pacto
2457 4140 2560 4196 viri
2591 4141 2682 4208 qui
2706 4141 2958 4196 dicuntur
2981 4138 3270 4211 Christiani
3294 4139 3376 4192 vel
3400 4138 3683 4209 ambigere

2085 4213 2203 4267 ausi
2241 4209 2398 4273 sunt,
2429 4212 2568 4266 sitne
2595 4211 2886 4275 Dominus,
2919 4211 3012 4280 qui
3051 4225 3117 4264 ex
3156 4209 3322 4265 Maria
3358 4219 3519 4264 natus
3553 4217 3680 4275 est,

2086 4282 2385 4338 substantia
2419 4292 2473 4337 et
2514 4289 2709 4336 natura
2739 4297 2834 4336 sua
2863 4281 3034 4337 Filius
3065 4282 3190 4348 Dei,
3221 4281 3514 4336 secundum
3547 4294 3677 4333 car-

2087 4369 2210 4408 nem
2241 4369 2368 4406 vero
2396 4368 2462 4406 ex
2492 4353 2698 4409 semine
2728 4353 2928 4417 David,
2957 4360 3012 4407 et
3037 4369 3103 4407 ex
3145 4367 3306 4407 carne
3332 4360 3532 4405 sanctae
3562 4349 3682 4404 Ma—

391 4415 618 4497 xellent,
651 4419 781 4497 illud
813 4423 1160 4497 nihilominus
1205 4425 1504 4497 adorabant
1528 4441 1543 4489 ;
1593 4423 1737 4478 unde
1779 4423 1979 4497 passim
2009 4431 2063 4497 ι)
2086 4424 2180 4477 τίω
2203 4423 2393 4497 ortus?
2417 4423 2646 4497 Quinam
2668 4439 2796 4497 vero
2822 4439 2887 4478 ea
2914 4415 3218 4478 temeritate
3245 4422 3490 4497 fuerunt,
3518 4429 3576 4475 ut
3597 4422 3684 4475 di-

391 4484 501 4540 illis
527 4492 818 4562 esprobrat
845 4491 1174 4548 Athanasius
1201 4495 1344 4562 quod
1374 4509 1489 4548 rem
1519 4484 1756 4548 creatam
1781 4484 1981 4547 adora-

393 4566 516 4630 rent
540 4559 698 4628 eique
721 4563 1009 4617 servirent.
1043 4559 1280 4630 Quaestio
1307 4572 1489 4618 autem
1531 4565 1758 4619 ulterior
1798 4579 1982 4620 move—

391 4627 574 4708 batur,
603 4627 672 4686 an
711 4633 874 4686 etiam
907 4627 1142 4708 Verbum
1189 4635 1462 4708 hominem
1505 4634 1705 4708 factum
1753 4635 1981 4708 adorare

393 4695 620 4766 liceret;
651 4710 708 4757 et
734 4712 883 4758 recte
917 4703 971 4757 id
1015 4721 1072 4760 se
1113 4705 1290 4760 facere
1321 4706 1728 4761 arbitrabantur
1760 4706 1977 4770 Ariani,

393 4783 459 4850 eo
501 4773 767 4850 quod,_ut
795 4787 934 4829 vane
977 4777 1272 4846 putabant,
1305 4778 1499 4850 animae
1539 4776 1717 4850 locum
1744 4776 1980 4850 Verbum

395 4843 569 4910 ipsum
595 4843 884 4910 obtineret,
911 4843 1035 4901 cuin
1055 4862 1086 4901 e
1107 4856 1294 4902 contra
1317 4848 1594 4904 Christum
1622 4855 1680 4902 ut
1710 4847 1982 4903 hominem

396 4909 730 4986 adorandum
757 4909 878 4972 esse
907 4926 1196 4986 negarent,
1229 4920 1274 4974 si
1298 4961 1312 4984 ,
1341 4927 1401 4974 ut
1430 4929 1546 4973 erat
1588 4917 1980 4972 catholicorum

393 4983 998 5061 sententia,_p_erfeet_ns
1021 4991 1183 5061 homo
1220 4983 1401 5054 esset;
1435 4989 1714 5061 atqueita
1758 4988 1982 5061 intelligi

394 5049 554 5137 debet
579 5049 820 5137 quodLin
848 5059 1005 5137 epist.
1035 5061 1100 5114 ad
1124 5049 1484 5137 Adelphium,
1510 5049 1569 5115 ἰι.
1601 5060 1656 5124 7,
1699 5061 1774 5117 ait
1816 5049 1982 5113 Atha-

392 5125 608 5204 pasius,
639 5125 847 5204 scilicet
871 5125 1101 5185 Arianos
1124 5125 1414 5204 Dominum
1532 5139 1980 5204 carneitanquam

393 5195 692 5274 inntetnplo
734 5200 1068 5274 existentemr
1101 5203 1330 5258 adorare
1372 5201 1534 5274 nolle.
1566 5195 1893 5272 Apollinaris
1921 5211 1981 5256 ut

393 5261 762 5344 difficultatem
793 5270 862 5324 ab
889 5270 1104 5344 Arianis
1133 5283 1338 5328 motam
1358 5316 1372 5340 ,
1402 5273 1469 5327 ad
1498 5261 1834 5344 solummodo
1863 5287 1983 5343 spe-

393 5339 632 5415 cietenus
663 5339 824 5415 talem
851 5341 1111 5410 evitaret,
1141 5358 1206 5400 ac
1233 5339 1408 5415 ipsum
1440 5347 1602 5400 etiam
1631 5343 1832 5415 Christi
1860 5339 1983 5398 cor-

390 5415 492 5486 pus
540 5409 872 5465 adorandum
915 5427 1032 5468 esse
1078 5409 1366 5486 probaret,
1412 5415 1610 5470 rationi
1655 5414 1981 5471 Arianomm

391 5483 614 5558 eatenus
637 5495 918 5558 assensum
943 5483 1200 5555 praebuit,
1233 5496 1500 5558 quatenus
1524 5486 1760 5558 Verbum
1789 5487 1982 5558 animae

389 5553 539 5603 vices
561 5553 838 5621 supplesse
861 5553 1195 5622 statuerant,
1221 5553 1359 5613 adeo
1380 5599 1394 5623 ,
1423 5566 1483 5610 ut
1507 5573 1573 5610 ex
1599 5557 1776 5611 Verbo
1801 5556 1982 5611 divino

391 5623 676 5712 figatur:
695 5624 930 5712 hnmana
958 5626 1272 5712 imperfecta
1300 5644 1467 5712 annm
1495 5627 1980 5712 perfectum_quasi

393 5686 683 5747 conﬂatum
701 5734 715 5761 ,
748 5696 956 5768 hocque
981 5686 1048 5753 in'
1065 5705 1210 5754 statu
1233 5714 1341 5754 una
1363 5686 1686 5756 'a’dor‘atione
1705 5739 1720 5768 ,
1752 5686 1980 5756 adoran-

2083 4502 2288 4557 cerent,
2320 4493 2618 4558 Christum,
2648 4495 2738 4562 qui
2765 4511 2928 4549 carne
2952 4509 3144 4563 passus
3171 4500 3224 4548 et
3249 4492 3540 4548 crucifixus
3566 4498 3676 4554 est,

2084 4581 2188 4619 non
2215 4579 2335 4618 esse.
2361 4565 2645 4618 Dominum
2671 4572 2725 4619 et
2748 4564 3080 4619 Salvatorem
3101 4606 3115 4630 ,
3141 4580 3204 4619 ac
3227 4563 3422 4627 Deum,
3449 4563 3681 4616 Filium-

2083 4651 2188 4704 que
2211 4635 2419 4689 Patris?
2443 4634 2550 4689 Aut
2573 4636 2844 4706 quomodo
2869 4635 3160 4690 Christiani
3188 4635 3372 4706 volunt
3394 4649 3678 4706 nuncupa-

2084 4707 2161 4771 ri,
2187 4707 2276 4776 qui
2299 4706 2482 4760 dicunt
2506 4708 2557 4761 in
2581 4704 2828 4760 sanctum
2853 4707 3126 4761 hominem
3147 4747 3160 4771 ,
3185 4705 3407 4776 perinde
3431 4713 3596 4774 atque
3621 4704 3677 4758 in

2083 4793 2248 4831 unum
2275 4794 2341 4831 ex
2368 4778 2672 4848 prophetis,
2702 4779 2916 4832 venisse
2943 4778 3210 4840 Verbum,
3241 4791 3340 4832 nec
3371 4776 3544 4846 ipsum
3579 4776 3680 4848 ho-

2083 4848 2284 4902 minem
2313 4847 2515 4903 faCtum
2547 4847 2742 4910 fuisse,
2773 4863 2840 4902 ex
2871 4848 3035 4902 Maria
3076 4863 3280 4918 corpus
3313 4847 3671 4918 assumendo,

2084 4919 2179 4973 sed
2225 4919 2388 4974 alium
2435 4935 2554 4974 esse
2602 4918 2900 4982 Christum,
2955 4929 3010 4974 et
3059 4917 3222 4973 alium
3271 4917 3365 4973 Dei
3395 4917 3674 4981 Verbum,

2085 4991 2228 5058 quod
2254 4999 2379 5044 ante
2409 4991 2632 5044 Mariam
2661 4999 2714 5044 et
2744 5000 2868 5044 ante
2897 4989 3091 5044 saecula
3117 4988 3284 5044 Filius
3313 4997 3430 5044 erat
3455 4985 3678 5042 Patris?

2083 5059 2192 5115 Aut
2227 5077 2352 5130 qua,
2386 5076 2587 5129 quaeso,
2635 5061 2843 5115 ratione
2881 5060 3176 5116 Christiani
3217 5060 3439 5124 fuerint,
3473 5059 3567 5128 qui
3596 5058 3680 5130 di—

2084 5140 2214 5186 cunt
2245 5129 2422 5187 alium
2466 5147 2586 5187 esse
2631 5131 2854 5196 Filium,
2899 5140 2955 5187 et
2993 5131 3158 5185 alium
3200 5131 3296 5184 Dei
3340 5129 3667 5185 Verbum?»

2085 5201 2238 5282 Quod
2271 5219 2398 5257 vero
2433 5203 2758 5282 assertiones
2795 5203 2911 5282 ista:
2945 5211 3123 5282 ortu_m__
3162 5217 3228 5282 ex
3265 5200 3677 5282 impugnatione

2083 5275 2324 5356 priorum
2345 5275 2650 5356 traxerint,
2668 5273 2963 5356 manifeste
3005 5274 3274 5356 colligitur
3295 5287 3378 5356 ex
3419 5273 3516 5355 iis,
3550 5287 3675 5342 qua:

2085 5341 2394 5399 immediate
2419 5362 2472 5398 n.
2505 5347 2537 5400 5
2566 5345 2839 5416 subjungit
2860 5341 3222 5400 Athanasius:
3247 5363 3264 5394 ‹
3295 5341 3426 5416 Hmc
3441 5343 3497 5416 in
3523 5341 3674 5416 cum:

2084 5416 2362 5472 ntentaziis
2407 5424 2592 5481 erant,
2638 5413 3018 5480 aitfdiversis
3059 5416 3276 5486 quidem
3319 5415 3530 5479 verbis,
3577 5413 3673 5468 sed

2083 5487 2278 5556 quibus
2307 5501 2413 5541 una
2455 5489 2750 5556 eademque
2791 5485 3289 5556 sententia’visque
3331 5485 3671 5556 impietatem

2083 5566 2332 5627 spectans
2377 5557 2570 5611 inerat.
2615 5556 2846 5628 Propter
2893 5559 2980 5628 illa
3022 5566 3210 5612 mutuo
3259 5557 3666 5628 disceptabant.

2083 5629 2598 5755 cpncertabautque,
2627 5627 2810 5699 qui’de
2834 5627 3170 5686 confessione
3196 5628 3421 5683 Patrum
3446 5627 3668 5683 Nicaena

2083 5716 2116 5755 α
2137 5709 2400 5755 oriantur.
2436 5719 2455 5751 υ

2079 5709 2400 5772 gloriantur.
2436 5719 2455 5751 υ
