4030 6358
500 311 609 373 555

1299 304 1358 361 Β.
1399 303 1462 361 F.
1501 303 1730 362 ALBINI
1769 301 1901 360 SEU
1937 295 2216 359 ALCUINI
2257 296 2546 357 OPERUM
2577 295 2760 354 PARS
2794 295 2883 354 III.

3665 294 3772 353 556

503 425 740 482 themate
791 419 1101 476 damnatum
1124 457 1140 483 ,
1187 415 1390 472 idcirco
1448 415 1703 470 fraudare
1759 413 2084 469 catholicam
2110 415 2162 474 Δ
2189 420 2274 467 tus
2301 421 2354 467 et
2394 411 2648 483 Etherius
2675 411 2729 465 in
2770 425 2933 483 opere
2961 407 3219 483 adversus
3245 421 3486 483 errorem
3512 407 3772 480 Adoptia-

503 496 665 550 ﬁdem
697 490 902 548 lucubri
932 498 1144 559 satages
1171 486 1496 559 objectionc;
1529 497 1577 541 et
1609 486 1734 559 dum
1760 486 1989 559 vipereos
2015 485 2083 559 si-

503 565 633 620 bilos
660 562 1004 634 (Arianorum
1033 553 1133 614 a'bs
1157 553 1340 634 dubio)
1372 559 1627 626 prurienti
1664 553 1821 634 fingis
1845 553 2088 634 auricula

503 626 753 703 refutare,
781 629 1039 703 pestiferp
1071 627 1275 701 aspidis
1318 626 1528 703 veneno
1568 626 1940 703 reguliquead
1972 641 2088 703 mo-

503 698 634 762 dum
665 698 944 759 infainaris
983 699 1110 754 ﬂatu
1136 698 1354 756 'necari.
1387 719 1404 750 ι
1451 699 1568 769 Ipse
1594 701 1759 754 etiam
1797 698 2104 769 Elipandiis'

503 775 742 846 opinioni
770 780 969 846 nostra:
992 771 1206 841 plenum
1235 772 1400 824 robur
1440 767 1622 846 addit,_
1641 770 1768 846 dum
1796 771 1848 824 in
1871 767 2089 846 scriptis

505 839 619 904 suis
662 844 944 899 Alcuinum
993 839 1132 912 saepe
1170 857 1366 896 novum
1413 849 1568 895 vocat
1595 839 1814 912 Arium;
1849 840 2090 912 adoptio-

504 932 629 974 nem
672 914 856 984 negari
899 913 1041 984 haud
1067 911 1240 984 posse
1287 913 1622 984 existimans,
1665 911 2089 984 quiniﬁvinitas

506 986 668 1043 Verbi
699 980 955 1056 negetur;
987 980 1114 1056 dum
1155 984 1458 1056 insuper_iii
1501 980 1726 1056 epistola
1754 981 1820 1036 ad
1850 980 2087 1036 Fidelem

504 1058 752 1114 abbatem
771 1052 866 1110 'ait
898 1072 910 1107 :
949 1073 969 1106 ‹
1013 1052 1255 1110 Bonosus
1286 1064 1340 1108 et
1367 1054 1564 1108 Beatus
1601 1055 1716 1123 pari
1746 1068 1932 1107 errore
1961 1067 2088 1106 con-

504 1128 739 1184 demnati
771 1133 915 1182 sunt.
963 1123 1052 1179 Ille
1082 1123 1310 1179 credidit
1355 1125 1420 1180 de
1460 1133 1630 1178 matre
1673 1123 2004 1192 adoptivum,
2034 1130 2091 1176 et

505 1214 612 1254 non
645 1199 710 1254 de
735 1197 896 1250 Patre
933 1201 1058 1248 ante
1087 1197 1280 1250 smeula
1310 1196 1583 1265 genitum;
1615 1202 1672 1250 et
1691 1210 1795 1248 non
1823 1193 1888 1265 de
1915 1201 2089 1265 matre

507 1267 875 1339 temporaliter
921 1265 1251 1339 adoptivum.
1290 1263 1332 1317 ι’
1363 1267 1442 1319 Ei
1476 1265 1672 1339 quibus
1713 1264 1961 1339 omnibus
2009 1263 2089 1317 in-

503 1333 698 1416 fertur,
725 1333 1040 1416 Elipanduni
1069 1335 1304 1416 maxime
1349 1344 1460 1416 tuin
1481 1333 1775 1416 solliuitum
1799 1333 2088 1416 .fuisse,.ut

504 1408 641 1471 Arii,
665 1417 721 1464 et
741 1403 833 1476 qui
857 1406 1007 1474 paria
1029 1420 1156 1476 cum
1179 1406 1282 1460 isto
1307 1407 1592 1476 sentiebat,
1620 1405 1814 1476 Bonosi
1835 1403 2086 1476 ligeresin,

506 1475 847 1547 adoptionem
873 1476 973 1544 ipsi
996 1475 1172 1530 Verbo
1188 1477 1368 1547 divino
1387 1475 1748 1547 allingentem,
1773 1475 2086 1547 declinaret,

505 1544 1002 1619 siipprimcrelque,
1047 1555 1210 1619 atque
1247 1545 1460 1619 idcirco
1497 1544 1897 1619 distinctionem
1941 1544 2088 1619 illam

507 1613 650 1676 intér
696 1613 994 1672 naturalem
1047 1615 1240 1670 Filium
1285 1616 1461 1684 quoad
1507 1616 1862 1676 divinitatem,
1897 1625 1951 1669 et
1996 1613 2089 1670 ad-

505 1690 745 1760 optivum
771 1688 946 1755 quoad
976 1685 1366 1760 humanitatem
1403 1685 1528 1760 olim
1551 1686 1662 1760 jam
1686 1703 1721 1760 _a
1744 1685 2087 1755 quibusdam,

505 1755 566 1816 ut
588 1760 817 1814 vidimus
860 1765 1195 1826 usurpatam,
1229 1758 1402 1810 denuo
1433 1755 1486 1810 in
1517 1755 1812 1810 subsidium
1841 1770 2084 1809 vocasse.

505 1830 576 1884 Et
597 1845 725 1883 vero
745 1829 796 1881 in
825 1826 1157 1896 expositione
1187 1826 1498 1881 eorumdem
1527 1826 1818 1895 Scriptura:
1845 1833 2086 1879 textuum

506 1899 826 1954 laborabant
860 1897 1095 1967 episcopi
1143 1896 1363 1964 Hispani
1409 1896 1605 1951 saiculo
1650 1905 1882 1967 octavo,_
1895 1896 2088 1965 quibus

504 1971 755 2031 Arianos,
806 1974 866 2020 ut
894 1965 1274 2034 adoptionem,
1318 1967 1806 2021 denominationem
1854 1965 1948 2020 Dei
1997 1982 2089 2020 ex-

506 2040 796 2093 trinsccam
824 2052 887 2091 ac
926 2035 1240 2094 servitutem
1271 2037 1324 2091 in
1369 2038 1484 2106 ipso
1513 2035 1688 2091 Verbo
1716 2035 2084 2099 defenderent,

503 2109 687 2166 statim
735 2107 803 2160 ab
854 2106 1006 2160 initio
1056 2106 1272 2172 abusos,
1303 2121 1544 2176 quosque
1594 2123 1625 2160 a
1667 2106 1961 2176 nonnullis,
1997 2107 2090 2175 qui

505 2195 694 2236 eorum
731 2178 958 2246 impetus
1009 2179 1297 2232 retundere
1325 2175 1694 2240 conabantur,
1741 2175 1879 2230 male
1925 2175 2092 2232 fuisse

505 2245 810 2319 expositos,
827 2245 938 2314 jam
956 2263 1126 2319 supra
1152 2248 1403 2301 diximus.
1436 2247 1560 2319 Sic,
1577 2247 1718 2319 quod
1748 2247 2091 2319 adoptionem

509 2317 857 2390 spectat,_in_
883 2317 1107 2390 epistola
1136 2319 1507 2390 episcoporum
1553 2317 1822 2390 Hispania:
1868 2319 1936 2372 ad
1980 2317 2092 2388 epi-

505 2387 700 2460 scopos
725 2387 1280 2460 Galliae,_Aquitania;,
1308 2387 1439 2454 etc.,
1464 2387 1784 2460 oniiiia’fere
1813 2387 2091 2460 sacrarum

507 2457 805 2516 litterarum
833 2457 1155 2522 testimonia,
1180 2457 1493 2519 alferuntur,
1521 2459 1716 2527 quibus
1745 2473 1937 2512 nomen
1965 2457 2090 2512 Pri-

505 2531 751 2601 mogem'ti
780 2527 916 2582 Filio
939 2527 1136 2601 _diviuo
1163 2529 1437 2601 tribuitur,
1480 2529 1715 2601 illudque
1760 2527 1826 2582 de
1854 2527 2087 2601 Christo,

507 2597 906 2672 noriquahfiius
935 2597 1094 2672 Deus,
1128 2599 1219 2672 sed
1261 2609 1525 2672 quatenus
1560 2597 1721 2672 homo
1750 2607 1855 2664 est,
1895 2599 2092 2652 intelli-

507 2667 1174 2742 gendum_dicitur.__Quod
1210 2667 1574 2742 extrinsecum
1617 2667 1709 2723 Dei
1741 2684 1934 2742 nomen
1962 2685 2094 2742 con-

507 2739 682 2798 cernit
703 2739 962 2796 Alcuinus
984 2739 1076 2808 lib.
1107 2756 1160 2794 iv
1185 2749 1371 2794 contra
1399 2740 1654 2803 Felicem,
1677 2755 1732 2793 n.
1758 2739 1810 2802 2,
1842 2741 1954 2794 haec
1976 2739 2092 2808 ejus

509 2812 674 2868 verba
701 2809 909 2866 refert:
948 2829 965 2862 ι
1019 2807 1266 2866 Secundo
1305 2818 1486 2866 autem
1529 2811 1688 2864 modo
1732 2807 2093 2879 iiuncupative

506 2883 650 2940 Deus
685 2880 904 2952 dicitur,
953 2880 1094 2952 sicut
1137 2881 1382 2952 superius
1415 2883 1648 2952 dictum_
1669 2888 1752 2952 est
1777 2881 1851 2952 de
1891 2881 2094 2952 sanctis

509 2950 1068 3024 prmdieatoribus,_de
1111 2949 1304 3024 quibus
1334 2951 1582 3024 Salvator
1619 2949 1930 3024 Juilieis_ait
1974 2965 1988 3004 :
2031 2951 2094 3006 Si

509 3020 647 3077 Enim
671 3021 788 3076 illos
807 3021 939 3074 dixit
961 3021 1102 3084 deos,
1129 3020 1202 3074 od
1228 3039 1356 3094 quos
1384 3021 1480 3075 Dei
1499 3020 1853 3094 sermo_955
1886 3021 2093 3094 (actus;

509 3094 601 3166 qui
632 3102 810 3166 tamen
841 3107 946 3146 non
967 3101 1159 3166 natura
1180 3091 1410 3166 ut'_D_e_us,
1439 3093 1649 3166 sedpcr
1665 3092 1758 3144 ιλιι
1779 3091 2006 3166 gratiam
2025 3093 2094 3146 ab

507 3161 593 3228 eo,
623 3163 714 3233 qui
743 3178 901 3217 verus
924 3172 1009 3218 est
1035 3162 1194 3225 Deus,
1226 3162 1458 3217 deitlcati
1499 3161 1574 3233 dii
1601 3168 1738 3233 sunt
1755 3161 1856 3215 sub
1879 3161 1972 3216 illo
1999 3178 2092 3217 vo-

509 3231 658 3291 cati}
697 3235 753 3288 in
792 3235 894 3288 hoc
922 3233 1118 3302 quippe
1145 3233 1338 3286 ordine
1379 3233 1470 3286 Dei
1497 3231 1688 3295 Filius,
1720 3232 1999 3298 Dominus,
2025 3245 2090 3286 ac

511 3304 840 3374 Redemptor
859 3314 1044 3358 noster
1077 3302 1232 3374 juxta
1266 3302 1675 3374 humanitatem,
1721 3303 1860 3374 sicut
1898 3303 1953 3356 in
1998 3318 2092 3374 na—

510 3383 652 3440 tura,
683 3371 756 3429 ita
783 3384 837 3430 et
870 3375 924 3430 in
963 3373 1200 3436 nomine,
1233 3373 1478 3442 quamvis
1507 3371 1856 3427 excellentius
1882 3373 2092 3428 cunctis

507 3445 738 3510 electus,
767 3444 1049 3499 verissime
1073 3451 1250 3496 tamen
1279 3457 1399 3496 cum
1422 3443 1527 3499 illis
1547 3445 1925 3506 communicat,
1952 3445 2092 3498 sicut

509 3523 565 3570 et
594 3515 649 3568 iu
693 3524 884 3571 caetera
914 3513 1114 3576 omnia,
1157 3513 1210 3566 id
1255 3521 1354 3574 est,
1400 3514 1454 3567 in
1493 3514 1983 3584 praedestinatione,
2035 3517 2090 3569 in

509 3586 794 3648 electione,
841 3586 894 3638 in
933 3585 1129 3653 gratia.
1166 3584 1218 3637 in
1245 3585 1605 3655 susceptione,
1643 3585 1697 3638 in
1723 3586 2092 3655 assumptione

511 3656 745 3710 nominis
785 3655 947 3718 servi,
995 3662 1158 3724 atque
1199 3654 1586 3724 applicatione,
1633 3671 1728 3710 seu
1769 3654 1963 3710 cetera
2008 3657 2093 3710 his

510 3725 730 3790 similia,
761 3734 823 3780 ut
847 3725 1011 3789 idem,
1042 3725 1132 3794 qui
1167 3724 1527 3796 essentialiter
1550 3741 1674 3780 cum
1702 3724 1864 3780 Patre
1891 3734 1946 3780 et
1972 3725 2094 3796 Spi-

511 3797 618 3850 ritu
643 3807 833 3852 sancto
860 3796 915 3850 in
953 3797 1158 3866 unitate
1195 3795 1408 3866 deitatis
1450 3811 1612 3850 verus
1645 3805 1730 3850 est
1766 3797 1930 3860 Deus,
1979 3795 2095 3866 ipse

511 3869 568 3922 In
593 3866 764 3922 forma
789 3865 1142 3922 humanitatis
1170 3881 1294 3920 cum
1315 3865 1503 3921 electis
1527 3867 1639 3921 suis
1668 3881 1766 3936 per
1790 3865 2094 3937 adeptionis

510 3939 738 4010 gratiam
769 3937 1052 4010 deiﬁcatus
1077 3937 1250 4010 ﬁeret,
1277 3943 1332 3990 et
1357 3939 1716 4010 nuncupative
1739 3937 1908 4010 Deus.
1940 3959 1958 3990 ι
1992 3938 2096 3992 De-

511 4006 655 4063 fnuin
688 4008 954 4078 loquendo
981 4009 1048 4062 de
1071 4009 1350 4071 servitute,
1382 4006 1554 4077 quam'
1581 4006 1876 4063 Salvatoris
1897 4008 2093 4062 huma—

512 4079 668 4134 nitati
699 4096 858 4136 sensu
889 4093 1144 4148 perverso
1172 4079 1480 4133 tribuebant
1513 4078 1664 4132 Felix
1697 4086 1751 4133 et
1777 4079 2090 4148 Elipandus,

512 4151 577 4204 ad
602 4151 746 4204 illam
771 4151 1116 4204 asset-endam
1142 4157 1197 4204 et
1223 4150 1321 4218 ipsi
1354 4149 1532 4204 verbis
1557 4149 1838 4218 Propheta:
1863 4150 2097 4203 abutun-

513 4230 603 4290 tur
650 4239 662 4274 :
715 4221 850 4274 Ecce
893 4219 1142 4289 intelliget
1188 4236 1365 4274 servus
1410 4236 1554 4274 meus
1599 4219 1766 4290 (lsai.
1808 4234 1906 4283 LII,
1973 4219 2093 4290 I5).

512 4287 620 4343 Et:
653 4290 785 4342 Ecce
823 4306 999 4344 servus
1026 4287 1171 4343 nieus
1199 4291 1482 4359 suscipiam
1509 4287 1658 4355 eum;
1697 4289 1888 4344 electus
1929 4287 2093 4356 meus,

511 4359 822 4430 complacuit
858 4360 956 4413 sibi
999 4359 1183 4430 inille
1219 4361 1393 4413 anima
1439 4377 1555 4430 mea
1606 4359 1772 4430 (laai.
1829 4377 1962 4424 xui,
2011 4360 2093 4430 li).

512 4427 883 4514 videi-ursum
920 4429 1254 4499 praeeitatain
1294 4429 1576 4499 epistolam
1603 4427 1978 4501 episcoporum
2003 4427 2097 4486 Hi-

515 4511 740 4570 spaniai.

581 4611 816 4682 XXVIII.
875 4607 1089 4682 Pugna,
1122 4619 1306 4665 contra
1361 4610 1768 4682 Migetium.f—
1802 4611 1968 4668 Forte
2013 4620 2092 4668 ta-

509 4700 632 4740 men
660 4681 904 4752 proiiima
935 4681 1010 4736 ita
1059 4681 1125 4736 de
1165 4682 1377 4738 Christo
1417 4681 1682 4738 sentiendi
1730 4683 1946 4740 occasio
1992 4684 2094 4738 fuit

507 4749 686 4825 pugna
721 4749 868 4825 _il_la,
907 4767 1069 4825 quam
1125 4753 1448 4808 acerrimam
1508 4753 1881 4809 decertaverat
1932 4754 2092 4824 paulo

507 4822 1007 4893 antea-Elipandus
1064 4832 1251 4893 contra
1299 4824 1612 4880 hmi'eticuni
1659 4822 1947 4893 quemdam
1996 4841 2091 4880 no-

510 4895 654 4950 mine
693 4891 998 4962 Migetium,
1049 4892 1202 4962 cujus
1247 4894 1532 4950 historiam
1569 4891 1752 4950 multis
1797 4894 1973 4949 adhuc
2013 4905 2092 4950 te-

509 4964 691 5021 nebris
738 4962 1045 5034 obvolutam
1094 4964 1281 5032 paucis
1321 4965 1410 5020 hic
1453 4966 1760 5029 discutere,
1814 4973 1869 5020 et
1920 4981 2089 5034 quan-

508 5044 624 5090 tum
675 5033 929 5104 possibile
979 5035 1190 5104 estLin
1243 5035 1426 5104 aprico
1456 5050 1656 5103 ponere
1707 5035 1850 5091 haud
1900 5033 2091 5094 inutile

507 5106 632 5179 erit.
656 5102 1012 5179 ‘Mentiouem
1059 5102 1203 5158 illius
1229 5102 1593 5179 _piimo_l‘aqi_t
1641 5106 1916 5179 Adrianus
1951 5124 2087 5179 papa

507 5121 632 5163 erit.
689 5121 1012 5162 mentionem
1059 5121 1203 5158 iuius
1247 5121 1420 5228 primo
1461 5121 1593 5160 iacit
1641 5121 1914 5162 Adrianus
1951 5124 2087 5179 papa

507 5177 566 5232 in
585 5175 807 5248 epistola
837 5175 904 5230 ad
924 5173 1208 5248 episcopos
1229 5174 1250 5229 1
1280 5175 1497 5248 ispaniae
1519 5175 1743 5248 directa,
1769 5177 1860 5233 ubi
1879 5177 2088 5248 Egilani

508 5245 659 5318 regni
677 5245 830 5318 illius
852 5245 1161 5318 episcopum
1191 5245 1385 5316 arguit,
1413 5246 1555 5317 quod
1581 5263 1794 5303 errores
1823 5245 2088 5316 quosdam

507 5316 983 5389 Migeui__magistri
1015 5316 1098 5389 sui
1131 5325 1348 5389 secutus
1378 5316 1478 5384 sit;
1523 5318 1743 5389 quinam
1779 5325 1961 5389 tamen
2009 5333 2089 5373 er-

510 5386 663 5442 rores
689 5387 764 5440 illi
791 5386 1016 5452 fuerint,
1053 5387 1197 5457 haud
1233 5386 1573 5443 determinat.
1599 5387 1847 5457 Episcopi
1887 5387 2085 5457 Hispa-

510 5457 614 5512 nia:
667 5457 719 5512 in
753 5467 1052 5528 memorata
1093 5455 1206 5528 jam
1260 5459 1485 5528 epistola
1527 5455 1926 5528 adfcpiscopos
1964 5455 2089 5514 Gal-

459 5593 462 5596 _
511 5528 616 5592 lim,
645 5536 777 5594 etc.,
809 5527 1032 5584 Beatum
1059 5527 1310 5583 abbatem
1345 5528 1558 5598 Migetio
1585 5527 1812 5598 similem
1857 5544 1975 5583 esse
2003 5545 2092 5583 ar-

512 5606 709 5669 guunt;
743 5600 886 5654 atde
909 5599 1069 5667 hujus
1099 5599 1374 5654 erroribus
1417 5597 1522 5652 non
1548 5597 1650 5651 nisi
1689 5599 1917 5669 obscura
1947 5599 2087 5654 indi-

513 5667 598 5723 cia
645 5670 1078 5730 subministrant.
1139 5669 1415 5737 Elipantus
1467 5669 1522 5722 iii
1584 5683 1680 5722 sua
1735 5669 1802 5724 ad
1848 5667 2086 5725 Fidelem

515 5739 759 5812 epistola,
778 5739 932 5810 cujus
957 5739 1318 5811 fragmentum
1360 5739 1513 5795 nobis
1542 5747 1930 5797 conservaruiit
1953 5740 2087 5798 Bea-

2187 499 2377 539 norum
2410 482 2632 564 scripto,
2655 483 2850 564 smpius
2875 481 3499 564 iactabundegloriatur
3525 483 3592 564 de
3643 497 3771 564 sup-

2187 569 2374 624 pressa
2400 553 2846 624 perindustriam
2891 569 3044 608 suam
3071 553 3356 624 Migetiana
3387 553 3602 624 haeresi,
3639 553 3774 624 quin

2187 570 2374 624 pressa
2439 570 2498 608 er
2525 570 2846 608 industriam
2891 570 3044 608 suam
3072 570 3356 623 irrigetiana
3387 570 3602 617 haeresi,
3639 570 3774 624 quin

2187 625 2272 679 vel
2296 570 2458 678 verllih
2488 623 2632 678 illius
2677 623 2926 694 dogmata
2973 632 3226 694 exponat.
3273 622 3494 679 Interim
3525 619 3774 680 nonnihil

2189 695 2428 764 apertius
2449 710 2510 750 ea
2532 695 2596 748 de
2621 709 2680 749 re
2704 695 2942 764 loquitur
2971 694 3027 748 in
3055 695 3281 764 epistola
3312 695 3380 749 ad
3408 695 3585 764 ipsum
3624 696 3769 749 hum:

2189 764 2461 837 Migetiuiu
2487 765 2631 837 data,
2656 780 2818 837 quam
2844 781 2952 819 non
2994 765 3066 819 ita
3093 765 3301 836 pridem
3340 765 3552 837 clariss.
3583 764 3767 837 Flore

2189 833 2379 918 sius-in
2410 833 2685 918 Hispaniis
2705 833 2886 918 Sacra;
2911 842 3042 918 tom.
3071 833 3152 918 Χ,
3189 849 3310 918 pag.
3337 835 3465 901 545,
3507 835 3770 918 vulgavit.

2189 908 2268 964 Eii
2299 907 2388 962 illa
2432 907 2692 961 discimus
2738 905 3020 976 capitalem
3071 905 3271 977 Migetii
3306 922 3552 962 errorem
3608 905 3664 961 in
3709 922 3776 961 eo

2189 977 2376 1042 fuisse,
2405 977 2549 1046 quod
2580 985 2690 1032 tres
2740 991 3000 1046 personas
3041 977 3096 1031 in
3156 977 3442 1036 divinitate
3478 992 3774 1047 corporeas

2191 1047 2458 1116 statuerit,
2492 1049 2674 1118 dicens
2712 1047 2889 1103 Patris
2909 1063 3195 1118 personam
3219 1064 3339 1104 esse
3364 1048 3648 1111 Davidem,
3679 1048 3774 1104 Fi-

2190 1118 2247 1174 Iii
2302 1119 2484 1174 Iesum
2519 1135 2550 1172 a
2593 1117 2882 1186 Nazareth,
2912 1117 3156 1189 Spiritus
3187 1119 3360 1174 sancti
3388 1133 3517 1173 vero
3547 1118 3776 1173 Paulum

2191 1189 2512 1260 apostolum.
2569 1189 2816 1261 Crassior
2862 1188 3342 1261 'prOl‘ectoerror
3369 1189 3474 1244 iste
3530 1191 3774 1253 videtur,

2191 1275 2353 1330 quam
2390 1269 2450 1315 ut
2471 1260 2724 1314 credatur
2747 1260 3075 1315 assertiones
3106 1260 3248 1314 illius
3284 1260 3350 1314 ad
3383 1261 3623 1315 litteram
3656 1274 3779 1330 esse

2191 1329 2557 1399 accipiendas,
2579 1331 2714 1385 adeo
2745 1338 2802 1385 ut
2831 1345 2899 1384 ex
2924 1340 3106 1385 mente
3137 1331 3337 1401 Migetii
3379 1345 3632 1401 personae
3651 1329 3778 1401 illa:

2191 1417 2465 1470 corporeae
2495 1401 2596 1470 ipsi
2631 1401 2898 1454 divinitati
2936 1400 3272 1456 ascribenda:
3318 1400 3561 1456 veniant.
3617 1400 3774 1456 Unde

2191 1486 2298 1526 non
2329 1471 2424 1526 abs
2451 1486 2511 1526 re
2539 1472 2895 1540 suspicamur,
2938 1487 3158 1526 sensum
3198 1472 3362 1525 alium
3415 1471 3611 1536 latere,
3639 1484 3778 1540 prae-

2191 1542 2379 1612 sertim
2410 1541 2454 1596 si
2485 1542 2890 1612 consideremus
2914 1541 3190 1612 Migetium
3212 1541 3344 1596 alias
3370 1541 3514 1612 apud
3537 1541 3774 1611 plebem,

2193 1611 2475 1681 ipsumque
2522 1612 2683 1666 etiam
2720 1611 3037 1680 Elipandum
3094 1611 3456 1666 orthodoxam
3514 1612 3775 1676 audiisse,

2191 1691 2356 1752 prout
2382 1697 2449 1736 ex
2475 1697 2623 1736 num.
2655 1682 2690 1736 2
2727 1683 2905 1736 citate
2934 1682 3175 1752 epistolae
3207 1682 3468 1748 habetur;
3515 1698 3579 1737 ac
3623 1683 3775 1752 insu-

2116 1785 2168 1846 B
2193 1751 3636 1846 ἳῗῖεῗΓῖίὲῖῙῗΗ.ἷ-ί¹¹ΞΨέῗδὶ¹ἷξ¹.ξῖ³ἷ¹³Ξ¹ἓ,Ξοξηιξὲἓὲιῗίῖἓὲῗ
3653 1751 3778 1846 i‘l‘

2231 1768 2291 1806 er
2330 1768 2608 1807 errormus
2646 1768 2967 1822 quibusnam
2997 1768 3157 1821 nujus
3205 1768 3438 1808 nominis
3469 1768 3636 1808 etiam
3680 1768 3778 1808 au—

2193 1768 2412 1902 Eazsisse
2433 1823 2663 1902 Egilam,
2689 1837 2866 1902 quem_
2885 1832 3062 1902 tamen
3093 1822 3632 1902 antea_Wulcharius
3653 1819 3780 1902 gal-

2192 1891 2385 1948 Iiarum
2421 1891 2869 1962 episc0pus’apud
2911 1892 3208 1947 Adrianum
3238 1893 3304 1948 de
3351 1893 3457 1948 (ide
3485 1893 3775 1960 catholica,

2192 1963 2435 2035 moribus
2456 1972 2617 2035 atque
2637 1963 2864 2035 actibus
2891 1978 3232 2035 summopere
3253 1963 3517 2028 laiidarat,
3543 1973 3598 2019 et
3623 1963 3778 2033 cujus

2192 2034 2352 2115 Iidem
2382 2034 2494 2115 ipse
2524 2033 2789 2115 Adrianus
2817 2033 3692 2115 multisudepraadicaverattprout
3723 2036 3777 2115 in

2193 2104 2366 2186 tribus
2379 2102 2652 2186 _4episto‘lis
2669 2104 2853 2186 hujus
2870 2102 3142 2172 pontiﬁcis
3155 2105 3226 2185 oin
3266 2102 3776 2186 prinsenti'negotio

2193 2174 2557 2245 glatisut'liscl'tc
2579 2174 2792 2242 legitur.
2826 2174 2893 2226 At
2919 2188 3048 2245 vero
3076 2175 3322 2245 quisnam
3347 2175 3402 2229 iu
3451 2174 3774 2231 assertioni—

2191 2242 2292 2298 bus
2323 2243 2424 2298 illis
2454 2257 2899 2315 error,uquaeiiam
2943 2242 3166 2315 limresis
3204 2245 3500 2310 delitescat,
3525 2246 3781 2315 detegere

2193 2315 2296 2388 hoc
2322 2329 2474 2388 opus,
2501 2316 2589 2388 hic
2629 2313 2922 2388 laborest.
2949 2313 3243 2388 Dol’endum
3291 2330 3442 2382 sane,
3468 2318 3615 2388 quod
3659 2313 3776 2388 epi-

2193 2387 2328 2439 stola
2370 2383 2568 2456 Migetii
2602 2383 2755 2438 modo
2783 2384 3008 2456 libellari
3039 2393 3241 2455 aptata,
3272 2396 3330 2456 ut
3361 2388 3438 2440 ait
3475 2383 3776 2456 Elipandus

2192 2471 2340 2508 num.
2372 2455 2422 2516 1,
2456 2470 2726 2525 quamque
2764 2455 2888 2508 dein
2928 2469 3078 2509 num.
3111 2456 3143 2510 5
3174 2455 3474 2510 schedulam
3518 2455 3775 2525 [etidiui-

2191 2541 2332 2578 mum
2387 2535 2563 2589 vocat,
2609 2534 2700 2578 aut
2743 2533 3043 2594 temporum
3092 2525 3288 2594 injuria
3343 2526 3634 2589 interierit,
3682 2537 3780 2582 aut

2193 2594 2335 2668 forte
2379 2596 2556 2668 adhuc
2584 2595 2780 2668 alicubi
2812 2596 2866 2648 in
2897 2595 3134 2668 tenebris
3169 2596 3367 2668 jaceat,
3397 2613 3461 2652 ex
3491 2612 3598 2666 qua
3649 2613 3778 2668 pro-

2193 2613 2335 2648 iorie
2379 2613 2556 2650 aoniic
2584 2613 2780 2649 aiicuni
2812 2613 2866 2648 in
2897 2613 3134 2650 icncnris
3169 2613 3367 2720 jaceat,
3397 2613 3461 2652 ex
3491 2613 3598 2666 qua
3649 2613 3778 2668 pro-

2193 2665 2334 2719 fecto
2362 2666 2537 2740 omnis
2551 2665 2859 2740 obscuritas
2881 2667 2976 2720 abs
2997 2665 3172 2740 dilijcu
3200 2676 3308 2740 tate
3331 2669 3467 2740 tolli,
3490 2669 3778 2740 omnisque

2193 2737 2559 2791 controversia
2606 2734 2787 2805 dirimi
2833 2745 3032 2805 posset.
3086 2735 3302 2792 Interim
3349 2737 3638 2794 deﬁciente
3677 2734 3780 2794 hoc

2194 2819 2543 2877 monumento
2565 2804 2902 2873 conjecturas
2919 2807 3116 2860 saltem
3145 2806 3338 2864 aﬂ'erre
3366 2808 3514 2870 licet,
3542 2824 3776 2877 quarum

2156 2876 2600 2958 "fundamentum
2628 2892 2734 2931 non
2776 2877 2892 2931 leve
2922 2877 2977 2930 in
3023 2877 3152 2958 ipsis
3173 2879 3323 2958 hisce
3372 2876 3612 2958 scriptis,
3658 2889 3780 2952 quat

2194 2947 2364 3020 modo,
2382 2948 2615 3020 primum
2643 2947 3208 3020 commemoravimus,
3239 2947 3650 3020 deprehendere
3676 2947 3778 3005 iio-

2195 3016 2279 3091 bis
2315 3017 2582 3091 videmur.
2639 3018 2909 3091 Adrianus
2950 3019 3184 3091 papain
3233 3016 3407 3091 prima
3453 3020 3523 3074 ad
3567 3021 3781 3088 Egilam

2194 3088 2418 3160 epistola
2447 3095 2598 3142 notat
2626 3088 2898 3159 equidem,
2923 3089 3202 3160 exstitisse
3236 3088 3367 3146 tunc
3414 3093 3679 3160 temporis
3723 3091 3778 3145 in

2120 3150 2170 3214 C
2197 3150 2455 3226 Hispania
2517 3150 2834 3224 [iicreticos;
2885 3150 3023 3214 alios
3077 3168 3258 3214 tamen
3315 3150 3780 3220 eorum'ermres

2195 3228 2341 3310 haud
2369 3228 2689 3310 refei'thisi
2715 3229 2866 3310 quod
2885 3230 3028 3283 circa
3051 3229 3314 3310 jejunium
3343 3231 3690 3310 86_SL'B_I:CI'IEB
3716 3247 3779 3290 ac

2195 3299 2404 3374 sabbati
2431 3299 2498 3374 ali
2535 3299 2815 3374 Ecclesiae_
2829 3299 3084 3374 Romanae
3110 3299 3461 3374 observantia
3505 3302 3782 3374 discrepa-

2195 3369 2325 3424 rint.
2355 3369 2411 3424 In
2446 3369 2616 3424 altera
2656 3370 2723 3423 ad
2775 3369 2986 3440 Egilam
3034 3371 3356 3440 praedictum
3404 3387 3471 3426 ac
3512 3369 3784 3440 Joannem

2193 3441 2572 3510 presbyterum
2614 3440 2838 3510 epistola
2888 3440 3127 3510 loquitur
3173 3443 3241 3497 de
3291 3443 3572 3497 erroribus
3627 3444 3778 3499 circa

2195 3509 2610 3584 celebrationem
2645 3509 3132 3584 Pascliatis,’esum
3178 3513 3458 3584 sanguinis
3503 3521 3585 3584 et_
3610 3512 3782 3570 sull'o-

2195 3581 2326 3646 cati,
2359 3581 2906 3650 praedestinationem,
2927 3581 3365 3638 communionem
3402 3599 3526 3638 cum
3555 3581 3783 3650 Iudaeis,

2195 3652 2522 3724 gonnu'uiuni
2554 3651 3094 3724 sacerdotumpquos
3133 3667 3324 3724 omnes
3353 3653 3506 3724 Egila
3563 3653 3684 3724 ipse
3729 3662 3788 3710 et

2193 3719 2432 3778 Joannes
2459 3723 2527 3776 ad
2563 3737 2831 3778 summam
2858 3719 3038 3778 sedem
3066 3722 3390 3780 detulerant.
3401 3719 3560 3778 'Tum
3585 3719 3741 3782 addit
3767 3737 3786 3780 :

2201 3809 2222 3842 ι
2258 3792 2324 3846 Ει
2346 3793 2450 3866 alia
2467 3793 2671 3866 inulta,
2700 3792 2853 3866 sicut
2879 3791 2975 3866 fati
3005 3791 3158 3858 estis,
3184 3809 3308 3866 quae
3343 3793 3558 3866 longum
3592 3805 3680 3866 est
3707 3795 3789 3858 di-

2195 3877 2341 3948 cere.
2377 3861 2527 3948 Quid
2564 3863 2749 3918 multis
2771 3863 2924 3948 vobis
2951 3861 3462 3948 hiematum—“singula
3496 3865 3785 3948 scribam?

2197 3936 2326 4003 quia
2355 3934 2484 3988 olim
2513 3943 2725 4002 tempus
2743 3941 2852 3998 est,
2871 3934 3014 4003 quod
3041 3934 3366 3990 Priscilliani
3393 3935 3666 4005 dogmatis
3685 3935 3792 3992 im-

2196 4005 2502 4072 pleverunt.
2553 4024 2570 4056 i
2607 4005 2846 4059 Tandem
2872 4019 3002 4059 vero
3040 4005 3120 4061 sic
3167 4005 3443 4062 concludit
3471 4004 3488 4058 Ξ
3519 4025 3542 4058 ι
3573 4004 3800 4062 Caven—

2198 4074 2326 4148 dum
2342 4075 2773 4148 ergoudilectioni
2806 4085 3000 4148 vestrae
3024 4084 3128 4141 est,
3159 4091 3462 4148 magnaque
3504 4075 3792 4148 diligentia

2176 4145 2610 4217 prohibendum,
2636 4161 2706 4200 ne
2740 4159 2836 4214 per
2886 4147 3189 4217 hujusmodi
3221 4145 3469 4202 hemines
3515 4145 3791 4204 exstincta

2201 4215 2402 4270 dudum
2435 4216 2686 4271 scandala
2733 4215 3076 4280 suscitentur,
3118 4227 3174 4272 et
3203 4218 3269 4273 de
3298 4218 3482 4274 exciso
3510 4217 3640 4273 olim
3695 4221 3795 4274 do—

2200 4295 2380 4359 gmate
2423 4286 2627 4359 aliquid
2664 4286 2719 4340 in
2768 4288 3048 4359 provincia
3097 4289 3340 4359 ejusdem
3382 4287 3510 4343 mali
3557 4305 3793 4359 germen

2199 4357 2430 4428 oriatur,
2469 4358 2613 4427 quod
2649 4372 2774 4428 non,
2801 4357 2973 4428 solum
3003 4358 3058 4412 in
3100 4357 3374 4414 radicibus
3407 4359 3522 4413 suis
3547 4357 3790 4428 crescat,

2201 4427 2295 4481 sed
2321 4427 2483 4481 etiam
2509 4435 2709 4482 sancta!
2735 4427 2992 4482 Ecclesiae
3020 4429 3258 4484 sobolem
3293 4444 3502 4484 veneno
3541 4431 3628 4485 sui
3657 4427 3795 4488 ode?

2123 4529 2174 4590 D
2200 4499 2284 4590 ris
2309 4496 2590 4590 inliciat.)
2641 4498 2720 4552 Ex
2773 4498 2859 4552 his
2885 4498 3068 4590 verbis
3111 4499 3383 4590 colliges?
3415 4499 3596 4581 datur,
3649 4503 3795 4590 alius

2199 4569 2377 4623 adhuc
2423 4576 2622 4640 praeter
2675 4577 3008 4640 memoratos
3060 4569 3278 4640 errores
3320 4569 3638 4640 Hispaniam
3697 4573 3797 4628 illo

2197 4654 2312 4693 aevo
2337 4638 2601 4709 turbasse,
2631 4638 2891 4708 talesque,
2921 4638 3092 4709 quiin
3115 4638 3456 4696 Priscilliano
3474 4640 3606 4696 olim
3635 4643 3798 4699 dam-

2195 4710 2310 4764 nati
2363 4708 2597 4780 fuerant,
2623 4717 2680 4764 et
2716 4708 2954 4780 quorum
2992 4711 3463 4769 resuscitationem
3509 4711 3799 4772 Adrianus

2193 4794 2330 4849 papa
2359 4779 2705 4836 formidabat.

2262 4891 2455 4965 XXIX.
2501 4891 2724 4965 Errgres
2779 4889 3310 4965 Priscillinnistarrumi
3354 4909 3388 4947 a
3444 4891 3662 4965 Migetio
3701 4912 3798 4950 νει-

2189 4964 2450 5020 ειιδεὶιαιὶ.
2495 4992 2567 5003 -
2605 4962 2774 5017 Porro
2810 4963 3052 5031 primarii
3106 4962 3637 5018 Priscillianistai‘um
3697 4980 3798 5021 er-

2191 5051 2343 5090 rores
2369 5075 2382 5099 ,
2435 5041 2595 5103 prout
2643 5033 2761 5088 illos
2785 5047 2853 5103 ex
2890 5033 3064 5088 sancti
3112 5033 3308 5089 Leonis
3356 5035 3423 5090 ad
3469 5031 3801 5093 Turribium

2188 5101 3146 5178 nsturice'iiseinepisttua‘discimus,
3175 5105 3229 5178 in
3255 5120 3322 5159 eo
3345 5113 3503 5160 erant
3521 5145 3536 5172 ,
3563 5108 3618 5160 1ο
3639 5111 3806 5178 quod

2189 5175 2369 5246 Patris
2427 5183 2481 5228 et
2518 5171 2728 5228 Filii—et
2767 5171 3004 5244 Spiritus
3028 5175 3222 5246 ksancti
3245 5190 3410 5230 unam
3449 5171 3614 5246 atque
3638 5171 3806 5234 eam-

2190 5245 2311 5300 dem
2359 5258 2647 5312 personam
2693 5243 2826 5300 esse
2858 5259 2981 5299 cum
3020 5243 3254 5300 Sabellio
3301 5243 3654 5313 asseruerint,
3690 5265 3805 5305 ou-

2185 5315 2273 5388 jus
2313 5313 2584 5391 discipuli,
2615 5315 2721 5391 _ait
2764 5324 3000 5391 sanctus
3048 5313 3170 5391 _Leo
3223 5316 3316 5372 cit.
3381 5317 3486 5373 loc.
3545 5333 3670 5391 cap.
3736 5321 3802 5388 1,

2197 5383 2233 5460 ι-
2269 5384 2434 5460 etiam
2482 5383 2880 5460 Pa_t_r_i_passiani_
2927 5385 3122 5460 mer_ito
3182 5383 3631 5460 nuncupantur-ﬁ
3657 5383 3806 5460 quia

2191 5455 2236 5514 si
2269 5455 2383 5526 ipse
2423 5463 2506 5509 est
2557 5451 2745 5521 Filius,
2790 5455 2884 5525 qui
2937 5465 2994 5511 et
3033 5455 3215 5523 Pater,
3249 5451 3381 5513 erui
3427 5457 3552 5514 Filii
3585 5451 3808 5518 'Pa'tris

2191 5537 2274 5582 est
2295 5525 2515 5598 passio;
2567 5535 2622 5579 et
2664 5526 2922 5598 quidquid
2960 5525 3013 5581 in
3045 5526 3216 5582 forma
3249 5530 3389 5583 servi
3441 5527 3610 5584 Filius
3632 5528 3810 5588 Patri

2191 5597 2818 5672 obedien‘doAsustinuit,
2860 5605 3030 5651 totum
3062 5599 3118 5672 in_
3143 5613 3202 5653 se
3241 5599 3404 5672 Pater
3449 5599 3563 5672 ipse
3597 5616 3808 5658 susce—

2192 5670 2289 5739 pit.
2341 5688 2359 5719 ι
2400 5668 2456 5740 2°
2490 5667 2643 5735 Quod
2682 5669 2910 5740 virtutes
2949 5667 3211 5738 quasdam
3253 5686 3283 5723 a
3339 5669 3448 5726 Deo
3465 5667 3811 5740 "procedere

2192 5739 2500 5806 statuerint,
2523 5754 2656 5812 quas
2687 5739 2885 5796 habere
2903 5742 3150 5808 cmperit,
3179 5748 3235 5797 et
3265 5754 3400 5814 quas
3426 5739 3668 5800 essentia
3695 5745 3803 5805 sui
