4030 6358
286 323 386 394 361

935 330 1303 390 ENHUEBER
1339 324 1647 389 DISSERT.
1688 320 1777 389 DE
1815 317 2087 391 HERESI
2126 318 2438 391 ELIPANDI
2475 334 2561 392 ET
2599 319 2881 391 minus.

3431 335 3536 394 362

285 463 441 525 ceptu
469 451 1036 525 suscepit,nadopt_ivus
1069 457 1209 524 apud
1237 452 1453 508 Patrem
1494 469 1600 508 non
1635 460 1739 518 est,
1767 453 1862 508 sed
1888 459 1939 516 Α
1964 456 2233 509 variorum
2262 457 2566 525 dogmatum
2594 455 2734 509 inter
2770 471 2828 510 se
2856 452 3179 510 cohaerentia
3208 455 3420 512 facilius
3448 459 3539 512 de-

283 523 448 581 verus
473 532 529 577 et
564 524 812 594 proprius
840 523 1030 589 Filius,
1065 523 1191 593 quid
1240 531 1504 594 superest,
1550 524 1655 580 nisi
1678 533 1736 577 ut
1764 540 1858 579 ea-

284 598 405 654 dem
435 610 565 650 caro
593 609 696 648 non
726 594 791 648 de
831 609 1010 648 massa
1050 596 1268 649 humani
1313 596 1543 664 generis,
1593 609 1766 663 neque
1795 596 1861 650 de

281 683 445 725 carne
474 664 663 721 matris
690 664 760 718 sit
802 673 983 718 creata
1026 673 1079 720 et
1125 664 1284 727 facta,
1330 666 1422 719 sed
1451 664 1517 719 de
1562 666 1861 721 substantia

281 738 483 800 Patris,
513 736 650 790 sicut
673 744 726 789 et
753 734 1051 789 divinitatis
1089 735 1204 805 ejus
1232 735 1527 805 generata?
1554 755 1572 786 ι
1607 735 1861 791 Paulinus

278 824 411 863 vero
434 805 793 875 Aquileiensis
822 803 1134 875 sequentem
1162 803 1359 875 Felicis
1389 803 1741 872 objectionem
1773 822 1860 861 re-

280 878 388 933 fert
411 874 531 947 cap.
547 875 646 929 27:
670 895 687 926 ‹
712 875 790 928 Tu
817 874 1008 947 (Felix)
1031 876 1303 931 causaris:
1331 874 1633 947 Qninegat,
1659 876 1858 947 inquis,

280 964 405 1004 cum
429 944 737 1015 adoptivum
760 944 1051 1000 seCundu'm
1083 946 1350 1001 hominem
1380 944 1571 999 Filium
1607 945 1723 1009 Dei,
1767 962 1860 999 ne-

312 1028 389 1083 et,
416 1031 637 1071 necesse
664 1024 765 1081 est,
803 1030 928 1070 eum
957 1031 1143 1071 verum
1171 1016 1335 1071 fuisse
1376 1015 1664 1069 hominem.
1695 1035 1713 1066 ›
1759 1015 1860 1069 Ea-

349 1105 403 1143 m
432 1088 559 1141 alibi
605 1087 658 1141 in
685 1086 900 1157 scriptis
929 1085 1141 1157 Felicis
1176 1095 1232 1140 et
1277 1085 1521 1157 Elipandi
1552 1086 1745 1156 saepius
1769 1100 1860 1139 oc-

278 1167 527 1236 currnnt,
555 1158 644 1228 qui
684 1155 879 1236 toti'in
925 1156 978 1236 id
1009 1156 1301 1236 intendisse
1342 1155 1860 1236 videntumutnper-

276 1224 592 1285 mistionem
622 1243 716 1281 seu
745 1226 1111 1281 confusionem
1148 1235 1463 1280 naturarum
1493 1226 1560 1279 ab
1587 1224 1859 1294 Apollina-

277 1300 450 1364 ristis,
476 1298 933 1365 Eutychianisque
961 1297 1233 1351 inductam
1271 1296 1575 1365 evitazent.
1608 1294 1784 1361 Quare
1805 1303 1862 1349 et

275 1370 561 1445 élcuinus,
585 1364 715 1445 libr.
741 1385 759 1445 ξ
785 1364 972 1445 contra
1004 1366 1271 1445 Felicem,
1302 1366 1414 1419 ait:
1449 1364 1675 1445 {ﬁgitur
1702 1366 1860 1419 sicut

276 1434 600 1495 Nestoriana
630 1438 878 1507 impietas
905 1437 959 1491 in
988 1437 1119 1491 duas
1143 1435 1416 1507 Christum
1444 1434 1858 1507 dividitperso-

274 1526 396 1575 nas,
438 1520 651 1581 propter
690 1505 826 1581 duas
873 1517 1168 1581 naturales,
1195 1506 1309 1581 1ita
1339 1512 1393 1559 et
1414 1513 1594 1559 vestra
1642 1505 1858 1581 indocta

274 1575 560 1635 temeritas
589 1580 645 1633 in
674 1578 809 1633 duos
833 1593 956 1633 eum
976 1576 1167 1632 dividit
1187 1575 1343 1641 ﬁlios,
1366 1591 1531 1629 unum
1557 1576 1855 1644 proprium,

276 1652 509 1705 alterum
536 1649 839 1719 ad0ptivum
886 1689 898 1701 .
926 1687 939 1700 .
968 1687 989 1719 ,ί
1011 1646 1323 1719 Nullatenus
1348 1646 1426 1719 sic
1446 1648 1738 1719 sentientes
1763 1661 1858 1716 po-

274 1722 435 1776 testis
462 1719 617 1775 vobis
639 1716 845 1772 evitare
865 1718 1193 1787 impietatem
1216 1716 1546 1787 Nestorianae
1568 1716 1852 1771 doctrinae:

273 1794 403 1861 quia
432 1804 592 1861 quem
635 1789 723 1843 ille
750 1789 801 1842 in
824 1786 966 1861 duas
989 1786 1463 1861 personasdividit
1486 1797 1695 1861 prapter
1725 1787 1857 1861 duas

273 1857 534 1923 naturas;
565 1860 707 1914 hunc
741 1873 835 1913 vos
863 1857 1103 1912 dividitis
1139 1858 1192 1911 in
1237 1857 1371 1911 duos
1394 1857 1531 1910 ﬁlios
1555 1865 1609 1911 et
1633 1857 1688 1910 in
1724 1857 1858 1912 duos

270 1932 402 1985 deos
432 1946 532 2000 per
563 1928 861 2000 adoptionis
895 1943 1090 2000 nomen
1132 1936 1186 1983 et
1226 1927 1657 1997 nuncupationis.
1708 1928 1863 2000 Intel-

271 1999 895 2069 ligite’quandoquidem
936 1999 1081 2052 hunc
1113 2013 1359 2069 errorem
1395 2008 1655 2069 vestrum,
1686 2005 1743 2069 et
1762 1999 1861 2052 hu-

272 2067 564 2125 milianiini
590 2067 880 2124 sub’manu
910 2068 1291 2139 omnipotentis
1337 2068 1452 2131 Dei,
1485 2076 1540 2139 et
1564 2067 1864 2139 disciteve-

272 2142 459 2195 ritatis
484 2140 809 2203 doctrinam,
839 2154 907 2193 ne
936 2140 1052 2193 sitis
1090 2138 1329 2210 magistri
1358 2138 1560 2210 erroris
1586 2156 1598 2190 :
1640 2153 1707 2193 ne
1737 2138 1863 2210 dum

274 2210 491 2266 foveam
538 2210 853 2280 Eutychetis
881 2207 1266 2280 declinare,'ct
1293 2207 1712 2280 permistionem
1732 2209 1863 2280 diua-

271 2297 398 2336 rum
450 2278 770 2336 natura—rum
814 2295 1005 2335 cavere
1044 2279 1353 2344 videamini,
1392 2279 1445 2331 in
1485 2278 1717 2331 Ncstorii
1762 2279 1859 2332 ba-

273 2354 525 2407 rathrum
558 2351 996 2405 inconvenienter
1024 2349 1308 2404 dividendo
1345 2348 1622 2402 decidatis.
1648 2368 1667 2399 ›
1717 2346 1862 2403 Satis

271 2433 462 2493 aperte
487 2424 592 2477 hoc
632 2420 750 2477 loco
775 2421 948 2493 innnit
970 2420 1245 2493 Alcuinus,
1275 2419 1753 2493 Felicem_ejusque
1783 2434 1863 2473 as-

273 2488 454 2547 seclas
478 2493 767 2547 admodum
815 2490 1071 2545 sollicitos
1108 2488 1289 2554 fuisse,
1321 2497 1382 2542 ut
1425 2488 1612 2543 ambas
1640 2496 1861 2544 naturas

272 2564 331 2618 in
357 2564 580 2619 Christo
608 2561 918 2617 inconfusas
957 2567 1143 2615 contra
1174 2560 1453 2629 Eutychen
1484 2557 1855 2624 defenderent,

271 2634 618 2723 il'!°f':f‘_’!“_
626 2631 1377 2723 {93%9£e.3§€'9'1‘.2__£end39'1
1387 2629 1695 2723 fvgit}:
1711 2629 1863 2723 ξὶςξξι

270 2699 561 2758 Nestorius
588 2711 811 2773 propter
834 2699 967 2756 duas
1004 2708 1245 2764 naturas,
1278 2715 1420 2773 quas
1454 2708 1639 2753 contra
1662 2699 1863 2769 Apol-li-

272 2776 517 2829 naristas
567 2770 825 2843 Eutychis
856 2770 1488 2843 przecursorestuendas
1525 2778 1859 2843 susceperat,

272 2860 541 2915 personas
566 2838 747 2898 divisit
769 2860 796 2915 ;A
827 2838 908 2915 ita
927 2849 983 2897 et
1027 2840 1319 2915 Elipandus
1344 2855 1406 2915 ac
1448 2838 1599 2915 Felix
1643 2838 1697 2893 in
1728 2840 1861 2915 duos

273 2909 437 2979 lilios,
455 2929 643 2969 verum
660 2921 715 2967 et
735 2913 1038 2982 adoptivum
1063 2909 1337 2982 Christum
1355 2910 1676 2982 dividerent,
1695 2916 1753 2963 ut
1770 2909 1863 2964 du-

270 2978 469 3055 plicem
496 2985 569 3055 in;
592 3000 661 3055 eo
683 2978 929 3055 naturam
959 2996 1075 3055 esse
1098 2978 1483 3055 imperrnistarn
1504 2980 1857 3055 vindicarent.

346 3053 591 3109 XXXVI.
618 3054 819 3107 Eadem
850 3052 1154 3106 Nestoriani
1174 3050 1230 3105 iet
1254 3050 1536 3120 AdOptiam'
1559 3051 1751 3104 erroris
1775 3068 1860 3121 ge-

270 3128 525 3179 nesis.—-—
554 3123 891 3194 Quapropter
934 3137 1039 3194 non
1085 3123 1181 3194 abs
1216 3136 1299 3194 rc_
1322 3122 1569 3184 dicimus,
1613 3122 1856 3194 eamdem

268 3175 474 3250 asse}:
510 3175 854 3249 Né‘stb'ridﬁm'
869 3200 924 3246 et
948 3175 1262 3261 Adoptianm
1287 3175 1568 3246 haereseos,
1592 3192 1812 3262 genesin
1837 3208 1853 3257 ;
1881 3175 1929 3239 (ἶ

269 3275 324 3318 et
352 3262 926 3335 quemadmodumilla
952 3262 1224 3335 originem
1244 3277 1393 3335 suam
1424 3261 1736 3335 improvidae
1760 3278 1855 3332 op-

269 3331 595 3406 pugnationi
637 3332 930 3388 Arianismi
976 3331 1664 3406 et'Apollinarismi‘debet,
1696 3331 1857 3406 prout

266 3402 337 3461 cx
351 3402 739 3460 'monumentis
764 3418 923 3475 supra
939 3402 1128 3475 allatis
1158 3411 1381 3473 apparet
1407 3419 1420 3467 ;
1468 3402 1542 3475 ita
1567 3410 1626 3475 e_t_
1646 3404 1761 3475 haec
1790 3403 1857 3456 ad

269 3475 697 3557 disceptationes
726 3472 845 3557 illas
870 3472 1148 3557 referenda
1174 3472 1274 3557 est,
1307 3487 1441 3543 quas
1476 3473 1540 3557 de
1578 3472 1857 3557 divinitate

270 3542 465 3612 Verbi,
494 3544 718 3615 ejusque
745 3545 1114 3600 lncarnatione
1138 3544 1253 3599 zelo
1282 3542 1385 3597 non
1431 3542 1564 3615 satis
1598 3542 1858 3598 defaecato

266 3626 465 3673 contra
484 3614 702 3670 Ariana:
730 3625 784 3670 et
804 3615 1167 3685 Eutychianae,
1197 3630 1315 3683 qua:
1345 3614 1519 3667 hacin
1544 3622 1698 3682 parte
1735 3628 1857 3668 cum

264 3686 695 3758 Apollinarismo
723 3687 1039 3758 eademest,
1065 3685 1353 3758 pravitatis
1393 3693 1650 3758 patronos
1670 3699 1734 3737 ac
1774 3698 1861 3737 re-

267 3754 628 3813 suscitatores
647 3772 786 3827 saepe
801 3756 930 3810 dicti
951 3755 1219 3827 Hispania:
1238 3754 1473 3827 episcopi
1491 3754 1855 3827 decertarunt.

268 3829 369 3883 Vel
400 3844 474 3883 ex
500 3828 605 3882 hoc
632 3824 745 3882 solo
774 3827 938 3896 igitur
969 3824 1080 3893 jam
1122 3824 1370 3896 clarescit
1398 3825 1680 3896 utriusque
1708 3840 1861 3879 erro-

267 3899 370 3963 ris,
424 3898 734 3952 Nestoriani
789 3892 1014 3961 scilicet,
1064 3903 1118 3950 et
1161 3895 1450 3964 Adoptiani
1497 3892 1750 3964 afﬁnitas,
1800 3904 1861 3949 ut

268 3971 430 4039 proin
464 3969 606 4023 ratio
633 3966 907 4039 nsuliiciens
934 3967 1160 4021 Alcuino
1188 3963 1371 4039 fuerit,
1406 3966 1460 4019 in
1509 3963 1860 4020 Nestoriano-

270 4036 391 4093 rum
421 4047 568 4093 caatu
614 4038 942 4105 Adoptianos
971 4036 1332 4105 computandi,
1381 4044 1442 4089 ut
1468 4043 1593 4105 pote
1632 4051 1861 4104 quorum

270 4110 487 4163 natales
514 4109 681 4179 iidem
702 4106 858 4179 plane
878 4108 1205 4179 exstiterint,
1236 4106 1289 4160 id
1307 4107 1447 4175 quod
1483 4107 1585 4179 hoc
1611 4106 1664 4160 in
1698 4122 1860 4176 para-

271 4180 482 4258 grapho
508 4177 721 4258 abunde
740 4177 978 4258 vidimus
1004 4194 1019 4242 ;
1065 4178 1173 4231 imo
1210 4192 1440 4258 quorum
1468 4177 1633 4258 etiam
1660 4179 1861 4258 placita

270 4247 333 4302 ac
363 4248 632 4318 principia
657 4248 712 4301 in
738 4247 877 4302 idem
904 4263 1127 4317 ptorsus
1149 4247 1459 4318 reciderint,
1482 4256 1642 4315 prout
1662 4247 1713 4301 in
1740 4264 1859 4302 mox

271 4317 524 4389 sequenti
551 4334 619 4372 ex
643 4318 881 4389 ipsorum
912 4319 1149 4388 scriptis,
1176 4317 1511 4387 aliorumque
1537 4318 1862 4373 testimoniis

271 4387 452 4458 palam
480 4387 1036 4444 facere’conabimur.”
1380 4432 1383 4435 ,

273 4501 301 4574 t
336 4503 401 4557 ιι.
424 4531 503 4544 -—
524 4500 614 4557 DE
632 4499 1106 4574 sensualem
1118 4499 1449 4574 ASSEBTJS
1487 4498 1859 4557 NESTORIA-

631 4572 815 4627 NlSMl
834 4572 921 4626 ΕΤ
936 4570 1439 4627 ADOPTIANISMI.

342 4664 386 4718 Ι.
432 4663 586 4719 Unde
626 4681 769 4719 mens
815 4663 1174 4718 haereticorum
1218 4663 1453 4733 dignosci
1485 4672 1659 4735 queat.
1691 4695 1761 4704 —
1789 4663 1860 4719 Ut

273 4750 434 4791 sensa
477 4735 852 4790 hxereticorum
881 4742 1132 4789 accurate
1178 4742 1488 4800 noscantur,
1529 4744 1624 4788 aut
1660 4735 1860 4804 scripta

274 4807 519 4875 ipsorum
548 4804 900 4860 examinanda
926 4813 1068 4869 sunt,
1114 4812 1205 4875 aut
1232 4805 1278 4859 si
1310 4805 1409 4858 ista
1440 4806 1577 4860 forte
1617 4819 1683 4859 ex
1726 4806 1860 4860 inte-

275 4874 393 4947 gro,
426 4875 514 4930 vel
539 4876 716 4945 quoad
754 4875 1013 4947 majorem
1058 4874 1248 4929 saltem
1294 4882 1500 4944 partem
1533 4876 1857 4947 interierint,

273 4946 622 5001 Consulendm
671 4956 828 5000 erunt
881 4946 1279 5000 lucubrationes
1333 4959 1541 5010 eorum,
1595 4946 1687 5015 qui
1737 4946 1860 5001 data

273 5019 442 5087 opera
479 5015 732 5071 Ecclesia:
777 5016 1077 5087 doctrinam
1125 5024 1332 5087 contra,
1357 5024 1675 5070 novaturum
1705 5017 1861 5070 moli-

274 5086 424 5141 mina
456 5096 881 5157 propugnarunt,
917 5094 971 5140 et
998 5086 1101 5139 hoc
1118 5086 1237 5157 ipso
1270 5086 1705 5157 adversariorum
1735 5102 1859 5141 suo-

274 5174 397 5211 rum
426 5156 890 5226 asserta’penitius
909 5156 1131 5211 scrutati
1157 5164 1299 5210 sunt.
1340 5156 1489 5211 Unde
1509 5157 1697 5211 mirari
1728 5158 1859 5211 satis

274 5229 421 5282 hand
450 5225 734 5296 possumus
759 5228 920 5292 viam,
949 5241 1110 5296 quam
1136 5241 1232 5296 pro
1275 5228 1571 5296 detegenda
1599 5225 1857 5295 Adoptia-

272 5314 471 5352 norum
512 5298 773 5352 sententia
817 5298 983 5351 tradit
1010 5296 1109 5351 cel.
1144 5296 1418 5352 Walchius
1464 5298 1641 5351 citata:
1680 5298 1861 5353 Histo-

273 5370 371 5421 riae
401 5383 523 5438 cap.
545 5368 580 5420 2
607 5376 737 5422 sect.
764 5367 819 5431 2,
842 5383 989 5421 num.
1024 5368 1054 5421 7
1081 5383 1203 5438 pag.
1231 5366 1335 5421 216
1364 5368 1605 5422 scribens
1630 5386 1642 5421 :
1674 5386 1693 5417 ‹
1744 5367 1861 5422 Pri-

273 5454 365 5491 mo
411 5437 533 5491 loCo
573 5445 698 5492 ante
742 5438 925 5493 oculos
966 5437 1225 5492 lectorum
1265 5438 1509 5506 ponenda
1555 5445 1680 5492 sunt
1711 5439 1859 5493 testi-

272 5508 455 5561 monia
488 5509 888 5572 historicorum,
929 5510 1020 5577 qui
1061 5508 1241 5562 animo
1269 5522 1298 5560 a
1325 5509 1725 5563 contradicendi
1752 5521 1859 5563 stu-

273 5578 367 5649 dio
396 5577 649 5649 liberato,
692 5594 799 5644 res,
827 5580 905 5633 uti
932 5579 1294 5649 contigerunt,
1341 5577 1514 5649 solent
1557 5593 1850 5649 enarrare:

271 5647 475 5721 deinde
497 5648 791 5721 colligenda
811 5657 864 5703 et
890 5650 943 5704 in
973 5647 1174 5705 classes
1212 5648 1573 5721 distribuenda
1611 5647 1855 5721 Elipandi

271 5728 325 5790 et
365 5719 587 5785 Felicis,
629 5719 758 5790 quae
804 5728 1093 5790 supersunt
1145 5720 1491 5775 testimonia:
1541 5720 1771 5790 denique
1809 5720 1855 5775 si

268 5789 397 5850 hac
420 5791 569 5848 inter
589 5789 670 5849 sei
686 5789 1086 5860 comparantur,
1112 5806 1245 5849 vera
1271 5805 1461 5850 eorum
1496 5789 1765 5850 sententia
1801 5799 1858 5877 et

679 5881 955 5948 PATROL.
993 5883 1095 5953 CI.

1886 1828 1935 1888 B

1964 526 2214 580 ﬁnienda.
2267 525 2396 592 Quae
2448 527 2550 579 viri
2596 526 2763 595 docti,
2812 526 2902 595 qui
2947 526 3159 595 publice
3202 536 3389 581 contra
3422 528 3540 583 illos

1962 596 2217 668 (Felicem
2241 604 2294 649 et
2322 593 2659 668 Elipaudum)
2690 593 3013 667 pugnarunt,
3056 597 3209 652 nobis
3248 598 3537 668 reliquere,

1959 667 2202 736 prorsus,
2248 673 2399 734 puto,
2443 667 2755 736 negligenda
2802 682 2970 729 esse;
3021 668 3280 735 siquidem
3329 667 3556 723 abunde.

1958 746 2125 816 patet,
2166 736 2284 816 nos,
2330 751 2457 799 non,
2499 738 2626 816 quid
2654 737 3239 816 sense_rint_Elip_andu_s
3267 748 3320 794 et
3362 736 3546 816 Felix,

1963 806 2057 862 Sed
2096 806 2221 875 quid
2251 806 2347 859 hos
2387 806 2644 870 sensisse,
2677 806 3039 868 crediderint,
3065 808 3256 869 litteris
3284 812 3540 865 mandare

1962 877 2325 932 consuevisse.
2356 895 2373 926 ι
2425 875 2551 929 Plus
2593 891 2721 945 ergo
2768 878 2890 930 ﬁdei
2940 878 3303 934 adhibendum
3354 890 3542 935 censet

1959 947 2238 1001 Walchius
2280 944 2579 1009 annalistis,
2609 944 2699 1014 qui
2743 947 2948 1000 duobus
2981 948 3204 1002 subinde
3234 949 3413 1004 verbis
3453 966 3541 1005 res

1959 1027 2135 1086 gestas
2164 1023 2404 1079 narrant,
2432 1031 2591 1086 quam
2622 1016 2791 1087 viris,
2810 1032 2944 1085 quos
2985 1019 3210 1087 ipsemet
3243 1021 3428 1075 doctos
3452 1037 3480 1074 a

1998 1088 2159 1151 ellat;
2188 1102 2347 1156 quam
2371 1087 2521 1150 viris,
2547 1086 2637 1155 qui
2675 1086 2908 1141 studium
2934 1086 3092 1140 omne
3123 1088 3173 1141 in
3201 1086 3540 1157 explanando

2005 1157 2214 1230 cclesiae
2252 1158 2500 1230 dogmate
2546 1172 2811 1230 posuere;
2859 1165 2913 1210 et
2940 1156 3166 1230 prolixis
3207 1156 3369 1213 etiam
3412 1176 3543 1230 ope-

1959 1228 2108 1281 ribus
2140 1226 2570 1281 adversariorum
2611 1227 2803 1295 placita
2846 1228 3218 1282 examinarunt
3260 1245 3324 1284 ac
3345 1226 3545 1285 refuta-

1959 1306 2101 1351 runt.
2133 1295 2259 1351 Plus
2287 1295 2408 1351 ﬁdei
2437 1295 2795 1351 adhibendum
2825 1305 3007 1351 censet
3032 1297 3308 1355 Walchius
3335 1300 3544 1357 duobus

1959 1368 2224 1448 episcopis
2251 1368 2304 1448 in
2332 1366 2592 1448 barbarie
2635 1367 2921 1448 li‘i‘spanias
2966 1369 3303 1448 opprimente
3327 1371 3537 1448 enutri-

1959 1437 2050 1503 tis,
2082 1453 2242 1507 quam
2270 1438 2491 1507 integris
2519 1437 2761 1491 conciliis
2790 1453 2896 1491 non
2941 1437 3109 1492 semel
3137 1438 3230 1493 sed
3259 1439 3535 1495 multoties

1959 1507 2323 1578 congregatis,
2352 1515 2404 1560 et
2434 1522 2501 1562 ex
2526 1516 2657 1578 toto,
2687 1523 2792 1577 qua
2815 1507 2923 1578 late
2952 1516 3065 1561 tum
3104 1509 3345 1578 patebat,
3370 1509 3543 1563 Fran—

1960 1577 2146 1633 corum
2192 1578 2438 1641 imperio,
2474 1577 2605 1648 quin
2631 1592 2698 1648 ex
2725 1577 2917 1648 Anglia
2943 1577 3157 1647 quoque
3201 1577 3369 1648 959
3413 1596 3545 1634 con-

1959 1649 2188 1713 vocatis,
2234 1662 2536 1718 magnoque
2573 1647 2757 1703 labore
2790 1647 3088 1718 doctrinam
3115 1656 3173 1718 et
3215 1647 3457 1704 ecclesia:
3486 1658 3543 1704 et

1959 1716 2347 1773 haereticorum
2368 1717 2812 1772 enucleantibus?
2840 1717 2964 1788 Haec
3003 1716 3245 1788 profecto
3274 1721 3542 1774 sentiendi

1966 1790 2104 1842 ratio
2132 1804 2258 1842 num
2284 1787 2350 1859 ad
2377 1788 2764 1859 sanascriticze
2792 1787 3010 1859 regulas
3035 1798 3223 1842 exacta
3264 1789 3351 1853 sit,
3378 1805 3545 1858 penes

1963 1859 2146 1913 orbem
2171 1858 2438 1911 eruditum
2459 1857 2879 1928 judiciumnestol
2905 1857 3011 1912 Nos
3032 1867 3177 1913 certe
3208 1859 3363 1928 longe
3380 1857 3544 1914 aliam

1962 1929 2078 1983 haec
2106 1928 2373 1983 scribendi
2404 1926 2666 1982 rationem
2692 1926 2940 1982 Walchio
2964 1928 3125 1983 fuisse
3146 1926 3540 1994 existimamus,

1962 2014 2124 2078 quam
2151 1996 2305 2052 facile
2333 1998 2560 2078 quisque
2590 1998 2970 2078 deprehendet,
3000 2000 3337 2068 perpendens
3364 2001 3543 2053 virum

1962 2066 2104 2124 hunc
2136 2084 2319 2123 eorum
2352 2066 2386 2122 e
2409 2077 2550 2136 cmtu
2596 2066 2785 2133 fuisse,
2824 2066 3050 2136 quorum
3073 2066 3195 2123 ere
3233 2077 3333 2133 est,
3363 2078 3548 2125 aucto-

1963 2140 2063 2192 rita
2073 2139 2109 2192 ti
2132 2137 2499 2209 conciliorum,
2522 2134 2767 2209 Patrum,
2793 2134 2855 2191 ac
2871 2138 3100 2193 Romani
3124 2140 3393 2209 prtecipue
3409 2156 3544 2209 pon-

1964 2208 2126 2263 tiﬁcis
2154 2208 2206 2262 in
2254 2208 2478 2261 materia
2509 2207 2631 2262 ﬁdei
2662 2208 2966 2273 detrahere,
2996 2209 3049 2263 id
3073 2207 3216 2278 quod
3262 2207 3543 2266 Walchius

1962 2280 2116 2360 quasi
2156 2278 3007 2361 per.cuniculosaggressusmest,
3054 2295 3177 2361 cum
3215 2295 3401 2334 eorum
3428 2295 3545 2335 om-

1960 2348 2110 2404 nium
2152 2348 2355 2418 judicio
2378 2348 2708 2418 Adoptianos
2744 2349 2810 2402 de
2852 2348 3280 2403 Nestorianismo
3306 2366 3410 2403 non
3436 2365 3545 2404 una

1959 2419 2079 2490 vice
2105 2419 2488 2474 condemnatos
2508 2434 2627 2473 esse
2651 2419 2887 2490 perbene
2916 2429 3116 2474 nosset.
3145 2420 3249 2475 Sed
3280 2419 3541 2490 quidquid

1961 2489 2035 2544 sit
2068 2490 2133 2573 de
2164 2490 2405 2573 motivoL
2435 2504 2542 2565 quo
2585 2489 2982 2573 indpctits‘ista
3016 2490 3243 2573 scripsit
3287 2489 3546 2573 praefatus

1961 2566 2169 2622 auctor,
2210 2574 2303 2613 sua
2338 2559 2472 2614 alias
2498 2559 2813 2615 eruditionis
2850 2559 3005 2614 laude
3047 2561 3190 2614 haud
3222 2559 3541 2629 privandus,

1962 2630 2116 2684 nobis
2145 2630 2299 2684 facile
2341 2644 2655 2684 concessum
2682 2630 2748 2684 iri
2774 2646 2805 2683 a
2842 2630 3031 2699 peritis
3064 2629 3269 2684 criticis
3315 2630 3542 2684 conﬁdi-

1962 2715 2103 2770 mus,
2135 2699 2268 2754 alios
2301 2699 2443 2753 hand
2470 2715 2588 2754 esse
2608 2699 2815 2770 fontes,
2853 2700 2919 2753 ad
2949 2715 3083 2769 quos
3105 2715 3203 2769 pro
3231 2699 3544 2770 detegendis

1962 2769 2337 2839 haereticorum
2367 2769 2649 2823 sententiis
2678 2784 2956 2823 recurrere
2999 2777 3266 2839 oporteat,
3315 2770 3417 2823 nisi
3448 2785 3542 2825 eos

1962 2855 2097 2909 quos
2127 2838 2285 2894 modo
2310 2841 2540 2907 primum
2566 2840 2960 2903 indicavimus;
3001 2838 3246 2908 quamvis
3280 2839 3420 2893 haud
3448 2840 3543 2894 ab—

1962 2925 2219 2979 negemus
2242 2924 2392 2964 suam
2429 2925 2640 2978 quoque
2687 2909 2966 2963 annalistis
3010 2920 3101 2963 aut
3144 2909 3417 2964 historicis
3446 2925 3543 2962 au-

1962 2982 2267 3035 ctoritatem
2291 2995 2429 3042 esse,
2468 2979 2532 3033 ad
2562 2995 2786 3049 quorum
2818 2980 2980 3033 etiam
3008 2980 3169 3034 ﬁdem
3196 2980 3410 3049 ipsimet
3433 2994 3542 3049 non

1962 3066 2087 3105 raro
2130 3051 2559 3121 provocabimus,
2606 3050 2874 3121 ostensuri
2910 3049 3130 3120 insuper
3154 3048 3538 3121 ipaulorinfra,

1960 3120 2289 3190 Adopt’ianos
2318 3121 2384 3175 ab
2404 3120 2676 3176 historicis
2706 3120 2829 3183 illis,
2854 3136 2988 3189 quos
3010 3136 3110 3189 pro
3136 3120 3545 3190 determinanda

1960 3189 2471 3247 hac’conlroversia
2518 3190 2885 3246 consulendos
2925 3191 3197 3246 existimat
3247 3189 3541 3256 Walchius,

1962 3262 2097 3317 adeo
2121 3278 2226 3317 non
2251 3262 2453 3317 absolvi
2476 3277 2505 3315 a
2533 3262 2650 3316 labe
2675 3259 3103 3324 Nestorianismi,
3126 3269 3185 3315 ut
3204 3262 3383 3330 potius
3404 3261 3545 3330 ejus-

1960 3331 2080 3386 dem
2112 3334 2315 3387 erroris
2347 3333 2415 3387 ab
2458 3333 2646 3386 iisdem
2692 3332 3136 3387 condemnentur.
3189 3331 3358 3387 Porro
3386 3341 3447 3384 ut
3472 3347 3541 3386 ex

1958 3401 2146 3458 ordine
2179 3403 2356 3458 denuo
2384 3404 2759 3473 procedamus,
2794 3401 2848 3455 in
2878 3402 2984 3457 duo
3012 3401 3255 3456 membra
3282 3402 3542 3473 metuhunc

1958 3476 2355 3545 paragraphum
2385 3470 2700 3545 dividimus,
2734 3474 2785 3545 in
2814 3473 2983 3545 priori
3009 3473 3073 3545 de
3105 3470 3326 3525 assertis
3351 3470 3545 3545 mestos

1960 3541 2252 3608 rianorum,
2312 3544 2364 3597 in
2411 3543 2699 3613 posteriori
2746 3541 2831 3596 dei
2862 3542 3283 3613 Adoptianorum
3329 3541 3544 3613 placitis

1960 3614 2154 3679 acturi,
2209 3629 2273 3668 ex
2323 3612 2548 3682 quorum
2582 3612 2979 3682 comparatione
3030 3612 3217 3665 intima
3261 3612 3542 3682 utriusque

1960 3684 2226 3739 hrereseos
2251 3682 2479 3738 afﬁnitas
2503 3682 2569 3737 ad
2594 3681 2805 3738 oculum
2831 3681 2943 3738 fere
2966 3682 3190 3752 patebit.

2028 3754 2090 3810 ll.
2144 3754 2416 3823 Principia
2468 3752 2926 3823 Nestorinnorum.
2954 3751 3027 3793 J—
3058 3751 3205 3818 Quos
3254 3752 3451 3823 dudum
3484 3754 3539 3808 in

1960 3833 2178 3894 pectore
2212 3821 2465 3877 fovebant
2507 3824 2572 3877 de
2600 3821 2736 3894 Filio
2762 3821 2857 3874 Dei
2887 3823 3167 3894 incarnato
3188 3836 3402 3894 errores
3430 3822 3535 3877 Nc—

1963 3892 2182 3958 storius,
2250 3893 2468 3963 ejusque
2514 3901 2636 3963 ante
2677 3893 2851 3961 ipsum
2896 3892 3161 3961 magistri,
3214 3893 3429 3946 tandem
3485 3894 3539 3947 in

1961 3965 2233 4035 publicum
2258 3962 2542 4033 erumpere
2577 3962 2819 4035 fecernnt
2855 3963 3098 4035 sacrilegi
3142 3977 3420 4035 sermones
3471 3965 3540 4035 ab

1961 4032 2247 4090 Anastasio
2270 4032 2606 4104 presbytero,
2639 4048 2701 4087 ac
2727 4032 2996 4104 Dorotheo
3018 4034 3269 4102 episcopo
3290 4032 3343 4085 in
3369 4033 3540 4088 sacris

1963 4103 2504 4175 Constantinopoleos
2531 4103 2869 4175 suggestibus
2892 4103 3403 4175 declamati,_eoque
3440 4119 3539 4172 po-

1962 4177 2231 4232 tissimum
2283 4173 2510 4240 directi,
2564 4173 2947 4243 ut’Virginem
2998 4173 3366 4227 beatissimam
3426 4189 3538 4229 non

1962 4248 2219 4320 ξεοτὸκφν,
2277 4262 2371 4301 seu
2420 4246 2724 4320 Deiparam,
2785 4243 2878 4299 sed
2916 4244 3273 4320 ξριστοτόκον,
3323 4243 3377 4296 id
3431 4252 3534 4320 est,

1963 4318 2379 4388 Christiparam,
2426 4314 2613 4388 contra
2650 4315 2807 4388 ﬁdem
2853 4314 3090 4388 priorum
3121 4321 3422 4388 temporum
3451 4314 3539 4367 di-

1966 4384 2189 4444 cendani
2221 4403 2338 4442 esse
2356 4384 3121 4456 persuaderent.impossibile
3144 4384 3411 4456 explicatu
3431 4392 3536 4456 est,

1965 4466 2222 4527 quantum
2242 4473 2307 4512 ex
2334 4454 2480 4511 hisce
2501 4454 2909 4527 assertionibus,
2938 4455 3132 4527 quibus
3152 4455 3325 4527 honor
3346 4455 3540 4527 divina:

1884 4552 1938 4612 Β
1965 4523 2156 4612 matris
2174 4530 2486 4608 petebatur,
2513 4526 2741 4596 pepulus
2769 4524 2920 4607 urbis
2963 4523 3126 4612 regite
3149 4523 3310 4612 fuerit
3356 4525 3541 4579 trista-

1966 4607 2072 4665 tus,
2106 4586 2225 4652 tum
2248 4586 2498 4660 maxime,
2515 4586 2651 4650 'cu'm
2683 4611 2777 4649 ora
2801 4586 3259 4665 impudentissima
3279 4596 3540 4649 horumce

1955 4664 2268 4747 praeconum
2298 4683 2404 4721 non
2432 4676 2641 4747 tantum
2666 4681 2772 4720 non
2807 4665 3013 4747 occludi
3051 4664 3120 4746 ab
3142 4666 3394 4747 episcopo
3419 4682 3536 4730 suo,

1955 4735 2057 4816 ἑὲβά
2082 4740 2244 4816 latius
2260 4753 2471 4816 quoque
2490 4753 2585 4806 per
2610 4738 2916 4816 dogmatum
2939 4735 3223 4816 impiorum
3249 4735 3538 4816 conﬁrma-

1962 4811 2162 4865 tionem
2198 4803 2530 4877 abilldipsb
2563 4803 2781 4877 aperiri
2794 4803 3061 4877 viderent.
3101 4803 3350 4875 Suscepit
3394 4808 3540 4877 enim

1967 4880 2065 4934 abs
2103 4895 2253 4935 mora
2282 4874 2637 4948 patrocinium
2660 4874 3063 4948 familiarissimi
3094 4877 3253 4948 amici
3276 4874 3365 4933 sui
3396 4876 3541 4948 Anae

1965 4952 2115 5007 stasii
2162 4945 2456 5012 Nestorius,
2510 4947 2838 5001 Dorotheum
2885 4945 3146 5015 perﬁdum
3200 4947 3351 5002 illum
3398 4947 3538 5001 sacri

1968 5020 2195 5091 depositi
2244 5019 2573 5091 proditorem
2594 5017 3013 5091 _mysteri0ru_rnn
3036 5018 3539 5091 communionendi-

1966 5086 2157 5162 gnatus
2185 5086 2289 5162 est,
2319 5104 2463 5143 sana:
2490 5086 2611 5162 ﬁdei
2642 5086 2875 5162 cultores
2914 5087 3047 5143 diris
3071 5086 3537 5162 persecutionibns

1966 5156 2277 5231 (exagitavit,
2310 5174 2374 5211 ac
2398 5157 2643 5231 proprios
2684 5159 2897 5231 demum
2926 5156 3200 5231 sermones
3238 5157 3450 5231 injuriis
3471 5156 3535 5231 _in

1968 5226 2239 5300 Virginem
2287 5226 2514 5285 Θεοσὲὅκον
2571 5228 2756 5297 plenos
2790 5229 2999 5300 ubique
3043 5228 3249 5300 vulgari
3302 5226 3531 5300 curavit.

1966 5294 2295 5355 Nec'mirum
2324 5294 2799 5367 profecto'censeri
2825 5294 3005 5364 debet,
3049 5294 3355 5353 Nestorium
3391 5294 3535 5364 ejus-

1966 5385 2071 5440 que
2125 5370 2358 5424 fautores
2388 5371 2452 5423 ad
2480 5370 2637 5425 istam
2666 5371 2731 5424 de
2754 5377 2927 5424 matre
2953 5369 3115 5425 Verbi
3137 5367 3536 5424 incarnatisen-

1967 5441 2189 5495 tentiam
2234 5440 2505 5505 deviasse,
2540 5440 2585 5493 si
2631 5440 2891 5509 principia
2933 5440 3021 5494 illa
3062 5448 3381 5509 spectemus,
3414 5451 3536 5507 qua:

1966 5511 2050 5566 vel
2073 5512 2184 5581 ipse
2210 5509 2485 5565 Nestorius
2505 5510 2578 5585 de
2601 5514 2847 5585 οἰκονομία
2862 5510 3170 5585 Salvatoris
3190 5509 3388 5585 du_du_m
3406 5522 3527 5562 con-

1966 5578 2200 5652 cepe—rat,
2248 5589 2303 5652 et
2336 5580 2674 5650 postmodum
2706 5578 2766 5636 in'
2789 5579 3150 5652 defensionem
3186 5579 3268 5652 sui
3314 5578 3534 5652 dogma-

1965 5649 2043 5706 tis
2061 5654 2232 5723 palam
2260 5649 2429 5723 fecit,
2472 5652 2556 5706 vel
2602 5654 2718 5720 ejus
2761 5651 3198 5723 praedecessores
3229 5649 3294 5703 de
3344 5650 3535 5704 eodem

1964 5718 2222 5794 mysterio
2250 5722 2363 5791 jam
2386 5722 2512 5777 olim
2548 5718 2899 5776 tradiderant.
2932 5718 3082 5801 Talia
3111 5720 3307 5846 quippe
3354 5727 3532 5785 erant,

1964 5809 2032 5846 ex
2060 5795 2253 5846 auibus
2296 5792 2581 5846 manifeste
2628 5791 2823 5846 dunlex
2851 5792 2906 5846 in
2943 5790 3159 5846 Chnsto
3225 5792 3347 5846 tius
3380 5789 3532 5846 indm

1962 5789 2037 5854 εἰ
2060 5789 2265 5868 quibus
2282 5792 2581 5872 manifeste
2628 5791 2823 5869 duplex
2851 5792 2906 5849 in
2943 5789 3159 5848 Christo
3204 5789 3347 5852 ﬁlius
3380 5789 3547 5857 ἰιιὰιιηλ

3066 5881 3143 5947 12
