4030 6358
484 295 594 362 $67
1331 292 1394 352 B.
1435 293 1496 351 F.
1539 290 1770 348 ALBINI
1810 289 1944 350 SEU
1992 287 2270 350 ALCUINI
2307 288 2593 348 OPERUM
2631 283 2810 344 PARS
2847 279 2933 344 Ill.
3650 279 3762 344 368

486 418 675 489 dicens
701 413 875 484 ipsum
893 450 908 478 ,
960 411 1078 467 sive
1095 411 1244 489 quod
1271 417 1404 489 ante
1425 406 1751 489 baptismum
1790 420 1913 489 cum
1937 404 2064 489 sub-
2089 409 2140 467 Α
2166 414 2310 487 rant,
2337 411 2541 489 quanto
2562 403 2728 486 Deus,
2761 403 2852 489 qui
2889 396 3240 489 inprineipio
3255 394 3758 489 implet-metiente

487 488 684 543 tilitate
719 475 1058 553 competente
1095 475 1264 551 legem
1290 475 1566 553 custodiit,
1596 477 1710 530 sive
1734 477 1875 553 quod
1902 475 2064 553 etiam

490 565 612 630 post
659 555 788 609 illud
828 547 1013 623 gratim
1057 547 1542 630 conversationem
1552 547 1935 630 cooperatinne
1959 547 2067 630 spi:

485 617 628 684 ritus
667 641 787 680 cum
830 617 1028 693 inagna
1071 621 1361 693 complevit
1405 619 1718 693 subtilitate.
1756 617 1962 693 t_T0|n.
1995 617 2062 671 IX

488 698 654 756 Cone.
681 695 784 750 col.
814 688 1120 758 221,—num.
1169 688 1256 746 53.
1319 690 1383 744 Et
1425 691 1479 743 in
1517 689 1657 743 libro
1683 688 1841 742 tertio
1879 697 2067 742 contra

487 766 882 841 Apollinarium
901 763 1002 819 col.
1027 763 1322 841 E20§,.num.
1346 760 1399 814 6.
1439 779 1466 841 «γ
1486 759 1620 841 Cum
1641 759 1865 814 dixisset
1889 767 2069 814 autem

488 830 819 907 evangelista
846 876 860 899 ,
905 835 1046 904 quod
1083 833 1287 907 Spiritu
1323 840 1520 907 sancto
1554 830 2069 907 plenus_regressus

489 920 574 966 est
603 900 1140 974 {Iordanen-aperte—
1159 904 1549 974 demonstravit
1593 902 1736 974 quod
1763 900 1924 969 hujus
1947 915 2071 954 cau-

490 997 550 1036 sa
579 978 814 1048 Spiritus
840 972 1016 1031 sancti
1039 975 1428 1048 habitationem
1459 973 1513 1026 in
1534 972 2070 1048 baptismatesusce-

488 1053 589 1122 pit,
620 1041 682 1102 ut
710 1049 834 1102 inde
876 1046 1222 1122 propositam
1248 1052 1489 1122 caperet
1509 1043 1781 1122 virtutem.
1816 1041 1989 1122 “Unde
2017 1049 2074 1095 et

490 1111 559 1176 ad
578 1111 856 1176 certamen
877 1111 1037 1180 illud,
1083 1115 1223 1184 quod
1250 1111 1347 1184 pro
1370 1115 1670 1184 nohisrerat
1697 1113 1764 1166 ad
1795 1111 2072 1184 diabolum

490 1192 816 1252 eli'ecturus,
867 1188 1058 1257 spiritu
1089 1181 1404 1240 ducebatur.
1439 1205 1456 1235 ι
1483 1183 1572 1257 _E_t
1611 1184 1826 1257 demum
1850 1183 1907 1257 i_n
1933 1181 2074 1234 libro

490 1279 589 1317 vui
641 1269 831 1315 contra
879 1252 1312 1311 Incarnationem
1359 1255 1495 1322 apud
1533 1253 1818 1308 Leontium
1848 1252 2067 1322 Bysant.

492 1343 624 1388 tom.
671 1329 742 1384 IX
772 1329 906 1383 Bibl.
941 1327 1088 1381 Patr.
1129 1326 1297 1395 Lugd.
1343 1323 1434 1380 fol.
1478 1325 1618 1395 70f:
1676 1342 1694 1374 ι
1724 1323 1791 1377 Et
1812 1338 1911 1393 ego
1957 1323 2074 1393 glo—

493 1405 654 1465 riam,
686 1416 848 1469 quam
875 1397 1066 1453 dedisti
1091 1393 1241 1469 mihi,
1262 1395 1506 1469 (ledi__eis.
1550 1393 1852 1469 Quamnam
1874 1395 1897 1469 if
1923 1409 2074 1469 nem-

491 1491 558 1546 pe
585 1464 911 1546 partit-ipare
953 1468 1315 1546 adoptionem.
1371 1465 1519 1546 Hanc
1546 1465 1689 1546 enim
1715 1465 1926 1545 accepit
1960 1464 2075 1546 ipse

492 1533 796 1600 secundum
838 1533 1228 1594 humanitatem
1269 1537 1573 1604 baptizatus
1609 1533 1924 1604 primum'in
1955 1533 2075 1588 Jor-

491 1616 665 1677 dane,
704 1613 756 1665 in
800 1625 907 1678 quo
949 1617 1191 1663 nostrum
1237 1603 1502 1678 baptisma
1535 1603 1789 1678 tanquam
1824 1605 1878 1658 in
1905 1603 2074 1678 ﬁgura

493 1675 920 1754 exprimebat—ur,
983 1687 1039 1732 et
1075 1675 1880 1754 regeneratin‘confirmabatur
1921 1675 2074 1754 testi-

492 1744 852 1810 moniO'vocis
873 1750 1008 1819 ejus,
1042 1744 1338 1819 qui'dixit:
1371 1745 1471 1819 llic
1495 1755 1569 1800 est
1587 1744 1649 1819 _F
1654 1745 1776 1819 ilius
1813 1761 1958 1819 meus
1995 1745 2076 1797 di-

491 1824 690 1888 lectus,
731 1823 787 1876 in
824 1815 925 1891 quo
964 1815 1090 1872 bene
1128 1817 1417 1891 complacui
1440 1826 1543 1891 :_et
1581 1815 1814 1884 Spiritus
1851 1815 2079 1870 descen-

495 1897 628 1951 dens
656 1885 853 1946 mansit
879 1905 1042 1959 super
1075 1904 1198 1959 cum
1217 1885 1251 1948 ,ἡ
1281 1887 1423 1941 sicut
1457 1885 1696 1959 futurum
1726 1893 1866 1950 erat,
1897 1893 1957 1939 ut
1981 1900 2080 1959 nos

492 1967 658 2020 etiam
705 1965 760 2017 in
810 1956 1112 2032 ipso—hunc
1158 1957 1952 2032 Spiritulnparticiparemus,
1986 1956 2082 2024 qui

492 2036 714 2106 quidem
755 2027 1107 2106 excellentius
1158 2027 1268 2099 pm
1322 2027 1478 2106 nobis
1521 2043 1616 2106 per
1663 2027 1918 2106 unionem
1955 2041 2081 2080 cum

492 2097 672 2161 Verbo
703 2104 804 2172 ipsi
836 2101 1052 2156 advenit
1091 2097 1204 2172 hgec
1249 2097 1596 2172 participanti
1620 2097 2083 2172 ,_qu:e__lilius_se-

494 2166 740 2233 cundum
762 2182 1030 2228 naturam.
1061 2192 1078 2224 ι
1110 2166 1394 2225 Consentit
1425 2166 1577 2222 hisce
1591 2168 1753 2222 etiam
1775 2166 2078 2232 Nestorius,

493 2247 648 2316 eujus
695 2243 1231 2316 mentem__discimus
1271 2255 1343 2316 ετ(Δ
1378 2239 1773 2316 contestatione
1805 2255 1835 2291 a
1867 2239 2082 2316 clericis

495 2308 1110 2382 constantinopolitanis
1131 2309 1406 2382 proposita
1433 2311 1486 2363 in
1518 2308 1774 2382 Ecclesia,
1815 2309 1958 2378 quod
1979 2308 2084 2362 Ne-

495 2387 698 2440 storius
720 2379 958 2454 ejusdem
981 2383 1052 2435 sit
1065 2379 1351 2454 sententiae
1370 2396 1499 2454 cum
1517 2379 1687 2454 Paulo
1699 2379 1919 2433 Samosa
1929 2387 2080 2454 teno;

495 2457 569 2512 ibi
601 2474 613 2508 :
646 2477 666 2505 ‹
689 2450 885 2508 Paulus
913 2453 1018 2506 ait:
1048 2452 1210 2520 Atqui
1230 2465 1327 2518 per
1357 2451 1536 2506 omnia
1568 2450 1722 2503 nobis
1743 2451 2085 2518 praestantior
2111 2513 2114 2516 τ

495 2537 582 2582 est
611 2523 1077 2598 (Christus),_nam
1107 2524 1172 2598 de
1199 2520 1751 2598 SpiriAtuLsAaneto‘est,
1779 2521 2084 2598 divinisque

496 2589 675 2652 editus
696 2589 1014 2666 promissis,
1052 2603 1106 2647 et
1138 2589 1294 2662 juxta
1321 2591 1484 2716 9§2
1523 2589 1862 2664 scripturam
1909 2591 2083 2660 gratia

497 2668 575 2716 illi
600 2669 724 2716 data
772 2676 875 2716 est.
919 2663 1199 2716 Nestorius
1243 2663 1354 2715 ait:
1419 2662 1511 2715 'idi
1560 2662 1822 2716 Spiritum
1861 2661 2083 2715 descen-

497 2668 575 2724 illi
600 2661 724 2721 data
772 2676 875 2720 est.
919 2661 1199 2719 Nestorius
1243 2661 1354 2715 ait:
1395 2661 1511 2716 Vidi
1560 2661 1822 2728 Spiritum
1861 2661 2084 2715 descen-

499 2738 739 2798 dentem,
770 2737 924 2806 quasi
952 2734 1298 2806 columbam,
1327 2740 1390 2806 _et_
1411 2741 1716 2806 manentem
1744 2746 1906 2800 super
1937 2747 2080 2806 eum,

497 2824 603 2863 nec
628 2823 735 2862 non
762 2803 1094 2862 ascensionis
1121 2806 1228 2858 vim
1266 2803 1341 2858 illi
1381 2803 1778 2871 impertientem
1802 2819 1814 2854 :
1842 2803 2086 2870 quando-

539 2879 717 2934 uidem
768 2878 1088 2948 praecipiens
1137 2873 1433 2945 apostolis,
1484 2889 1620 2948 quos
1663 2873 1934 2948 elegerat,
1987 2886 2086 2940 per

539 2894 717 2934 niuem
768 2894 1088 2948 prmenptens
1137 2894 1433 2945 aposwus,
1484 2894 1620 2942 quos
1663 2894 1934 2941 elegerat,
1989 2894 2082 2940 per

497 2894 766 3020 gpiritum
795 2957 1041 3004 sanctum
1067 2953 1388 3020 assumptus
1401 2953 1503 3020 est.
1549 2944 1644 3020 Hie
1669 2943 1831 3020 igitur
1858 2941 1946 2995 ille
1975 2951 2082 3008 est,

543 3013 596 3073 ui
623 3021 765 3074 hanc
811 3027 1014 3072 tantam
1060 3017 1286 3087 gloriam
1330 3013 1548 3087 Christo
1589 3013 1894 3083 impertitus
1921 3021 2024 3067 est.
2058 3032 2078 3066 ι

549 3105 657 3143 om.
684 3089 752 3142 IV
782 3088 986 3142 Concil.
1019 3083 1122 3141 col.
1149 3085 1283 3139 l007
1307 3094 1361 3138 et
1389 3083 1472 3137 10.

576 3158 685 3214 VII.
717 3157 1094 3228 Argumentum
1133 3174 1198 3210 ea:
1233 3171 1511 3227 progressu
1545 3154 1855 3228 successive.
1885 3153 2085 3228 -—-_D_e:

503 3245 651 3286 mum
703 3235 759 3281 et
795 3223 953 3297 quasi
1008 3242 1105 3296 per
1150 3223 1471 3297 progressus
1499 3225 1566 3279 ad
1609 3223 1926 3297 dignitatem
1963 3223 2084 3278 Filii

502 3305 752 3354 evectum
799 3294 1071 3352 hominem
1111 3294 1351 3350 a_Verbo
1379 3303 1713 3363 assumptum
1745 3294 2083 3361 Theodorus,

505 3368 732 3436 ejusque
779 3366 1075 3436 discipulus
1122 3366 1399 3420 Nestorius
1449 3373 1762 3419 constanter
1829 3365 2082 3436 docuere.

505 3384 624 3436 ejus
667 3384 732 3421 ue
779 3384 1075 3436 mscnpuius
1122 3384 1399 3420 neswrius
1449 3384 1762 3419 constanter
1829 3384 2082 3421 nocuere.

505 3440 575 3495 Et
621 3384 941 3493 'i‘heodorus
981 3437 1200 3507 quidem
1249 3436 1387 3507 libro
1412 3436 1572 3490 tertio
1597 3444 1786 3507 contra
1813 3435 2089 3507 Apollina-

505 3511 668 3571 rium,
699 3507 854 3576 cujus
895 3505 1253 3578 fragmentum
1301 3505 1534 3578 refertur
1571 3507 1625 3559 in
1663 3505 1970 3578 constituto
1997 3508 2090 3563 Vi-

504 3581 616 3651 gilii
646 3579 712 3651 de
743 3581 918 3651 tribus
944 3576 1206 3651 capitulis
1231 3594 1244 3630 :
1273 3593 1300 3651 _¢
1330 3576 1421 3651 Sic
1448 3576 1630 3646 igitur,
1661 3577 1770 3651 ait,
1799 3587 1855 3630 et
1881 3577 1971 3651 hic
1996 3593 2088 3651 sa-_

505 3646 906 3722 pientissimum
970 3648 1210 3722 omnium
1248 3646 1487 3722 habere
1524 3663 1621 3722 n_os
1671 3647 1844 3722 doces
1886 3647 2090 3722 Christi

506 3716 725 3777 sensum
745 3761 759 3784 ,
801 3728 862 3772 ut
891 3727 1138 3773 sanctum
1169 3716 1428 3786 Spiritum
1474 3718 1763 3789 habentem
1793 3717 1962 3781 illum,
1996 3719 2090 3789 qui

507 3791 691 3846 sensui
739 3790 975 3859 aliquam
1027 3789 1280 3841 virtutem
1332 3788 1695 3856 adimplebat,
1747 3788 2091 3858 prudentiam

506 3861 625 3929 ejus
653 3870 914 3930 praestans
942 3860 1008 3914 ad
1036 3859 1236 3924 omnia,
1262 3874 1382 3928 qua:
1401 3860 1616 3930 agenda
1649 3869 1828 3930 erant,
1864 3859 2002 3914 sicut
2037 3866 2093 3914 et

506 3933 563 3987 in
592 3929 1022 4001 priecedentibus
1045 3929 1554 3992 demonstravimus,
1580 3929 1722 3998 quod
1749 3929 1816 3983 ab
1839 3931 1954 4001 ipso
1973 3931 2093 3999 qui-

509 4000 633 4058 dem
658 4002 712 4056 in
737 4015 976 4057 eremum
1005 4002 1072 4056 ad
1099 4001 1420 4065 certamina,
1445 4015 1566 4070 qua:
1591 4007 1777 4070 contra
1820 4000 2092 4054 diabolum

506 4082 686 4137 erant,
709 4073 1036 4136 ducebatur;
1083 4072 1392 4126 unctionem
1421 4069 1603 4125 autem
1641 4069 1816 4136 illius,
1847 4078 1901 4123 et
1925 4072 2094 4125 scien-

508 4144 665 4206 tiam,
693 4151 748 4198 et
777 4145 883 4197 vim
908 4158 1118 4206 eorum,
1151 4158 1270 4211 qua:
1299 4142 1501 4212 agenda
1528 4149 1716 4204 erant,
1747 4141 2087 4210 accipiebat;

507 4223 564 4270 et
592 4214 736 4268 illius
775 4215 1045 4283 particeps
1075 4212 1277 4278 factus,
1309 4228 1414 4266 non
1445 4212 1616 4267 solmn
1647 4212 1904 4283 miracula
1932 4213 2095 4268 facie-

507 4285 624 4348 bat,
655 4285 746 4337 sed
768 4285 930 4338 etiam
961 4282 1228 4352 quomodo
1254 4283 1332 4336 uti
1354 4283 1635 4352 oportebat
1662 4282 1936 4337 miraculis
1960 4285 2095 4338 scie—

507 4355 606 4409 bat
663 4353 949 4416 subtiliter,
1008 4362 1066 4407 ut
1106 4365 1290 4408 notam
1333 4354 1551 4422 quidem
1605 4354 1806 4407 faceret
1846 4355 2095 4423 gentibus

507 4425 791 4495 pietatem,
829 4433 1103 4495 pateretur
1131 4434 1310 4478 autem
1339 4424 1700 4495 laborantium
1727 4425 2092 4495 inﬁrmitates,

2108 1760 2155 1820 Β
2179 1742 2381 1820 salvum
2405 1745 2577 1815 facere
2600 1763 2631 1798 a
2657 1742 2822 1820 morte
2847 1759 2966 1797 cum
2992 1742 3218 1798 clamore
3245 1761 3308 1798 ua

2109 3117 2156 3180 ϐ

2166 476 2282 544 ejus
2301 468 2408 532 Vsibi
2437 491 2561 530 eum
2593 468 2826 535 uniera—t,
2859 468 3121 542 majorem
3147 468 3196 525 'a
3221 468 3757 544 se’cooperationem

2169 538 2243 603 illi
2285 548 2560 616 praebebat
2609 547 2674 600 ad
2721 538 3142 616 perliciendum,
3192 557 3313 616 quae
3342 538 3479 612 opus
3500 546 3662 594 erant
3688 538 3762 616 ad

2167 608 2396 673 salutem
2447 617 2686 671 omnium
2711 608 2739 681 ,’
2788 615 2968 670 omnia
3021 614 3164 668 illius
3209 608 3552 681 gubernans,
3611 617 3668 664 et
3688 608 3764 665 ad

2167 687 2494 761 perfectiora
2536 687 2766 761 incitans
2790 727 2804 751 ,
2851 702 2916 740 ac
2945 685 3160 761 labores
3200 681 3344 739 illius
3362 724 3376 749 ,
3400 683 3516 761 sive
3541 681 3610 734 ad
3637 681 3760 761 ani-

2169 754 2314 832 inam
2338 801 2352 824 ,
2395 759 2508 832 sive
2549 758 2616 811 ad
2667 771 2863 832 corpus
2887 755 3240 832 pertinerent,
3271 770 3338 832 ex
3361 754 3763 832 majoreparte

2169 831 2428 904 allevans.
2457 827 2635 904 Atque
2644 827 2742 904 _ita
2765 824 3193 904 com—pletionem
3232 824 3454 904 virtutis
3474 824 3758 904 _majorem

2170 913 2224 958 et
2273 893 2658 956 leviorem—illi
2703 893 3006 953 constabat.
3038 918 3056 949 ι
3113 895 3324 952 Similia
3374 904 3431 950 et
3474 893 3762 949 Nestorius

2169 973 2374 1035 docuit,
2426 977 2589 1042 prout
2625 977 2849 1042 constat
2889 984 2964 1042 en
2983 968 3106 1042 ejus
3135 969 3316 1042 verbis
3341 967 3525 1042 Aet._l_
3543 962 3766 1042 concilii

2171 1033 2443 1113 Ephesini'
2481 1040 2669 1113 relatis
2697 1048 2850 1113 tom.
2897 1039 2964 1113 1V
3006 1033 3173 1113 Coac.
3223 1039 3328 1113 col.
3389 1036 3560 1113 1291'),
3588 1033 3662 1088 ibi
3694 1047 3766 1113 es

2171 1106 2536 1183 quaternione
2574 1111 2629 1176 6,
2661 1110 2760 1183 ubi
2801 1112 2866 1166 de
2909 1109 3284 1183 Christoagit
3319 1127 3332 1163 :
3389 1126 3408 1159 ‹
3443 1106 3641 1183 Missus
3681 1111 3770 1158 est

2172 1177 2314 1239 enim
2347 1182 2571 1252 captivis
2601 1182 2900 1252 praedicare
2942 1177 3337 1252 remissionem,
3381 1187 3436 1252 et
3456 1177 3639 1252 caecis
3669 1188 3765 1228 re-

2172 1248 2509 1309 stitutionem
2553 1248 2746 1306 visus:
2796 1252 2865 1306 Et
2910 1259 2970 1306 ut
3022 1251 3312 1319 Apostolus
3353 1248 3652 1319 subjungit,
3703 1252 3764 1299 et

2174 1267 2509 1309 Stltutionem
2553 1267 2746 1306 Visus:
2796 1267 2865 1306 ut
2910 1267 2970 1306 ut
3022 1267 3066 1304 A
3141 1267 3312 1307 smnus
3353 1267 3652 1319 subjungit,
3703 1267 3763 1299 et

2174 1327 2250 1379 ait
2279 1343 2290 1378 :
2322 1323 2424 1378 Hic
2449 1323 2538 1376 ille
2575 1333 2673 1386 est,
2724 1324 2814 1392 qui
2842 1322 3013 1393 ﬁdelis
3052 1267 3162 1376 Βὲο
3199 1320 3433 1393 pontifex
3457 1320 3763 1393 factusest.

2172 1394 2372 1466 Factus
2397 1393 2541 1466 enim
2571 1393 2618 1447 is
2643 1386 2870 1466 est,_qui
2899 1391 2968 1447 ab
2990 1386 3322 1466 aeterno_'non
3345 1386 3764 1466 ’praéexistebat.

2174 1465 2290 1525 Hic.
2335 1464 2611 1538 haeretice,
2645 1463 2734 1517 ille
2756 1459 2870 1533 ipse
2891 1471 2996 1527 est,
3022 1464 3114 1532 qui
3137 1463 3204 1538 ad
3232 1459 3564 1538 pontificiarn
3590 1459 3768 1538 (Πεῃῂ

2175 1543 2346 1590 tatem
2395 1525 2654 1605 paulatim
2703 1525 2922 1605 evectus
2964 1525 3065 1605 est.
3124 1525 3265 1605 Audi
3310 1547 3500 1605 vocem
3537 1525 3770 1605 hoc'tibi

2175 1599 2757 1660 clarius-intonantem
2787 1623 2798 1657 :
2853 1602 2921 1658 In
2961 1603 3142 1657 diebus
3179 1603 3305 1665 illis,
3352 1602 3561 1672 inquit,
3589 1599 3772 1672 carnis

2174 1692 2287 1729 sua:
2306 1691 2480 1745 preces
2525 1683 2574 1728 et
2612 1674 3016 1745 supplicationes
3042 1673 3111 1726 ad
3132 1690 3273 1739 eum,
3309 1673 3399 1795 7ui
3419 1668 3582 1743 possit
3610 1668 3770 1751 illum

2179 1745 2381 1796 saluum
2407 1745 2577 1796 facere
2600 1763 2631 1796 α
2657 1754 2822 1796 morte
2847 1759 2966 1796 cum
2992 1742 3218 1796 clamore
3245 1761 3308 1796 ua
3331 1743 3419 1796 ida
3440 1752 3488 1796 et
3515 1740 3770 1796 lacrumis

3331 1755 3419 1798 uta
3440 1755 3488 1796 et
3515 1755 3773 1810 tacrymts

2181 1809 2425 1885 oﬁ'erens',
2471 1823 2520 1868 et
2549 1815 2830 1885 exauditus
2870 1822 2944 1867 est
2981 1830 3074 1884 pro
3095 1830 3192 1885 sua
3213 1813 3498 1868 reverentia
3525 1828 3543 1867 :
3569 1820 3618 1866 et
3644 1809 3771 1881 qui-

2179 1884 2298 1940 dem
2320 1903 2439 1940 cum
2480 1894 2611 1939 esset
2649 1884 2813 1956 ﬁlius,
2859 1885 3044 1938 didicit
3077 1899 3142 1956 ea:
3164 1884 3230 1938 iis
3264 1925 3279 1950 ,
3311 1900 3430 1956 quae
3451 1898 3641 1956 passus
3668 1889 3772 1956 est,

2181 1957 2548 2021 obedientiam,
2593 1950 2659 2009 et"
2686 1964 3074 2009 consummatus
3101 1955 3271 2024 factus
3309 1950 3384 2010 est
3411 1950 3651 2024 omnibus
3680 1950 3777 2004 ob-

2183 2026 2590 2097 temperantibus
2611 2025 2710 2079 sibi
2751 2043 2912 2097 causa
2935 2023 3120 2097 salutis
3144 2037 3372 2097 internae.
3414 2023 3778 2097 Consnmtpa-

2183 2105 2271 2152 tur
2285 2091 2494 2166 autem,
2521 2097 2796 2160 hmretice,
2835 2096 2888 2150 id
2939 2095 3079 2166 quod
3108 2095 3366 2166 paulatim
3389 2093 3626 2166 proiicit.
3655 2091 3778 2166 Qua

2183 2168 2250 2222 de
2281 2183 2340 2221 re
2375 2175 2430 2221 et
2457 2165 2694 2222 Joannes
2739 2167 2792 2221 in
2837 2163 3143 2237 Evangeliis
3178 2163 3433 2220 clamat}
3477 2164 3658 2237 Iesus,
3692 2163 3782 2217 in-

2183 2239 2317 2308 quit,
2344 2237 2648 2308 proﬁciebat
2673 2246 2844 2300 celate,
2873 2234 3130 2308 sapientia
3147 2245 3196 2291 et
3215 2237 3408 2308 gratia.
3439 2256 3459 2288 ι
3495 2234 3781 2308 consonat

2183 2304 2238 2364 et
2262 2304 2629 2363 Theodoretus
2664 2308 2718 2362 in
2756 2304 3173 2376 reprehensione
3217 2304 3660 2362 anathematismi
3699 2304 3774 2358 10

2184 2380 2358 2433 sancti
2383 2377 2565 2448 Cyrilli
2590 2419 2604 2442 ,
2641 2378 2868 2448 ubiait:
3093 2378 3297 2434 Deinde
3345 2385 3660 2448 monstrans
3690 2381 3783 2448 as-

2185 2457 2412 2519 sumpta:
2429 2447 2639 2503 natura:
2664 2447 3063 2519 inﬁrmitatem,
3117 2449 3324 2518 inquit,
3374 2447 3478 2514 Qui
3511 2447 3568 2501 in
3592 2447 3782 2519 diebus

2185 2517 2360 2574 carnis
2403 2535 2513 2572 sua:
2535 2535 2709 2588 preces
2735 2528 2782 2571 et
2805 2517 3209 2589 supplicationes
3236 2519 3303 2572 ad
3324 2535 3443 2572 eum
3462 2560 3478 2584 ,
3519 2517 3610 2588 qui
3633 2525 3785 2589 pote-

2186 2600 2266 2642 rat
2291 2590 2458 2659 ipsum
2482 2587 2682 2643 salvum
2709 2587 2882 2658 facere
2903 2587 2951 2640 ἀ
2978 2599 3173 2659 morte,
3207 2606 3325 2643 cum
3348 2587 3577 2644 clamore
3599 2587 3779 2642 valido

2184 2669 2233 2714 et
2263 2658 2508 2729 lacrymis
2535 2660 2780 2728 offerens,
2812 2668 2860 2712 et
2883 2658 3164 2714 exauditus
3185 2667 3260 2714 est
3283 2676 3378 2728 pro
3400 2676 3499 2712 sua
3535 2673 3782 2729 reueren-

2184 2730 2260 2784 tia
2279 2771 2293 2794 ,
2319 2728 2424 2784 etc.
2467 2730 2600 2796 Quis
2629 2729 2792 2799 igitur
2819 2729 2909 2783 ille
2934 2738 3018 2783 est
3043 2769 3058 2793 ,
3105 2731 3199 2800 qui
3246 2729 3531 2800 laboribus,
3557 2728 3785 2800 virtutis

2185 2800 2460 2870 perfectus
2483 2795 2596 2863 est,
2635 2795 2690 2854 et
2721 2814 2826 2853 non
2861 2809 3050 2853 natura
3083 2795 3356 2868 perfectus
3379 2798 3594 2854 existit?
3645 2795 3786 2870 Quis

2187 2869 2297 2933 ille,
2323 2871 2414 2939 qui
2463 2870 2655 2924 didicit
2700 2870 3082 2934 obedientiam,
3133 2879 3188 2926 et
3229 2872 3370 2924 hanc
3402 2879 3530 2924 ante
3556 2869 3784 2938 experi-

2187 2949 2428 2995 mentum
2461 2940 2748 3011 ignorans?
2795 2940 2926 3006 Quis
2975 2956 3097 2995 cum
3143 2941 3448 2996 reverentia
3493 2939 3784 3011 vixit,_et

2187 3027 2312 3066 cum
2332 3081 2338 3082 ί
2357 3009 2502 3066 γοοέ
2534 3010 2708 3064 valida
2746 3019 2802 3082 et
2827 3011 3083 3081 lacrymis
3109 3011 3528 3082 supplicationes
3551 3009 3784 3082 obtulit,

2186 3091 2243 3136 et
2268 3081 2478 3136 salvare
2501 3096 2559 3136 se
2584 3096 2690 3134 non
2721 3081 2909 3146 valuit,
2937 3082 3032 3136 sed
3053 3081 3206 3146 eum,
3241 3081 3333 3152 qui
3358 3090 3573 3152 poterat
3592 3081 3778 3150 ipsum

2189 3154 2404 3234 salvnin
2423 3152 2599 3234 facere
2624 3153 2859 3234 rogavit,
2907 3159 2963 3206 et
2998 3152 3190 3208 mortis
3212 3152 3592 3234 liberationem
3615 3166 3787 3234 popo-

2189 3223 2322 3294 scit?
2362 3222 2475 3278 Non
2524 3222 2666 3276 Deus
2697 3222 2954 3279 Verbum
3135 3223 3228 3278 sed
3272 3224 3416 3294 quod
3459 3238 3528 3278 ex
3574 3222 3789 3294 semine

2188 3293 2356 3348 David
2405 3301 2740 3363 assumptum
2792 3302 2894 3348 est.
2928 3313 2946 3346 ι
3002 3293 3158 3349 Tom.
3207 3295 3252 3348 V
3290 3292 3470 3350 ’Conc.
3513 3293 3621 3350 col.
3657 3292 3786 3347 126.

2187 3363 2416 3420 Proclus
2438 3377 2650 3434 quoque
2673 3365 2956 3436 episcopus
2997 3363 3298 3436 Cyzizenus
3335 3369 3390 3420 in
3414 3365 3648 3420 Homilia
3682 3379 3790 3436 sna

2189 3446 2518 3507 sequentem
2535 3435 2860 3489 sententiam
2901 3434 3238 3491 Nestorianis
3274 3437 3496 3507 opponit
3519 3450 3672 3490 num.
3702 3434 3739 3487 4
3769 3453 3784 3490 :

2190 3505 2375 3576 Neque
2395 3505 2645 3576 Christus
2665 3522 2763 3576 per
2788 3507 3132 3561 succedentia
3157 3505 3417 3561 virtutum
3447 3507 3789 3576 incrementa

2191 3575 2366 3632 factus
2409 3585 2493 3632 est
2539 3575 2713 3642 Deus,
2764 3576 2925 3632 absit.
2957 3596 2975 3629 ι
3023 3577 3177 3632 Tom.
3215 3577 3283 3633 IV
3320 3576 3486 3633 Cone.
3513 3576 3619 3631 col.
3653 3575 3784 3631 582.

2191 3646 2270 3700 Ex
2301 3648 2496 3718 quibus
2539 3656 2695 3718 patet
2741 3663 3082 3702 communem
3135 3649 3516 3703 haereticorum
3562 3647 3789 3702 illorum

2190 3719 2498 3788 opinionem
2526 3718 2691 3773 fuisse
2729 3719 3001 3789 hominem
3036 3734 3067 3772 a
3097 3718 3277 3773 Verbo
3303 3727 3642 3789 assumptum
3665 3732 3791 3789 sue-

2192 3787 2398 3843 cessive
2449 3789 2516 3842 ad
2546 3789 2864 3860 dignitatem
2913 3788 3036 3843 Filii
3087 3790 3427 3860 pervenisse,
3461 3787 3558 3843 aut
3599 3788 3656 3843 in
3696 3787 3790 3860 illa

2192 3861 2348 3941 quasi
2394 3859 2787 3941 progrediendo
2823 3859 3102 3941 crevisse.’
3154 3860 3296 3941 Quin
3341 3870 3394 3916 et
3438 3875 3506 3915 ex
3547 3859 3786 3941 epistola

2193 3931 2361 4002 altera
2391 3929 2575 4002 Cyrilli
2607 3931 2674 3984 ad
2712 3929 3032 4002 Nestorium
3078 3945 3186 3984 non
3231 3931 3463 3987 obscure
3487 3929 3790 4002 colligitur,

2193 4000 2454 4070 quosdam
2481 4001 2535 4055 in
2560 4016 2624 4055 ea
2651 4000 2816 4055 etiam
2855 4000 3022 4056 fuisse
3049 4003 3339 4068 sententia,
3371 4000 3670 4057 humanam
3695 4015 3792 4056 na-

2195 4078 2370 4125 turam
2399 4086 2505 4126 non
2531 4087 2560 4124 a
2593 4072 2768 4140 primo
2793 4072 3162 4142 conceptionis
3191 4073 3415 4128 instanti
3448 4071 3628 4128 Verbo
3655 4070 3793 4127 fuis-

2196 4157 2253 4197 se
2284 4141 2509 4214 unitam.
2546 4145 2638 4196 sed
2671 4143 2824 4214 hanc,
2855 4141 3104 4214 unionem
3145 4144 3356 4198 meritis
3401 4142 3794 4214 primnmdsuis

2196 4212 2537 4283 postmodum
2569 4213 2939 4282 acquisivisse.
3013 4231 3031 4263 ι
3061 4212 3176 4268 Non
3205 4215 3382 4280 enim,
3403 4210 3511 4267 'ait
3533 4210 3793 4283 Cyrillus,

2196 4285 2373 4366 primo
2398 4284 2639 4366 vulgaris
2660 4283 2933 4366 quispiam.
2952 4283 3112 4366 hemo
3149 4299 3216 4338 ex
3253 4284 3676 4366 Virgineortus.
3680 4290 3791 4348 est,

2197 4351 2250 4408 in
2278 4370 2436 4410 auem
2467 4351 2558 4407 θ’θί
2591 4351 2822 4408 Verbum
2852 4353 3044 4408 deinde
3092 4369 3210 4409 sese
3247 4351 3535 4410 dimiserit.
3573 4371 3594 4405 ι
3631 4351 3792 4408 Tom.

2198 4425 2264 4479 IV
2287 4421 2451 4479 Cone.
2493 4424 2596 4478 col.
2624 4423 2746 4478 890.
2799 4425 2967 4492 Quem
2999 4439 3237 4480 errorem
3276 4426 3442 4480 etiam
3472 4421 3682 4478 referre
3716 4423 3796 4478 vi-

510 4486 566 4550 ct
587 4496 665 4550 sic
694 4486 1045 4549 adell‘ectum
1092 4511 1246 4549 suam
1290 4494 1618 4548 voluntatem
1648 4496 1896 4560 duceret,
1926 4504 1982 4548 et
2002 4486 2097 4563 jué
2123 4486 2174 4547 Ι)
2201 4497 2396 4548 dentur
2440 4495 2602 4550 verba
2652 4486 2920 4550 Theodori
2976 4511 3138 4564 supra
3183 4511 3332 4551 num.
3380 4495 3413 4550 5
3456 4510 3525 4550 ex
3556 4493 3700 4549 libro
3728 4493 3797 4550 ad

512 4566 852 4620 stilieabatur
881 4565 1024 4628 inde,
1060 4574 1115 4618 et
1145 4565 1522 4619 immaculatus
1550 4565 1953 4631 ostendebatur,
1981 4567 2096 4620 sive

511 4636 853 4718 reparatione
899 4637 1144 4718 pejorum
1183 4636 1296 4718 sive
1337 4635 1585 4718 custodia
1628 4635 1931 4718 meliorum,
1983 4637 2098 4718 sive

512 4705 679 4761 etiam
719 4705 977 4776 paulatim
1020 4707 1088 4760 ad
1117 4705 1360 4776 meliora
1415 4705 1768 4776 profectibus.
1797 4727 1816 4759 ι
1866 4706 1933 4761 Ει
1957 4707 2100 4776 apud

512 4722 679 4761 etiam
719 4722 977 4776 pautatim
1020 4722 1088 4760 an
1135 4722 1360 4760 menora
1402 4722 1768 4829 lprolecunus.
1797 4727 1816 4759 ι
1866 4722 1933 4761 et
1957 4722 2100 4776 apua

512 4777 798 4831 Leontium
848 4777 1066 4846 Bysant.
1113 4775 1212 4831 loc.
1260 4777 1353 4830 cit.
1423 4776 1493 4830 ol.
1525 4776 1646 4839 701,
1673 4792 1738 4830 ex
1766 4777 1906 4831 libro
1936 4777 2101 4846 septi—

515 4863 606 4900 mo
632 4856 820 4900 contra
847 4846 1275 4918 Incarnationem
1306 4866 1317 4901 :
1370 4865 1388 4896 ι
1415 4847 1770 4918 lesusiaulem
1795 4849 2099 4918 proﬁciebat

516 4926 672 5010 (etate
693 4927 739 4970 et
767 4917 1053 5010 sapientia,
1080 4928 1162 5010 net.
1186 4919 1358 5010 gratia
1394 4917 1535 4988 apud
1569 4917 1736 4971 Deum
1771 4917 1818 4972 et
1842 4919 2096 5000 homines.

516 4986 701 5060 {Etate
730 4986 946 5058 quidem
976 4986 1214 5059 prolicit}
1239 4986 1495 5057 processu
1522 4998 1855 5057 temporum:
1886 4989 2102 5060 sapien-

515 5059 592 5112 tia
623 5074 752 5130 vero
776 5100 790 5124 ,
828 5060 1123 5114 secundum
1168 5074 1514 5130 progressum
1564 5069 1866 5130 temporum
1905 5059 2102 5114 intelli-

517 5129 752 5200 gentiam
781 5130 1107 5200 aequirens;
1139 5129 1309 5198 gratia
1358 5138 1538 5184 autem
1590 5129 1888 5200 suseipiens
1932 5133 2103 5185 virtu-

516 5199 658 5265 tem,
700 5208 755 5254 et
799 5199 1278 5270 intelligentiaatet
1315 5201 1607 5270 cognitioni
1658 5199 2096 5266 consentaneam,

517 5271 773 5341 deinceps
795 5269 992 5338 gratia,
1025 5286 1146 5340 quze
1188 5269 1261 5325 illi
1304 5269 1421 5324 erat
1447 5273 1586 5341 apud
1608 5271 1797 5335 Deum,
1827 5273 2098 5326 accessio-

517 5356 639 5394 nem
670 5351 723 5395 et
756 5345 1148 5395 incrementum
1178 5341 1495 5410 accipiebat.
1539 5343 1606 5395 Et
1645 5342 1696 5395 in
1727 5343 1812 5396 his
1850 5343 2100 5397 omnibus

513 5411 832 5482 proficiebat
861 5413 1001 5482 apud
1028 5411 1194 5466 Deum
1225 5421 1279 5466 et
1304 5413 1567 5467 homines.
1598 5411 1854 5467 Homines
1884 5413 2101 5481 quidem

516 5496 864 5553 progressum
888 5483 1171 5546 videbant,
1199 5483 1337 5537 Deus
1365 5499 1494 5538 vero
1527 5498 1631 5536 non
1663 5482 1882 5536 videbat
1904 5484 2096 5548 solum,

517 5553 615 5607 sed
658 5553 968 5609 testimonio
1011 5553 1344 5624 approbabat
1366 5593 1380 5616 ,
1413 5562 1470 5607 et
1518 5554 1570 5606 in
1600 5553 1665 5606 iis
1687 5593 1701 5618 ,
1729 5568 1849 5622 qua:
1877 5553 2098 5624 fiebant,

519 5626 944 5693 cooperabatur;
999 5623 1130 5678 illud
1173 5623 1337 5693 igitur
1386 5631 1472 5693 est
1518 5624 1680 5693 etiam
1730 5623 2098 5689 manifestum,

520 5689 662 5761 quod
695 5704 846 5750 tanto
871 5694 1166 5763 perfectius
1197 5689 1282 5763 et
1311 5689 1516 5763 majore
1554 5692 1810 5748 facilitate
1846 5696 2100 5749 virtutem

521 5762 943 5840 exsequebatur,
981 5780 1147 5838 quam
1191 5762 1388 5834 reliqui
1425 5763 1672 5822 homines
1693 5765 1920 5838 exsequi
1947 5774 2102 5838 pote-

2202 4565 2560 4635 Baptizandos
2607 4565 2769 4635 citata
2792 4605 2806 4628 ,
2836 4566 2962 4620 licet
2992 4567 3038 4621 is
3063 4567 3184 4621 aliis
3212 4567 3267 4621 in
3293 4567 3427 4622 locis
3451 4566 3795 4621 contrarium

2201 4633 2411 4707 doceat.
2451 4633 2571 4707 Jam
2614 4635 2696 4689 ha:
2739 4634 2890 4707 fuere
2933 4639 3203 4702 rationes,
3233 4653 3297 4692 ex
3324 4637 3520 4707 quibus
3545 4636 3798 4707 Theodo—

2202 4723 2315 4771 rus,
2347 4705 2660 4770 Nestorius,
2707 4705 2904 4774 aliique
2946 4723 3137 4762 eorum
3175 4705 3571 4763 commilitones
3609 4706 3794 4762 homi—

2202 4793 2325 4832 nem
2354 4787 2690 4849 assumptum
2722 4793 2827 4849 non
2859 4779 2962 4849 nisi
2998 4779 3140 4832 inter
3166 4779 3304 4834 ﬁlios
3331 4779 3615 4849 adoptivos
3645 4792 3798 4833 com-

2202 4849 2485 4918 putabant,
2516 4848 2743 4902 ulterius
2795 4846 3109 4914 inferentes,
3161 4846 3470 4921 Virginem,
3517 4865 3642 4920 qute
3667 4861 3796 4904 eum

2203 4926 2492 4990 genuerat1
2507 4921 2890 4990 ia'tVprrroro'xou
2917 4921 3180 4974 duntaxat
3204 4919 3488 4976 dicendam
3515 4919 3658 4975 esse.

2281 4989 2410 5045 VIII.
2452 4987 2716 5061 Christus,
2764 5000 2818 5043 ut
2870 4990 3023 5061 Itomo
3074 4990 3215 5045 Deus
3268 4992 3673 5061 nuncupativus.
3725 5017 3800 5030 -

2204 5060 2670 5131 Quemadmodum
2715 5076 2843 5115 vero
2877 5060 3173 5127 Christum,
3204 5060 3472 5131 quatenus
3495 5061 3660 5116 homo
3688 5067 3798 5125 est,

2203 5131 2398 5186 Filium
2427 5130 2521 5185 Dei
2549 5131 2860 5201 ad0ptivum
2878 5173 2892 5197 ,
2925 5148 3030 5187 non
3057 5130 3358 5203 naturalem
3383 5141 3478 5188 aut
3513 5131 3800 5203 proprium

2204 5203 2806 5274 essepropugnabant,
2843 5203 2915 5257 ita
2955 5202 3203 5258 eumdem
3236 5220 3452 5274 quoque
3477 5202 3657 5274 quoad
3694 5202 3802 5256 hu-

2204 5273 2520 5327 manitatcm
2549 5287 2655 5326 non
2682 5273 2784 5326 nisi
2813 5273 3269 5329 denominatione’
3289 5273 3596 5330 extrinseca
3624 5273 3803 5326 Deum

2205 5343 2351 5398 credi
2377 5343 2576 5396 debere
2615 5345 2963 5412 pertinaciter
3003 5346 3330 5400 statuebant.
3372 5345 3532 5400 Plura
3569 5345 3624 5400 in
3653 5344 3804 5412 hanc

2207 5429 2321 5467 rem
2353 5414 2530 5467 denuo
2569 5411 2784 5468 eistant
2815 5415 3028 5470 illorum
3063 5415 3402 5486 testimonia,
3444 5429 3675 5486 quorum
3701 5411 3806 5486 ali-

2205 5500 2308 5554 qua
2358 5491 2566 5537 tantum
2597 5486 2687 5540 hic
2722 5487 2980 5542 recitasse
3025 5484 3274 5542 sulliciet.
3332 5484 3601 5543 Theodori
3631 5485 3807 5539 verba

2205 5565 2260 5610 et
2290 5555 2464 5630 Vigilii
2491 5569 2644 5626 papa:
2669 5557 2827 5630 deuiis
2843 5555 3108 5630 judicium
3132 5558 3245 5630 jam
3273 5558 3300 5630 §
3325 5558 3367 5621 I,
3395 5573 3544 5612 num.
3571 5557 3662 5630 2i,
3685 5569 3810 5609 me-

2205 5629 2692 5698 moravimus,7nec
2731 5627 2797 5698 iis
2833 5627 2938 5681 alia
2966 5628 3054 5683 hic
3085 5627 3294 5684 addere
3309 5631 3509 5698 placet,
3539 5628 3644 5682 nisi
3675 5640 3810 5698 qua

2205 5697 2278 5769 in_
2290 5696 2406 5769 ejus
2443 5697 2832 5769 symbolowAct.
2859 5714 2913 5753 IV
2937 5713 3091 5754 conc.
3120 5714 3155 5754 v
3183 5696 3355 5754 relato
3382 5699 3662 5769 leguntur.
3682 5696 3805 5753 Ibi:

2211 5785 2233 5822 ι
2257 5766 2447 5839 Neque
2475 5766 2629 5825 duos
2674 5768 2908 5827 dicimus
2936 5769 3077 5828 ﬁlios
3093 5809 3111 5841 ,
3155 5783 3334 5844 neque
3361 5766 3498 5828 duos
3524 5768 3808 5837 dominos.
