4030 6358
315 394 421 452 369

951 388 1320 446 ENHUEBER
1355 387 1667 444 DISSERT.
1709 387 1797 442 DE
1834 387 2108 444 HERESI
2145 389 2459 447 ELIPANDI
2494 390 2582 447 ET
2621 388 2900 447 FELICIS.

3456 390 3563 448 370

313 507 572 580 quoniam
629 518 770 580 unus
801 501 1292 580 _filius__secuqdum
1344 502 1699 580 substantiam
1747 501 1889 580 Deus
1915 504 1962 564 Α
1993 509 2075 556 ter
2097 502 2297 580 dictpm
2329 513 2448 580 est:
2492 504 2620 559 Hazc
2654 505 2779 558 dicit
2805 503 3061 580 Dominus
3092 503 3299 580 Christo
3324 521 3437 580 meo
3460 506 3563 580 Cy-

316 570 576 639 Verbum,
601 574 906 645 unigenitus
935 572 1101 628 Filius
1140 573 1316 627 Patris
1340 614 1354 637 ,
1394 572 1492 645 icui
1524 574 1639 645 i_ste
1661 570 1885 645 conjun-

312 659 434 703 ctus
462 655 519 702 ct
547 642 815 716 particeps
852 645 1280 716 communionem
1320 644 1483 716 habet
1522 642 1642 716 Filii
1675 642 1890 716 nomine

313 712 650 780 et'honoris;
680 723 736 769 et
762 714 1018 769 Dominus
1043 714 1334 769 secundum
1361 714 1718 768 substantiam
1749 712 1889 767 Deus

314 790 555 844 Verbum
613 785 700 840 cui
749 786 1064 855 conjunctus
1109 785 1210 839 iste
1252 785 1682 855 communionem
1727 782 1890 855 habet

314 859 558 915 honoris.
598 856 666 910 Et
696 855 817 909 ideo
852 853 960 910 nec
1004 855 1138 910 duos
1171 855 1402 908 dicimus
1431 853 1598 918 filios,
1628 868 1727 907 nec
1754 853 1889 907 duos

310 931 561 984 dominos
592 945 604 980 :
657 926 908 993 quoniam
956 935 1105 980 certo
1143 926 1437 979 constituto
1478 924 1769 978 secundum
1798 939 1889 977 na-

310 1009 492 1054 turam
536 997 765 1052 Domino
811 1005 866 1051 et
915 995 1086 1060 Filio,
1130 994 1542 1064 inseparabilem
1573 993 1775 1048 habens
1818 994 1886 1047 ad

308 1084 435 1123 eum
470 1067 934 1137 coniunctionem,
983 1067 1074 1136 qui
1113 1080 1211 1134 pro
1250 1075 1434 1137 nostra
1468 1071 1887 1137 assumptusest

309 1139 504 1203 salute,
542 1134 665 1192 cum
715 1137 805 1191 illo
834 1134 1094 1192 honorem
1136 1144 1190 1189 et
1239 1134 1662 1189 nominationem
1702 1134 1793 1187 filii
1834 1142 1890 1188 et

308 1210 515 1263 domini
568 1209 749 1271 habet,
801 1216 904 1262 etc.
938 1227 955 1258 ι
1026 1207 1106 1261 En
1145 1204 1300 1273 juxta
1346 1204 1686 1259 Theodorum
1724 1205 1886 1258 homo

305 1280 471 1351 963
509 1286 818 1347 assumptus
856 1284 1075 1351 propter
1107 1275 1466 1351 _unionem__ad
1501 1274 1884 1351 Verbumeum

304 1344 731 1405 c'o'r'honorein
774 1356 828 1403 et
858 1344 1279 1401 nominationem
1326 1345 1417 1399 lilii
1468 1355 1522 1400 et
1562 1344 1759 1398 domini
1790 1346 1887 1398 ha-

303 1421 417 1475 bet.
453 1440 471 1472 ι
519 1434 613 1474 seu
641 1459 656 1483 ,
682 1418 823 1488 quod
854 1418 992 1472 idem
1025 1425 1179 1471 sonat
1198 1456 1230 1488 ,_
1260 1414 1541 1488 Christus,
1571 1430 1676 1484 qua
1700 1415 1880 1488 homo,

305 1491 424 1545 sola
454 1485 909 1552 denominatione,
940 1503 1045 1541 non
1074 1488 1127 1541 in
1159 1486 1234 1541 rei
1261 1487 1488 1539 veritate
1512 1485 1652 1540 Deus
1684 1501 1746 1539 ac
1774 1485 1881 1538 Do-

303 1562 487 1615 minus
518 1559 624 1614 dici
654 1567 848 1626 potest.
890 1557 1041 1613 Unde
1073 1566 1127 1612 et
1154 1556 1409 1611 Leontius
1434 1555 1758 1626 Bysantinus
1786 1556 1877 1611 lib.

300 1647 363 1686 ut
423 1639 618 1685 contra
654 1626 1013 1683 Nestorianos
1057 1637 1111 1683 et
1154 1627 1517 1696 Entychianos
1546 1626 1596 1679 in
1630 1626 1880 1680 Theodo-

302 1717 423 1755 rum
457 1702 541 1755 his
567 1699 747 1754 verbis
792 1698 1100 1752 invehitur:
1159 1716 1176 1747 ι
1207 1696 1321 1750 Νοη
1367 1697 1509 1751 enim
1540 1697 1647 1750 Deo
1678 1697 1881 1751 homini

297 1770 450 1826 facto
480 1772 643 1826 doces
667 1810 682 1834 ,
714 1769 808 1823 sed
844 1769 1042 1823 homini
1093 1767 1448 1838 appellatione
1488 1767 1582 1838 Dei
1617 1768 1880 1838 honorato

296 1842 529 1913 cultum_
556 1840 632 1913 in_
651 1849 912 1913 teteruum
960 1834 1236 1913 adbibere.
1262 1838 1472 1913 i__'_l‘om.
1500 1836 1567 1913 lii
1597 1837 1733 1913 Bibl.
1771 1837 1874 1891 PP.
1908 1852 1956 1913 Β
1982 1834 2137 1913 Joan.
2194 1854 2248 1913 χ.
2304 1837 2393 1913 54.
2448 1840 2630 1913 ponit,
2676 1834 2863 1913 dicens
2906 1854 2920 1892 :

294 1910 389 1964 fol.
425 1911 551 1966 697.
594 1910 851 1964 Eamdem
879 1910 1204 1964 sententiam
1239 1908 1340 1962 sibi
1371 1909 1646 1977 propriam
1678 1908 1881 1962 fecerat

240 2038 249 2042 _
296 1979 624 2045 Nestorius,
674 1981 895 2034 dicens:
935 2000 953 2031 ‹
986 1979 1077 2034 Sic
1118 1988 1173 2033 et
1210 1978 1357 2032 illum
1385 2019 1399 2042 ,
1450 1978 1540 2047 qui
1584 1980 1879 2033 secundum

294 2067 521 2106 carnem
550 2058 633 2106 est
652 2049 923 2114 Christus,
953 2049 1094 2120 quod
1125 2048 1414 2120 Deis'erbo
1443 2047 1760 2120 conjunctus
1786 2050 1873 2112 sit,

292 2121 468 2175 Deum
498 2121 868 2184 nominamus,
901 2118 1174 2175 hominem
1213 2119 1407 2184 fuisse,
1440 2118 1530 2189 qui
1560 2120 1875 2188 apparebat,

293 2208 403 2271 non
423 2192 634 2271 ignari.
682 2190 906 2271 Paulum
947 2199 1234 2271 utrumque
1284 2190 1667 2271 praedicantem
1705 2191 1871 2244 audi:

290 2261 379 2315 E1:
404 2259 645 2325 Judtris,
679 2261 885 2331 inquit,
929 2271 1003 2314 est
1040 2259 1598 2331 Christussecundum
1643 2276 1873 2331 carnem,

288 2332 381 2401 qui
404 2342 479 2385 est
508 2331 647 2385 Deus
666 2329 821 2401 super
846 2333 1041 2385 omnia.
1086 2329 1269 2384 Primo
1296 2331 1566 2384 hominem
1598 2344 1716 2384 esse
1742 2329 1877 2385 fate-

292 2410 413 2464 tur;
448 2417 573 2456 mox
595 2402 663 2456 ob
687 2417 806 2455 eam
835 2417 995 2464 quam
1039 2416 1161 2455 cum
1202 2401 1308 2456 Deo
1337 2401 1559 2454 sortitus
1588 2409 1671 2454 cst
1700 2401 1873 2455 socie-

292 2480 482 2535 tatem,
515 2473 787 2526 hominem
816 2471 961 2525 illum
1002 2472 1168 2525 Deum
1197 2471 1455 2540 appellat,
1488 2486 1554 2524 ne
1581 2472 1702 2540 quis
1724 2472 1873 2525 vide-

290 2541 421 2597 licet
449 2541 791 2598 Christianos
821 2542 1095 2596 hominem
1123 2540 1299 2595 colere
1328 2541 1647 2611 suspicetur.
1674 2561 1693 2592 ι
1719 2541 1872 2596 Tom.

288 2611 358 2665 1V
387 2611 595 2667 Concil.
624 2612 728 2667 col.
764 2612 921 2675 1199,
952 2627 1017 2666 ex
1040 2612 1396 2681 quaternione
1427 2611 1492 2664 15
1519 2611 1571 2664 in
1604 2612 1871 2681 dogmate.

288 2681 600 2753 Etiterum
622 2683 979 2753 quaternione
1011 2681 1098 2746 16,
1132 2682 1223 2753 ιῴὶ
1255 2682 1320 2736 de
1349 2682 1566 2735 Christo
1590 2681 1830 2753 loquitur
1857 2696 1871 2735 :

293 2770 312 2822 ς
344 2751 463 2805 Non
488 2769 589 2822 per
612 2751 669 2809 se
696 2762 749 2807 et
774 2752 1067 2807 secundum
1094 2767 1151 2806 se
1172 2751 1314 2805 Deus
1338 2760 1442 2815 est,
1472 2753 1614 2822 quod
1641 2752 1693 2804 in
1720 2759 1876 2805 utero

285 2820 586 2892 formatum
613 2832 725 2889 est;
762 2839 869 2877 non
898 2837 995 2892 per
1022 2837 1079 2876 se
1106 2829 1161 2876 et
1180 2820 1573 2892 isecundum‘se
1596 2822 1737 2876 Deus
1766 2830 1873 2887 est,

286 2893 435 2962 quod
468 2891 709 2963 Spiritus
750 2891 918 2948 sancti
960 2908 1123 2962 opera
1168 2891 1459 2963 formatum
1491 2900 1603 2956 est;
1649 2907 1754 2946 non
1782 2908 1877 2961 per

286 2979 348 3017 se
397 2971 456 3018 et
495 2962 790 3019 secundum
839 2978 896 3017 se
944 2963 1086 3017 Deus
1114 2969 1213 3023 est,
1260 2962 1404 3031 quod
1444 2962 1496 3016 in
1527 2971 1875 3018 monumento

285 3034 569 3088 conditum
616 3043 698 3089 est
734 3050 749 3089 :
784 3034 860 3089 sic
899 3034 1043 3088 enim
1091 3032 1370 3087 hominum
1432 3042 1875 3101 mortuorumque

285 3103 568 3159 manifesti
614 3106 849 3160 cultores
889 3118 1151 3159 essemus.
1204 3104 1274 3155 At
1308 3117 1458 3167 vero,
1490 3103 1619 3172 quia
1651 3103 1793 3157 Deus
1819 3105 1873 3157 in

283 3173 510 3244 homine
540 3187 816 3244 assumpto
846 3175 1067 3236 existit,
1117 3182 1425 3244 assumptus
1468 3183 1529 3227 ut
1573 3176 1867 3228 assumenti

283 3243 611 3316 coniunctus
644 3243 863 3316 propter
902 3252 1267 3316 assumentem
1295 3243 1809 3316 ‘Deus‘appellatur.
1844 3264 1862 3296 ι

286 3314 566 3381 11)ἰ(1.,(;οι.
591 3313 759 3370 1ἱο5Ῐ
788 3314 1024 3385 Cyrillus
1052 3328 1265 3385 quoque
1293 3314 1437 3369 hunc
1465 3313 1699 3369 Nestorii
1722 3328 1872 3369 erro-

285 3402 400 3440 rem
436 3386 488 3440 in
545 3402 643 3441 suo
691 3382 1107 3441 comnionitorio
1160 3382 1366 3448 refert,
1425 3385 1648 3439 dicens:
1702 3403 1720 3435 ί
1754 3385 1870 3440 Νοη

282 3471 418 3526 ergo
446 3455 646 3510 fatetur
671 3455 995 3523 (Nestorlus)
1020 3454 1195 3523 ipsum
1221 3454 1513 3526 (hominem
1547 3455 1753 3509 scilicet
1785 3472 1872 3511 as-

285 3524 589 3597 sumptum)
622 3542 739 3582 esse
770 3541 957 3579 verum
986 3525 1174 3597 Deum,
1204 3525 1298 3579 sed
1328 3525 1400 3577 ita
1433 3524 1871 3597 fuisseiappella-

285 3607 401 3650 tum
428 3614 497 3651 ex
526 3597 787 3653 benevola
810 3597 901 3650 Dei
928 3596 1229 3659 voluntate;
1260 3605 1314 3649 et
1337 3596 1585 3664 quamvis
1610 3596 1870 3651 Dominus

282 3676 514 3723 vocatus
542 3670 649 3732 sit,
697 3668 770 3721 ita
801 3682 988 3721 rursus
1011 3665 1124 3719 vult
1166 3679 1286 3719 esse
1314 3665 1597 3719 Dominum
1620 3707 1634 3729 ,
1689 3675 1747 3719 ut
1782 3668 1867 3722 cui

282 3737 428 3808 Deus
453 3738 694 3793 Verbum
722 3738 895 3808 gratia
924 3738 1001 3791 ita
1027 3736 1296 3792 concessit
1325 3736 1528 3790 vocari.
1560 3753 1580 3787 ι
1619 3737 1775 3792 Tom.
1798 3738 1868 3794 1V

279 3806 451 3863 Cone.
484 3809 589 3862 col.
614 3806 736 3863 550.

351 3878 447 3933 IX.
489 3877 735 3932 Rationes
765 3878 951 3949 quibus
984 3877 1289 3949 Nestoriani
1314 3892 1411 3949 pIO
1433 3876 1869 3949 denominatione

281 3948 378 4002 Dei
409 3950 705 4002 extrinseca
735 3944 815 4003 usi
844 3949 1008 4018 fuere.
1046 3947 1138 4019 Ea:
1162 3946 1289 4019 locis
1316 3944 1633 4016 'Scripturw,
1682 3950 1868 4019 quibus

282 4018 525 4072 homines
550 4019 628 4072 dii
653 4017 922 4073 vocantur.
947 4049 1015 4058 --
1042 4018 1212 4072 Porro
1235 4017 1393 4071 istam
1422 4032 1636 4087 quoque
1665 4017 1729 4072 de
1759 4020 1868 4076 Deo

281 4091 658 4159 nuncupativo
685 4090 1009 4145 sententiam
1034 4087 1202 4142 variis
1231 4088 1406 4141 denuo
1429 4088 1727 4143 rationibus
1756 4099 1867 4145 tum

280 4175 345 4214 ex
373 4158 697 4228 Scriptura,
748 4168 860 4213 tum
912 4159 1128 4213 aliunde
1168 4158 1350 4228 petitis
1392 4159 1638 4213 stabilire
1687 4161 1867 4215 conati

280 4240 411 4285 sunt
451 4230 872 4301 illiuspatroni.
958 4230 1025 4283 Et
1076 4228 1480 4301 fundamentum
1525 4238 1607 4301 sat
1648 4230 1866 4286 firmum

279 4316 478 4355 eruere
530 4298 657 4356 sibi—
675 4300 993 4354 videbantur
1030 4315 1096 4355 ex
1144 4298 1211 4353 iis
1242 4298 1537 4368 Scriptura:
1590 4300 1752 4363 locis,
1813 4303 1865 4356 in

281 4372 484 4440 quibus
511 4370 606 4426 Dei
650 4385 846 4425 nomen
872 4371 1034 4425 etiam
1077 4369 1387 4425 hominibus
1410 4410 1425 4435 ,
1469 4370 1581 4431 sola
1608 4371 1865 4427 nimirum

282 4441 647 4511 appellatione
691 4441 996 4496 extrinseca
1046 4441 1321 4501 tribuitur,
1372 4440 1496 4511 inde
1544 4442 1866 4497 concluden-

280 4510 367 4581 tes
416 4511 718 4575 Christum,
751 4518 1014 4581 quatenus
1037 4511 1332 4574 hominem,
1359 4510 1546 4565 eodem
1578 4514 1738 4567 modo
1763 4514 1863 4567 hu-

273 4579 364 4648 jus
390 4579 847 4636 denominationis
874 4582 1192 4652 participem
1222 4596 1341 4635 esse
1359 4622 1374 4645 ,
1423 4589 1482 4652 ut
1510 4590 1635 4650 pote
1664 4584 1754 4651 qui
1778 4599 1862 4638 se-

278 4652 521 4706 cundum
568 4659 815 4705 naturam
859 4651 1150 4706 humanam
1196 4651 1596 4707 diversissimus
1630 4669 1660 4706 a
1686 4654 1863 4710 Verbo

280 4721 490 4783 divino,
514 4730 569 4777 et
600 4736 630 4775 e
680 4730 867 4776 contra
910 4721 1149 4790 ejusdem
1173 4737 1295 4776 cum
1319 4723 1530 4777 czeteris
1560 4724 1866 4779 hominibus

282 4792 615 4865 conditionis
646 4793 854 4865 censeri
883 4793 1123 4865 deberet.
1166 4791 1279 4865 Hac
1307 4803 1454 4865 certe
1488 4795 1746 4865 arguendi
1777 4810 1861 4848 ra-

283 4861 430 4915 tione
453 4877 586 4917 usus
614 4877 734 4917 esse
759 4862 975 4917 videtur
1011 4862 1325 4917 Theodorus
1366 4863 1421 4916 in
1463 4861 1865 4921 Commentario

282 4930 336 4985 in
370 4931 721 5001 Evangelium
764 4934 932 4987 sancti
963 4931 1153 4996 Lucro,
1195 4932 1323 4986 dum
1351 4933 1427 4987 ait
1455 4951 1467 4986 :
1508 4953 1526 4983 ι
1558 4933 1669 4989 Hoc
1696 4936 1862 5001 enim,

282 5003 459 5074 quod,
481 5002 663 5074 hiccst
692 5001 864 5056 Filius
888 5019 1032 5056 meus
1057 5003 1301 5074 dilectus,
1341 5004 1397 5057 in
1438 5020 1540 5074 quo
1579 5006 1706 5057 mihi
1726 5022 1868 5058 com-

281 5072 525 5143 placuit,
572 5072 626 5126 in
674 5073 998 5142 baptismate
1041 5073 1384 5143 adoptionem
1412 5072 1748 5129 demonstrat
1782 5091 1867 5130 se-

283 5142 526 5197 cundum
549 5142 1260 5213 comparationemjudaicae
1279 5145 1612 5213 adolitionis,
1655 5145 1781 5213 quia
1810 5153 1865 5200 et

282 5213 362 5286 ad
383 5213 506 5286 illos
534 5212 737 5267 dictum
784 5221 901 5286 erat
927 5231 939 5265 :
984 5212 1096 5286 Ego
1121 5214 1253 5286 αἰξὶ,
1284 5212 1526 5286 dii’estis
1546 5255 1561 5279 ,
1592 5227 1640 5269 et
1661 5212 1759 5286 filii
1784 5233 1868 5270 ca:-

283 5282 411 5336 celsi
435 5299 633 5347 omnes,
663 5292 767 5338 etc.
796 5303 814 5335 ι
849 5282 1131 5339 Nestorius
1166 5282 1438 5338 Christum
1470 5282 1743 5341 hominem
1772 5302 1865 5340 ea-

280 5353 408 5426 dem
443 5354 653 5426 ratione
683 5354 850 5426 Deum
881 5369 1000 5426 esse
1025 5354 1226 5409 dictum
1250 5354 1498 5420 afﬁrmat,
1528 5372 1634 5426 qua
1658 5354 1868 5425 Moyses

284 5423 433 5478 Deus
460 5423 764 5495 Pharaonis
792 5425 1089 5495 appellatus
1134 5432 1237 5478 est.
1288 5444 1306 5476 ι
1329 5423 1564 5491 Verum,
1593 5436 1653 5480 ut
1682 5423 1865 5481 rerum

282 5494 835 5567 omnium_opificem,
858 5498 953 5562 ait,
979 5494 1147 5567 Deum
1171 5495 1538 5566 appellamus;
1567 5506 1622 5550 et
1644 5497 1866 5567 Moysen

284 5580 505 5619 rursum
529 5565 722 5630 Deum,
747 5566 822 5619 ait
844 5567 988 5621 enim
1013 5584 1025 5619 ε
1060 5565 1319 5623 Constitui
1356 5577 1404 5620 te
1440 5568 1603 5621 Deum
1628 5565 1869 5621 Pharao-

284 5637 370 5707 nis
396 5652 413 5689 :
440 5642 497 5690 et
537 5634 702 5690 Israel
722 5635 925 5707 Filium
953 5635 1051 5691 Dei
1080 5654 1093 5690 :
1135 5636 1278 5690 Nam
1308 5637 1469 5705 ﬁlius,
1502 5637 1695 5707 inquit,
1725 5655 1867 5694 meus

282 5706 671 5779 primogenitae
712 5705 880 5779 Israel
920 5714 1047 5779 est;
1089 5715 1146 5762 et
1190 5708 1331 5779 sicut
1392 5707 1521 5762 Saul
1570 5705 1869 5779 appellatur

283 5775 574 5831 Christus:
620 5776 743 5847 Non
765 5777 925 5842 enim,
954 5777 1149 5846 inquit,
1185 5778 1421 5847 injiciam
1459 5775 1673 5833 manum
1698 5794 1868 5835 meam

286 5846 342 5901 in
369 5862 515 5914 eum,
536 5848 663 5920 quia
686 5844 925 5903 Christus
946 5844 1159 5904 Domini
1186 5844 1261 5903 est
1276 5866 1297 5916 ;
1327 5857 1384 5904 et
1402 5850 1468 5905 de
1496 5849 1636 5923 Cyro
1675 5851 1869 5907 simili-

1898 3214 1947 3276 Ο

1992 590 2047 645 ro
2062 589 2079 635 ;
2106 572 2171 626 Et
2192 572 2509 643 Babylonios
2531 583 2743 629 sanctos
2771 593 2782 627 :
2818 575 3098 645 Egoenim,
3138 576 3233 639 ait,
3256 572 3561 645 prtecipiant

1988 643 2061 697 eis
2090 659 2107 695 :
2142 644 2455 715 sanctificati
2503 646 2638 698 enim
2667 656 2832 699 sunt:
2869 643 3066 715 'etiego
3110 643 3299 700 ducam
3334 643 3453 710 eos;
3485 648 3561 703 ita

1988 728 2198 783 quoque
2227 711 2500 783 Christum
2527 715 2829 779 Dominum,
2868 723 2922 769 et
2944 711 3111 770 Deum
3130 758 3144 781 ,
3177 725 3230 769 et
3256 714 3472 782 Filium,
3502 727 3559 774 et

1988 782 2601 854 sanetum,etChristum
2618 785 2963 854 appellamus.
2997 807 3014 839 ›
3049 786 3407 853 Quatern.27,
3424 796 3557 843 tom.

1986 853 2053 907 IV
2077 854 2364 926 Conc._eol.
2398 854 2546 926 ll99.
2595 853 2826 925 Cvrillus
2852 856 2902 909 in
2932 857 3305 926 explanatione
3329 860 3560 913 anathe-

1987 925 2219 977 matismi
2241 924 2274 976 5
2295 939 2400 993 quo
2422 924 2695 978 Christum
2719 940 2822 979 non
2851 924 3120 983 hominem
3146 927 3440 993 Deiferum,
3464 931 3558 984 sed

1986 1008 2173 1047 verum
2200 994 2365 1047 Deum
2388 1010 2507 1048 esse
2532 1004 2825 1057 statuerat,
2864 996 2935 1049 ita
2958 998 3145 1051 scribit
3168 1017 3180 1050 :
3228 1017 3247 1048 ‹
3277 997 3563 1054 Aﬂirmant

1986 1073 2164 1137 autem
2216 1063 2585 1137 (Nestoriani)
2622 1066 2964 1137 unigenitum
2996 1067 3088 1121 Dei
3117 1067 3352 1122 Verbum
3383 1069 3437 1122 in
3464 1069 3561 1123 ho-

1985 1134 2129 1187 mine
2155 1134 2233 1188 ex‘
2266 1144 2451 1190 sancta
2487 1136 2704 1205 Virgine
2734 1134 2874 1190 'nato
2899 1138 3123 1205 perinde
3149 1154 3211 1192 ac
3243 1140 3295 1191 in
3325 1155 3432 1192 uno
3462 1138 3561 1193 ali-

1985 1219 2117 1278 quog
2136 1219 2201 1259 ex
2233 1207 2432 1278 sanctis
2463 1205 2817 1278 inhabitasse,
2845 1207 2917 1260 ita
2962 1214 3021 1259 ut
3043 1205 3155 1278 jam
3182 1225 3288 1262 non
3311 1216 3561 1278 oporteat

1984 1274 2227 1329 confiteri
2257 1277 2398 1346 quod
2428 1291 2566 1330 unus
2591 1276 2660 1330 sit
2684 1276 2960 1341 Christus,
2990 1287 3044 1331 et
3073 1276 3271 1342 Filius,
3301 1274 3363 1333 et
3380 1280 3561 1333 Domi-

1984 1359 2103 1408 nus,
2152 1354 2214 1427 et.
2234 1347 2571 1428 adorandus;
2616 1347 2709 1401 sed
2758 1355 3011 1428 tanquam
3061 1348 3221 1428 homo
3269 1363 3365 1428 per
3402 1364 3460 1403 se
3503 1358 3561 1428 et

1984 1417 2272 1487 separatim
2327 1416 2667 1481 intellectus,
2726 1418 2794 1471 ob
2844 1418 3010 1472 solam
3058 1416 3450 1487 copulationem
3504 1420 3559 1474 in

1982 1486 2180 1557 unione
2208 1486 2484 1557 dignitatis
2523 1488 2836 1551 honoratus,
2869 1486 3026 1542 simul
3058 1486 3311 1542 adoretur
3346 1498 3399 1542 et
3431 1505 3560 1542 con-

1984 1556 2334 1627 glorificetur.
2378 1557 2594 1611 Habitat
2622 1558 2838 1627 quidem
2875 1559 2927 1612 in
2959 1558 3113 1612 nobis
3149 1559 3389 1613 omnium
3416 1558 3559 1614 Deus

1981 1642 2079 1695 per
2103 1628 2360 1696 Spiritum
2391 1638 2635 1682 sanctum
2656 1669 2670 1694 ,
2699 1636 2803 1682 etc.
2836 1647 2854 1680 ι
2891 1628 3093 1682 Deinde
3123 1628 3340 1683 adducit
3380 1638 3559 1685 textus

1983 1699 2240 1769 quosdam
2269 1697 2582 1766 Scripturae,
2630 1699 2824 1769 quibus
2863 1699 3014 1753 abusi
3042 1700 3189 1752 fuere
3230 1698 3555 1762 Nestoriani,

1983 1774 2037 1838 et
2076 1767 2174 1821 hos
2216 1768 2362 1838 inter
2395 1769 2558 1822 etiam
2607 1767 2921 1838 sequentem
2965 1785 3031 1823 ex
3070 1770 3359 1837 Evangelio
3385 1772 3559 1825 sancti

2968 1858 2985 1889 ‹
3020 1840 3087 1893 Et
3142 1842 3255 1909 ipse
3310 1840 3560 1896 Christus

1982 1906 2049 1960 de
2080 1908 2283 1962 sanctis
2314 1909 2426 1961 suis
2453 1911 2731 1979 prophetis
2756 1950 2770 1973 ,
2823 1911 2934 1963 sive
2960 1911 3023 1964 de
3048 1906 3268 1972 sanctis,
3289 1912 3379 1979 qui
3404 1920 3561 1965 ante-

1978 1986 2294 2051 cesserant,
2347 1979 2455 2032 ait:
2493 1978 2554 2033 Si
2596 1979 2713 2051 illos
2757 1981 2889 2032 dixit
2929 1980 3085 2045 deos,
3126 1980 3195 2033 ad
3235 1978 3363 2051 quos
3388 1998 3559 2034 sermo

1978 2046 2078 2100 Dei
2103 2049 2275 2117 factus
2314 2058 2409 2114 est,
2456 2066 2607 2118 quem
2638 2048 2801 2103 Pater
2844 2051 3211 2118 sanctiﬁcarit,
3244 2046 3293 2103 et
3314 2052 3453 2104 misit
3502 2053 3560 2105 in

1976 2119 2252 2190 mundum,
2294 2134 2379 2172 vos
2414 2120 2588 2190 dicitis
2621 2137 2639 2173 :
2680 2119 2816 2185 Quia
2841 2118 3199 2190 blasphemas;
3229 2123 3353 2190 quia
3380 2122 3511 2174 dixit
3537 2136 3558 2175 :

1977 2184 2153 2241 Filius
2180 2188 2277 2241 Dei
2296 2206 2432 2241 sum.
2466 2189 2570 2243 Sed
2600 2184 2713 2243 non,
2732 2191 2805 2243 ita
2836 2184 2976 2243 Deus
2999 2191 3053 2244 in
3082 2184 3297 2244 Christo
3325 2192 3556 2255 habitat,

1977 2258 2116 2311 sicut
2144 2259 2197 2311 in
2230 2258 2401 2313 nobis.
2436 2261 2566 2313 Erat
2592 2262 2735 2314 enim
2768 2270 2957 2314 nalura
2988 2260 3148 2321 Deus,
3181 2261 3337 2315 nobis
3364 2262 3559 2316 similis

1976 2327 2169 2393 factus,
2194 2342 2439 2398 unusque
2466 2346 2527 2384 ae
2548 2331 2691 2385 solus
2706 2330 2895 2395 Filius,
2912 2331 3074 2385 etiam
3092 2347 3214 2386 cum
3233 2347 3359 2386 caro
3384 2331 3561 2386 factus

1975 2407 2075 2473 est.
2110 2420 2128 2451 ι
2180 2400 2411 2473 ΤοπιμἻ
2440 2400 2644 2455 Concil.
2694 2401 2797 2455 col.
2844 2402 2930 2455 11.
2971 2400 3028 2455 In
3078 2402 3162 2455 his
3198 2417 3328 2473 ergo
3368 2402 3561 2456 simili-

1974 2468 2183 2539 busque
2206 2471 2385 2525 verbis
2407 2472 2716 2541 praesidium
2733 2487 2888 2526 suum
2917 2482 3213 2541 posuerunt
3229 2468 3556 2539 Nestorlani,

1974 2549 2034 2592 ut
2055 2541 2325 2594 hominem
2352 2551 2685 2609 assumptum
2707 2558 2812 2596 non
2852 2543 2956 2597 nisi
2988 2543 3363 2598 nominetenus
3391 2544 3560 2597 Deum

1976 2626 2094 2683 esse
2113 2612 2426 2679 probarent,
2456 2627 2615 2680 quem
2650 2612 2983 2683 Synusiastae
3010 2611 3249 2681 ejusdem
3279 2630 3400 2668 cum
3426 2614 3559 2668 Ver-

1975 2681 2047 2750 bo
2076 2688 2281 2735 natura:
2310 2690 2431 2750 post
2460 2681 2714 2736 unionem
2743 2682 2944 2737 factum
2977 2699 3096 2738 esse
3131 2684 3557 2738 aliirmaverant.

1977 2749 2180 2823 l‘iempe
2230 2749 2351 2823 cum
2392 2752 2625 2823 Ariani,
2676 2760 2735 2806 ut
2775 2753 2885 2822 jam
2918 2752 2945 2823 §
2980 2753 3000 2806 l
3031 2753 3333 2807 notavimus
3383 2754 3560 2823 ipsum

1978 2821 2213 2874 Verbum
2258 2821 2433 2875 Patris
2479 2823 2590 2875 sola
2632 2821 3064 2877 denominatione
3104 2823 3270 2877 Deum
3301 2821 3420 2877 esse
3450 2835 3563 2879 sta-

1976 2898 2213 2963 tuerent,
2245 2890 2576 2961 Synusiastze
2601 2907 2731 2947 vero
2768 2902 3015 2946 naturam
3054 2908 3147 2963 seu
3174 2908 3392 2947 carnem
3423 2910 3562 2963 quo-

2013 2976 2080 3014 ue
2147 2961 2434 3015 humanam
2492 2963 2669 3015 Verbo
2721 2962 3236 3018 consubstantialem
3294 2961 3556 3029 dicerent,

2024 3032 2280 3112 estoriani
2314 3032 2487 3113 media
2518 3032 2631 3115 via,
2656 3042 2716 3115 ut
2757 3034 2856 3104 ipsi
2896 3034 3113 3115 quidem
3149 3035 3444 3115 putabant,
3478 3036 3563 3088 in-

1978 3102 2181 3156 cessuri
2210 3143 2224 3166 ,
2270 3103 2553 3173 veritatem
2584 3102 3007 3159 divintenatlirte
3034 3102 3251 3158 Christo
3269 3144 3283 3164 .
3316 3105 3368 3156 in
3395 3120 3563 3173 quan-

1977 3180 2090 3225 tum
2118 3180 2200 3225 est
2254 3172 2395 3226 illius
2422 3175 2491 3245 ab
2534 3182 2735 3245 aeterno
2774 3174 2935 3229 Patre
2971 3175 3204 3244 genitus,
3244 3172 3560 3245 dignitatem

1975 3252 2406 3314 veroexternam
2452 3244 2618 3297 divini
2663 3245 2932 3311 nominis,
2977 3255 3245 3314 quatenus
3291 3244 3471 3313 homo,
3504 3254 3563 3301 et

1970 3311 2212 3385 ejusdem
2236 3314 2515 3369 nobiscum
2547 3324 2752 3385 natura:
2771 3323 2873 3380 est,
2900 3311 3288 3385 ascripserunt.

2042 3383 2131 3457 X._
2152 3385 2528 3457 Argumentum
2571 3384 3013 3457 Nestorianorum
3047 3383 3124 3457 ea:
3153 3403 3213 3439 eo
3246 3385 3385 3457 quod
3432 3384 3563 3441 Ver-

1971 3452 2091 3506 bum
2114 3454 2168 3506 in
2194 3452 2340 3525 nobis
2368 3454 2629 3508 habitasse
2650 3496 2664 3521 ,
2693 3466 2784 3508 aut
2818 3456 2956 3510 Deus
2980 3458 3033 3509 in
3057 3452 3268 3510 Christo
3291 3456 3453 3525 fuisse
3478 3458 3563 3510 di-

1970 3523 2443 3609 caturz—‘Fuere
2478 3534 2744 3609 tamenet
2772 3526 2863 3609 alii
2888 3535 3099 3608 textus,
3140 3523 3560 3609 quibusnadhuc

1970 3594 2363 3666 innitehantur,
2392 3606 2445 3650 et
2478 3596 2575 3650 hos
2606 3597 2744 3650 inter
2769 3596 2884 3651 fere
2912 3594 3173 3666 praecipui
3196 3606 3321 3651 sunt
3348 3597 3405 3661 ii,
3438 3599 3559 3666 qui-

1969 3663 2070 3738 bus
2098 3664 2268 3738 Deus,_
2279 3681 2379 3738 seu
2412 3666 2646 3738 Verbum
2671 3666 2722 3720 in
2749 3663 2963 3722 homine
2986 3663 3262 3738 assumpto
3284 3663 3560 3724 habitasse

1969 3734 2203 3808 dicitur.
2252 3735 2881 3808 Undemfrequentissime
2925 3734 3225 3808 provocant
3278 3739 3345 3791 ad
3389 3741 3558 3793 verba

1968 3806 2308 3877 evangelista:
2344 3824 2359 3877 :7
2388 3806 2457 3859 Et
2500 3804 2720 3877 Verbum
2750 3804 3098 3877 carofactum
3127 3818 3235 3873 est,
3273 3817 3322 3861 et
3350 3808 3561 3861 habita-

1968 3876 2038 3928 vit
2062 3877 2114 3927 in
2146 3875 2311 3930 nobis.
2337 3876 2416 3928 Ad
2439 3878 2602 3930 verba
2629 3876 2779 3930 Pauli
2808 3895 2819 3929 :
2866 3875 2931 3930 In
2962 3880 3072 3933 ipso
3101 3877 3356 3931 inhabitat
3386 3880 3558 3933 omnis

1967 3944 2544 4017 plenitﬁudo_divinitatis
2574 3947 2917 4016 corporaliter
2944 3944 3167 4017 (Coloss.
3204 3964 3271 4012 ll,
3309 3948 3384 4017 9).
3410 3947 3555 4017 ρεαδ

1968 4016 2172 4089 erat_
2223 4015 2430 4089 Christo
2470 4015 2723 4089 mundum
2764 4015 3105 4071 reconcilians
3154 4017 3274 4089 sibi.
3307 4015 3396 4089 (II
3427 4016 3554 4073 Cor.

1967 4101 2020 4149 v,
2078 4086 2186 4154 19).
2229 4086 2378 4142 Unde
2409 4087 2572 4140 etiam
2594 4086 2877 4142 familiaris
2913 4098 2997 4143 est
3045 4088 3178 4154 ipsis
3204 4086 3423 4152 locutio,
3456 4090 3558 4143 hu-

1967 4158 2280 4211 manitatem
2312 4156 2510 4211 Chl‘lSli
2546 4174 2665 4213 esse
2695 4159 2951 4227 templum
2993 4175 3022 4212 a
3059 4156 3236 4213 Verbo
3279 4158 3555 4213 inhabita-

1968 4234 2114 4291 tum;
2162 4227 2437 4282 Christum
2476 4244 2596 4283 esse
2641 4230 2914 4283 hominem
2945 4229 3249 4294 Deiferum,
3281 4229 3558 4284 hominem

1968 4297 2328 4361 Dominicum,
2372 4299 2597 4367 proinde
2628 4315 2730 4354 non
2770 4309 2961 4353 natura
2982 4341 2996 4365 ,
3031 4315 3137 4353 non
3167 4300 3425 4365 veritate,
3457 4300 3556 4355 sed

1967 4368 2079 4421 sola
2110 4369 2545 4422 denominatione
2575 4369 2762 4424 Deum.
2800 4372 3005 4425 Auctor
3034 4370 3156 4424 libri
3194 4375 3332 4426 κατὰ
3364 4382 3553 4426 Συνουα-

1965 4441 2181 4498 σιάστας
2211 4439 2329 4492 loco
2355 4455 2497 4508 saepe
2526 4440 2690 4494 citato
2718 4442 2827 4495 ait:
2879 4460 2897 4491 ι
2929 4441 3057 4495 Dico
3092 4449 3273 4495 autem
3303 4440 3394 4494 Dei
3425 4441 3558 4495 Ver-

1968 4509 2096 4563 bum
2122 4510 2394 4581 habitasse
2420 4511 2472 4563 in
2517 4524 2603 4575 eo,
2639 4512 2835 4581 quiiex
2868 4510 3037 4565 David
3075 4512 3279 4565 semine
3307 4526 3558 4580 compro-

1897 4566 1945 4629 D
1966 4581 2145 4634 batur.
2170 4598 2189 4631 ι
2224 4580 2290 4634 Et
2310 4581 2542 4651 iterum:
2581 4566 2601 4631 ἆ
2632 4566 2875 4651 Sufficiat
2901 4582 3151 4650 corpori,
3182 4583 3322 4651 quod
3354 4566 3557 4637 ex'no-

1965 4651 2051 4705 bis
2076 4659 2179 4715 est,
2210 4650 2505 4705 secundum
2546 4653 2773 4721 gratiam
2805 4650 2991 4705 filiatio
3010 4692 3025 4715 ,
3056 4650 3225 4721 gloria
3246 4661 3299 4706 et
3328 4652 3556 4706 immor-

1968 4721 2178 4784 talitas,
2223 4722 2349 4790 quia
2391 4722 2651 4790 templum
2678 4721 2773 4775 Dei
2816 4721 2974 4776 Verbi
3005 4721 3207 4775 factum
3237 4730 3340 4776 est.
3375 4741 3393 4773 ι
3438 4722 3504 4778 Et
3537 4740 3553 4777 :

1974 4810 1992 4841 α
2022 4792 2098 4845 Ex
2122 4791 2283 4847 Patre
2306 4791 2521 4861 quidem
2545 4800 2737 4844 natura
2756 4791 2992 4861 genitum
3014 4801 3101 4846 est
3120 4791 3356 4847 Verbum
3377 4808 3390 4857 ;
3415 4800 3556 4846 tem-

1965 4862 2122 4932 plum
2152 4878 2297 4923 vero,
2331 4861 2474 4930 quod
2501 4876 2567 4932 ex
2594 4861 2761 4932 Maria
2788 4869 2971 4932 natum
2996 4870 3100 4925 est,
3130 4877 3196 4916 ex
3244 4863 3361 4932 ipso
3394 4873 3553 4919 utero

1967 4930 2070 5003 Silii
2100 4930 2404 5003 fabricavit.
2437 4950 2455 4982 ι
2494 4931 2807 5003 Theodorus
2831 4931 2968 5003 libro
2996 4934 3157 4986 tertio
3185 4930 3375 5003 contra
3394 4932 3557 5003 Apol-

1967 5002 2220 5056 linarium
2251 5002 2335 5056 his
2365 5003 2526 5072 istum
2555 5002 2867 5055 haareticum
2892 5001 3184 5072 alloquitur
3217 5021 3229 5056 :
3269 5022 3287 5054 ‹
3316 5001 3555 5069 Quomo-

1967 5072 2036 5125 do
2063 5073 2227 5153 igitur
2249 5080 2326 5153 tu,
2351 5071 2435 5124 cui
2460 5084 2620 5153 super
2644 5087 2832 5153 omnes
2860 5071 3097 5153 maxime
3116 5074 3271 5127 decet
3292 5073 3555 5153 mentium

1970 5143 2226 5212 regimen,
2254 5142 2425 5203 illum,
2454 5142 2547 5209 qui
2575 5158 2642 5196 ex
2673 5142 3239 5212 Virgine96ﬂnatus
3264 5153 3365 5207 est,
3381 5143 3556 5197 Deum

1967 5227 2106 5275 esse,
2123 5218 2178 5266 et
2196 5226 2261 5264 ex
2287 5213 2395 5266 Deo
2419 5212 2933 5267 consubstantialem
2960 5212 3104 5267 Patri
3140 5214 3441 5268 existimari
3466 5213 3553 5267 di-

1968 5284 2069 5346 cis,
2099 5283 2200 5336 nisi
2230 5281 2368 5354 forte
2406 5291 2593 5354 sancto
2621 5276 3135 5354 Spirituiimputare
3165 5284 3308 5338 illius
3322 5283 3555 5354 creatio-

1969 5369 2092 5407 nem
2124 5368 2223 5406 nos
2241 5351 2439 5421 jubes?
2460 5353 2564 5407 Sed
2590 5356 2711 5421 quis
2731 5364 2814 5408 est
2834 5351 2977 5409 Deus
2990 5371 3055 5408 ex
3078 5354 3210 5417 Deo,
3241 5363 3296 5407 et
3319 5351 3554 5407 consub-

1969 5423 2235 5477 stantialis
2263 5423 2444 5477 Patri?
2473 5424 2522 5478 ls
2551 5424 2721 5486 idem,
2750 5425 2841 5492 qui
2864 5439 2933 5478 ex
2966 5424 3183 5493 Virgine
3212 5431 3370 5476 natus
3408 5429 3550 5487 erat,

1968 5510 2001 5547 ο
2034 5495 2363 5548 mirandum!
2409 5504 2463 5548 et
2505 5494 2598 5563 qui
2635 5509 2733 5564 per
2778 5492 3037 5564 Spiritum
3068 5492 3326 5546 sanctum
3358 5508 3551 5564 secun-

1970 5566 2096 5619 dum
2123 5566 2332 5619 divinas
2367 5562 2679 5633 Scripturas
2708 5562 3008 5632 plas‘matus
3031 5571 3140 5623 est,
3162 5568 3231 5633 Aet
3259 5562 3545 5633 confictio-

1968 5651 2093 5690 nem
2116 5637 2169 5690 in
2192 5636 2441 5691 muliebri
2473 5631 2681 5703 accepit
2702 5631 2921 5689 ventre?
2948 5635 3129 5703 Inerat
3150 5631 3393 5703 forsitan,
3420 5632 3550 5702 quia

1969 5723 2095 5762 mox
2123 5722 2285 5775 quam
2307 5702 2745 5776 plasmatus’est,
2796 5713 2851 5758 et
2878 5711 2939 5776 u_t
2975 5702 3229 5776 templum
3255 5702 3351 5758 Dei
3377 5711 3548 5776 esset,

1971 5773 2209 5832 accepit:
2235 5773 2344 5832 non
2386 5785 2565 5831 tamen
2595 5773 3014 5828 existimandum
3054 5773 3211 5827 nobis
3256 5782 3341 5829 est
3376 5773 3550 5829 Deum

1971 5849 2038 5904 de
2078 5842 2299 5919 Virgine
2345 5853 2531 5900 natum
2577 5859 2726 5910 esse;
2759 5844 2865 5899 nisi
2890 5842 3030 5899 forte
3060 5843 3202 5900 idem
3229 5846 3548 5904 existiman-
