4030 6358
316 367 427 424 573

971 351 1339 420 ENHUEBER
1377 361 1686 421 DlSSERT.
1728 363 1816 419 DE
1853 358 2133 421 HJEBESI
2167 365 2483 423 ELlPANDI
2517 366 2607 424 ET
2640 368 2922 427 FELICIS.

3469 366 3575 426 571

305 473 410 542 Dei
439 479 676 556 Verbum
699 471 969 556 hominem
998 479 1195 556 factum
1221 483 1495 556 exstitisse
1519 491 1572 536 et
1593 481 1891 556 apostolum
1922 483 1970 544 Α
1995 481 2280 556 coniuncta
2306 492 2389 556 est
2413 491 2635 540 naturae.
2663 485 2839 556 Quare
2868 494 2922 540 et
2947 485 3061 556 ipse
3085 499 3310 556 quoque
3327 477 3578 546 Christus

307 567 368 614 et
398 553 710 627 pontificem
739 551 1093 627 confessionis
1130 559 1352 627 postne,
1405 553 1497 606 sed
1535 555 1686 622 quasi
1718 554 1894 606 diver-

303 623 433 696 sum
470 624 780 696 quempiam
810 624 876 678 ab
921 624 1035 693 ipso
1074 623 1341 696 hominem
1379 640 1620 696 seorsum
1647 638 1680 676 c
1708 632 1892 678 sancta

306 693 536 771 Virgirie
572 705 791 759 natum,
831 701 901 771 et_
923 694 1220 763 apostolum
1270 693 1688 771 ane_poutiliceut
1732 711 1894 747 voca-

309 763 439 824 tum'
461 763 628 821 fuisse
676 766 1046 834 contendunt,
1099 773 1153 820 et
1179 763 1508 834 proficienth
1539 765 1602 817 a'l
1641 767 1741 820 hoc
1771 780 1893 820 eve-

306 849 460 894 ctum
493 853 644 904 esse;
693 852 792 890 nec
819 850 916 902 pro
957 829 1109 889 nobis
1145 829 1272 905 solis
1313 835 1656 905 semetipsum
1698 835 1806 889 Deo
1841 842 1896 889 et

301 906 460 964 Patri
488 905 812 962 Sacriﬁcium
845 906 1126 976 ,obtulisse,
1160 903 1252 960 sed
1276 908 1435 959 etiam
1465 903 1560 975 pro
1598 907 1772 976 seipse
1803 926 1812 958 :
1843 907 1894 960 id

304 981 454 1050 quod
478 993 509 1034 ιι
537 987 682 1034 recta
712 975 1088 1050 incnlpataque
1119 976 1222 1031 fide
1258 977 1477 1050 omnino
1506 975 1889 1050 est_alienum_;

350 1057 593 1105 eccatum
644 1049 788 1102 enim
831 1045 936 1101 non
987 1045 1228 1101 fecerat:
1262 1066 1279 1098 ι
1313 1047 1465 1101 Τοιιι.
1506 1045 1549 1099 V
1589 1047 1752 1101 Cone.
1787 1047 1890 1100 col.

350 1067 593 1105 t‘CCilllllTl
644 1067 788 1102 Cllllll
831 1067 936 1101 H0"
987 1067 1186 1101 IBCCI‘31
1217 1067 1228 1100 ἒ
1262 1067 1279 1098 ι
1325 1067 1465 1101 10111.
1517 1067 1541 1099 ν
1589 1067 1752 1101 [ΑΟΙΙΟ.
1787 1067 1890 1100 CUI.

302 1067 397 1177 f8.
442 1119 814 1175 Theodoretus
844 1133 974 1173 vero
1001 1118 1054 1172 in
1087 1118 1503 1186 reprehensione
1545 1119 1611 1170 ad
1642 1117 1893 1172 eumdem

303 1190 824 1245 anathematismum
872 1188 1097 1244 scribit:
1152 1207 1169 1238 (
1193 1187 1306 1241 Non
1341 1189 1392 1241 in
1425 1187 1602 1242 carnis
1644 1195 1893 1241 naturam

301 1275 470 1317 versa
497 1270 582 1316 est
621 1259 1048 1314 inconvertibilis
1087 1268 1308 1322 natura;
1342 1259 1432 1312 sed
1462 1259 1748 1312 humanam
1777 1274 1896 1313 sus-

301 1333 451 1402 Cepit
501 1340 785 1402 naturam,
832 1335 887 1384 et
915 1329 1056 1402 hanc
1085 1343 1247 1402 super
1269 1345 1580 1402 communes
1611 1330 1894 1402 pontiﬁces

300 1397 615 1466 constituit,
661 1409 719 1456 ut
761 1401 949 1454 beatus
993 1397 1192 1453 Paulus
1221 1400 1396 1466 docet,
1430 1397 1655 1454 dicens:
1709 1400 1892 1454 Omnis

296 1475 445 1526 enim
471 1471 709 1543 pontifex
732 1479 795 1523 ea:
817 1469 1110 1525 hominibus
1133 1481 1450 1543 assumptus,
1475 1478 1579 1524 etc.
1616 1490 1634 1521 ι
1667 1471 1896 1543 ςιῂιηξοί-

301 1544 446 1614 tatis
471 1537 584 1614 'per
604 1537 912 1614 f’extensum
941 1543 1119 1614 verbis
1148 1537 1406 1614 Apostoli
1425 1557 1488 1593 ex
1517 1557 1632 1610 cap.
1663 1539 1695 1594 5
1722 1537 1891 1614 Epist.

299 1616 373 1668 ad
405 1609 571 1668 Hebr.
599 1613 671 1670 ita
693 1612 874 1682 pergit
899 1654 910 1666 .
951 1630 968 1663 ι
1005 1609 1134 1677 Quis
1166 1609 1324 1682 igitur
1348 1609 1434 1664 ille
1455 1622 1553 1679 est,
1577 1609 1680 1666 etc.
1707 1627 1744 1662 ι’
1773 1611 1889 1666 Vid.

297 1699 469 1754 Supra
501 1700 650 1754 num.
683 1699 732 1736 ι.

377 1751 490 1808 XII.
535 1753 911 1825 Argumentum
945 1753 1388 1825 Nestorianorunt
1414 1769 1477 1806 ea:
1503 1769 1560 1806 eo
1590 1752 1723 1824 quod
1755 1751 1893 1825 Deus

295 1843 456 1896 uerus
483 1822 862 1896 pati'nequeut.
903 1855 972 1896 -_—
1008 1823 1233 1878 Domum
1279 1831 1333 1878 et
1380 1822 1604 1878 idcirco
1629 1822 1895 1896 negabant

293 1893 582 1950 Christum
625 1893 889 1963 quatenus
933 1893 1094 1948 homo
1144 1903 1258 1955 est,
1303 1909 1489 1948 verum
1539 1910 1658 1948 esse
1703 1893 1890 1960 Deum,

294 1967 451 2036 "quod
483 1967 717 2020 admissa
759 1963 860 2018 hac
890 1966 1184 2036 assertione
1225 1966 1334 2019 Deo
1373 1981 1467 2018 seu
1507 1965 1684 2020 Verbo
1725 1981 1894 2036 mors,

297 2035 504 2106 passio,
531 2037 743 2106 aliaque
764 2035 1076 2106 ascribeuda
1107 2037 1303 2106 forent,
1329 2051 1446 2104 qum.
1471 2043 1648 2090 tamen
1680 2035 1776 2088 soli
1803 2052 1897 2088 na-

304 2105 443 2162 tutze
467 2105 718 2162 humanm
753 2105 1120 2161 convenirent.
1156 2105 1306 2162 Unde
1341 2106 1642 2160 communis
1680 2105 1778 2158 fuit
1807 2121 1898 2160 e0-

301 2189 423 2232 rum
442 2178 736 2243 sententia,
757 2194 859 2231 non
877 2175 1112 2232 Verbum
1135 2177 1296 2238 istud,
1313 2177 1404 2231 sed
1430 2177 1600 2231 solum
1624 2176 1894 2230 hominem

303 2257 647 2320 assumptum
684 2248 992 2320 passionem
1034 2249 1219 2320 mortis
1251 2247 1301 2300 in
1337 2261 1393 2301 se
1412 2247 1770 2320 sustinuisse,
1798 2263 1896 2302 nec

297 2319 471 2374 ullum
495 2318 552 2374 in
577 2318 856 2388 Scriptura
876 2334 1161 2388 occurrere
1185 2319 1383 2382 locum,
1409 2319 1459 2371 in
1489 2334 1594 2387 quo
1619 2318 1759 2373 Deus
1781 2321 1895 2388 ipse

298 2393 570 2452 mortuus,
603 2387 820 2460 aut’pro
850 2391 1003 2444 nobis
1033 2387 1260 2443 traditus
1293 2388 1666 2460 allirmaretur.
1695 2387 1896 2460 Auctor

293 2461 429 2516 libri
460 2465 593 2516 κατὰ
622 2459 993 2521 ὶυνὸυσιάστας
1009 2459 1654 2514 constanteradversariis
1680 2461 1789 2513 suis
1815 2459 1896 2513 iu-

295 2532 582 2602 celabat,
619 2532 925 2602 passionem
955 2523 1058 2585 non
1089 2529 1291 2592 Verlo,
1329 2532 1419 2584 sed
1450 2529 1545 2583 soli
1575 2531 1756 2602 carni,
1792 2530 1894 2602 soli

297 2601 513 2658 homini
541 2599 816 2672 assumpto
846 2602 1184 2672 tribuendam
1211 2617 1356 2672 esse;
1384 2615 1613 2672 cumque
1645 2601 1730 2654 isti
1755 2599 1895 2668 obji-

295 2677 488 2729 cerent
511 2669 758 2742 prodigia
788 2673 841 2726 in
871 2681 1041 2726 morte
1069 2671 1368 2725 Salvatoris
1403 2669 1540 2725 facta
1563 2713 1575 2737 ,
1603 2681 1897 2742 quteicerte

299 2759 412 2798 non
438 2741 774 2814 evenissent,
803 2743 845 2797 si
878 2759 1044 2814 purus
1069 2745 1260 2804 homo,
1287 2749 1340 2796 et
1370 2757 1474 2814 non
1499 2743 1681 2814 ipsum
1718 2741 1896 2814 Patris

295 2813 543 2870 Verbum
573 2813 765 2870 fuisset
790 2811 1028 2883 passum,
1053 2815 1126 2867 ita
1153 2814 1293 2867 hanc
1317 2811 1670 2880 ol-jeetionem
1699 2813 1855 2866 diluit
1880 2832 1892 2866 :

301 2903 325 2937 ι
371 2884 481 2940 Sed
511 2883 557 2938 si
591 2899 720 2939 caro
761 2892 879 2940 erat
900 2926 914 2950 ,
946 2884 1151 2953 inquit,
1185 2883 1470 2944 crucilixa,
1501 2884 1769 2953 quomodo
1817 2883 1896 2938 sol

295 2958 486 3010 radios
516 2957 740 3020 avertit,
772 2963 828 3010 et
854 2956 1088 3010 tenebrae
1120 2961 1516 3023 occupaverunt
1547 2962 1743 3006 terram
1779 2969 1897 3007 om—

293 3039 460 3092 nem,
495 3033 549 3081 et
587 3034 746 3080 terra:
780 3034 958 3081 motus
992 3033 1180 3087 erant,
1211 3033 1263 3078 et
1306 3035 1471 3094 petra:
1511 3025 1894 3092 dirumpeban—

295 3103 412 3164 tur,
439 3105 494 3151 et
521 3097 717 3150 mortui
748 3097 1135 3151 surrexerunt?
1167 3093 1317 3162 Quid
1338 3095 1500 3164 igitur
1533 3093 1720 3149 (licunt
1747 3101 1801 3148 et
1833 3095 1897 3150 de

295 3167 545 3222 tenebris
575 3169 628 3222 in
658 3165 892 3239 Αἴθῃ)ιο
922 3166 1077 3221 factis
1109 3167 1533 3239 intemporibus
1562 3164 1758 3235 Moysis
1791 3183 1896 3220 non

1925 1851 1972 1925 Β

1995 549 2526 626 DayidisDomiuum
2557 563 2606 609 et
2646 549 2839 610 Filium
2877 573 2934 611 se
2965 549 3249 626 nominat}
3283 555 3452 626 Quid,
3493 557 3579 612 itt-

1994 623 2136 696 quit,
2162 625 2299 696 vobis
2330 624 2530 696 gidetur
2554 627 2616 680 de
2639 626 2882 682 Christo?
2907 627 3058 696 cujus
3083 625 3224 696 ﬁlius
3250 636 3324 681 est
3349 629 3372 681 Ρ
3395 623 3578 684 dicunt

1993 695 2040 771 ei
2065 710 2084 746 :
2102 693 2288 771 Dauid.
2325 691 2606 771 Respondit
2628 695 2802 762 Jews,
2826 707 2877 771 et
2902 691 2984 771 ait
2996 691 3100 752 illis
3121 712 3138 749 :
3159 697 3431 771 Quomodo
3445 717 3577 771 ergo

1996 763 2164 836 David
2199 763 2253 818 in
2283 763 2468 836 spiritu
2509 775 2652 819 vocnt
2693 784 2809 821 eum
2844 767 3144 836 dominum,
3176 763 3352 824 dicens
3381 784 3401 825 :
3428 763 3578 825 Diit't

1995 833 2250 888 Dominus
2281 833 2490 887 domino
2522 853 2634 888 meo
2653 878 2666 900 ,
2695 839 2814 892 sede
2844 856 2874 890 a
2906 840 3102 894 dextris
3131 833 3276 895 meis.
3311 839 3406 896 Est
3431 843 3578 898 enim

1995 904 2154 975 plane
2183 905 2322 958 filius
2349 903 2512 975 David
2553 908 2846 961 secundum
2884 924 3133 972 carnem;
3175 909 3467 967 secundent
3499 913 3580 966 di-

1998 973 2271 1051 vinitatem
2298 991 2425 1029 vero
2446 973 2683 1051 ejusdem
2705 976 2955 1051 dominus
2979 990 3078 1035 est.
3107 981 3330 1037 Rectum
3354 982 3580 1051 proinde

1995 1047 2419 1117 evangelicmque
2445 1047 2718 1101 traditioni
2741 1059 3157 1104 consentaneum
3181 1061 3284 1116 est,
3301 1047 3580 1106 ut'Christl

1995 1131 2186 1186 corpus
2211 1117 2504 1190 divinitatis
2531 1121 2788 1190 templum
2813 1135 2929 1174 esse
2945 1120 3319 1190 conﬁteantur,
3344 1121 3580 1190 illudque

1995 1203 2138 1268 nexp
2162 1203 2328 1256 usque
2350 1187 2484 1241 adeo
2507 1187 2741 1276 sublimi,
2766 1189 3055 1276 divinaque
3075 1200 3128 1245 et
3152 1187 3453 1248 admirabili
3477 1187 3580 1276 ipsi

1993 1257 2338 1330 conjunctum
2361 1299 2374 1318 ,
2409 1266 2465 1312 ut
2493 1259 2765 1324 dicamus,
2799 1257 3032 1314 divinam
3081 1269 3327 1316 naturam
3368 1278 3429 1318 ea
3474 1257 3580 1317 sibi

1996 1327 2288 1404 vindicare,
2318 1343 2438 1398 quae
2465 1331 2707 1404 corporis
2735 1331 2933 1404 alioqui
2959 1339 3084 1404 sunt
3116 1333 3350 1404 propria.
3377 1334 3580 1387 Verum

1993 1407 2215 1523 propter
2259 1400 2399 1480 hanc
2438 1402 2925 1470 appropriationem
2974 1400 3152 1455 divino
3193 1400 3370 1457 Verbo
3414 1404 3582 1457 ascri-

2031 1485 2124 1522 ere
2169 1471 2533 1523 nativitatem.
2581 1473 2920 1523 passionem.
2968 1480 3197 1523 mortem
3250 1479 3582 1523 emterasnue

2031 1485 2140 1542 ere
2169 1471 2533 1535 nativitatem,
2581 1473 2920 1540 passionem,
2968 1480 3197 1526 mortem
3250 1479 3582 1542 carterasque

1996 1541 2177 1594 carnis
2203 1542 2578 1610 proprietates,
2610 1542 2660 1595 id
2685 1543 2922 1607 demum,
2947 1543 3018 1597 mi
3044 1543 3229 1606 frater,
3256 1543 3454 1597 mentis
3476 1541 3580 1608 est,

1997 1619 2089 1664 aut
2116 1611 2454 1666 ethnicorum
2487 1628 2634 1666 more
2662 1629 2789 1667 vere
2818 1617 3081 1678 errantis,
3112 1621 3204 1666 aut
3231 1623 3378 1668 certe
3404 1613 3583 1668 insani

1993 1680 2313 1756 Apollinarii
2336 1690 2431 1756 ._et
2459 1679 2575 1736 Arii
2604 1683 2936 1756 aliorumque
2984 1683 3365 1756 luereticorum
3390 1686 3582 1756 morbo

1997 1760 2089 1822 aut
2125 1753 2286 1805 etiam
2331 1753 2438 1805 alio
2481 1755 2717 1822 graviori
2757 1753 3083 1820 laborantis,
3119 1765 3228 1810 etc.
3273 1775 3290 1807 ι
3325 1753 3480 1810 Τοιιι.
3515 1753 3584 1809 IV

1996 1821 2159 1877 Cone.
2188 1823 2289 1877 col.
2319 1824 2421 1876 8935
2443 1821 2500 1876 et
2522 1824 2609 1878 98.
2635 1825 2702 1878 Et
2732 1826 2816 1879 ali‘
2843 1827 2882 1892 i,
2911 1827 3263 1892 quaternione
3289 1825 3495 1880 scilicet
3519 1825 3585 1880 l6

1999 1895 2073 1947 ait
2115 1935 2127 1947 .
2181 1912 2197 1943 (
2237 1894 2303 1948 Et
2339 1894 2586 1957 omnino,
2635 1896 2680 1950 si
2723 1904 2889 1950 totum
2926 1894 3139 1950 Novum
3179 1897 3583 1952 Tesmmentum

1996 1964 2160 2036 simul
2188 1975 2438 2018 accurate
2468 1973 2737 2019 scrutatus
2767 1967 2952 2032 fueris,
2982 1983 3241 2036 nusquam
3270 1968 3324 2021 in
3351 1982 3414 2021 eo
3439 1983 3584 2022 mor-

1993 2037 2104 2106 tem
2141 2033 2250 2088 Deo
2279 2036 2567 2106 ascriptum
2598 2039 2924 2106 compcries;
2960 2039 3050 2092 sed
3090 2033 3172 2092 vel
3202 2037 3447 2100 Christo,
3490 2045 3583 2092 aut

1996 2105 2254 2169 Domino,
2287 2115 2378 2160 aut
2405 2105 2558 2159 Filio.
2589 2107 2681 2161 Ha:
2713 2105 2890 2163 autem
2928 2123 3088 2162 voces
3122 2109 3369 2163 Christus
3405 2115 3458 2161 et
3493 2107 3582 2161 Fi-

1995 2175 2099 2230 lius
2121 2185 2172 2230 et
2195 2175 2472 2242 Dominus,
2492 2193 2613 2232 cum
2642 2177 2924 2248 Unigenito
2953 2179 3005 2232 in
3031 2178 3314 2248 scripturis
3337 2179 3585 2232 tribuun—

1997 2252 2108 2312 tur,
2155 2255 2467 2300 naturarum
2519 2250 2744 2302 duarum
2793 2250 2996 2304 indices
3044 2251 3286 2304 existunt
3334 2267 3346 2302 :
3392 2249 3584 2303 et.ali-

1995 2317 2211 2387 quando
2249 2319 2460 2386 quidem
2504 2319 2838 2374 divinitatem
2859 2361 2873 2384 ,
2913 2335 3297 2388 nonnunquam
3323 2334 3452 2374 vero
3483 2321 3584 2374 hu-

1995 2389 2306 2461 manitatfm
2328 2431 2340 2452 ,
2375 2389 2643 2461 interdum
2675 2395 2852 2444 autem
2883 2387 3168 2461 utramque
3197 2391 3356 2461 simul
3377 2387 3581 2461 expri-

1995 2467 2184 2531 munt._
2207 2459 2446 2531 Exempli
2481 2475 2663 2526 causa,
2692 2461 2905 2531 (prande
2940 2459 3228 2530 Apostolus
3257 2459 3585 2526 Paulus’pcr

1997 2529 2276 2598 cpistolam
2302 2530 2370 2582 ita
2404 2531 2658 2597 praedicat
2690 2529 2865 2584 {Cum
2896 2529 3093 2584 inimici
3122 2549 3372 2594 essemus,
3405 2549 3585 2586 recon-

1996 2599 2159 2674 ciliati
2192 2617 2373 2674 sumus
2413 2599 2519 2674 [leo
2543 2619 2634 2674 per
2671 2611 2884 2674 mortem
2919 2599 3046 2654 Fili
3086 2604 3231 2672 ejus;
3269 2603 3433 2674 966
3463 2601 3585 2656 Filii

1997 2670 2385 2725 humanitatem
2409 2669 2551 2724 clare
2575 2671 2791 2725 iudicat.
2817 2671 2886 2724 At
2908 2689 3036 2726 vero
3058 2669 3178 2726 cum
3205 2669 3586 2727 ide'm'rbrsum

1996 2742 2061 2794 ad
2087 2739 2339 2794 Hebraeos
2359 2741 2601 2795 scribens
2621 2741 2695 2794 ait
2723 2760 2734 2793 :
2763 2741 2901 2794 Deus
2925 2743 3070 2795 nobis
3091 2741 3293 2796 locutus
3315 2751 3388 2796 est
3411 2744 3464 2797 in
3494 2741 3587 2796 Fi-

1996 2808 2199 2881 liio,per
2224 2828 2372 2881 quem
2399 2810 2519 2880 [erit
2546 2819 2594 2864 et
2615 2813 2808 2865 smcula
2827 2827 2844 2865 :
2863 2813 3194 2866 divinitatem
3220 2813 3337 2866 Filii
3365 2813 3584 2867 indicat.

1998 2880 2182 2949 Neque
2209 2880 2350 2952 enim
2383 2897 2508 2935 caro
2538 2882 2730 2936 sarcula
2757 2882 3016 2946 condidit,
3039 2893 3097 2936 ut
3127 2899 3246 2952 qua:
3277 2882 3440 2952 multa
3466 2889 3588 2952 post

1998 2951 2190 3005 szccula
2224 2951 2452 3005 formata
2481 2953 2568 3006 sit.
2597 2952 2663 3006 Et
2692 2953 2827 3006 infra
2865 2969 2876 3004 :
2909 2952 3089 3021 Neque
3121 2951 3295 3007 deitas
3325 2951 3586 3007 Jacobum

1999 3021 2223 3075 fratrem
2250 3022 2468 3086 habuit,
2507 3039 2680 3093 neque
2709 3023 2800 3076 Dei
2835 3021 2994 3093 Verbi
3036 3033 3264 3077 mortem
3294 3024 3585 3076 annuntia-

1999 3108 2138 3156 mus,
2170 3094 2292 3146 dum
2326 3107 2549 3162 torpore
2575 3092 2629 3147 et
2657 3094 2916 3162 sanguine
2940 3092 3210 3148 dominico
3235 3094 3528 3148 rellcimur.
3561 3115 3579 3146 ι

2000 3163 2154 3217 Τοιιι.
2200 3163 2267 3217 IV
2311 3163 2475 3234 Cone.
2525 3164 2626 3219 col.
2681 3165 2836 3218 ιιὲὶοϐ.
2896 3163 3032 3220 Hinc
3088 3165 3250 3218 etiam
3319 3167 3589 3234 negabant

294 3253 398 3308 per
425 3247 540 3293 tres
567 3233 866 3308 horasrsed
890 3255 985 3308 per
1006 3247 1115 3292 tres
1138 3238 1288 3291 dies?
1313 3233 1453 3304 Quid
1475 3233 1659 3290 autem
1676 3246 1896 3308 propter
1923 3235 1969 3298 C
2000 3235 2276 3308 proprium
2301 3233 2420 3308 _Dei
2464 3235 2659 3308 Filium
2707 3251 2802 3308 pro
2847 3236 3014 3308 nolis
3045 3252 3165 3290 esse
3203 3233 3455 3292 traditqu
3495 3243 3589 3308 aut

294 3305 407 3364 alia
444 3324 545 3378 per
584 3307 800 3379 Moysen
837 3305 976 3362 facta
1003 3308 1266 3379 miracula
1288 3348 1303 3373 ,
1335 3316 1390 3379 et
1427 3322 1544 3379 qua:
1579 3305 1892 3379 per’Jesum

295 3377 470 3446 Nave,
503 3380 594 3448 qui
625 3377 791 3434 solem
821 3389 965 3434 stare
995 3377 1158 3433 fecit?
1180 3380 1270 3448 qui
1298 3378 1453 3432 solet
1481 3378 1532 3431 in
1567 3378 1895 3447 temporibus

295 3449 552 3505 EZCChltB
585 3451 726 3520 regis
748 3459 803 3504 et
827 3457 1015 3506 contra
1045 3459 1292 3503 naturam
1330 3456 1665 3502 retroversus
1696 3449 1814 3502 est?
1842 3457 1896 3520 et

293 3520 367 3577 de
414 3520 596 3575 ΕΗεωί
643 3518 914 3590 reliquiis,
953 3537 1072 3590 qum
1117 3528 1392 3573 mortuum
1432 3521 1795 3573 suscitaruut?
1837 3518 1894 3590 Si

293 3592 448 3646 enim
489 3591 725 3646 Verbum
760 3585 936 3648 'Deum
970 3585 1198 3661 passum
1245 3593 1646 3661 detuonstrant,
1689 3604 1808 3661 qua:
1841 3589 1894 3643 iu

291 3675 464 3732 cruce
492 3661 636 3716 facta
665 3671 812 3727 sunt,
842 3671 896 3715 et
922 3660 1140 3732 propter
1164 3660 1435 3714 hominem
1465 3677 1569 3732 non
1584 3660 1896 3732 concedunt

293 3733 419 3788 hcce
442 3731 583 3786 facta
604 3746 752 3798 esse;
779 3731 954 3787 nonne
978 3731 1096 3802 qum
1119 3732 1170 3786 in
1197 3732 1528 3802 temporibus
1553 3731 1749 3800 Moysis
1773 3747 1896 3799 pro-

340 3814 425 3857 ter
469 3819 640 3872 genus
675 3803 946 3858 Abraham
992 3801 1169 3868 erant,
1217 3809 1269 3856 et
1307 3817 1425 3872 qua:
1468 3801 1895 3872 intemporihus

295 3870 428 3928 ilesu
459 3870 635 3939 Nave,
679 3881 733 3928 et
776 3887 893 3942 Quae
935 3874 986 3926 in
1035 3873 1278 3927 Ezechim
1314 3870 1492 3941 regis?
1521 3870 1672 3937 Quod
1723 3871 1763 3925 si
1806 3871 1892 3924 illa

293 3943 857 4015 propterludaeorum
892 3945 1142 4014 pupulum
1189 3942 1510 4015 mirabiliter
1556 3942 1692 3995 facta
1736 3951 1889 4007 sunt;

339 4011 576 4085 uo'modo
598 4031 702 4069 nou
727 4011 915 4085 magis,
941 4011 1058 4084 qua:
1081 4015 1131 4085 in
1156 4029 1314 4085 cruce
1341 4011 1656 4085 fact-.tsuut,
1675 4021 1895 4085 propter

349 4086 398 4141 ei
447 4079 612 4140 Verbi
657 4079 1016 4154 templ'umT»
1069 4083 1222 4153 Apud
1271 4081 1591 4138 Garucrinm
1644 4079 1889 4154 ιιῑεςςιί.

295 4153 623 4211 Theodorus
648 4153 782 4211 libr.
813 4156 878 4210 ad
908 4153 1264 4226 Baptizandos
1303 4157 1607 4226 passionem
1657 4153 1755 4208 soli
1797 4153 1894 4209 ho-

296 4228 437 4282 ‘mini
468 4237 746 4296 assumpto
769 4225 1187 4292 tribuit,rdicens
1219 4241 1230 4278 :
1254 4243 1287 4296 ί(
1310 4225 1396 4296 _Ut
1425 4225 1646 4296 multam
1678 4225 1893 4293 quidem

295 4294 951 4369 ejusp(hominisd_seilicet
977 4295 1270 4369 assumpti)
1303 4294 1503 4350 faceret
1538 4295 1890 4369 diligentiam,

295 4363 484 4422 omnia
514 4376 695 4422 autem
727 4363 866 4421 illius
892 4367 1110 4436 propria
1136 4363 1374 4430 faceret,
1407 4374 1459 4420 et
1487 4363 1764 4427 toleraret,
1790 4381 1894 4436 per

293 4453 494 4494 omnes
520 4453 584 4493 eo
603 4438 771 4507 ducto
801 4435 1112 4507 passiones,
1156 4451 1251 4506 per
1283 4452 1417 4506 quas
1445 4452 1566 4490 eum
1597 4435 1890 4490 secundum

293 4525 456 4580 suam
485 4505 736 4563 virttitem
774 4505 1068 4580 perfectum
1101 4505 1244 4580 fecit,
1271 4505 1370 4560 nec
1394 4507 1675 4580 amor-tuis
1704 4522 1893 4580 secun-

297 4577 432 4636 (l'um
464 4595 575 4634 sua:
603 4577 809 4633 natura:
844 4580 1017 4647 legem
1049 4579 1324 4640 recedens,
1355 4577 1448 4631 sed
1485 4593 1578 4630 sua
1606 4578 1890 4645 prazsentia

217 4699 224 4704 .
295 4660 354 4704 et
377 4655 696 4720 operatione
720 4657 774 4704 et
796 4649 968 4720 gratia
998 4649 1233 4702 liberans
1255 4649 1471 4717 quidem
1496 4663 1618 4700 eum
1643 4664 1670 4700 a
1697 4657 1889 4720 morte,

296 4729 354 4775 et
387 4718 577 4788 malis,
613 4737 731 4790 quae
759 4718 880 4775 inde
906 4731 1063 4785 sunt;
1096 4720 1426 4774 resuscitans
1457 4725 1791 4790 autemiemn
1824 4718 1893 4790 de

298 4793 536 4846 mortuis
558 4785 712 4845 et'ad
744 4790 1016 4845 meliorem
1051 4791 1211 4844 finem
1241 4790 1556 4858 perducens.
1591 4809 1606 4838 ι
1639 4789 1790 4842 Τοιιι.
1823 4785 1893 4842 IX

296 4862 470 4916 Cone.
505 4861 609 4917 col.
643 4859 767 4926 2l7,
799 4877 944 4916 num.
979 4861 1066 4914 57.
1097 4861 1160 4914 Et
1190 4861 1429 4928 apertius
1457 4873 1681 4913 numero
1705 4859 1895 4912 ima-re-

298 4933 449 4988 diate
501 4933 744 5001 sequenti
787 4951 799 4985 :
850 4952 867 4982 (
913 4932 1112 4985 Deinde
1158 4931 1483 4994 ostendens,
1527 4929 1676 4998 cujus
1722 4931 1894 5052 gratia

298 5017 497 5052 missus
514 5012 619 5052 est-
638 5003 1042 5052 diminutionem
1067 5000 1250 5052 infert.
1274 5011 1534 5052 quatenus
1557 5003 1702 5052 circa
1774 5016 1894 5052 eum

297 5017 497 5073 passus
514 5000 619 5070 est,
638 5003 1042 5058 diminutionem
1067 5000 1250 5067 infert,
1274 5011 1541 5073 quatenus
1557 5003 1702 5054 circa
1729 5000 1894 5053 Demn

301 5069 404 5144 pro
447 5069 698 5128 omnibus
740 5081 1246 5144 gustaretﬂmortem
1288 5069 1307 5125 Ξ
1343 5073 1467 5140 quia
1494 5069 1670 5124 divina
1705 5079 1896 5144 natura

299 5143 374 5199 ita
408 5144 624 5198 volente
649 5185 663 5208 ,
696 5153 943 5214 separata
983 5143 1108 5208 illa,
1140 5144 1252 5212 ipse
1289 5158 1384 5211 per
1425 5156 1481 5200 se
1520 5157 1618 5210 pro
1656 5143 1895 5214 ontrritun

299 5216 540 5270 utilitate
568 5215 803 5284 gustavit
843 5223 1098 5278 mortem;
1139 5224 1194 5267 et
1227 5213 1519 5268 ostendens
1546 5213 1684 5280 quod
1725 5213 1896 5265 deitas

299 5293 555 5357 separata
584 5286 799 5357 quidem
822 5295 938 5339 erat
963 5287 1030 5338 ab
1057 5285 1177 5347 illo,
1212 5285 1303 5357 qui
1330 5299 1518 5354 passus
1555 5291 1893 5357 cs_t_,__seeun-

303 5353 436 5411 dum
490 5353 681 5410 mortis
711 5358 1160 5425 experimentum,
1189 5353 1450 5424 quianee
1484 5353 1738 5424 possibile
1778 5359 1898 5406 erat

301 5427 453 5499 illam
503 5427 693 5499 mortis
743 5428 1172 5499 experimentum
1223 5426 1661 5499 accipere;__non
1713 5431 1891 5499 tamen

301 5497 406 5568 illi,
436 5496 530 5568 qui
557 5512 750 5568 passus
779 5493 884 5564 est,
907 5496 1154 5568 abluerat
1181 5493 1473 5568 secundum
1503 5493 1884 5568 diligentiam.)

303 5563 593 5626 Nestoriu's
617 5569 670 5622 in
695 5565 858 5623 altera
880 5567 946 5624 ad
969 5567 1228 5637 Cyrillum
1256 5563 1481 5636 epistola
1511 5563 1660 5619 num.
1693 5565 1725 5616 5
1750 5565 1892 5618 hunc

304 5637 364 5696 in
410 5639 630 5693 modum
671 5637 930 5696 disserit:
970 5655 987 5689 ι
1028 5637 1165 5693 Sunt
1205 5637 1320 5691 alia:
1349 5637 1642 5690 innumerae
1673 5643 1890 5697 senten-

306 5709 419 5775 tia3,
443 5725 562 5779 quae
591 5709 929 5764 divinitatem
951 5725 1125 5780 neque
1153 5721 1324 5778 nuper
1345 5715 1742 5780 natam,_neque
1769 5721 1893 5780 cor:

304 5767 490 5854 porcae
517 5781 884 5854 perpessionis
917 5767 1168 5854 capacem
1207 5767 1343 5845 esse,
1377 5767 1684 5832 mortalium
1711 5767 1892 5854 generi

311 5847 570 5909 testatum
614 5847 850 5918 faciunt;
898 5847 997 5907 sed
1034 5851 1204 5922 ipsam
1249 5861 1497 5916 carnem,
1539 5863 1658 5918 qua:
1699 5847 1896 5902 divinae

2000 3320 2239 3378 passum,
2265 3305 2723 3378 idquodsanctus
2748 3307 2979 3377 Cyrillus
3007 3307 3059 3360 in
3090 3308 3220 3378 ipsis
3247 3307 3592 3378 reprehendit

1997 3374 2137 3428 libro
2167 3377 2230 3430 de
2262 3375 2364 3428 tide
2393 3377 2458 3428 ad
2491 3376 2723 3444 Reginus
2761 3374 3004 3433 scribens
3039 3397 3050 3431 :
3097 3374 3123 3428 (⁷
3156 3379 3213 3432 Si
3254 3374 3394 3434 Deus
3427 3379 3591 3434 Pater

1998 3447 2271 3519 proprium
2304 3445 2514 3511 Filium,
2551 3447 2696 3500 illum
2725 3449 2898 3519 ipsum
2923 3449 3199 3514 nimirum,
3225 3451 3315 3518 qui
3347 3467 3412 3504 ex
3445 3450 3587 3506 illius

1993 3517 2298 3591 ‘substantia
2327 3526 2477 3570 ortus
2503 3526 2603 3591 est,
2638 3517 2912 3591 probabis
2939 3521 3188 3585 (latravit;
3227 3517 3356 3590 ergo
3393 3537 3588 3591 corpus

1999 3588 2140 3661 quod
2180 3595 2405 3641 mortem
2437 3589 2690 3642 sustinuit
2736 3590 3012 3661 proprlum
3049 3591 3188 3644 illius
3217 3588 3356 3658 erat,
3382 3593 3471 3660 qui
3491 3588 3576 3646 'se-

1995 3658 2476 3732 ‘cunduurcarnem
2515 3675 2706 3728 passus
2737 3658 2852 3716 est:
2885 3659 3038 3732 (Nam
3073 3662 3368 3716 secundum
3395 3658 3576 3717 divini-

2001 3729 2420 3802 tatisrationcm
2453 3733 2558 3802 pati
2602 3747 2706 3785 non
2750 3729 3006 3802 poterat.)
3043 3733 3118 3786 lta
3157 3733 3334 3798 enim,
3377 3733 3467 3802 qui
3506 3749 3588 3788 se-

2001 3799 2233 3853 cundum
2275 3815 2332 3854 se
2371 3800 2488 3874 pati
2519 3803 2734 3874 nequit,
2751 3799 3158 3874 dispensatorie
3199 3799 3428 3874 mortem
3468 3820 3587 3874 per-

1999 3878 2330 3942 pessuscst.
2371 3869 2725 3942 Proiude'qui
2769 3869 2931 3926 unum
2976 3873 3026 3926 in
3065 3874 3198 3927 duos
3240 3869 3586 3942 dispertiunt,

2001 3950 2183 4013 aperte
2208 3941 2496 4010 impietatis
2519 3943 2745 3996 crimine
2769 3958 2887 3998 sese
2906 3945 3282 4013 constringunt
3307 3941 3589 4012 {quando-’-

2001 4011 2224 4083 quidem
2249 4013 2292 4065 si
2319 4019 2401 4065 est
2430 4013 2589 4066 homo
2622 4030 2718 4083 per
2753 4030 2809 4067 se
2851 4021 2904 4068 et
2936 4011 3229 4067 secundum
3261 4028 3319 4068 se
3351 4011 3584 4083 divisim,

1999 4092 2182 4152 etnon
2215 4081 2501 4152 ipsummet
2537 4081 2637 4139 Dei
2663 4085 2893 4138 Verbum
2929 4099 3092 4138 carne
3132 4085 3398 4150 indutum,
3429 4081 3588 4138 Pater

1998 4151 2274 4223 proprium
2303 4168 2400 4222 pro
2431 4153 2586 4208 nobis
2615 4153 2807 4208 Filiqu
2846 4155 3056 4210 dedisse
3101 4171 3204 4209 non
3239 4155 3526 4210 invenitur.
3563 4175 3582 4207 ι

2001 4223 2153 4277 Τοιιι.
2185 4223 2248 4278 lV
2278 4225 2442 4278 Cone.
2476 4223 2576 4278 col.
2609 4226 2732 4278 ΠΟ.
2758 4227 2926 4291 Quem
2956 4227 3173 4295 insuper
3195 4239 3434 4280 errorem
3459 4240 3588 4280 ana-

2001 4295 2348 4367 thematismg
2371 4295 2685 4367 duodecimo
2719 4295 2801 4351 his
2825 4295 3124 4367 insequitur
3155 4313 3168 4350 :
3205 4313 3222 4346 ι
3255 4297 3309 4351 Si
3339 4297 3460 4366 quis
3482 4312 3589 4352 non

2002 4365 2290 4418 conﬁtetur
2321 4364 2414 4417 Dei
2447 4366 2681 4420 Verbum
2729 4379 2892 4421 carne
2930 4364 3149 4438 passum
3181 4371 3235 4421 et
3262 4364 3582 4423 cruciﬁxum

2001 4451 2141 4510 esse,
2174 4444 2508 4510 mortemque
2551 4451 2713 4510 carne
2742 4447 3019 4508 gustasse;
3049 4453 3149 4492 nec
3183 4453 3296 4510 non
3318 4439 3589 4510 primoge-

2001 4508 2172 4578 pitum
2199 4523 2263 4559 ex
2293 4507 2518 4578 mortuis
2549 4506 2920 4572 factumesse,
2948 4519 3216 4578 quatenus
3248 4506 3588 4563 nimirn'm'ut

2003 4577 2144 4646 Deus
2179 4578 2286 4630 vita
2326 4589 2379 4632 et
2411 4577 2690 4632 viviﬁcaris
2729 4588 2836 4644 est,
2872 4577 3159 4647 anathema
3199 4581 3286 4634 sit.
3329 4599 3346 4630 ι
3381 4578 3587 4647 Quibus

1998 4647 2070 4704 ita
2097 4664 2320 4703 erronee
2351 4651 2628 4717 responlit
2658 4646 3024 4704 'l‘beodorétus
3051 4667 3062 4702 :
3100 4670 3117 4700 (
3148 4646 3432 4705 Passiones
3462 4657 3588 4704 sunt

1998 4720 2227 4791 propria:
2251 4719 2520 4788 passibilis
2548 4738 2560 4772 :
2586 4720 2933 4789 itnpassibilis
2955 4722 3096 4791 enim
3119 4721 3280 4775 altior
3299 4731 3404 4786 est,
3423 4731 3586 4791 quam

2000 4797 2058 4843 ut
2087 4790 2194 4859 pati
2232 4791 2399 4859 possit
2425 4810 2444 4860 ς
2478 4806 2644 4858 quare
2672 4807 2829 4860 passa
2862 4799 2943 4844 est
2976 4790 3146 4844 forma
3189 4791 3370 4860 servi:
3402 4790 3585 4846 adhae-

2001 4869 2153 4915 rente
2178 4863 2386 4916 scilicet
2413 4859 2582 4933 forma
2613 4859 2738 4926 Dei,
2772 4871 2825 4915 et
2849 4863 3191 4931 p::~rmittente
3226 4863 3336 4931 pati
3362 4872 3586 4933 propter

2001 4933 2232 4986 salutem
2252 4932 2592 5002 passionibus
2619 4940 2852 5001 partam,
2879 4941 3097 5002 propter
3123 4932 3375 4987 unionem
3405 4932 3586 5002 autem

2002 5001 2307 5056 vindicante
2337 5001 2435 5055 sibi
2459 5001 2752 5071 passiones.
2784 5001 2947 5072 Igitur
2970 5020 3072 5056 non
3095 5013 3176 5058 est
3201 5003 3469 5068 Christus,
3493 5001 3587 5073 qui

2042 5083 2318 5144 assusirst.
2353 5073 2442 5126 sed
2483 5073 2641 5144 homo
2665 5088 2731 5128 ex
2761 5075 2914 5128 nobis
2936 5088 2966 5127 a
2998 5076 3165 5129 verbo
3193 5084 3519 5144 assumptus.
3558 5092 3580 5126 ι

2042 5090 2192 5125 assus
2219 5090 2318 5132 ese
2353 5090 2442 5126 seu
2485 5090 2641 5126 nomo
2665 5090 2704 5128 e:

1999 5090 2154 5196 1ἐοιϊι.
2189 5143 2232 5195 V
2255 5143 2418 5196 Cone.
2451 5143 2551 5196 col.
2584 5141 2704 5198 158.

2073 5212 2204 5266 Xlll.
2247 5211 2515 5285 Christus,
2551 5231 2656 5285 qua
2691 5215 2876 5281 homo,
2915 5215 2969 5269 in
3015 5231 3171 5270 sensu
3206 5229 3444 5285 perverso
3487 5211 3586 5266 Dei

1997 5299 2174 5337 serrns
2211 5283 2494 5336 secundum
2538 5283 2903 5338 Nestorianos.
2943 5316 3015 5325 —
3051 5283 3383 5348 Cum-vero,
3421 5291 3482 5338 ut
3516 5299 3584 5338 ex

1997 5354 2274 5422 hucusque
2299 5353 2456 5407 dictis
2487 5353 2684 5423 liquet,
2714 5355 2986 5410 Christum
3007 5396 3022 5420 ,
3053 5364 3104 5408 ut
3142 5355 3431 5417 hominem,
3471 5351 3585 5408 sola

1999 5425 2281 5493 adoptione
2303 5423 2493 5490 lilium,
2521 5425 2630 5478 sola
2655 5425 3087 5480 denominatioue
3103 5423 3268 5477 Deum
3289 5439 3408 5479 esse
3437 5424 3587 5478 dixe-

1999 5495 2111 5548 rint
2137 5493 2436 5565 Nestor-iani
2455 5536 2469 5558 ,
2506 5495 2702 5548 mirum
2734 5513 2837 5550 non
2866 5505 2948 5550 est
2996 5495 3139 5565 ipsos
3165 5496 3325 5549 etiam
3354 5495 3586 5565 scrvitu_-_-

2003 5572 2110 5619 tem
2141 5581 2237 5636 per
2269 5564 2576 5635 Scripturas
2603 5565 2740 5620 Filio
2763 5568 2948 5636 divino
2975 5561 3115 5635 sirpe
3138 5565 3452 5620 attributam
3485 5561 3583 5620 soli

2001 5635 2215 5690 rursum
2244 5646 2449 5690 natura:
2475 5637 2720 5690 humana:
2751 5635 2942 5693 fecisse
2962 5637 3256 5706 propriam,
3283 5636 3587 5706 Christum-

2001 5723 2133 5777 que,
2178 5708 2230 5760 in
2265 5715 2536 5777 quantum
2564 5707 2723 5761 homo
2761 5715 2874 5772 est,
2925 5705 3138 5761 servum
3185 5717 3425 5777 vocasse.
3467 5705 3584 5760 Non

2001 5769 2238 5848 obs'eure
2275 5769 2545 5848 idideolligi
2581 5779 2794 5840 videtur
2828 5769 2895 5830 ex
2942 5777 3037 5842 iis,
3059 5775 3496 5848 iquzeiNestorius
3527 5777 3581 5848 in

1999 5849 2165 5904 verba
2220 5847 2373 5904 Pauli
2413 5845 2480 5902 ad
2499 5845 2891 5918 “Philippenses
2931 5861 3002 5918 ιι²
3055 5845 3108 5904 δί
3157 5847 3274 5906 Hoc
3311 5849 3474 5919 sapite
3524 5846 3580 5900 in
