4030 6358
458 318 565 375 575

452 509 571 572 his,
602 498 745 577 quod
773 518 827 560 et
858 498 913 560 iii
944 506 1121 577 Verbo
1156 504 1293 567 Deo,
1323 502 1466 577 quod
1495 518 1616 577 eum
1650 501 1702 553 in
1733 499 1903 577 foruia
1931 498 2041 577 _Dei

453 568 637 643 esset,
670 577 922 632 servilem
960 576 1186 629 formam
1229 568 1436 642 accepit
1466 591 1477 626 :
1508 572 1600 626 sed
1640 586 1771 625 voce
1808 568 2039 643 AChristi,

452 640 711 718 tanquam
752 647 1032 718 utriusque
1074 653 1279 718 natura:
1326 640 1598 718 notionem
1637 640 2042 718 geompleetente

452 711 706 789 accepta,
749 718 865 772 sine
902 711 1141 789 periculo
1172 715 1318 768 illum
1358 722 1412 789 et
1453 713 1600 789 servi
1633 711 1859 765 formam
1883 726 2043 789 _sun_1-

449 781 625 862 psisse
656 781 949 862 asseverat,
981 796 1037 841 et
1064 785 1517 862 De_um_nominat,
1550 782 1814 862 dictorum
1845 782 1952 862 vnim
1987 781 2041 835 in

452 852 772 934 haturarum
794 859 1107 934 dualitatem
1131 856 1390 934 inoliense
1411 864 1668 934 partiens:
1702 873 1719 904 ι
1743 852 2043 934 Conﬁrma-

451 941 540 986 tur
572 931 622 985 id
646 947 711 986 ex
742 929 1197 985 anathematismo
1225 927 1258 981 6
1288 927 1456 982 sancti
1487 924 1670 994 Cyrilli
1691 964 1705 986 ,
1734 924 1823 991 qui
1852 924 1927 975 ita
1956 938 2042 994 εοτ

449 1012 546 1055 nat
577 1020 588 1054 :
622 1020 640 1051 ι
685 1001 741 1055 Si
779 1001 899 1070 quis
936 1001 1030 1054 Dei
1072 999 1245 1070 Patris
1273 999 1508 1070 Verbum
1534 992 1734 1070 Christi
1761 992 2039 1070 De_um_vel

449 1071 738 1144 Dominum
768 1063 888 1126 esse
911 1069 1144 1144 dixerit,
1172 1078 1227 1144 et
1254 1084 1358 1122 non
1389 1067 1571 1144 potius
1606 1066 1769 1117 Deum
1800 1063 1957 1144 simul
1986 1072 2042 1117 et

448 1143 725 1197 hominem
765 1142 1016 1196 eumdem
1064 1138 1342 1193 confessus
1382 1134 1575 1200 fuerit,
1614 1144 1879 1203 quatenus
1910 1134 2041 1188 Ver-

447 1212 575 1285 bum
599 1227 727 1285 caro
738 1211 943 1285 factum
963 1219 1067 1285 est,
1086 1210 1380 1285 secundum
1402 1208 1730 1285 scripturas,
1750 1204 2039 1285 anathema

446 1284 537 1339 sit.
575 1302 593 1334 ι
628 1282 863 1338 Verbum
904 1283 1069 1351 igitur
1105 1280 1282 1335 Patris
1318 1275 1621 1351 Dominum
1644 1275 1903 1351 assumpti
1944 1275 2040 1328 ho-

446 1354 643 1427 minis,
678 1354 820 1427 hunc
850 1344 979 1427 vein
1009 1352 1392 1427 illius__serv_um
1422 1362 1541 1427 esse
1571 1344 2041 1427 dicebantl‘lestof

448 1425 589 1478 riani
612 1416 639 1489 ,ν
668 1423 821 1492 cujus
857 1423 1087 1492 formam
1129 1421 1230 1476 sibi
1274 1419 1439 1474 Filius
1472 1426 1707 1492 aeternus
1749 1416 1951 1492 u_nivi_t_,
1983 1424 2041 1470 et

443 1487 702 1557 uniendo,
731 1487 831 1549 seu
857 1495 910 1548 in
948 1494 1038 1548 illa
1068 1491 1243 1546 forma
1268 1490 1582 1552 habitando,
1610 1497 1669 1541 ut
1693 1487 1791 1555 ipsi
1821 1487 2038 1555 quidem
2064 1503 2077 1517 δ

445 1566 861 1626 existimabant.
903 1565 1252 1634 semetipsum
1281 1560 1606 1634 exinanivit,
1641 1558 1716 1634 uti
1747 1557 1923 1634 deﬂuo
1952 1573 2039 1634 re-

445 1635 555 1690 fert
582 1644 801 1690 sanctus
814 1635 1045 1705 Cyrillus
1070 1627 1121 1689 in
1141 1632 1458 1705 epistolaad
1488 1630 1774 1705 Monachos
1793 1627 2035 1705 @gypti,

442 1721 594 1760 num.
625 1706 689 1759 M
713 1715 840 1760 tom.
858 1699 935 1760 Ἰν
960 1699 1266 1770 Conc.,col.
1294 1703 1417 1766 602,
1444 1702 1691 1771 inquiens
1715 1717 1727 1752 :
1750 1718 1768 1749 ι
1798 1699 2037 1771 Respon-

1302 314 1364 367 B.
1406 314 1467 367 F.
1509 310 1731 367 ALBINI
1773 309 1904 365 SEU
1942 308 2217 366 ALCUINI
2254 306 2537 365 OPERUM
2576 307 2755 364 PARS
2790 306 2877 363 Ill.

457 438 620 501 vobis,
650 443 753 490 etc.
786 433 1003 505 scripsit
1032 448 1045 487 :
1091 450 1110 483 ‹
1143 432 1260 505 Non
1292 432 1425 487 dixit
1450 450 1467 505 _:
1501 430 1611 484 [loc
1646 430 1817 505 sapite
1856 427 1908 481 in
1944 442 2040 505 vo:
2068 434 2113 491 Α
2141 426 2414 505 lubentius
2430 426 2767 505 adoptarunt,

3624 303 3730 358 576

2824 440 2893 480 uo
2912 424 3153 481 securius
3173 424 3472 494 fortiusque
3490 424 3731 493 Apponi-

2142 442 2414 482 iunennus
2430 442 2767 495 aaoptaruni,
2824 442 2893 480 uo
2912 442 3153 481 securius
3173 442 3472 494 [ornusque
3490 442 3731 493 Apponi-

2142 502 2469 553 narlstarum
2504 498 2733 566 impetus
2763 442 2866 551 iiiis
2894 497 3111 566 reprimi
3148 496 3249 551 sibi
3279 496 3376 551 visi
3405 503 3552 550 sunt.
3577 494 3733 553 Licet

2140 568 2284 623 enim
2305 568 2418 635 jam
2445 570 2825 622 antecedenter
2849 569 2901 623 in
2924 582 3100 637 pugna
3127 569 3384 622 adversus
3407 566 3642 621 Arianos
3662 567 3731 620 ad

2141 638 2345 694 similes
2370 636 2512 692 inter
2533 638 2768 692 divinam
2790 636 3191 707 humanamque
3217 638 3592 692 distinctiones
3613 637 3734 706 qui-

2140 709 2265 763 dam
2286 709 2485 777 delapsi
2510 717 2708 773 essent,
2736 709 3031 777 proximius
3053 718 3233 764 tamen
3255 716 3368 763 tum
3395 716 3515 762 erat
3539 718 3732 763 contra

2142 778 2491 851 Synusiastas
2531 779 2584 832 in
2622 779 2741 851 sinu
2774 779 3099 849 Apollinaris
3137 791 3291 834 natos
3333 788 3643 844 certamen;
3679 786 3736 851 et

2140 849 2266 905 cum
2302 850 2387 905 isti
2431 864 2648 903 carnem
2682 850 2857 904 Verbo
2892 851 3403 905 consubstantialem
3446 865 3568 905 esse
3616 849 3732 903 vcl-

2138 920 2279 982 lent,
2313 928 2627 974 naturarum
2656 919 2777 974 inde
2805 920 3174 976 confusionem
3208 922 3554 985 inducentes,
3584 921 3733 974 omni

2139 1000 2578 1062 argumentorum
2600 990 2652 1062 vi
2681 990 2892 1045 illarum
2919 992 3223 1047 dill'ereutia
3247 992 3410 1045 etiam
3432 1001 3555 1060 post
3577 991 3736 1044 unio-

2138 1060 2261 1117 nein
2295 1060 2679 1132 prepugnanda
2711 1070 2849 1132 erat.
2893 1063 2960 1116 Et
3004 1062 3107 1117 fuit
3147 1062 3194 1117 is
3232 1063 3395 1118 etiam
3426 1062 3736 1132 pnecipuus

2138 1131 2462 1203 scriptorum
2481 1173 2494 1195 ,
2530 1146 2665 1203 quos
2689 1131 2851 1203 967
2878 1133 2929 1187 in
2954 1132 3185 1187 decursu
3216 1134 3375 1203 hujus
3404 1131 3734 1203 paragraphi

2137 1217 2169 1274 e
2199 1212 2339 1257 ccetu
2374 1202 2813 1274 Nestorianorum
2861 1204 3178 1268 citavimus,
3220 1202 3447 1274 scepus,
3485 1202 3736 1274 quamvis

2138 1272 2352 1358 incaute
2388 1272 2855 1358 jaculandopltra
2881 1290 3020 1358 eum
3061 1272 3331 1358 progressi
3371 1272 3737 1358 sint.;Auctor

2136 1342 2260 1416 libri
2294 1353 2481 1416 contra
2506 1342 2853 1416 Synusiastas
2881 1345 2932 1416 id
2973 1342 3106 1400 satis
3143 1342 3330 1416 aperte
3370 1346 3572 1407 innuit,
3603 1345 3734 1416 dum

2137 1414 2257 1469 loco
2280 1415 2474 1484 sepius
2496 1414 2662 1468 citato
2685 1414 2759 1468 ait
2789 1424 2803 1467 :
2840 1433 2857 1465 ι
2897 1415 2952 1470 Si
2979 1417 3102 1484 quis
3127 1414 3257 1471 velit
3285 1417 3504 1470 abusive
3535 1415 3734 1470 Filium

2138 1485 2235 1539 Dci
2282 1484 2449 1538 Deum
2497 1484 2733 1539 Verbum
2777 1485 2946 1540 ﬁlium
2989 1484 3157 1542 David
3194 1488 3474 1542 nominare
3509 1494 3738 1555 propter

2138 1554 2234 1611 Dei
2259 1555 2418 1611 Verbi
2452 1555 2741 1625 templum,
2771 1557 2915 1625 quod
2942 1572 3006 1611 ex
3046 1557 3212 1611 David
3242 1566 3345 1622 est,
3377 1554 3650 1617 nominet;
3682 1564 3737 1609 et

2140 1627 2322 1691 illum,
2354 1626 2446 1697 qui
2477 1635 2559 1681 est
2601 1641 2667 1698 ex
2711 1626 2917 1681 semine
2942 1627 3111 1698 David
3135 1668 3149 1692 ,
3179 1626 3376 1682 Filium
3409 1628 3502 1682 Dei
3535 1628 3738 1698 gratia,

2138 1713 2245 1751 non
2270 1696 2462 1781 natura
2493 1696 2754 1781 appellet,
2787 1697 3061 1753 naturales
3096 1708 3279 1767 patres
3308 1715 3413 1753 non
3442 1696 3737 1781 ignorans,

446 1777 574 1831 deat
603 1776 771 1841 illum,
797 1777 888 1847 qui
918 1785 1110 1830 natura
1137 1768 1202 1829 ac
1248 1789 1376 1830 vere
1399 1768 1566 1827 Filius
1591 1780 1692 1835 est,
1721 1779 1776 1824 et
1797 1768 1952 1835 liber,
1982 1778 2038 1825 et
2068 1782 2114 1843 Β
2142 1783 2316 1838 neque
2340 1769 2582 1823 ordinem
2606 1768 2925 1823 subvertens
2943 1809 2957 1833 ,
2987 1784 3163 1847 neque
3190 1785 3333 1831 eum,
3363 1771 3453 1839 qui
3481 1768 3743 1893 incursu;

446 1843 622 1893 Patris
648 1849 882 1893 Verbum
908 1856 1046 1893 erat-
1078 1854 1131 1893 et
1167 1846 1218 1893 in
1252 1844 1523 1893 Genitoris
1552 1843 1721 1893 forma
1748 1841 2033 1893 existebat.
2142 1839 2274 1893 ralis
2298 1847 2401 1893 εει.
2430 1838 2593 1892 ctiam
2616 1852 2813 1893 cornus
2839 1840 3041 1893 dicens.
3068 1852 3121 1893 et
3143 1850 3268 1893 ante
3293 1840 3485 1893 smcula
3512 1855 3579 1893 ex

442 1843 622 1901 Patris
648 1841 883 1901 Verbum
908 1856 1046 1911 erat,
1078 1854 1131 1901 et
1166 1846 1219 1900 in
1252 1844 1523 1900 Genitoris
1550 1843 1721 1898 forma
1748 1841 2033 1906 existebat,

444 1932 509 1973 ac
537 1918 584 1988 ei
610 1918 831 1988 :equalis
854 1929 994 1983 erat,
1023 1919 1074 1972 in
1100 1917 1337 1979 homine,
1369 1931 1527 1988 quem
1555 1913 1830 1988 mulierin
1861 1913 2035 1988 lucem

442 1987 633 2069 edidit,
649 1983 1032 2070 inhabitasse;
1071 1997 1237 2070 atque
1264 1983 1940 2070 huc—tendere.,pqu’idquid
1972 1984 2039 2039 de

441 2059 833 2125 exinanitionc,
863 2060 948 2114 vel
974 2053 1365 2121 humiliatione,
1392 2055 1474 2111 vel
1498 2055 1710 2110 servilis
1740 2053 1925 2108 l‘ormze
1952 2070 2039 2108 as-

441 2130 750 2198 sumptione
772 2146 998 2198 usquam
1025 2131 1275 2184 traditur.
1303 2127 1409 2182 Sed
1436 2128 1570 2181 hcus
1591 2135 1668 2189 tu,
1691 2126 1935 2198 quisquis
1954 2141 2034 2198 es,

441 2196 634 2254 eamne
659 2209 772 2255 tute
795 2196 964 2254 solam
990 2199 1151 2253 divini
1180 2198 1342 2253 Verbi
1369 2199 1420 2251 in
1444 2198 1661 2251 homine
1689 2196 2038 2250 inhabitatio—

439 2284 565 2323 nem
615 2270 683 2323 ad
734 2271 1074 2324 statuendam
1127 2269 1270 2322 illam
1319 2268 1740 2321 exinanitionem
1786 2273 1871 2319 sat
1917 2280 2037 2322 esse

439 2338 759 2409 existimas?
789 2340 1029 2409 nihilque
1065 2340 1239 2393 inesse
1264 2338 1487 2409 periculi
1516 2337 1829 2409 arbitraris,
1856 2336 1901 2390 si
1928 2352 2035 2390 una

440 2404 545 2475 hac
574 2410 787 2464 ratione
815 2404 1050 2464 Verbum
1078 2404 1328 2463 servilem
1359 2407 1589 2462 formam
1613 2406 1935 2475 suscepisse,
1961 2415 2038 2461 ta-

441 2474 658 2549 lgmque
687 2481 1077 2535 humiliationis
1105 2480 1321 2534 modum
1357 2478 1643 2549 pertulisse
1677 2474 1976 2549 statuatur?
2008 2495 2029 2529 ι

440 2544 512 2619 Et
533 2544 681 2602 num.
715 2551 781 2605 15
807 2551 1045 2619 ejusdem
1078 2550 1316 2619 epistolae
1352 2544 1538 2602 narrat
1581 2548 1745 2603 fuisse
1774 2547 2033 2617 quosdam

439 2615 586 2673 inter
614 2615 849 2677 Nestorii
889 2615 1153 2683 asseclas,
1187 2622 1278 2690 qui
1321 2622 1459 2674 hanc
1486 2615 1906 2690 exinanitionem
1942 2626 2035 2690 aut

437 2690 656 2762 servilis
684 2691 871 2746 forma:
894 2689 1316 2762 assumptionem
1339 2706 1443 2744 non
1469 2690 1566 2760 ipsi
1597 2689 1792 2762 Verbo,
1818 2689 1911 2743 sed
1934 2689 2033 2743 soli

438 2755 680 2823 homini,
714 2778 871 2831 quem
898 2755 1133 2817 Verbum
1162 2762 1263 2817 sibi
1295 2755 1537 2825 unicrai,
1567 2761 1926 2831 ascriberent;
1965 2773 2033 2814 ex

440 2844 551 2913 quo
578 2902 588 2912 _
616 2830 885 2902 colligitur
930 2833 1050 2913 illos
1097 2833 1346 2913 equidem
1394 2832 1448 2886 in
1500 2831 1830 2913 exponendis
1882 2830 2032 2912 Pauli

435 2901 621 2957 verbis
650 2901 762 2973 prof
778 2919 928 2958 more
977 2901 1353 2959 haereticorum
1395 2918 1501 2956 non
1524 2901 1673 2973 nihil
1702 2903 1770 2956 ab
1804 2902 2033 2956 invicem

434 2970 762 3039 recessisse;
802 2976 855 3028 in
888 2975 989 3029 hoc
1026 2983 1205 3029 tamen
1242 2973 1475 3027 maxime
1513 2970 1677 3026 fuisse
1712 2974 2028 3035 concordes,

435 3044 583 3111 quod
611 3042 920 3109 Christum,
952 3053 1011 3098 ut
1035 3046 1341 3107 hominem,
1370 3058 1557 3097 verum
1590 3042 1783 3101 Patris,
1814 3043 1944 3111 quin
1977 3050 2034 3097 et

436 3110 609 3185 ipsius
644 3114 805 3185 verbi
854 3116 1209 3185 assumptoris
1250 3129 1466 3185 servum
1500 3112 1664 3185 fuisse
1698 3110 2031 3167 arbitraren-

439 3188 547 3234 tur.
578 3182 875 3239 Audiamus
903 3182 1131 3254 desuper
1166 3186 1341 3239 adhuc
1382 3183 1777 3254 Thcodoretum
1798 3224 1813 3248 ,
1856 3184 1947 3252 qui
1979 3184 2032 3237 in

437 3255 859 3320 reprehensione
887 3253 1321 3309 anathematismi
1344 3253 1502 3307 modo
1524 3254 1755 3320 primum
1784 3254 1935 3307 citati
1959 3254 2032 3308 ita

441 3322 801 3378 ratiocinatur
831 3343 843 3378 ε
880 3343 897 3374 ι
929 3326 1125 3379 Beatus
1153 3326 1368 3393 quidem
1399 3322 1600 3379 Paulus
1620 3365 1635 3388 ,
1664 3325 1806 3393 quod
1830 3338 2035 3378 assum-

439 3400 593 3464 ptum
625 3403 707 3449 est
740 3410 767 3448 a
800 3396 909 3450 Deo
945 3396 1142 3461 Verbo,
1173 3396 1404 3449 formam
1435 3395 1573 3448 servi
1598 3394 1829 3464 appellat
1862 3412 1873 3447 :
1903 3410 2035 3463 quo-

441 3463 588 3536 niam
620 3481 748 3520 vero
774 3467 1026 3521 unionem
1067 3467 1363 3536 assumptio
1392 3463 1701 3536 praecessit,
1734 3466 1799 3519 de
1815 3480 2035 3536 assum—

442 3534 630 3602 ptione
657 3545 836 3591 autem
864 3538 1134 3592 disserens
1158 3534 1300 3592 idem
1328 3537 1514 3590 beatus
1542 3534 1771 3600 Paulus,
1803 3534 2033 3590 formam

442 3605 585 3657 servi
626 3607 911 3676 appellavit
940 3616 1190 3662 naturam
1231 3615 1594 3675 assumptam;
1627 3622 1732 3661 non
1771 3606 1911 3676 ultra
1950 3606 2033 3660 lo-

441 3688 568 3727 cum
613 3675 777 3731 habet
824 3680 1020 3732 unione
1063 3678 1207 3732 facta
1256 3677 1530 3732 servitutis
1558 3693 1771 3731 nomen.
1815 3675 1947 3729 Nam
1986 3677 2034 3732 si

442 3741 585 3797 idem
624 3745 911 3815 Apostolus
951 3748 1195 3803 scribens
1235 3749 1317 3803 bis
1377 3748 1465 3816 qui
1512 3748 1564 3800 in
1604 3748 1750 3801 illum
1791 3748 2033 3802 credide-

438 3822 585 3889 ran_t,
614 3817 872 3889 dicebat;
908 3818 1093 3889 Itaque
1105 3819 1223 3889 jam
1247 3836 1351 3872 non
1375 3827 1450 3871 est
1477 3834 1674 3889 scrrus,
1701 3818 1789 3870 sed
1816 3816 1989 3872 Filius
2012 3832 2030 3871 :

437 3891 495 3936 et
522 3884 786 3957 Dominus
823 3884 1153 3957 discipulis:
1190 3888 1316 3942 Iam
1361 3906 1462 3941 non
1500 3888 1670 3941 dicam
1709 3905 1797 3941 vos
1836 3905 2031 3955 servos,

436 3954 530 4007 sed
570 3959 800 4022 amicas;
843 3954 1010 4013 multo
1053 3960 1224 4030 magis
1273 3958 1524 4028 primitize
1570 3966 1765 4013 nostrm
1803 3954 2029 4025 natum,

435 4038 537 4093 per
561 4041 721 4100 quem
746 4038 800 4084 et
825 4046 923 4084 nos
949 4031 1253 4100 adoptionis
1276 4031 1472 4083 donum
1504 4030 1736 4100 assecuti
1768 4045 1971 4100 sumus,
2000 4046 2030 4085 a

434 4098 577 4150 servi
607 4098 1071 4168 cognominatione
1101 4101 1359 4154 liberatus
1379 4107 1478 4154 est.
1507 4099 1671 4153 Deum
1700 4100 1863 4170 igitur
1900 4099 2033 4155 fate-

433 4181 559 4241 mur
580 4170 744 4223 etiam
771 4170 939 4239 ipsam
958 4170 1371 4241 serv'Llormam,
1388 4178 1441 4224 et
1462 4170 1730 4241 credimus
1751 4170 2031 4239 Pmphela:

433 4237 600 4289 etiam
644 4237 867 4308 puerum
916 4237 1319 4296 Emmanuelem
1369 4239 1694 4311 appellanti.
1744 4250 1799 4294 et
1844 4237 2029 4295 natum

432 4321 663 4381 puerum
700 4312 897 4381 magni
946 4313 1153 4366 consilii
1202 4311 1487 4381 angelum,
1540 4326 1604 4366 ac
1657 4311 2028 4367 admirabilem

435 4377 836 4444 consiliarium;
866 4390 921 4436 et
946 4383 1110 4435 Deum
1140 4377 1354 4445 fortem,
1387 4392 1442 4436 et
1471 4388 1790 4450 potestatem
1818 4383 1993 4437 haben
2012 4412 2026 4423 -

433 4454 543 4521 tein
566 4487 581 4512 ,
625 4457 681 4503 et
720 4450 1031 4521 principem
1058 4453 1235 4521 pacis;
1268 4460 1586 4519 patremque
1624 4451 1788 4505 futuri
1820 4454 2019 4507 seaculi.

2142 1839 2274 1893 ralis
2298 1847 2401 1903 εει,
2430 1838 2593 1892 ctiam
2616 1852 2813 1908 corpus
2839 1840 3041 1903 dicen's,
3068 1838 3121 1895 et
3143 1850 3268 1894 ante
3293 1838 3485 1895 smeula
3512 1855 3579 1894 ex

2140 1917 2196 1982 et
2229 1925 2297 1965 ex
2328 1908 2513 1963 David.
2553 1908 2760 1982 Corpus
2802 1926 2907 1964 non
2946 1920 3028 1966 est
3063 1911 3435 1982 incorporale;
3469 1911 3612 1980 quod
3654 1918 3744 1982 est

2142 1980 2414 2044 deorsum,
2443 1994 2547 2034 non
2578 1988 2664 2034 est
2702 1981 2767 2035 de
2797 1997 3040 2045 sursum;
3073 1980 3330 2049 quod—cst
3368 1991 3491 2036 ante
3518 1981 3743 2045 smcula,

2140 2067 2246 2106 non
2273 2059 2355 2123 est
2378 2065 2446 2123 ex
2481 2051 2688 2105 semine
2715 2050 2882 2123 David
2900 2052 3087 2122 ;,quod
3113 2069 3331 2123 passum
3358 2062 3462 2117 est,
3503 2068 3608 2105 non
3649 2060 3739 2106 est

2140 2122 2501 2192 impassibile;
2544 2136 2647 2176 nec
2680 2122 2823 2175 enim
2866 2122 2967 2176 ista
3007 2123 3074 2177 ad
3108 2122 3359 2178 eumdem
3400 2123 3740 2177 intellectum

2139 2192 2527 2255 obvertuntur;
2550 2207 2680 2263 qua:
2708 2201 2833 2247 sunt
2858 2194 3119 2263 corporis,
3145 2211 3251 2248 non
3273 2202 3402 2249 sunt
3430 2194 3523 2247 Dei
3546 2193 3741 2258 Verbi,

2139 2271 2193 2317 ct
2221 2279 2339 2332 quae
2382 2272 2510 2316 sunt
2547 2261 2640 2320 Dei
2682 2263 2878 2329 Verbi,
2922 2261 3027 2319 non
3060 2266 3220 2320 habet
3258 2280 3473 2333 corpus.
3502 2263 3743 2317 Naturas

2138 2333 2512 2405 conﬁteamur,
2541 2340 2595 2405 et
2621 2333 3052 2405 dispensationcs
3076 2351 3181 2390 non
3210 2336 3553 2405 abnegemus.
3592 2354 3611 2385 ι
3645 2334 3745 2390 Vi-

2139 2405 2233 2459 des
2253 2404 2521 2473 quomodo
2547 2403 2649 2458 hoc
2674 2403 2791 2460 loco
2820 2413 3007 2460 auctor
3029 2406 3130 2461 iste
3156 2406 3326 2460 ﬁlium
3348 2403 3415 2461 ex
3444 2405 3611 2458 Maria
3641 2420 3742 2474 ge-

2135 2474 2308 2528 nitum
2336 2474 2508 2545 gratia
2535 2482 2742 2528 tantum
2774 2474 2868 2529 Dei
2897 2475 3091 2530 Filium
3118 2491 3237 2533 esse
3274 2485 3496 2540 statuat,
3528 2485 3584 2529 et
3617 2476 3745 2544 qui—

2138 2545 2260 2600 dem
2281 2544 2355 2616 exﬁ
2370 2559 2432 2598 ea
2457 2544 2685 2616 ratione,
2708 2546 2872 2614 quod.
2887 2562 3006 2616 quae
3027 2556 3152 2602 sunt
3167 2548 3350 2612 Verbi,
3369 2562 3478 2601 non
3502 2546 3745 2600 debeant

2137 2615 2359 2687 attribui
2401 2614 2646 2687 corpori,
2687 2632 2787 2671 nec
2824 2614 3059 2672 vicissim
3099 2620 3455 2687 proprietates
3490 2617 3746 2686 corporis

2138 2686 2316 2741 Verbo
2343 2686 2571 2768 ascribi;
2599 2702 2706 2768 quo
2742 2702 2872 2742 sane
2898 2688 3031 2742 nihil
3061 2686 3207 2768 aliud
3240 2689 3492 2768 intendit,
3519 2687 3625 2741 nisi
3652 2703 3746 2741 er-

2138 2772 2315 2828 rorem
2353 2758 2785 2828 adversariorum
2823 2775 3044 2813 suorum
3082 2758 3352 2824 refutare,
3404 2759 3494 2827 qui
3537 2773 3745 2828 corpus

2138 2826 2336 2883 Christi
2387 2827 2565 2882 Verbo
2613 2830 3074 2884 consubstantiale
3128 2826 3743 2897 dixerant,iutrius{me

2135 2900 2294 2968 proin
2340 2906 2562 2953 naturas
2604 2898 2657 2952 in
2697 2915 2857 2953 unam
2900 2900 3310 2956 cdnl'undentes.
3364 2900 3515 2955 Unde
3553 2909 3606 2954 et
3658 2900 3748 2954 in-

2138 2970 2255 3040 quit
2285 2988 2297 3023 :
2332 2987 2350 3019 ‹
2386 2968 2625 3041 Naturas
2655 2969 3030 3041 conﬁteamur,
3073 2980 3127 3025 ct
3157 2972 3587 3041 dispens‘ones
3624 2987 3745 3027 non

2139 3039 2490 3110 abnegemus.
2534 3059 2552 3090 ι
2586 3039 2841 3094 Eamdem
2876 3050 3193 3096 naturarum
3230 3039 3605 3096 confusionem
3643 3043 3748 3097 ad-

2137 3112 2393 3182 versariis
2414 3111 2525 3182 suis
2537 3111 2827 3182 exprobrat
2842 3111 3155 3168 Theodorus
3176 3112 3315 3168 libro
3329 3121 3525 3182 quarto
3546 3120 3745 3167 contra

2136 3180 2537 3265 Apollinarium
2574 3181 2667 3265 ita‘
2691 3182 3025 3265 disserens”:
3078 3202 3096 3232 ι
3133 3180 3361 3265 Vestras
3388 3184 3551 3265 igitur
3590 3183 3745 3265 leges

2137 3260 2455 3324 sequentes,
2489 3261 2545 3307 et
2576 3268 2613 3324 7a
2654 3259 2742 3324 tua
2774 3254 3036 3322 sapientia
3066 3255 3415 3309 constitutam
3456 3254 3745 3324 obversio-

2136 3338 2283 3388 nem,
2312 3323 2421 3377 imo
2444 3323 2617 3393 magis
2644 3323 3047 3379 subversionem
3077 3325 3449 3393 suscipientes,
3473 3323 3596 3393 age,
3619 3340 3746 3378 om-

2136 3393 2227 3446 nia
2262 3394 2423 3447 simul
2462 3392 2890 3457 conl‘undamus,
2931 3404 2985 3449 et
3024 3395 3170 3450 nulla
3195 3392 3305 3463 jam
3349 3396 3420 3450 sit
3456 3392 3740 3460 diScretio,

2137 3478 2239 3535 nec
2267 3464 2359 3519 Dei
2384 3462 2591 3530 formae,
2618 3479 2715 3535 nec
2741 3466 2880 3519 servi
2907 3464 3114 3531 fermze,
3145 3462 3243 3521 nec
3274 3466 3368 3520 Dei
3399 3465 3605 3535 templi.
3634 3481 3743 3521 nec

2136 3531 2279 3601 ejus,
2313 3535 2405 3605 qui
2441 3536 2494 3606 in
2528 3534 2726 3605 templo
2762 3536 3052 3603 habitavit,
3087 3553 3185 3592 nec
3220 3535 3372 3605 ejus,
3403 3531 3744 3606 quisolutus

2136 3614 2249 3671 est,
2280 3604 2377 3660 nec
2404 3604 2554 3674 ejus,
2588 3604 2678 3675 qui
2710 3606 3023 3673 suscitavit,
3049 3616 3155 3662 etc.
3190 3628 3208 3660 ι
3244 3604 3398 3662 Tom.
3422 3604 3516 3660 'lX
3559 3607 3737 3661 Cone.

2137 3676 2241 3730 col.
2274 3676 2407 3739 206,
2443 3692 2590 3730 num.
2624 3677 2676 3730 8.
2706 3676 2771 3730 Et
2800 3678 3038 3745 apertius
3058 3680 3235 3734 adhuc
3256 3677 3381 3733 libr.
3412 3677 3573 3731 tertio
3603 3693 3743 3733 con-

2136 3753 2221 3799 tra
2250 3746 2547 3817 Apollinar.
2575 3746 2677 3801 col.
2707 3747 2831 3811 203,
2866 3764 3014 3802 num.
3062 3750 3083 3801 l
3131 3767 3144 3803 :
3198 3768 3216 3799 ι
3252 3748 3366 3804 Νοιι
3407 3756 3590 3803 tamen
3620 3748 3743 3803 exi-

2136 3817 2465 3889 stimandum
2492 3818 2648 3873 nobis
2690 3826 2774 3872 est
2808 3818 2974 3873 Deum
3004 3820 3069 3874 de
3095 3819 3317 3889 Virgine
3347 3827 3532 3873 natum
3567 3834 3695 3875 esse
3722 3837 3739 3875 :

2136 3887 2242 3941 nisi
2268 3887 2408 3943 forte
2433 3888 2571 3943 idem
2602 3889 3020 3943 existimandum
3052 3887 3331 3955 nobis—est,
3359 3898 3409 3945 et
3441 3890 3587 3959 quod
3632 3906 3740 3943 na-

2136 3966 2250 4011 tum
2272 3967 2375 4023 est,
2409 3967 2464 4013 et
2492 3960 2633 4028 quod
2663 3966 2748 4014 est
2776 3960 2827 4013 in
2852 3968 2979 4014 nato
3004 3960 3217 4029 templo,
3248 3970 3303 4017 ct
3332 3962 3421 4029 qui
3448 3961 3503 4015 in
3531 3960 3745 4029 templo

2136 4035 2218 4083 est
2248 4029 2388 4083 Deus
2419 4029 2674 4084 Verbum.
2711 4050 2730 4081 ι
2766 4030 2831 4083 Et
2856 4031 3015 4103 paulo
3039 4029 3177 4085 infra
3210 4050 3222 4085 :
3262 4050 3281 4081 ι
3317 4031 3373 4086 Si
3402 4032 3569 4103 igitur
3605 4048 3739 4086 cum

2135 4113 2301 4173 carne
2344 4115 2467 4154 eum
2514 4110 2700 4173 natum
2745 4116 2865 4156 esse
2907 4101 3119 4167 dicunt;
3154 4101 3507 4173 quodgautem
3538 4111 3740 4157 natum

2134 4176 2239 4233 est,
2264 4169 2407 4224 Deus
2438 4185 2505 4224 ex
2546 4170 2657 4225 Deo
2705 4180 2760 4225 et
2789 4169 3265 4229 consubstantialis
3299 4172 3446 4227 Patri
3484 4182 3599 4237 est,
3641 4190 3743 4228 ne-

2136 4254 2288 4326 eesse
2312 4250 2414 4307 est,
2443 4241 2545 4326 hoc
2581 4250 2635 4324 et
2657 4257 2874 4326 carnem
2903 4244 3101 4325 dicere.
3142 4263 3160 4295 ι
3198 4244 3477 4299 Nestorius
3506 4241 3743 4326 ejusque

2134 4310 2375 4365 fautores
2417 4312 2690 4384 multuties
2730 4314 2867 4384 hanc
2910 4314 3079 4384 ipsam
3110 4324 3427 4368 naturarum
3453 4310 3741 4369 confusio-

2133 4397 2257 4436 nem
2304 4390 2491 4455 sancto
2522 4383 2749 4455 pyrillo
2805 4383 3031 4452 aliisque
3072 4385 3353 4440 catholicis
3390 4386 3739 4455 obiecerunt,

2131 4467 2197 4522 eo
2223 4455 2365 4522 quod
2402 4452 2491 4507 isti
2521 4453 2757 4508 Verbum
2795 4469 2862 4509 ex
2898 4455 3063 4509 Maria
3102 4464 3286 4510 natum
3308 4471 3427 4511 esse
3458 4452 3739 4511 dicerent.

434 4515 821 4606 Verumtamen
1007 4515 1283 4606 Pr0pheta
1295 4522 1457 4576 etiam
1481 4515 1601 4589 post
1627 4522 1875 4606 unionem
1890 4540 2025 4606 prae:
2056 4538 2107 4601 υ
2132 4515 2415 4606 Εεείοτῖρε
2439 4522 2679 4606 “quidem
2706 4525 2793 4606 _in_
2810 4526 2997 4606 “epist.
3023 4527 3106 4606 _ad
3134 4525 3481 4606 Ctelestinum
3510 4542 3738 4596 papam,

434 4586 625 4643 dicans
651 4591 911 4662 assumpti
938 4586 1187 4662 naturam
1204 4632 1218 4656 ,
1246 4607 1459 4662 servum
1481 4586 1722 4662 appellat
1746 4586 1907 4656 eum;
1934 4595 2026 4662 qui

433 4665 519 4711 est
555 4675 622 4712 ex
662 4660 866 4714 semine
902 4661 1165 4725 Abralne,
1198 4662 1277 4715 sic
1314 4660 1545 4715 dicens:
1582 4660 1773 4716 Servus
1801 4660 2025 4719 menses

434 4737 517 4802 lli,
543 4727 732 4802 λείπει,
750 4741 797 4802 et
821 4732 873 4783 in
896 4742 941 4785 te
962 4731 1297 4802 glariﬁcabor
1314 4730 1495 4802 (Isaia:
1516 4731 1683 4801 xmx).
1701 4732 1769 4785 Et
1791 4733 1984 4787 iterum
2009 4753 2022 4787 :

435 4795 535 4872 S_i_c_
554 4799 719 4869 inquit
751 4795 1019 4872 Domina},
1050 4795 1136 4872 qui
1166 4795 1409 4871 formavit
1437 4818 1516 4854 me
1545 4819 1609 4855 ea:
1644 4795 1792 4856 utero
1823 4819 2025 4858 servum

436 4868 565 4932 sibi,
603 4868 710 4925 etc.
756 4891 773 4922 ι
812 4871 1031 4926 Fatetur
1062 4868 1315 4936 equidem
1347 4872 1449 4928 hoc
1487 4872 1604 4927 loco
1635 4872 2020 4936 Theodoretus,

435 4939 711 5012 hominem
747 4952 1078 5012 assumptum
1120 4939 1258 4996 facta
1290 4943 1487 4996 unione
1529 4957 1744 5012 servum
1773 4943 1876 4997 diei
1917 4959 2024 4997 non

435 5009 653 5083 debere,
680 5028 800 5067 cum
829 5009 1046 5083 propter
1067 5015 1205 5067 hanc
1230 5013 1481 5066 unionem
1509 5013 1605 5066 Dei
1631 5020 1683 5083 et
1706 5011 1825 5066 Filii
1846 5015 2028 5083 appel-

435 5078 638 5153 latione
659 5078 970 5137 honorctur.
988 5085 1239 5137 Attamen
1263 5084 1306 5136 si
1332 5091 1603 5153 spectetur
1622 5078 2029 5152 Christus-pne-

435 5151 548 5205 cise
582 5168 687 5221 qua
716 5154 907 5218 homo,
947 5170 1163 5209 servum
1193 5169 1315 5206 eum
1358 5151 1705 5207 nihilominus
1747 5151 2029 5208 nominan-

437 5221 745 5294 dumesse,
780 5236 833 5279 ct
860 5226 1018 5294 hujus
1045 5226 1208 5279 etiam
1241 5223 1507 5293 opinionis
1537 5222 1942 5279 fundamentum
1972 5226 2027 5279 in

436 5293 617 5364 verbis
646 5294 795 5350 Isaia:
829 5311 886 5349 se
910 5293 1323 5364 deprehendisse
1342 5294 1632 5357 existimat,
1658 5294 1877 5349 minime
1896 5311 2031 5364 pon-

436 5360 633 5433 derans
670 5360 1134 5420 necessario—duas
1166 5365 1217 5417 in
1250 5363 1463 5417 Christo
1496 5365 1646 5433 sequi
1680 5360 1957 5432 personas,
1983 5367 2028 5420 si

434 5432 610 5487 eidem
629 5476 643 5500 ,
670 5444 729 5489 ut
758 5436 982 5501 homini,
1009 5451 1194 5490 verum
1221 5437 1544 5505 preprieque
1570 5432 1769 5488 dictam
1799 5437 2029 5491 servitu-

438 5509 547 5556 tem
576 5506 894 5561 ascriberet.

508 5573 646 5631 XIV.
680 5575 951 5645 Principia
977 5579 1076 5630 ista
1105 5577 1220 5630 ideo
1246 5577 1569 5646 potissimum
1598 5574 1894 5646 stuluebant
1923 5575 2030 5631 Ne-

435 5646 660 5698 storiam'
680 5687 693 5711 ,
722 5658 776 5700 ut
806 5643 1163 5717 confusionem
1202 5643 1512 5717 naturarum
1544 5648 1603 5717 iri
1616 5643 1833 5717 AChristo
1867 5646 2029 5699 evita-

436 5723 571 5787 rent.
600 5745 670 5787 έ-
690 5717 756 5770 Ει
790 5714 913 5773 bch
928 5718 1142 5772 demum
1171 5717 1379 5787 potiora
1410 5716 1557 5769 fuere
1586 5714 2027 5770 Nestorianorum

439 5784 730 5857 principia.
756 5790 838 5844 hae
860 5784 1209 5845 notabiliorcs
1230 5801 1416 5843 eorum
1432 5787 1783 5853 asscrtioncs,
1807 5802 1941 5856 quas
1963 5802 2028 5844 eo

2133 4592 2288 4647 Tom.
2335 4594 2403 4648 1V
2434 4592 2599 4648 Cone.
2640 4594 2741 4649 col.
2773 4592 2937 4659 1022,
2986 4596 3063 4650 ait
3092 4616 3104 4650 :
3140 4615 3158 4647 ι
3203 4597 3353 4653 Unde
3388 4605 3444 4651 et
3485 4592 3601 4651 nos
3627 4592 3741 4653 non

2131 4663 2848 4737 modicamcorruptionem
2898 4667 3233 4722 orthodoxim
3280 4667 3417 4737 apud
3468 4669 3740 4737 quosdam

2131 4733 2222 4809 hie
2251 4734 2665 4809 reperientesct
2690 4735 2769 4790 ira
2796 4745 2849 4809 et
2872 4737 3094 4792 lenitate
3120 4738 3264 4792 circa
3293 4733 3463 4809 aegros
3485 4733 3741 4809 quotidie

2129 4804 2352 4878 utimur.
2388 4804 2485 4878 _Es_t
2520 4806 2661 4878 enim
2708 4808 2971 4878 mgritudo
3018 4823 3122 4862 non
3168 4804 3370 4877 parva,
3414 4804 3740 4865 sed'al‘linis

2129 4874 2401 4999 putredini
2449 4874 2781 4945 Apollinaris
2820 4886 2875 4931 et
2914 4878 3051 4932 Arii.
3101 4874 3438 4933 Dominicam
3486 4880 3634 4933 enim
3677 4879 3735 4934 in

2168 4945 2348 4999 omine
2371 4947 2624 4999 unionem
2652 4948 2718 4999 ad
2748 4946 3026 4999 cuiusdam
3061 4950 3576 4999 contemnorationis
3601 4964 3735 4999 con-

2168 4945 2348 5019 omine
2371 4947 2624 5001 unionem
2652 4948 2718 5001 ad
2748 4946 3026 5019 cujusdam
3061 4950 3576 5019 contemporationis
3601 4964 3740 5003 con-

2130 5015 2400 5089 fusionem
2432 5018 2805 5082 commiscent,
2831 5018 2964 5071 adeo
2988 5027 3047 5072 ut
3089 5015 3305 5087 quidam
3336 5020 3474 5089 apud
3504 5036 3604 5075 nos
3626 5019 3737 5074 cle-

2131 5086 2296 5141 rici...
2329 5086 3173 5161 tanquamuhmre.ici_a3grotent,
3198 5099 3252 5143 et
3271 5086 3455 5161 aperte
3479 5089 3739 5160 blasphe-

2130 5165 2281 5229 ment
2314 5157 2509 5229 Deum
2578 5157 2812 5229 Verbum
2866 5157 3015 5213 Patri
3061 5157 3417 5226 homousion,
3466 5157 3733 5229 tanquam

2130 5227 2357 5297 originis
2389 5227 2604 5302 initium
2639 5229 2705 5282 de
2742 5228 3083 5302 Christotoco
3122 5231 3344 5302 Virgine
3383 5227 3733 5301 sumpsisset,

2132 5306 2187 5350 et
2219 5312 2340 5350 cum
2371 5297 2565 5365 templo
2596 5312 2695 5352 suo
2734 5299 3033 5355 aediﬁcatus
3058 5297 3244 5364 esset;
3270 5310 3326 5356 ct
3356 5297 3733 5357 carni'conse—

2131 5366 2348 5441 pullus;
2391 5382 2718 5438 carnemque
2755 5371 2940 5425 dicunt
2967 5380 3091 5441 post
3126 5374 3577 5427 resurrectionem
3616 5387 3732 5427 non

2133 5437 2413 5493 miscuisse
2438 5437 2679 5509 carnem,
2706 5441 2804 5497 sed
2831 5442 2882 5494 in
2914 5437 3161 5495 naturam
3195 5444 3454 5499 transisse
3482 5444 3727 5507 deitatis,

2132 5514 2210 5589 et,
2236 5514 2293 5590 ut
2324 5509 2378 5563 in
2403 5512 2721 5590 compendio
2750 5511 2948 5590 dicam,
2990 5512 3244 5590 deitatem
3274 5513 3551 5590 Unigeniti
3567 5523 3629 5590 et
3654 5514 3731 5568 ad

2130 5579 2394 5650 originem
2410 5579 2711 5649 conjunctae
2724 5584 2902 5638 carnis
2923 5580 3185 5647 referunt,
3201 5594 3256 5640 et
3268 5579 3731 5639 cominortiiicant

2132 5650 2283 5704 carni
2306 5691 2320 5714 ,
2349 5666 2568 5722 carnem
2598 5667 2727 5707 vero
2755 5654 3096 5722 conjunctam
3135 5655 3320 5709 dcitati
3354 5656 3422 5708 ad
3462 5655 3727 5709 deitatem

2134 5722 2392 5793 transisse
2420 5721 2798 5793 blasphemant
2823 5721 2937 5793 ipso
2964 5726 3130 5779 verbo
3160 5725 3535 5780 deiﬁcationis.
3564 5724 3727 5791 Quod

2132 5791 2264 5847 nihil
2293 5791 2437 5848 aliud
2463 5801 2565 5859 est,
2596 5794 2699 5850 nisi
2726 5791 3008 5864 utramque
3034 5807 3398 5868 corrumpere.
3433 5817 3450 5849 ι
3480 5795 3724 5857 Joannes
