4030 6358
246 307 360 365 577

896 303 1266 363 ENHUEBER
1304 305 1617 364 DISSERT.
1658 305 1749 364 DE
1786 303 2067 365 HERESI
2103 308 2423 369 ELIPANDI
2459 310 2551 371 ET
2586 313 2872 374 FELICIS.

3428 326 3540 390 378

242 418 621 505 hutimhenus
636 415 741 505 ﬁde
761 417 1013 505 equidem
1035 434 1064 473 a
1087 418 1335 505 i‘Vestorio
1355 418 1582 505 alienus,
1600 418 1841 505 amicitia
1870 421 1920 481 Α
1945 437 2092 475 mum
2114 423 2345 505 primum
2374 426 2765 505 sancti_CyriIIi
2791 430 2955 505 verba
2984 434 3263 505 sequentia
3283 451 3379 495 sua
3409 457 3542 498 cen-

243 498 433 546 tamen
472 491 652 545 minus
685 490 919 544 discreta
960 491 1197 559 ejusdem
1225 505 1469 559 persona:
1511 491 1755 546 addictus
1786 491 1841 547 in

244 562 478 633 epistola
512 562 579 616 ad
611 559 807 633 Rufum
828 560 1147 633 episcopum
1174 562 1249 633 ita
1282 562 1361 633 de,
1383 560 1794 633 Cyrilloiscribit
1824 581 1837 618 :

251 630 472 687 (Addit
494 641 756 703 praeterea
784 630 1079 703 (Cyrillus)
1105 648 1171 686 ex
1201 630 1485 688 divinitate
1510 642 1566 687 et
1590 632 1841 689 humani-

244 712 363 758 tate
404 720 566 758 unam
617 703 816 758 factam
855 717 974 757 esse
1016 710 1296 768 naturam;
1346 704 1615 772 siquidem
1659 704 1787 758 illud
1824 723 1837 759 :

253 772 485 828 Verbum
512 790 635 828 caro
664 774 861 842 factum
898 782 995 838 est,
1027 774 1102 827 ita
1138 774 1380 843 exponit,
1406 778 1558 844 quasi
1589 775 1843 831 divinitas

242 846 660 900 conversionem
689 844 925 912 aliquam
973 859 1129 913 passa
1157 852 1212 898 et
1239 845 1291 899 in
1322 861 1541 899 carnem
1572 853 1841 901 transmu-

242 924 359 969 tata
384 917 473 970 sit.
513 937 532 966 ι
562 915 718 971 Tom.
752 913 1014 970 lV'Conc.
1045 916 1148 971 col.
1178 915 1336 970 MM.
1366 915 1621 984 Ejusdem
1642 919 1842 973 tenoris

241 995 406 1056 sunt.
446 1000 568 1056 qua:
603 986 974 1042 Theodoretus
1011 987 1064 1040 in
1106 988 1554 1042 anathematismo
1592 987 1627 1040 2
1670 989 1842 1043 sancti

240 1055 435 1181 εἶθ-01111
465 1055 855 1128 reprehendit,
896 1066 1058 1128 prout
1085 1066 1214 1114 tom.
1252 1058 1295 1113 V
1333 1057 1497 1112 Cone.
1541 1057 1643 1113 col.
1673 1059 1741 1113 91
1763 1060 1842 1114 vi-

281 1142 416 1181 CTIS.

281 1142 416 1181 CTIS.

318 1198 436 1253 XV.
476 1196 1178 1269 Singularesidistinctiones
1221 1198 1660 1254 Nestorianorum
1708 1200 1844 1255 inter

241 1268 397 1339 illum
425 1279 473 1324 et
501 1268 649 1322 illum
681 1270 737 1323 in
778 1268 1009 1324 Christo.
1036 1301 1107 1310 —
1137 1270 1288 1325 Hanc
1326 1285 1487 1339 porro
1524 1278 1841 1327 naturarum

241 1338 608 1396 differentiam
632 1339 852 1403 clarius,
880 1341 957 1393 uti
980 1338 1360 1411 opinabantur,
1389 1342 1717 1411 expressuri,
1752 1358 1839 1397 se-

240 1411 539 1481 quentibus
568 1411 765 1479 ubique
807 1412 1058 1480 loquendi
1102 1411 1348 1465 formulis
1376 1413 1459 1466 usi
1500 1412 1705 1468 fuere.:
1740 1412 1841 1467 Ille

239 1491 291 1534 et
319 1482 440 1547 ille;
462 1481 552 1536 ille
580 1483 671 1552 qui
698 1483 1011 1553 assumpsit;
1043 1481 1131 1535 ille
1163 1482 1252 1553 qui
1286 1493 1582 1553 assumptus
1606 1492 1701 1548 est,
1730 1492 1836 1538 etc.

240 1562 465 1621 propter
493 1568 630 1623 quas
656 1560 711 1606 et
748 1560 965 1607 sanctus
990 1552 1222 1623 Cyrillus
1252 1554 1446 1607 merito
1466 1552 1577 1608 eos
1615 1555 1679 1608 de
1706 1554 1842 1608 divi-

242 1624 397 1677 sione
424 1639 784 1692 personarum
813 1624 1177 1692 reprehendit,
1210 1624 1335 1677 dum
1368 1623 1505 1677 libro
1534 1625 1601 1679 de
1640 1623 1841 1680 Iide'ad

240 1692 608 1764 Theodosium
654 1710 802 1747 num.
854 1692 907 1759 6,
936 1694 1011 1748 ait
1058 1712 1069 1747 :
1121 1714 1138 1745 ι
1188 1693 1630 1764 Quandoquidem
1672 1711 1838 1750 unum

1942 495 2412 581 sura‘p'erst‘ringit
2444 516 2456 550 :
2498 516 2517 548 ι
2553 495 2773 581 Certum
2816 503 2978 581 igitur
3015 495 3113 581 est
3141 523 3204 581 ex
3244 495 3539 581 praedictis,
3588 569 3595 575 .

1942 564 2087 633 quod
2115 564 2208 619 Dei
2246 564 2419 647 forma
2446 584 2551 623 non
2582 564 2863 647 immutata
2891 575 2954 647 in,
2976 578 3117 631 servi
3148 564 3537 647 formamasevd

1941 636 2771 724 manens.quod‘erat,‘sumpsit
2806 646 2957 724 servi
2989 646 3238 703 formam.
3282 650 3340 706 Si
3372 636 3541 724 igitur

1942 721 2050 789 non
2078 705 2252 789 factus
2273 714 2357 789 est
2379 723 2506 763 caro
2527 705 2681 789 Deus
2699 714 2955 789 Verbum,
2986 720 3076 772 sed
3110 705 3327 775 carnem
3357 705 3538 781 vita}.

1942 785 1999 831 et
2018 778 2398 867 rationabilem
2434 783 2690 867 suscepit,
2721 801 2826 839 non
2856 778 2968 867 ipse
2995 802 3187 844 natura
3216 808 3281 846 ex
3316 778 3540 867 Virgine

1942 854 2227 937 natus-est,
2256 860 2548 937 conceptus
2575 862 2677 918 est,
2706 854 3142 937 compl’asmatus,
3166 871 3221 916 et
3245 854 3536 931 formatus,

1941 925 1995 971 et
2011 920 2235 1001 initium
2267 920 2423 1001 inde,
2451 931 2508 975 ut
2536 932 2699 1001 esset,
2732 920 3026 996 accipiens,
3064 920 3154 1001 qui
3183 943 3308 988 ante
3338 920 3535 993 szecula

1942 997 2050 1072 est,
2081 998 2135 1043 et
2166 989 2306 1072 Deus
2344 999 2454 1055 est,
2489 1002 2541 1046 et
2567 996 2633 1072 ad
2665 995 2832 1050 Deum
2852 989 2972 1072 est,
3004 989 3059 1054 et
3081 989 3208 1057 cum
3240 1003 3400 1061 Patre
3420 989 3539 1072 est,

1942 1068 1997 1113 et
2023 1074 2145 1113 cum
2175 1060 2334 1115 Patre
2361 1064 2781 1130 cognoscituret
2830 1060 3085 1124 aduratur
3112 1090 3123 1124 :
3158 1075 3251 1128 sed
3282 1092 3405 1130 cum
3432 1060 3539 1131 sibi

1945 1130 2206 1213 templum
2227 1132 2279 1185 in
2313 1132 2563 1213 virginali
2609 1146 2762 1191 utero
2806 1140 3247 1209 complasmavit,
3279 1162 3400 1200 cum
3436 1130 3539 1201 illo

1942 1204 2209 1284 erat,lqui
2233 1204 2654 1284 complasmatus
2674 1248 2688 1271 ,
2720 1217 2773 1262 et
2800 1204 3125 1284 conceptus,
3158 1222 3207 1267 et
3237 1204 3537 1284 formatus,

1942 1280 1996 1357 et
2024 1281 2323 1357 natusest.
2354 1274 2691 1357 Quapropter
2715 1287 2768 1333 et
2795 1274 3040 1335 sanetam
3078 1274 3220 1357 illam
3260 1274 3537 1357 Virginem

1942 1340 2037 1396 Dei
2068 1340 2387 1421 genitricem
2417 1340 2779 1421 appellamus,
2809 1366 2914 1404 non
2956 1352 3097 1421 quod
3135 1353 3302 1408 Deum
3342 1340 3538 1413 natura

1941 1422 2154 1497 genurt,
2204 1416 2801 1497 sed.quod_homi_nem
2845 1416 3242 1497 Deo'unitum,
3284 1428 3375 1496 qui
3416 1445 3536 1481 eum

1942 1484 2374 1552 complasmavit.
2416 1507 2434 1538 ι
2479 1488 2631 1544 Τοηι.
2664 1490 2732 1544 IX
2762 1491 2926 1546 Cone.
2957 1493 3060 1547 col.
3096 1493 3221 1549 290.

2015 1554 2151 1609 XVI.
2186 1554 2491 1636 Nestoriani
2526 1560 2755 1636 fatentur
2783 1579 2941 1636 unum
2974 1564 3034 1636 in;
3053 1564 3260 1620 Christo
3286 1583 3396 1621 esse
3420 1584 3539 1636 per-

1940 1641 2143 1679 sonant.
2167 1656 2237 1708 ——-
2261 1628 2339 1708 Cn
2364 1628 2480 1708 j_am_
2505 1631 2667 1708 totius
2694 1632 2952 1708 doctrinae
2990 1634 3321 1691 Nestorianze
3360 1628 3538 1708 syste-

1943 1711 2029 1764 ma
2051 1738 2065 1759 ,
2096 1696 2237 1764 quod
2274 1698 2517 1753 Ecclesia
2549 1701 2761 1757 defendi
2788 1704 2927 1757 haud
2959 1721 3116 1764 posse
3144 1723 3248 1761 non
3281 1696 3538 1764 una'vice

241 1761 521 1847 Christum
553 1765 605 1819 in
630 1765 762 1848 duos
791 1772 1100 1848 secernunt,
1120 1773 1186 1848 _et
1209 1781 1390 1819 crassa
1422 1761 1652 1835 quadam
1685 1781 1838 1835 sepa-
1871 1787 1915 1848 Β
1935 1761 2196 1832 judicavit
2218 1808 2231 1833 ,
2275 1769 2406 1837 quin
2447 1772 2645 1848 duplex
2688 1775 2811 1828 inde
2851 1774 2903 1826 in
2935 1761 3152 1831 Christo
3186 1794 3411 1847 persona
3452 1761 3539 1832 se;

239 1835 455 1890 ratione
479 1837 625 1890 inter
644 1835 787 1890 hunc
807 1845 860 1891 et
878 1835 1025 1889 illum
1043 1836 1259 1889 inducta
1282 1845 1572 1905 utrumque
1593 1852 1837 1890 seorsum

239 1921 307 1959 ac
330 1908 482 1975 quasi
514 1922 611 1975 per
641 1922 699 1960 se
741 1917 886 1961 stare
926 1906 1278 1960 contendunt.
1315 1927 1332 1957 ι
1370 1907 1524 1961 Tom.
1568 1908 1631 1962 IV
1668 1906 1833 1961 Cone.

239 1976 346 2030 col.
377 1976 502 2030 626.
533 1977 737 2031 Auctor
775 1977 895 2032 libri
936 1987 1125 2049 contra
1162 1977 1508 2049 Synusiastas
1548 1978 1649 2049 hac
1680 1995 1839 2049 argu-

242 2048 521 2119 mentandi
554 2049 764 2102 ratione
791 2048 1147 2119 antagonistis
1184 2049 1296 2102 suis
1322 2047 1559 2102 obviavit
1577 2089 1591 2113 ,
1619 2047 1839 2103 100001-

237 2126 355 2173 tato
386 2118 674 2173 scribens:
714 2138 730 2168 ε
777 2119 859 2173 Ad
897 2118 1125 2189 diligens
1164 2127 1488 2188 cautumque
1524 2119 1836 2189 dogmatum

237 2203 337 2243 vos
364 2204 595 2244 examen
625 2190 921 2244 evehimus.
955 2188 1231 2244 Perfectus
1268 2198 1393 2244 ante
1422 2188 1617 2243 saecula
1644 2189 1834 2253 Filius,

236 2260 540 2384 perfectum
580 2275 734 2342 eum,
767 2261 859 2384 opi
888 2275 961 2341 ex
1002 2259 1170 2313 David
1205 2262 1485 2329 probatur,
1522 2261 1836 2341 assumpsit,

286 2332 411 2384 IIIUS
440 2332 533 2384 Dei
572 2331 740 2384 filium
817 2331 958 2384 avid.
994 2351 1011 2382 ι
1044 2331 1110 2384 Et
1135 2340 1257 2384 post
1280 2348 1450 2384 nauea
1483 2345 1497 2384 :
1533 2349 1550 2381 ι
1584 2330 1713 2384 DICO
1743 2348 1836 2384 au-

285 2332 411 2385 ilius
440 2331 533 2385 Dei
572 2331 740 2385 filium
772 2330 958 2384 David.
994 2351 1011 2382 ι
1044 2331 1110 2384 Et
1135 2340 1257 2400 post
1280 2348 1450 2401 pauca
1483 2345 1497 2384 :
1533 2349 1550 2381 ι
1584 2330 1713 2386 Dico
1743 2348 1840 2384 au-

238 2410 350 2456 tem
386 2403 478 2455 Dei
512 2402 750 2457 Verbum
785 2401 1059 2456 habitasse
1086 2402 1138 2455 in
1168 2417 1256 2466 eo,
1280 2402 1371 2471 qui
1402 2418 1469 2456 ex
1503 2402 1707 2456 semine
1732 2402 1837 2455 Da-

236 2472 325 2525 vid
358 2474 767 2541 comprobatur.
805 2491 824 2523 )
858 2472 924 2525 Et
954 2488 1170 2527 rursum
1202 2490 1214 2524 :
1253 2490 1270 2521 ι
1307 2472 1361 2526 Si
1393 2473 1515 2542 quis
1550 2473 1676 2526 velit
1707 2474 1838 2526 abu-

236 2543 351 2597 sive
364 2544 565 2597 Filium
589 2542 683 2596 Dei
705 2542 871 2597 Deum
896 2542 1133 2598 Verbum
1156 2542 1321 2596 ﬁlium
1341 2542 1509 2598 David
1532 2544 1834 2608 nominare,

233 2623 460 2684 propter
502 2613 599 2667 Dei
650 2614 813 2684 Verbi
869 2614 1160 2683 templum,
1211 2614 1353 2683 quod
1396 2629 1462 2667 ex
1509 2613 1677 2669 David
1722 2623 1834 2680 est,

234 2682 519 2749 nominet,
547 2693 602 2738 et
626 2682 779 2737 illum
798 2724 814 2747 ,
843 2685 930 2753 qui
963 2682 1047 2739 est
1072 2701 1139 2739 ex
1176 2684 1381 2738 semine
1410 2684 1616 2748 David,
1640 2684 1837 2738 Filium

232 2755 331 2810 Dei
361 2756 557 2824 gratia,
592 2769 697 2809 non
727 2763 915 2808 natura
942 2755 1222 2825 appellet.»
1248 2754 1329 2825 En
1359 2753 1700 2825 manifestam
1728 2756 1838 2809 dis-

232 2826 559 2881 tinctionem
596 2825 739 2879 inter
766 2826 903 2878 hunc
932 2824 987 2880 et
1020 2825 1169 2879 illum
1194 2865 1210 2891 ,
1242 2824 1381 2879 inter
1428 2824 1621 2879 Filium
1656 2825 1750 2878 Dei
1783 2834 1840 2880 et

231 2895 409 2949 ﬁlium
458 2895 646 2950 David.
691 2896 1001 2951 Theodorus
1047 2896 1599 2965 in-interpretatione
1643 2896 1835 2965 psalmi

231 2967 419 3021 octavi
464 2967 539 3038 ita
577 2968 795 3038 arguit:
834 2985 851 3017 ‹
888 2967 1013 3021 Ideo
1050 2982 1178 3037 ergo
1219 2966 1579 3021 differentiam
1618 2967 1836 3036 quidem

232 3038 329 3091 Dei
362 3037 528 3093 Verbi
568 3046 623 3093 et
653 3037 862 3107 recepti
899 3038 1135 3091 hominis
1180 3045 1383 3091 tantam
1414 3038 1567 3092 nobis
1600 3038 1839 3093 ostendit

231 3109 482 3178 psalmus
517 3126 529 3161 :
563 3108 733 3162 divisa
769 3124 895 3163 vero
921 3110 1033 3162 haec
1063 3108 1115 3162 in
1143 3107 1291 3163 Novo
1319 3108 1662 3163 Testamento
1685 3109 1834 3163 inve-

1943 1841 2520 1918 queretur;_qi_lant_vis
2559 1842 2699 1918 illius
2734 1846 2944 1913 patroni
2991 1841 3250 1900 unitatem
3291 1864 3538 1918 persona:

1940 1908 2165 1961 subinde
2195 1910 2541 1981 admiserint,
2575 1914 2702 1981 quin
2732 1908 2785 1968 et
2813 1924 3000 1970 contra
3032 1908 3345 1973 divisionem
3372 1919 3536 1973 talem

1938 1980 2223 2051 protestati
2261 1980 2400 2043 sint,
2432 1981 2484 2034 id
2522 1980 2663 2051 quod
2696 1985 2965 2040 nonnullis
2999 2004 3184 2040 eorum
3213 1990 3539 2044 testimoniis

1940 2048 2115 2119 adhuc
2158 2048 2615 2119 comprobandum
2653 2054 2881 2108 videtur.
2930 2056 3134 2112 Auctor
3180 2058 3299 2112 libri
3347 2068 3537 2115 contra

1942 2116 2295 2199 Syrinsia-stas'
2315 2120 2433 2199 loco
2456 2137 2597 2191 S'JEpC
2624 2124 2789 2179 citato
2819 2127 2894 2179 ait
2926 2145 2937 2180 :
2978 2146 2995 2177 ι
3026 2127 3211 2182 Gratia
3250 2128 3409 2191 ﬁlius,
3439 2130 3535 2199 qui

1938 2203 2005 2242 ex
2046 2189 2213 2244 Maria
2249 2199 2363 2255 est,
2394 2189 2585 2257 homo;
2627 2204 2817 2249 natura
2851 2206 3031 2252 autem
3074 2200 3215 2253 Deus
3246 2189 3477 2253 Verbum
3516 2217 3532 2252 :

1939 2261 2080 2328 quod
2105 2270 2285 2339 autem
2310 2265 2603 2317 secundum
2628 2267 2882 2339 gratiam,
2912 2284 3017 2322 non
3045 2278 3272 2333 natura;
3305 2278 3361 2323 et
3390 2269 3537 2339 quod

1939 2332 2231 2408 secundum
2256 2341 2538 2408 naturam,
2569 2332 2673 2408 non
2702 2338 2875 2404 gratia
2914 2357 2924 2391 :
2958 2356 3059 2392 non
3088 2340 3193 2392 duo
3220 2339 3341 2408 ﬁlii,
3366 2332 3471 2394 etc.
3508 2358 3531 2391 ι

1940 2400 2253 2478 Theodoru_s
2288 2403 2627 2478 inAsymboIo
2666 2400 2904 2475 apertius
2950 2409 3125 2464 adhuc
3169 2400 3409 2478 loquitur
3449 2409 3535 2463 di-

1939 2487 2109 2526 cens:
2152 2491 2169 2522 (
2202 2473 2270 2527 Ει
2316 2473 2436 2529 ideo
2478 2492 2579 2530 nec
2627 2473 2762 2532 duos
2805 2479 3035 2533 dicimus
3072 2473 3361 2541 ﬁliosfnec
3399 2480 3539 2535 duos

1939 2542 2186 2597 dominos
2220 2562 2231 2596 :
2271 2546 2523 2613 quoniam
2554 2557 2703 2602 certo
2734 2551 3028 2604 constituto
3052 2550 3345 2605 secundum
3376 2561 3535 2605 natu-

1939 2628 2057 2689 ram
2101 2614 2318 2689 domino
2364 2625 2415 2671 ct
2463 2616 2571 2689 ﬁlio
2618 2618 3031 2689 inseparabilem
3068 2622 3273 2676 habens
3306 2621 3373 2676 ad
3409 2636 3535 2675 eum

1939 2684 2408 2761 coniunctionem,
2443 2687 2533 2756 qui
2557 2703 2656 2757 pro
2682 2684 2863 2761 nostra
2893 2701 3203 2761 assumptus
3224 2700 3308 2746 est
3339 2692 3530 2753 salute,

1938 2768 2060 2808 cum
2108 2755 2197 2808 illo
2245 2755 2503 2810 honorem
2542 2755 2598 2813 et
2634 2760 3055 2814 nominationem
3079 2755 3200 2815 'ﬁlii
3238 2770 3293 2815 et
3330 2761 3536 2816 domini

1939 2823 2125 2902 habet,
2160 2843 2259 2902 non
2282 2834 2532 2902 tanquam
2558 2832 3173 2902 nostrumounusquisque
3200 2848 3292 2902 per
3318 2848 3372 2885 se
3405 2831 3534 2902 sufi-

1937 2893 2122 2966 sistens
2144 2896 2289 2966 [ilius
2320 2893 2481 2966 (unde
2508 2906 2563 2952 et
2590 2897 2684 2953 filii
2709 2900 2861 2953 multi
2892 2893 3433 2956 secund'um'beatum
3458 2900 3536 2955 di-

1939 2964 2117 3041 cimur
2147 2964 2417 3041 Paulum),
2452 2967 2545 3041 sed
2573 2970 2719 3041 solus
2740 2971 3067 3041 prrecipuum
3093 2972 3298 3026 habens
3330 2973 3451 3036 hoc,
3474 2978 3537 3025 nt

1938 3035 1995 3089 in
2043 3035 2421 3103 conjunctione
2457 3036 2524 3091 ad
2574 3035 2756 3094 Deunf
2785 3035 3021 3097 Verbum
3067 3054 3176 3096 tam
3222 3035 3535 3107 filiationis,

1941 3121 2103 3183 quam
2147 3108 2528 3183 dominationis
2569 3112 2841 3183 particeps
2876 3112 2977 3175 sit,
3019 3122 3297 3183 amputans
3328 3129 3538 3166 omnem

232 3167 485 3244 hiuntur,
520 3178 745 3233 Domino
771 3180 985 3248 quidem
1027 3179 1079 3232 in
1118 3194 1175 3234 se
1218 3179 1515 3248 accipiente
1539 3179 1830 3248 primordia
1860 3167 1908 3233 Ο
1938 3167 2255 3249 ξξιξεζίεειιιηι
2280 3167 2831 3249 duafitatis'ﬁlioruin
2864 3194 2913 3236 et
2940 3167 3291 3236 domum}...
3328 3202 3346 3235 ι
3376 3183 3533 3237 Tom.

232 3250 466 3319 psalmi,
500 3250 553 3304 in
582 3250 777 3319 quibus
804 3250 1063 3305 factorem
1085 3265 1208 3304 eum
1244 3250 1377 3304 dicit
1402 3265 1521 3304 esse
1545 3258 1829 3315 creaturae,

234 3329 290 3375 et
328 3322 600 3392 elevatam
630 3320 828 3392 habere
870 3336 1033 3392 super
1062 3320 1228 3392 caelos
1256 3320 1710 3392 magnificentiam
1731 3362 1745 3385 ,
1778 3329 1835 3376 et

233 3391 523 3446 miriﬁcari
565 3392 618 3444 in
655 3391 801 3445 omni
842 3390 1019 3455 terra;
1060 3390 1316 3461 Apostolo
1355 3400 1534 3444 autem
1575 3392 1830 3457 secunda,

234 3473 360 3532 quae
393 3462 463 3516 de
487 3462 704 3515 homine
729 3471 874 3527 sunt,
906 3463 996 3532 qui
1029 3469 1237 3515 tantum
1262 3461 1583 3532 beneficium
1614 3462 1831 3527 meruit,

236 3531 291 3585 in
320 3530 453 3586 Jesu
480 3533 810 3601 accipiente;
839 3530 1108 3603 quomodo
1134 3548 1238 3587 non
1278 3531 1621 3603 manifestum
1640 3573 1654 3596 ,
1692 3533 1834 3601 quod

234 3603 475 3656 alterum
498 3604 715 3673 quidem
744 3619 840 3658 nos
861 3603 1040 3657 divina
1068 3602 1348 3671 Scriptura
1376 3602 1531 3658 docet
1559 3604 1836 3658 evidenter

235 3689 356 3728 esse
386 3674 559 3727 Deum
584 3673 840 3739 Verbum,
872 3674 1101 3729 alterum
1127 3688 1255 3728 vero
1284 3673 1588 3736 hominem,
1618 3681 1673 3728 et
1699 3673 1837 3727 mul-

236 3751 347 3799 tam
368 3760 562 3798 eorum
586 3760 706 3799 esse
728 3745 883 3799 nobis
902 3744 1138 3800 ostendit
1162 3743 1557 3798 differentiam?
1579 3743 1712 3798 Nam
1735 3744 1836 3799 iste

235 3816 463 3883 quidem
496 3825 781 3878 memorat,
808 3815 895 3870 ille
931 3824 1109 3869 autem
1140 3814 1452 3868 memoriam
1486 3822 1748 3880 meretur;
1782 3823 1838 3870 et

234 3885 338 3940 iste
379 3885 602 3954 quidem
638 3886 839 3948 visitat,
877 3886 1015 3939 alter
1058 3892 1273 3949 autem,
1315 3901 1438 3938 cum
1477 3884 1836 3939 visntationem

232 3964 506 4019 meretur,
536 3955 725 4011 beatus
766 3954 1001 4020 dicitur;
1046 3964 1101 4009 et
1138 3956 1239 4009 iste
1277 3955 1491 4023 quidem
1518 3956 1837 4025 beneﬁcium

233 4027 419 4081 dando
450 4027 643 4097 minuit
670 4025 831 4097 paulo
856 4027 1033 4081 minus
1068 4026 1137 4079 ab
1162 4026 1387 4096 angelis,
1420 4025 1506 4079 ille
1532 4028 1712 4079 autem
1741 4040 1838 4094 per

236 4098 405 4152 talem
433 4096 787 4151 minutionem
807 4097 1125 4151 beneficium
1149 4096 1387 4164 accepit;
1410 4104 1466 4150 et
1494 4097 1595 4150 iste
1617 4097 1835 4165 quidem

234 4168 407 4237 gloria
439 4176 495 4220 et
522 4168 724 4222 honore
755 4176 1008 4232 coronat,
1041 4167 1178 4221 alter
1214 4176 1409 4237 autem
1431 4175 1742 4237 coronatur,
1784 4173 1840 4237 et

232 4236 334 4318 pro
386 4238 476 4292 his
524 4237 711 4293 beatus
757 4238 982 4318 dicitur;
1039 4247 1095 4293 et
1146 4237 1245 4291 iste
1291 4236 1508 4316 quidem
1555 4236 1840 4318 constituit

234 4305 415 4378 ipsum
450 4324 611 4379 supra
647 4308 827 4379 omnia
864 4324 1029 4379 Opera
1068 4305 1324 4379 manuum
1364 4305 1509 4374 ejus,
1558 4315 1629 4379 et_
1654 4305 1836 4360 omnia

233 4377 472 4449 subjecit
515 4377 614 4432 sub
658 4377 1075 4449 pedibus’ejus,
1109 4378 1244 4432 alter
1282 4387 1461 4431 autem
1500 4377 1723 4432 meritus
1753 4380 1839 4430 est

232 4444 511 4502 dominari
550 4444 675 4513 eis,
711 4444 1135 4519 quorum'antea
1180 4463 1286 4502 non
1327 4448 1559 4504 habebat
1599 4458 1837 4518 potesta-

234 4527 369 4573 tem.
410 4540 430 4571 ι
465 4519 620 4574 Tom.
654 4518 912 4575 IX’Conc.
943 4519 1045 4574 col.
1079 4519 1213 4582 211,
1244 4534 1392 4572 num.
1440 4520 1524 4574 I9.
1556 4518 1836 4578 Nestorius

233 4605 455 4659 quoque
496 4590 582 4660 his
621 4590 840 4644 omnino
878 4590 1172 4645 conformia
1215 4588 1411 4653 sensit,
1451 4591 1577 4660 dum
1613 4601 1835 4660 quater-

234 4660 401 4714 nione
434 4659 628 4729 IBjam
649 4676 810 4730 supra
833 4677 982 4715 num.
1010 4661 1043 4715 8
1069 4661 1235 4730 citato
1267 4660 1341 4715 ait
1374 4678 1386 4712 :
1421 4678 1438 4709 ι
1472 4659 1562 4730 Sic
1586 4659 1830 4727 etillum,

235 4731 328 4801 qui
348 4732 665 4801 secundum
694 4729 910 4785 carnem
942 4739 1026 4785 est
1053 4729 1325 4795 Christus,
1359 4731 1500 4798 quod
1526 4729 1619 4784 Dei
1658 4731 1834 4801 Verbo

235 4800 567 4868 conjtnzctus
596 4801 697 4867 sit,
728 4801 894 4855 Deum
931 4801 1303 4865 nominamus,
1338 4801 1609 4855 hominem
1645 4800 1831 4864 fuisse,

234 4872 330 4940 qui
359 4871 678 4940 apparebat,
698 4888 818 4942 non
850 4871 1040 4942 ignari.
1077 4870 1302 4942 Paulum
1330 4880 1615 4942 utrumque
1640 4871 1835 4940 prtedi-

234 4939 457 4994 Cantem
488 4942 611 4995 audi
640 4955 653 4993 :
685 4941 771 4995 Ea:
792 4939 1017 5004 ludatis,
1044 4941 1246 5011 inquit,
1279 4952 1352 4994 est
1376 4939 1615 4995 Christus
1643 4939 1832 4995 secund-

236 5011 369 5064 dum
399 5027 609 5082 carnem
628 5052 642 5076 ,
672 5013 761 5082 qui
788 5022 861 5065 est
895 5012 1030 5066 Deus
1054 5027 1209 5081 super
1230 5012 1423 5064 omnia.
1450 5011 1631 5065 Primo
1662 5011 1808 5065 homi

237 5097 365 5135 nem
396 5095 518 5135 esse
551 5080 780 5147 fatetur;
811 5098 933 5137 mox
960 5084 1029 5135 ob
1053 5096 1172 5135 eam
1192 5122 1206 5142 ,
1234 5097 1394 5149 quam
1421 5097 1542 5136 cum
1570 5082 1681 5135 Deo
1717 5096 1810 5135 sor

235 5153 374 5205 titus
417 5159 533 5215 est,
574 5153 886 5206 societatem
936 5152 1103 5215 968
1145 5151 1417 5205 hominem
1465 5151 1616 5205 illum
1665 5151 1832 5205 Deum

238 5221 499 5291 appellat.
537 5241 555 5273 ι
593 5220 740 5276 Satis
768 5219 1112 5277 sollicitehic
1141 5219 1419 5276 Nestorius
1447 5222 1731 5290 distinguit
1756 5222 1810 5275 in

239 5301 327 5346 ter
358 5291 529 5362 Deum
562 5292 820 5357 Verbum,
848 5302 903 5347 et
928 5293 1075 5347 illum
1107 5291 1403 5356 hominem,
1431 5293 1574 5362 quod
1600 5300 1655 5346 et
1686 5291 1832 5354 facit,

237 5364 369 5417 dum
403 5361 566 5415 alium
598 5362 832 5433 appellat
858 5371 1249 5433 assumentem,
1278 5361 1815 5433 alium’assumptum

237 5441 549 5504 gestantem
577 5427 945 5503 et'éestatum.
983 5453 1001 5484 ε
1034 5432 1262 5504 Propter
1288 5440 1611 5502 gestantem,
1641 5427 1834 5500 inquit,

238 5502 513 5572 gestatum
546 5502 811 5568 veneror;
843 5512 1062 5574 propter
1092 5502 1344 5574 latentem
1380 5504 1546 5558 adoro
1575 5517 1826 5574 apparen-

239 5570 355 5628 tem
394 5592 408 5625 :
445 5574 822 5643 inseparabilis
845 5570 894 5629 'a
922 5570 1121 5629 visibili
1151 5572 1292 5626 Deus
1320 5590 1331 5624 :
1364 5580 1524 5641 atque
1556 5570 1674 5643 ideo
1699 5570 1829 5643 ejus.

280 5645 337 5697 ui
365 5659 472 5697 non
509 5641 812 5714 separatur,
842 5648 1102 5701 honorem
1131 5657 1237 5714 non
1260 5658 1489 5714 _separo.
1523 5663 1540 5695 ›
1572 5642 1728 5714 Τοιη.
1755 5641 1838 5714 IV

280 5662 337 5697 ut
365 5662 472 5697 non
509 5662 812 5714 separatur,
842 5662 1102 5701 nonorcm
1131 5662 1237 5696 non
1279 5662 1489 5711 separo.
1523 5663 1540 5695 ›
1582 5662 1728 5697 ιοιη.
1770 5662 1828 5697 ιν

240 5662 543 5771 acinace].
578 5715 738 5779 1202,
765 5717 1115 5785 quaternione
1144 5711 1227 5765 I6.
1260 5711 1481 5782 Insuper
1506 5722 1559 5767 et
1590 5712 1839 5785 Synodus

240 5801 277 5844 ν
317 5786 374 5840 in
411 5784 753 5843 Theodoreto
786 5784 857 5842 ex
894 5785 1310 5857 reprehensione
1349 5786 1414 5838 ad
1456 5784 1838 5845 anathematis-

1857 4552 1914 4615 D

1936 3246 2203 3328 IX.Co‘nc.
2238 3248 2339 3302 col.
2542 3246 2824 3328 Nestorius
2859 3254 3126 3328 in_altera
3161 3254 3239 3328 ad
3271 3253 3536 3328 Cyrillum

1936 3318 2182 3393 epistola
2208 3335 2358 3373 num.
2409 3320 2460 3385 I,
2503 3321 2587 3376 his
2630 3338 2748 3377 sese
2794 3324 3027 3393 explicat
3076 3343 3090 3377 :
3153 3343 3171 3373 α
3206 3318 3341 3391 Quia
3385 3324 3534 3379 enim

1937 3389 2129 3464 mortis
2158 3389 2402 3464 facturus
2424 3399 2543 3445 erat
2570 3389 2923 3459 mentionem,
2965 3410 3031 3450 ne
3061 3395 3182 3464 quis
3212 3389 3337 3451 hinc
3365 3393 3533 3449 Deum

1938 3458 2178 3536 Verbum
2218 3461 2439 3536 patibile
2476 3476 2596 3536 esse
2632 3458 2940 3534 colligeret,
2978 3458 3254 3536 subiungit
3295 3466 3397 3536 hoc
3434 3480 3529 3519 no-

1935 3544 2060 3612 meo
2078 3570 2093 3594 ,
2122 3530 2369 3612 Christus
2389 3573 2403 3596 ,
2428 3533 2573 3612 quod
2598 3530 2884 3612 utramque
2910 3530 3159 3589 naturam
3180 3530 3204 3600 ζ
3225 3535 3533 3612 patibilem,

1938 3602 2157 3676 i_nquam
2178 3618 2193 3665 ,
2215 3609 2282 3676 Aet
2311 3602 2663 3676 impatibilem
2692 3606 2748 3658 in
2787 3602 2944 3659 unica
2977 3622 3200 3676 persona
3225 3602 3475 3661 'denotat.
3508 3624 3528 3656 ι

1938 3669 2007 3724 Εῑ
2034 3686 2183 3724 num.
2210 3670 2244 3723 2
2273 3690 2286 3725 :
2322 3689 2339 3721 ι
2374 3669 2431 3726 In
2457 3688 2529 3745 eo
2548 3681 2729 3729 autem
2756 3676 2940 3740 laudo,
2967 3669 3111 3745 quod
3134 3676 3534 3730 distinctionem

1940 3746 2259 3795 naturarum
2278 3782 2293 3807 ,
2330 3743 2627 3797 secundum
2658 3745 2956 3801 divinitatis
2985 3743 3041 3801 et
3066 3747 3418 3801 humanitatis
3443 3762 3532 3799 ra-

1938 3811 2162 3885 tionem,
2188 3813 2476 3885 [Larumque
2499 3814 2553 3885 in
2585 3830 2691 3869 una
2713 3832 2934 3885 persona
2957 3817 3372 3885 conjunctionem
3396 3832 3536 3884 prze~

1940 3830 2162 3875 nonem,
2188 3830 2476 3937 nurumque
2499 3831 2553 3867 ιη
2585 3830 2691 3869 una
2713 3832 2934 3885 persona
2957 3830 3372 3885 conjunctionem
3396 3832 3536 3884 prze~

1940 3882 2107 3953 dicas.
2142 3902 2179 3953 37
2200 3882 2353 3937 Tom.
2413 3884 2452 3939 V
2491 3882 2657 3938 Conc’.
2702 3885 2804 3941 col.
2846 3885 2971 3941 894.
3012 3887 3145 3940 Item
3183 3886 3538 3953 quaternione

1939 3951 2007 4026 27
2035 3964 2050 4026 ξ
2086 3970 2103 4026 «_
2139 3952 2209 4026 Ut
2235 3953 2478 4026 discatis,
2504 3954 2704 4026 inquit,
2729 3971 2892 4026 quam
2920 3956 3119 4011 eximia
3144 3951 3415 4011 exstiterit
3443 3955 3534 4008 illa

1940 4021 2239 4077 divinitatis
2279 4021 2619 4093 conjunctio',
2656 4021 2897 4081 vel'cum
2930 4027 2981 4080 in
3014 4026 3218 4081 infante
3257 4026 3536 4081 Dominiea

1940 4101 2257 4163 cerneretur
2283 4109 2428 4149 caro.
2459 4093 2577 4163 Ipse
2603 4097 2749 4151 enim
2774 4106 2829 4152 et
2857 4095 3035 4152 infans
3064 4105 3203 4162 erat,
3232 4104 3288 4152 et
3313 4096 3537 4152 infantis

1941 4162 2210 4217 dominus.
2256 4162 2543 4219 Laudastis
2585 4182 2801 4230 vocem,
2852 4183 3041 4230 verum
3092 4182 3160 4221 ne
3218 4174 3421 4221 temere
3470 4182 3535 4222 ac

1941 4232 2057 4286 sine
2073 4234 2483 4312 examinatione
2522 4236 2595 4289 illi
2625 4223 2984 4312 applaudatﬁ.
3013 4237 3136 4312 Dixi
3157 4238 3302 4292 enim
3336 4255 3348 4290 :
3381 4236 3533 4312 {item

1942 4305 2152 4362 omnino
2179 4312 2235 4357 et
2259 4305 2435 4360 infans
2465 4314 2602 4369 erat,
2630 4305 2927 4363 ctinfantis
2958 4308 3307 4362 inhabitator.
3346 4327 3363 4358 ι
3396 4306 3531 4361 Ibid.

1941 4370 2044 4447 001.
2078 4371 2234 4427 1202.
2265 4374 2421 4445 Apud
2456 4376 2714 4447 Cyrillum
2751 4393 2882 4433 vero
2914 4378 2986 4433 ita
3026 4378 3264 4447 loquitur
3295 4395 3309 4431 :
3358 4395 3376 4427 ι
3408 4377 3534 4434 Ideo

1938 4440 2066 4518 volo
2104 4457 2202 4498 vos
2234 4440 2755 4518 cautefirmiterque
2800 4457 3003 4503 tenere.
3048 4440 3253 4505 Divisio
3280 4448 3424 4502 nulla
3451 4459 3538 4503 est

1940 4516 2357 4590 conjunctionis,
2382 4516 2682 4590 dignitatis,
2704 4519 2979 4575 ﬁliationis
3005 4537 3017 4571 :
3044 4520 3148 4573 hoc
3170 4520 3366 4590 ipsum,
3391 4518 3535 4590 quod

1940 4571 2299 4671 Chifistu'sest
2315 4571 3142 4671 ,_:nuiim_pai;u;‘g_agaonsa
3154 4571 3535 4671 petistis

1940 4667 1995 4729 ct
2020 4659 2391 4729 humanitatis
2430 4668 2513 4714 est
2553 4658 2767 4715 divisio.
2805 4659 3082 4723 Christus,
3124 4676 3227 4729 qua
3266 4658 3531 4724 Christus,

1940 4728 2248 4800 individuus
2276 4737 2397 4785 est:
2422 4745 2598 4800 neque
2633 4731 2777 4784 enim
2810 4730 2945 4786 duos
2972 4728 3219 4800 Christos
3248 4731 3531 4794 habemus,

1940 4799 2276 4872 neque‘duos
2305 4800 2475 4865 filios;
2504 4799 2607 4872 non
2645 4801 2898 4872 enimiest
2932 4799 3070 4870 apud
3101 4818 3201 4856 nos
3240 4800 3457 4872 primus
3478 4809 3536 4854 et

1941 4869 2242 4941 secundus,
2274 4885 2449 4941 neque
2486 4869 2623 4925 alius
2652 4879 2705 4923 et
2739 4871 2909 4935 alius,
2950 4869 3124 4941 neque
3171 4869 3357 4927 rursus
3395 4871 3533 4925 alius

1942 4938 2116 5011 filius,
2158 4947 2212 4992 et
2253 4938 2391 5011 alius
2430 4956 2645 4994 rursum
2680 4958 2692 4993 :
2733 4942 2824 4994 sed
2863 4942 2977 5011 ipse
3015 4938 3103 4995 ille
3138 4956 3278 4997 unus
3313 4949 3397 4996 est
3437 4942 3535 4995 du-

1939 5009 2088 5133 leex,
2133 5024 2241 5089 non
2292 5010 2572 5081 dignitate,
2598 5011 2690 5065 sed
2735 5009 2945 5093 natura.
2979 5033 3020 5095 ,ι
3070 5012 3217 5067 Libr.
3260 5029 3297 5067 ιι
3345 5019 3533 5066 contra

1988 5088 2268 5133 estortum.
2299 5091 2430 5133 tom.
2466 5081 2525 5133 VI
2550 5080 2783 5133 Onerum
2809 5081 3014 5133 Cvnlh.
3047 5082 3137 5133 fol.
3166 5083 3255 5133 41.
3285 5081 3530 5133 Theodo—

1988 5079 2268 5143 estorium,
2299 5079 2430 5152 tom.
2466 5081 2525 5134 VI
2550 5080 2783 5149 Operam
2809 5081 3014 5152 CyriIIi,
3047 5082 3137 5136 fol.
3166 5083 3255 5147 41,
3285 5081 3530 5135 Theodo—

1940 5158 2091 5203 retas
2118 5164 2329 5219 quoque
2366 5150 2421 5203 in
2463 5150 2877 5219 reprehensione
2918 5154 2985 5207 ad
3024 5152 3530 5207 anathematismum

1926 5220 2163 5293 tertium
2204 5218 2389 5293 Cyrilli
2419 5218 2588 5293 unam
2627 5222 2682 5275 in
2726 5222 2943 5276 Christo
2981 5238 3269 5293 personam
3309 5220 3528 5293 fatetur,

1940 5289 2127 5362 dicens
2160 5307 2187 5362 :_
2210 5308 2228 5362 ς
2249 5278 2329 5343 'Si
2362 5290 2523 5360 igitur
2548 5300 2777 5360 utraque
2800 5278 2999 5347 natura
3020 5278 3529 5362 perfertionemoha;

1939 5361 2061 5423 bet,
2088 5359 2146 5413 in
2178 5360 2316 5415 idem
2348 5359 2527 5417 autem
2554 5359 2924 5417 convenerunt
2947 5359 3145 5427 ambae,
3179 5362 3347 5414 forma
3374 5359 3528 5413 vide-

1937 5429 2067 5485 licet
2115 5429 2211 5485 Dci
2255 5432 2856 5505 suscipientJeLformam
2904 5433 3077 5496 servi,
3120 5446 3278 5505 unam
3312 5429 3529 5505 quidem

1938 5515 2250 5581 personam,
2272 5498 2512 5581 eternium
2531 5501 2729 5581 Filium
2742 5512 2800 5581 et
2814 5503 3092 5581 Christum
3112 5498 3369 5581 confiteri.
3378 5498 3529 5581 pium

1940 5570 2041 5627 est.
2080 5590 2098 5622 ›
2132 5572 2283 5626 Tom.
2309 5573 2352 5626 V
2380 5572 2543 5628 Cone.
2573 5574 2675 5627 col.
2702 5574 2788 5629 98.
2814 5574 3031 5627 Interim
3062 5571 3162 5623 etsi
3191 5570 3276 5623 his
3304 5570 3530 5637 aliisque

1942 5642 2100 5698 dictis
2131 5643 2389 5698 doctrina:
2414 5644 2690 5699 catholica:
2728 5646 2793 5697 de
2823 5659 2924 5696 una
2964 5644 3015 5695 in
3052 5640 3267 5695 Christo
3297 5654 3530 5699 persona

1943 5713 2220 5782 astipulari
2252 5714 2590 5778 viderentur;
2617 5721 2928 5768 constanter
2953 5720 3131 5782 tamen
3162 5726 3255 5764 eos
3290 5710 3529 5765 Ecclesia

1942 5785 2010 5841 de
2033 5780 2219 5839 errore
2240 5786 2486 5855 opposito
2514 5801 2636 5841 reos
2661 5784 2878 5847 habuit;
2930 5796 3029 5839 nec
3050 5780 3152 5836 fuit
3172 5798 3408 5857 unquam
3434 5782 3527 5853 qui
