4038 6336
324 258 437 324 385

969 253 1341 317 ENHUEBER
1372 253 1682 317 DISSERT.
1721 252 1812 315 DE
1849 256 2128 317 HERESI
2162 258 2477 318 ELIPANDI
2516 258 2606 318 ET
2642 208 2921 318 FELICIS.

3468 262 3573 322 286

326 379 465 433 lium
507 374 606 431 Dei
652 369 925 431 hominem
964 372 1183 439 factum,
1216 389 1401 429 verum
1446 373 1615 428 Deum
1654 388 1751 443 per
1797 373 1900 427 hoc
1926 374 2128 439 Alius,
2151 376 2415 431 veraciter
2446 375 2768 430 declaratur.
2805 392 2824 425 ι
2861 373 2939 427 Ex
2980 372 3066 429 his
3094 386 3283 431 revera
3316 375 3573 437 discimus

328 448 569 503 maxime
618 461 816 517 negare
860 446 1097 517 coneris,
1129 446 1251 516 quia
1279 461 1371 515 pro
1397 461 1451 498 se
1478 444 1666 513 legitur
1691 459 1896 517 orasse,

326 522 468 573 sicut
491 527 539 570 et
562 533 657 585 pro
684 514 849 569 nobis.
876 516 1028 581 Quod
1054 514 1149 569 ubi
1172 514 1413 585 lcgisses,
1438 529 1660 585 prorsus
1689 514 1897 584 ignoro,

328 588 539 644 scilicet
563 584 763 640 Filium
791 586 884 640 Dei
914 601 1011 655 pro
1035 601 1092 641 se
1118 584 1257 640 sicut
1282 597 1379 654 pro
1408 584 1562 638 nobis
1595 598 1894 655 orasse"...

328 658 447 713 Hoc
498 658 675 727 ipsum
721 653 952 727 namque
1011 668 1065 710 et
1112 653 1406 727 praecessor
1450 664 1572 709 tuus
1622 653 1900 709 Nestorius

328 726 539 784 solebat
562 727 762 791 dicere,
791 726 1055 789 videlicet,
1086 727 1225 794 quod
1247 726 1494 781 Christus
1519 740 1616 793 pro
1642 740 1698 779 se
1721 732 1776 794 et
1803 739 1901 792 pro

327 812 528 870 genere
583 798 826 867 corporis
890 797 971 850 sui
1017 793 1359 870 sacriﬁcium
1396 796 1695 870 obtulisset.
1749 793 1899 870 Quod

327 865 476 922 énim
519 875 577 921 tu
624 865 811 925 orasse
858 881 977 921 eum
1024 881 1123 936 pro
1172 882 1229 921 se
1259 866 1423 931 dicis,
1460 866 1562 920 hoc
1607 865 1736 936 illeL
1761 865 1900 918 idem

326 940 518 993 volens
544 938 790 1008 intelligi,
806 934 1067 992 obtulisse
1080 938 1681 1008 dixitproseetgenere.
1700 934 1899 1008 Contra

327 953 518 993 vOIens
544 953 790 1008 intelligi,
806 953 1067 992 ontutisse
1080 953 1681 1058 orxntproseetgenere.
1700 953 1899 988 bOllll'a

327 1024 494 1079 quam
537 1008 944 1079 blasphemiam,
976 1008 1103 1079 quid
1141 1009 1329 1065 beatus
1354 1007 1477 1079 Cyri
1502 1006 1583 1060 lus
1616 1005 1899 1079 opposuis-

327 1073 619 1151 s:et,_audi;
653 1073 727 1151 ait
751 1078 893 1133 enim
920 1094 933 1130 :
966 1073 1023 1131 Si
1052 1079 1165 1149 quis
1191 1078 1342 1143 dicit,
1369 1073 1492 1149 quia
1518 1092 1611 1145 pro
1632 1073 1690 1151 se
1716 1073 1900 1151 obtulit

326 1142 570 1220 Christus
612 1149 1043 1220 oblationgmhet
1064 1142 1187 1201 'non
1212 1142 1392 1220 magis
1423 1142 1527 1220 pro
1557 1144 1700 1220 nobis
1722 1142 1898 1220 __solis,

326 1218 611 1272 anathema
640 1219 727 1272 sit.
760 1238 779 1271 ι
824 1217 1056 1287 Cyrillus
1105 1214 1434 1275 anathemat.
1466 1215 1566 1287 lO._
1598 1214 1808 1287 Similia
1834 1229 1901 1269 ex

324 1287 557 1343 Paulino
602 1283 999 1360 discimus,»qui
1049 1288 1141 1343 lib.
1186 1306 1224 1354 ι,
1274 1306 1391 1360 cap.
1428 1286 1529 1360 βο,
1555 1283 1900 1360 his‘Felicem

325 1360 510 1429 arguit
556 1376 570 1411 :
625 1376 645 1409 ι
696 1357 778 1429 'i‘u
826 1354 992 1429 igitur
1036 1374 1142 1414 non
1205 1375 1265 1414 es
1316 1354 1572 1414 confusus
1631 1354 1901 1409 fellivomo

402 1427 551 1483 tture
585 1427 916 1499 explicare,
971 1429 1172 1499 idcirco
1218 1444 1339 1484 eum
1388 1443 1494 1483 non
1543 1440 1664 1499 esse
1712 1439 1900 1479 verum

402 1445 551 1483 (ιω-θ
585 1445 916 1499 σειρυεθνθ,
971 1445 1172 1484 idcirco
1218 1445 1339 1484 eum
1388 1445 1494 1483 non
1543 1445 1664 1481 esse
1713 1445 1900 1479 verum

324 1445 521 1564 gum,
550 1513 848 1570 verumque
876 1499 972 1554 Dei
998 1498 1216 1565 Filium,
1257 1502 1384 1570 quia
1428 1513 1536 1570 non
1575 1495 1758 1570 solum
1781 1510 1901 1570 _pro

331 1570 476 1639 aliis,
510 1567 607 1623 sed
650 1565 813 1623 etiam
859 1584 958 1639 pro
986 1584 1044 1624 se
1088 1570 1204 1639 ipso
1230 1565 1539 1625 necessario
1573 1567 1628 1639 in
1657 1565 1902 1621 oratione

323 1638 422 1694 Dei
466 1648 792 1709 pernoctans
828 1637 1041 1694 duxerit
1073 1637 1325 1695 exorasse
1358 1660 1370 1694 :
1403 1637 1754 1708 apostolicum
1812 1652 1902 1709 su:

324 1706 485 1764 mens
512 1710 879 1781 testimonium
910 1711 1044 1764 satis
1069 1712 1273 1765 clarum
1298 1721 1351 1765 et
1379 1706 1755 1781 perspicuum;
1806 1706 1899 1761 sed

324 1781 623 1835 secundum
647 1779 884 1849 perfidiae
910 1789 1014 1835 ture
1040 1795 1255 1836 sensum
1280 1778 1412 1835 satis
1435 1780 1574 1833 male
1595 1786 1649 1832 et
1672 1778 1902 1849 obscure

326 1847 702 1921 depravatum.
742 1869 760 1902 ›
827 1848 1013 1921 Capite
1064 1860 1244 1906 autem
1298 1850 1602 1921 immediate
1646 1847 1900 1921 sequenti

324 1919 534 1992 iudicat
589 1921 858 1992 quodnam
905 1919 991 1992 ‘sit
1054 1922 1184 1977 illud
1245 1920 1496 1992 Apostoli
1537 1919 1901 1992 testimonium

325 2006 358 2044 a
394 1990 578 2045 Felice
610 1989 757 2045 male
802 1991 1149 2057 intellectum,
1201 1989 1328 2045 dum
1382 1993 1434 2045 in
1486 1991 1631 2044 hunc
1682 1989 1913 2055 modum;

323 2062 517 2116 scribit
548 2078 561 2113 :
597 2080 616 2110 ι
651 2061 729 2114 Tu
764 2072 940 2116 autem
971 2062 1133 2116 falsas
1170 2060 1608 2130 eonjecturalium
1645 2057 1902 2130 objectio-

324 2146 457 2185 num
489 2140 701 2185 tuarum
733 2133 1058 2188 assertiones
1081 2129 1379 2187 memorato
1418 2130 1568 2185 Pauli
1594 2129 1901 2183 testimonio

324 2200 519 2255 fulcire
548 2202 833 2267 coniceris,
862 2203 988 2270 quia
1019 2203 1072 2256 in
1097 2217 1183 2268 ea,
1211 2217 1330 2269 qua:
1360 2200 1674 2257 inscribitur
1702 2200 1768 2252 ad
1799 2199 1901 2253 Hc-

326 2272 505 2326 brteos
544 2272 790 2341 epistola,
823 2274 889 2327 de
914 2274 1209 2327 mediatore
1238 2274 1332 2328 Dei
1362 2281 1417 2327 et
1446 2270 1733 2341 hominum
1767 2270 1901 2323 scri-

323 2344 519 2411 pserit,
548 2340 689 2412 quod
725 2342 780 2396 in
808 2343 996 2397 diebus
1020 2343 1203 2397 carnis
1233 2358 1421 2412 preces
1458 2340 1902 2412 supplicationes-

322 2409 582 2494 queueum
611 2411 864 2494 lacrymis
894 2422 965 2494 et;
987 2409 1439 2468 clamore—valido
1472 2426 1572 2494 pro
1611 2426 1668 2465 se
1690 2409 1902 2494 “fuderit

325 2478 395 2534 ad
435 2481 605 2545 illum,
644 2478 738 2552 qui
772 2483 973 2552 poterit
1010 2500 1131 2537 eum
1175 2499 1206 2537 a
1244 2493 1414 2538 morte
1454 2478 1667 2552 salvum
1686 2478 1895 2534 facere:

324 2552 581 2620 ignorans
617 2550 719 2606 alia
750 2550 817 2606 ex
860 2554 979 2608 aliis
1008 2554 1276 2623 colligere,
1314 2562 1369 2608 et
1410 2553 1513 2606 vim
1544 2550 1694 2623 dicti,
1738 2566 1899 2618 quam

323 2637 529 2694 ex_uno
559 2637 664 2694 non
692 2623 844 2694 vales
866 2622 1338 2694 comprehendere,
1367 2638 1433 2677 ex
1463 2622 1705 2694 plurimis
1733 2636 1901 2689 queas

322 2691 537 2747 collatis
579 2692 868 2764 simillimis
892 2690 1212 2764 capabiliter
1234 2690 1487 2764 experiri.
1528 2712 1545 2743 ι
1592 2690 1714 2764 Nec
1737 2705 1898 2764 ovum

324 2770 435 2835 tam
468 2762 643 2835 simile
666 2779 770 2819 ovo
796 2772 897 2829 est,
928 2761 991 2820 ac
1022 2761 1416 2835 argumentatio
1460 2763 1560 2817 ista
1586 2761 1784 2835 Felicis
1821 2762 1899 2817 illi

321 2830 791 2905 Nestorianorum,
823 2850 982 2904 quam
1005 2830 1164 2905 supra
1193 2851 1339 2889 num.
1370 2835 1430 2887 ll
1461 2832 1763 2905 retulimus.

394 2902 586 2960 XXVI.
624 2900 1372 2975 Argumentantur-Adoptiani
1412 2920 1475 2975 eg
1505 2920 1565 2975 eo
1605 2900 1901 2975 quo_d__Ver-

321 2973 447 3046 lium
470 2975 583 3046 pati
610 2972 717 3046 non
740 2976 984 3045 potuerit.
1009 3006 1080 3016 —
1100 2972 1322 3046 Insuper
1355 2984 1408 3030 et
1433 2974 1590 3029 Felix.
1611 2972 1901 3046 et__Eli_pan-

319 3042 425 3097 dus
454 3042 767 3115 catholicos
810 3060 1021 3115 semper
1069 3042 1434 3109 accusabant,
1481 3045 1623 3114 quod
1662 3044 1897 3115 Verbum

322 3114 589 3187 passibile‘
620 3116 860 3171 dicerent
882 3156 897 3181 ,
927 3112 1072 3170 ’cum
1117 3116 1218 3187 ipsi
1258 3112 1604 3187 passionem,
1656 3112 1897 3183 aliasque

321 3193 533 3257 natura;
576 3185 824 3242 humanm
866 3185 1225 3257 proprietates
1260 3185 1588 3243 Solihomini
1618 3193 1893 3257 assumpto

320 3255 714 3327 adscriberent.
780 3255 1044 3313 EttFelix
1093 3258 1517 3327 expressissimis
1560 3256 1741 3327 verbis
1786 3256 1889 3327 ait;

328 3342 348 3375 ι
384 3325 659 3398 Nusquam
709 3328 764 3382 in
789 3328 1079 3397 Evangelio
1107 3325 1201 3383 Dei
1226 3328 1392 3382 Filius
1434 3343 1532 3398 pro
1575 3326 1766 3398 nobis,
1801 3326 1896 3398 sed

324 3395 533 3468 tantum
563 3396 704 3451 ﬁlius
745 3395 980 3452 hominis
1021 3399 1251 3454 traditus
1296 3395 1510 3468 legitur.
1552 3418 1570 3449 ι
1618 3395 1893 3468 ApudAl-

321 3467 471 3538 cuin.
503 3466 626 3538 libr.
657 3483 713 3531 v,
743 3483 891 3522 num.
922 3469 977 3533 8,
1016 3470 1213 3538 quibus
1255 3466 1416 3523 etiam
1464 3468 1605 3523 idem
1635 3466 1895 3520 Alcuinus

323 3535 639 3609 ibidemrhis
664 3539 845 3609 obviat
872 3556 889 3609 ς
914 3557 944 3609 ν(
981 3535 1292 3609 Nullateuus
1331 3554 1461 3609 ergo
1488 3538 1654 3609 dividi
1698 3538 1899 3609 poterit

322 3605 492 3661 Filius
530 3607 762 3662 hominis
788 3624 819 3662 a
846 3608 981 3664 Filio
1002 3608 1121 3673 Dei,
1149 3610 1233 3664 vel
1259 3605 1498 3673 separari
1525 3624 1556 3662 a
1587 3607 1696 3660 filio
1723 3607 1897 3661 homi-

322 3677 407 3761 pis
437 3677 608 3731 Filius
639 3678 765 3761 .Dei,
802 3680 930 3761 quia
978 3695 1118 3761 unus
1161 3689 1253 3761 est
1286 3677 1469 3761 Filius
1495 3678 1623 3761 Dei,
1671 3677 1812 3761 Deus
1841 3686 1897 3757 et

324 3747 507 3812 homo,
561 3748 655 3817 qui
687 3747 930 3820 _t_raditus
972 3759 1055 3805 est
1103 3758 1322 3820 propter
1370 3749 1562 3803 delicta
1590 3755 1802 3820 nostra
1840 3747 1896 3820 in

322 3828 669 3873 mortem.....
686 3817 797 3873 Hoc
819 3820 982 3874 etiam
1003 3817 1245 3875 svmbolo
1273 3820 1552 3875 catholica:
1578 3818 1700 3871 fidei
1731 3817 1897 3871 conﬁ-

322 3896 503 3943 temur
532 3888 862 3960 rmanifeste,
913 3887 1054 3960 quod
1099 3890 1256 3946 Jesus
1316 3888 1561 3945 Christus
1594 3887 1712 3960 Dei
1730 3887 1897 3945 Filius

322 3959 653 4029 unigenitus,
677 3971 832 4014 natus
851 3960 916 4015 de
931 3958 1140 4030 Spiritu
1168 3968 1355 4016 sancto
1383 3976 1447 4015 ex
1474 3959 1639 4013 Maria
1667 3958 1892 4030 virgine,

322 3974 653 4029 umgemtus,
677 3974 832 4014 natus
851 3974 916 4015 ue
937 3974 1140 4030 bpmtu
1168 3974 1355 4016 sancto
1383 3976 1447 4015 ex
1474 3974 1639 4013 maria
1667 3974 1892 4082 virgine,

321 4044 516 4098 passus
543 4030 612 4084 sit
634 4045 731 4099 pro
752 4031 982 4086 humana
1012 4032 1201 4087 salute.
1229 4031 1576 4100 Nequaquam
1599 4044 1726 4098 ergo
1774 4030 1897 4100 ubi-

319 4107 440 4155 tare
469 4100 611 4154 ullus
639 4101 933 4156 catholicus
962 4102 1140 4167 debet,
1175 4104 1302 4171 quin
1329 4099 1621 4155 ’Dei’Filius
1668 4099 1897 4171 traditus

319 4179 469 4225 esset
493 4185 594 4239 pro
620 4173 802 4228 mundi
829 4172 1019 4226 salute.
1050 4172 1152 4238 Qui
1183 4168 1324 4226 énim
1354 4180 1513 4241 negat
1566 4171 1657 4223 Dei
1692 4168 1894 4241 Filium

320 4241 584 4294 traditum
629 4257 750 4296 esse
797 4243 864 4296 ad
891 4243 1216 4311 passionem,
1250 4239 1553 4296 nullatenus
1598 4239 1895 4295 catholicus

319 4326 444 4365 esse
468 4313 686 4381 poterit,
713 4313 808 4367 sed
844 4328 873 4365 a
893 4310 1167 4368 catholica
1199 4313 1322 4367 ﬁdei
1348 4312 1680 4381 professione
1712 4310 1764 4363 in
1794 4312 1896 4365 hac

318 4383 689 4438 obstinatione
726 4384 1109 4451 permanendo,
1153 4384 1361 4437 alienus
1396 4383 1696 4438 censendus
1726 4390 1829 4435 est.
1869 4400 1888 4433 ι

318 4537 446 4576 esse
470 4521 684 4594 Deum;
707 4539 772 4579 eo
805 4525 948 4593 quod
989 4526 1180 4578 mortis
1214 4521 1517 4594 passionem
1557 4523 1609 4576 in
1638 4538 1695 4594 se
1732 4523 1895 4576 susti-

320 4593 535 4657 nuerit;
575 4609 699 4648 cum
740 4595 922 4664 passio
960 4608 1087 4648 vero
1117 4593 1227 4649 Deo
1264 4595 1405 4649 haud
1444 4593 1758 4657 conveniat;
1802 4608 1895 4648 ne-

318 4665 489 4732 gabat
512 4664 667 4732 proin
711 4663 834 4719 cum
858 4663 1211 4729 Nestorianis,
1237 4664 1468 4718 Verbum
1506 4677 1624 4718 esse
1652 4678 1891 4732 passum.

320 4729 480 4789 Unde
512 4729 578 4788 et
605 4733 860 4790 Paulinus
906 4737 1184 4804 sequentia
1219 4734 1385 4790 Felici
1434 4729 1669 4860 opponit
1698 4733 1820 4788 libr.
1852 4750 1891 4798 ι,

320 4819 444 4860 can.
476 4804 579 4858 l7:
613 4822 632 4855 ι
665 4805 928 4860 Ouoniam
962 4814 1208 4860 suscepta
1234 4821 1362 4860 caro
1403 4821 1434 4859 a
1496 4805 1641 4859 'erbo
1677 4804 1891 4860 nronria

318 4819 448 4876 capi
476 4804 579 4876 l7:
613 4822 632 4855 ι
665 4805 928 4872 Quoniam
962 4814 1208 4876 suscepta
1234 4821 1362 4876 caro
1403 4821 1434 4859 a
1470 4804 1641 4860 Verbo
1677 4804 1895 4876 propria

320 4872 491 4947 Verbi
526 4883 609 4929 est
632 4891 783 4942 caro,
811 4884 869 4931 et
897 4877 1065 4931 videri
1099 4872 1401 4940 invisibilis,
1428 4884 1481 4931 et
1506 4876 1617 4947 pati
1648 4872 1896 4945 impassi-

319 4943 470 5008 bilis,
520 4947 753 5017 etmori
812 4947 1130 5001 immortalis
1177 4948 1232 5002 in
1273 4943 1699 5017 prepria—carne
1724 4943 1895 5015 posse

319 5014 638 5083 apostolicis
663 5017 982 5085 instruimur
1008 5014 1491 5073 documentiszit
1519 5017 1662 5072 enim
1689 5017 1896 5085 primus

318 5095 512 5154 pastor
530 5086 819 5144 Ecclesiae:
851 5084 1057 5142 Christo
1094 5098 1269 5142 autem
1310 5088 1365 5141 in
1405 5105 1560 5142 carne
1602 5084 1791 5158 passo,-
1840 5088 1898 5141 in

318 5172 484 5210 carne
512 5158 696 5228 utique
724 5174 827 5213 non
856 5175 973 5212 cum
999 5176 1153 5214 carne
1181 5159 1514 5213 divinitatem
1539 5173 1896 5228 compassam,

319 5240 445 5293 qua:
474 5226 628 5299 extra
665 5230 970 5299 passionem
1008 5230 1182 5284 modis
1217 5230 1464 5284 omnibus
1513 5226 1745 5285 constat.
1792 5226 1899 5299 sed

321 5298 583 5378 quoniam
606 5297 823 5369 propria
850 5298 1010 5355 Verbi
1033 5315 1160 5355 caro
1184 5307 1321 5378 erat,
1353 5315 1470 5368 qua:
1498 5314 1652 5378 passa
1682 5306 1783 5362 est,
1812 5297 1900 5378 ille

1930 1743 1979 1806 Β

1998 444 2231 503 Felicem
2273 445 2339 498 ad
2365 455 2597 500 mentem
2625 444 2853 498 Nestorii
2883 445 3212 499 contrarium
3255 448 3574 507 sustinuisse

1998 533 2093 574 seu
2115 531 2358 583 negasse.
2380 514 2605 570 Verbum
2618 515 2794 568 Patris
2812 531 2929 569 esse
2946 530 3181 586 passum,
3194 532 3256 571 ac
3277 518 3399 573 inde
3417 535 3573 575 suam

1999 589 2064 643 de
2086 586 2193 639 Deo
2216 587 2572 658 nuncupatim
2603 586 2922 658 sententiam
2952 586 3264 658 deduxisse;
3296 590 3385 658 qui
3412 598 3467 644 et
3493 590 3573 645 ul-

1998 658 2168 712 terius
2192 670 2257 709 ex
2288 656 2406 709 istis
2433 655 2713 719 inferebat,
2736 655 3007 726 Christum
3035 673 3139 710 non
3168 655 3451 726 voluntate,
3473 660 3569 715 sed

2000 727 2299 782 necessitate
2342 740 2560 798 passum
2584 740 2723 788 esse,
2752 736 2806 778 et
2832 726 2952 781 ideo
2979 725 3194 781 Patrem
3242 725 3481 798 rogasse,
3512 738 3575 785 ut

1999 798 2137 852 calix
2166 813 2197 849 a
2227 811 2283 849 se
2316 794 2729 859 transferretur;
2775 798 2917 863 quod
2946 798 3121 852 denuo
3165 794 3415 855 testatum
3441 794 3572 858 facit

1997 867 2252 923 Paulinus
2279 866 2403 921 libr.
2434 882 2519 931 Ill,
2548 881 2666 934 cap.
2696 864 2729 918 4
2753 875 2807 920 et
2833 866 2959 920 alibi
2982 869 3197 937 saepius.

2069 1005 2277 1088 XXVII.
2319 1005 2578 1088 Christus,
2606 1024 2709 1079 qua
2738 1009 2914 1088 horno,
2942 1026 3116 1066 servus
3133 1012 3292 1088 juxta
3321 1014 3571 1088 ᾼάοριεα-

2000 1093 2206 1152 nos._—
2226 1077 2420 1152 Tertio
2433 1077 2647 1152 demum
2681 1080 2994 1152 servitutem
3023 1077 3236 1152 quoque
3261 1086 3326 1139 de
3351 1077 3570 1144 homine

1999 1145 2213 1219 Christo
2259 1148 2624 1217 praadicabant
2671 1148 2982 1219 Adoptiani,
3024 1145 3179 1219 prout
3224 1153 3573 1214 Nestorianos

1999 1216 2192 1272 fecisse
2235 1216 2395 1293 supra
2430 1216 2805 1293 meminimus:
2829 1238 2847 1270 (
2883 1216 3153 1293 Nunquid,
3182 1224 3257 1276 ait
3278 1224 3448 1293 Felix,
3480 1230 3572 1293 qui

1999 1234 2192 1272 recusso
2235 1234 2395 1340 suBra
2430 1234 2789 1273 meminimus.
2829 1238 2847 1270 (
2883 1234 3153 1289 nunquid,
3182 1234 3448 1293 aitr'elix,
3520 1234 3571 1284 ui

1998 1301 2159 1358 verus
2182 1296 2264 1342 est
2300 1356 2309 1358 _
2334 1303 2448 1351 eus,
2477 1287 2590 1343 fieri
2619 1298 2813 1358 potest,
2845 1298 2905 1343 ut
2928 1292 3234 1347 conditione
3262 1309 3449 1352 servus
3474 1246 3571 1354 Sci

1999 1356 2090 1433 sit,
2122 1357 2260 1433 sicut
2283 1356 2531 1433 Christus
2556 1356 2814 1433 Dominus
2837 1359 2889 1413 in
2916 1358 3088 1433 forma
3134 1363 3292 1427 servi,
3326 1367 3417 1433 qui
3440 1368 3576 1421 mul-

1999 1427 2071 1506 tis
2096 1428 2284 1506 modis,
2317 1428 2605 1506 multisque
2626 1429 2963 1506 documentis
2991 1446 3110 1506 non_
3126 1427 3577 1506 tantum-propter

1999 1498 2377 1563 obedientiam,
2412 1499 2746 1573 ut_pierique
2771 1500 2983 1573 volunt,
3020 1502 3112 1556 sed
3141 1503 3305 1557 etiam
3345 1498 3577 1573 per'na-

2000 1575 2178 1643 turam
2208 1584 2396 1643 servus
2416 1569 2577 1643 9'13
2604 1569 2780 1643 Patris
2804 1578 2875 1643 et
2916 1571 3056 1643 illius
3094 1573 3303 1643 ancilla:
3341 1569 3458 1643 ejus
3486 1593 3577 1632 ve-

2000 1638 2213 1709 rissime
2238 1638 2577 1693 edocetur?'»
2608 1640 2761 1709 Apud
2788 1640 3069 1695 Aleuinum
3096 1642 3218 1697 libr.
3243 1660 3316 1707 v1,
3342 1638 3490 1700 n'um.
3515 1648 3571 1702 4.

2003 1707 2149 1762 Idem
2197 1708 2321 1762 alibi
2372 1710 2483 1763 ait:
2519 1729 2537 1760 ‹
2576 1708 2633 1763 Si
2654 1707 2837 1775 enim,
2867 1721 2927 1764 ιιι
2954 1726 3050 1765 vos
3094 1712 3275 1779 vultis,
3305 1714 3464 1771 homo
3487 1733 3575 1773 as-

2005 1788 2251 1859 sumptus
2293 1795 2321 1831 a
2351 1779 2488 1834 Filio
2514 1780 2608 1834 Dei
2653 1796 2861 1859 moria
2908 1782 3256 1851 conceptione
3298 1784 3577 1859 virginalis

2000 1851 2142 1904 uteri
2171 1865 2328 1923 verus
2352 1859 2649 1923 conceptus
2669 1860 2749 1923 est
2772 1851 2932 1916 Deus,
2960 1867 3120 1923 verus
3147 1860 3201 1907 et
3226 1851 3571 1923 natus—Deus,

1999 1919 2267 2043 quorrrodo
2295 1920 2406 2013 ipse
2432 1921 2597 1975 Filius
2621 1921 2715 1974 Dei
2744 1936 2809 1974 ex
2832 1936 2965 1976 voce
2998 1920 3185 1977 forma:
3213 1925 3422 1980 servilis
3450 1919 3575 1996 pro;

1999 1990 2144 2043 nhett
2187 2004 2238 2043 m
2280 1988 2490 2043 \eteris
2529 1990 2857 2043 Testamenti
2902 1992 2968 2043 de
3013 1994 3302 2043 semetinso
3333 1997 3573 2043 testimn-

1999 1988 2238 2063 phetihm
2274 1988 2490 2063 Veteris
2529 1990 2857 2063 Testamenti
2902 1992 2968 2046 de
3013 1994 3302 2063 semetipso
3333 1988 3573 2052 testimo-

2001 2058 2151 2112 nium
2176 2058 2441 2129 perhibet,
2471 2062 2614 2130 quod
2642 2078 2707 2115 ex
2738 2072 2894 2115 utero
2921 2065 3109 2117 matris
3148 2058 3335 2120 servus
3365 2066 3434 2120 sit
3462 2066 3574 2122 for-

2000 2137 2197 2203 matus,
2225 2129 2341 2203 ipse
2362 2129 2573 2203 dicente
2592 2147 2688 2203 per
2716 2130 2908 2185 Isaiam
2950 2133 3268 2203 prophetam
3296 2150 3310 2190 :
3340 2135 3409 2189 Et
3435 2153 3573 2191 nunc

1999 2198 2111 2251 [uec
2137 2198 2263 2274 dicit
2287 2199 2543 2274 Dominus
2572 2198 2808 2274 formans
2843 2219 2930 2274 me
2951 2198 3016 2256 ex
3041 2198 3187 2257 utero
3211 2222 3413 2259 servum
3450 2208 3572 2274 sibi,

1999 2279 2057 2356 rit
2090 2269 2519 2356 reducam‘lacob
2557 2269 2625 2324 ad
2654 2288 2792 2356 earn,
2828 2282 2875 2356 et
2902 2271 3071 2326 Israel
3098 2276 3515 2356 congregabitur.

1999 2339 2205 2412 Erebis
2246 2340 2425 2412 verbis
2473 2342 2692 2412 insuper
2716 2341 3120 2399 fundamentum
3158 2339 3435 2411 discimus,
3482 2347 3573 2402 cui

1999 2408 2146 2463 Felix
2192 2410 2492 2478 insistebat,
2524 2408 2645 2467 cuin
2672 2412 2968 2478 Christum,
2997 2422 3056 2468 ut
3097 2414 3365 2471 hominem
3395 2408 3575 2473 Patris

2000 2495 2216 2555 servum
2246 2481 2465 2555 diceret,
2503 2499 2691 2552 nempe
2728 2484 3019 2553 prophetiae
3062 2484 3228 2548 Isaiae,
3260 2486 3314 2541 in
3348 2501 3453 2555 qua
3484 2503 3572 2543 re-

2000 2549 2204 2624 gugium
2233 2552 2394 2605 etiam
2422 2549 2766 2608 Nestori—auos
2812 2549 3125 2623 qumritasse
3163 2556 3320 2624 paulo
3349 2549 3475 2613 ante
3502 2574 3571 2614 ex

2001 2619 2684 2695 Theodoreto‘notavimus.
2730 2619 3049 2679 Conditione
3082 2619 3232 2695 ergo,
3258 2635 3311 2680 et
3339 2629 3575 2683 necessi-

2002 2697 2130 2752 tate,
2184 2708 2287 2745 non
2341 2692 2511 2747 libera
2561 2693 2834 2748 voluntate
2881 2710 3095 2749 servum
3142 2692 3261 2750 esse
3299 2697 3572 2754 hominem

1999 2776 2030 2813 a
2056 2760 2234 2834 Verbo
2265 2772 2596 2834 assumptum
2628 2765 2902 2834 asserebat
2932 2764 3103 2828 Felix,
3136 2766 3187 2818 id
3217 2768 3358 2834 quod
3393 2767 3570 2822 eidem

2000 2832 2534 2903 etianrsingulariter
2571 2833 3134 2903 exprobratAleuinus
3162 2832 3281 2889 libr.
3314 2852 3389 2900 γι,
3420 2852 3568 2891 num.

1999 2902 2034 2955 4
2059 2920 2074 2975 :_
2102 2920 2119 2951 (
2155 2902 2260 2975 Sed
2289 2911 2342 2955 et
2368 2903 2508 2958 inter
2532 2902 2747 2967 caetera,
2776 2906 2867 2966 ait,
2895 2921 3001 2973 quo
3032 2913 3083 2957 te
3112 2920 3276 2975 vagus
3305 2908 3570 2963 sermonis

2001 2972 2079 3046 tui
2124 2973 2371 3046 perduxit
2420 2982 2632 3041 textus,
2677 2977 2839 3029 etiam
2896 2972 2963 3028 ad
3021 2975 3124 3031 hoc
3164 2972 3478 3046 pervenisti,
3515 2985 3575 3033 ut

2003 3043 2211 3097 diceres
2262 3044 2367 3098 duo
2418 3061 2610 3114 genera
2674 3046 2950 3101 servitutis
2998 3062 3117 3101 esse
3166 3043 3229 3101 in
3281 3049 3570 3113 creaturis,

2002 3114 2363 3171 voluntarium
2405 3116 2619 3186 quidem
2662 3127 2716 3173 et
2760 3117 3138 3181 conditionale,
3185 3118 3333 3187 quia,
3372 3119 3572 3188 inquis,

1996 3192 2172 3258 omnis
2204 3197 2452 3258 c_reatura
2482 3188 2752 3258 voluntate
2783 3204 2876 3242 seu
2906 3188 3232 3258 necessitate
3258 3204 3353 3258 per
3382 3189 3572 3244 condi-

1996 3257 2196 3313 tionem
2223 3254 2333 3312 Deo
2355 3259 2541 3311 servit.
2566 3257 2728 3312 Plane
2754 3257 3002 3312 omnibus
3031 3266 3177 3328 patet
3203 3254 3424 3313 inferius
3451 3274 3573 3316 esse

1996 3342 2165 3397 genus
2216 3328 2589 3383 conditionalis
2633 3328 2855 3392 servitii,
2906 3343 3065 3397 quam
3105 3328 3418 3392 voluntarii;
3475 3330 3575 3384 sub

1995 3413 2103 3466 quo
2124 3398 2364 3453 inferiori
2399 3400 2565 3467 gradu
2595 3398 2758 3467 impia
2788 3400 3094 3454 temeritate
3117 3397 3389 3454 Christum
3418 3415 3572 3454 com-

1996 3483 2187 3536 parare
2236 3485 2340 3522 non
2394 3470 2570 3534 times,
2622 3470 2760 3523 sicut
2801 3485 2865 3523 ex
2910 3469 3015 3523 tuis
3065 3468 3241 3524 verbis
3273 3471 3383 3539 jam
3415 3480 3574 3524 antea

1996 3540 2349 3593 ostendimus.
2382 3559 2399 3591 ι
2449 3539 2716 3594 Notarunt
2744 3540 2884 3594 hunc
2913 3553 3151 3593 errorem
3189 3539 3350 3593 etiam
3380 3541 3433 3593 in
3464 3540 3575 3593 Eli-

1996 3609 2176 3676 pando
2208 3610 2403 3663 Beatus
2449 3618 2501 3663 ct
2534 3609 2801 3672 Etherius,
2847 3611 2974 3663 dum
3019 3609 3092 3662 ita
3132 3608 3249 3663 loco
3282 3610 3449 3664 citato
3474 3610 3567 3664 fol.

1998 3678 2097 3746 ξιοι
2148 3680 2393 3733 scribunt
2422 3698 2433 3731 :
2468 3699 2484 3729 ι
2522 3679 2636 3735 Hoc
2666 3687 2833 3732 totum
2868 3694 3034 3746 quare
3073 3678 3337 3744 diximus;
3380 3681 3481 3734 nisi
3514 3690 3573 3734 ut

1997 3745 2191 3819 {csum'
2217 3748 2511 3812 Christum,
2544 3751 2633 3818 qui
2678 3750 2744 3803 de
2770 3745 2988 3819 Virgine
3038 3758 3193 3802 natus
3240 3760 3344 3815 est,
3384 3765 3573 3804 verum

1997 3816 2166 3872 Deum
2198 3830 2250 3872 et
2279 3834 2464 3873 verum
2494 3816 2686 3873 Filium
2709 3819 2804 3873 Dei
2852 3816 2970 3873 esse
3008 3819 3289 3888 proprium
3334 3819 3576 3875 ﬁrmare-

1998 3904 2138 3953 mus,
2161 3898 2213 3943 et
2238 3889 2405 3942 Deum
2449 3890 2589 3943 inter
2610 3891 2755 3951 deos,
2782 3897 2836 3943 et
2864 3889 3170 3957 adoptivum
3196 3904 3316 3943 cum
3362 3890 3573 3959 adopti-

1997 3959 2100 4021 vis,
2128 3967 2182 4014 et
2203 3959 2484 4027 parvulum
2523 3976 2644 4014 cum
2667 3959 2919 4029 parvulis,
2942 3966 3215 4029 et_servum
3250 3977 3367 4013 cum
3388 3961 3571 4026 servis,

2000 4038 2057 4100 ut
2082 4026 2319 4084 hzeretici
2348 4026 2739 4099 blasphemant,
2766 4038 2949 4100 aperta
2979 4026 3158 4082 fronte
3184 4032 3566 4100 negaremus?»

1997 4099 2225 4170 Domum
2278 4101 2513 4170 episcopi
2546 4100 2813 4170 Hispania?
2853 4101 2905 4154 in
2942 4100 3167 4169 epistola
3197 4099 3272 4155 ad
3294 4102 3573 4170 episcopos

1998 4169 2181 4225 Gallia:
2201 4169 2434 4226 mentem
2464 4187 2615 4225 suam
2638 4169 2906 4226 communi
2935 4171 3141 4225 calamo
3168 4171 3242 4225 ita
3263 4169 3569 4229 declarant:

2004 4260 2021 4292 ι
2052 4240 2163 4296 llac
2204 4242 2368 4298 igitur
2385 4257 2549 4297 causa
2575 4243 2853 4296 doctorum
2902 4240 3197 4295 sententias
3222 4243 3341 4296 ideo
3390 4245 3441 4296 in
3467 4258 3570 4298 no-

1998 4321 2110 4366 stra
2154 4311 2463 4368 defensione
2508 4312 2848 4382 protulimus,
2892 4320 2949 4365 ut
2991 4311 3325 4379 unigenitum
3353 4313 3447 4368 Dei
3486 4313 3574 4368 Fi-

1974 4382 2127 4450 lium
2170 4382 2286 4436 sine
2316 4391 2553 4451 tempore
2581 4398 2645 4437 ex
2674 4382 2835 4437 Patre
2860 4383 3098 4453 genitum
3129 4384 3430 4449 credamus,
3460 4399 3571 4440 non

321 4451 568 4535 Negabat
600 4468 729 4523 ergo
752 4452 900 4507 Felix
933 4452 1231 4535 Christum,
1257 4469 1361 4535 qua
1389 4453 1679 4533 hominem,
1707 4466 1895 4535 verum
1921 4472 1975 4535 ι)

321 5368 512 5438 utique
558 5368 751 5439 passus
794 5381 1144 5440 mortuusque
1192 5370 1422 5433 dicitur,
1477 5368 1628 5436 cujus
1679 5369 1899 5437 propria
1936 5420 1937 5423 η

320 5454 453 5493 caro
478 5454 640 5508 passa
685 5450 741 5495 et
790 5450 1000 5496 mortua
1030 5456 1150 5495 esse
1175 5440 1489 5510 perhibetur
1517 5456 1532 5494 :
1557 5456 1589 5510 a
1620 5454 1724 5508 qua
1758 5454 1899 5510 nun-

320 5524 485 5581 quam
523 5519 643 5580 post
689 5512 1072 5581 assumptionis
1118 5508 1515 5565 sacramentum
1553 5508 1898 5581 impassibilis

319 5590 375 5634 et
406 5578 539 5635 inde
566 5582 840 5637 mutabilis
874 5578 1126 5650 separata
1165 5581 1416 5636 divinitas
1444 5578 1784 5649 przedicatur.
1819 5578 1899 5633 Ac

319 5664 421 5720 per
441 5650 545 5706 hoc
563 5650 814 5707 Christus
840 5650 996 5707 Jesus
1030 5661 1084 5706 et
1115 5666 1320 5720 passus,
1350 5659 1405 5704 et
1438 5656 1712 5720 mortuus,
1738 5656 1791 5720 et
1813 5664 1899 5720 se-

319 5719 524 5794 pultus,
543 5730 601 5779 et
626 5723 988 5782 resurrexisse
1006 5719 1303 5780 secundum
1329 5720 1661 5793 Scripturas,
1689 5719 1786 5777 Dei
1808 5719 1896 5778 Fi-

1926 5784 1975 5809 ..ι

1998 4453 2283 4521 adoptione
2327 4454 2420 4507 sed
2450 4468 2668 4523 genere,
2697 4452 2877 4523 neque:
2917 4452 3087 4523 gratia
3131 4453 3223 4507 sed
3256 4462 3445 4508 natura
3474 4473 3486 4507 :
3514 4455 3571 4509 in

1997 4523 2159 4594 tinem
2200 4537 2330 4576 vero
2361 4522 2617 4593 temporis
2660 4538 2756 4594 pro
2803 4522 2973 4594 salute
3002 4523 3219 4594 humani
3264 4525 3477 4594 generis
3515 4526 3572 4579 in

1995 4591 2224 4647 formam
2255 4594 2397 4664 servi
2434 4591 3009 4649 carnem—assumendo
3037 4593 3101 4645 de
3134 4591 3347 4664 Virgine
3374 4611 3570 4651 secun-

1995 4664 2122 4717 dum
2148 4663 2484 4734 Apostolum,
2514 4665 2927 4733 primogenitum
2976 4664 3117 4717 inter
3152 4662 3347 4721 fratres
3383 4666 3435 4721 in
3464 4681 3571 4721 una

1995 4735 2292 4804 eademque
2315 4734 2408 4789 Dei
2436 4742 2490 4788 et
2520 4735 2753 4789 hominis
2792 4749 3041 4804 persona,
3083 4749 3191 4805 non
3237 4751 3430 4805 genere
3476 4738 3571 4793 sed

1996 4806 2304 4879 adoptione,
2333 4820 2504 4879 neque
2533 4812 2724 4879 natura
2750 4806 2842 4860 sed
2864 4805 3072 4879 gratia;
3098 4804 3149 4857 iu
3180 4804 3442 4879 ea;forma
3466 4822 3572 4879 qua

1996 4875 2220 4951 gequAalis
2244 4876 2438 4951 matri,_
2458 4890 2566 4928 non
2595 4875 2648 4929 in
2671 4889 2733 4951 ea
2756 4890 2859 4951 qua
2883 4875 3105 4951 mqualis
3130 4885 3212 4951 est
3234 4875 3380 4951 Patri
3408 4898 3418 4932 :
3445 4875 3571 4951 quia

1996 4947 2051 5001 in
2102 4947 2271 5001 forma
2300 4945 2442 5000 servi
2472 4960 2683 5009 servus,
2718 4945 2837 4999 ideo
2861 4946 3162 5015 adoptivus,
3198 4948 3251 5001 in
3280 4945 3572 5004 forma—au-

1998 5025 2107 5087 tem
2128 5016 2338 5071 Domini
2368 5016 2625 5087 Dominus
2648 5016 2831 5087 servi._
2868 5015 2944 5069 De
2965 5031 3068 5087 qua
3096 5015 3268 5073 forma
3297 5020 3572 5074 servitutis

1999 5086 2143 5157 Deus
2168 5087 2328 5142 Pater
2351 5102 2450 5157 per
2468 5085 2790 5156 Prophetam
2820 5085 3057 5155 loquitur
3082 5089 3265 5143 dicens
3290 5107 3304 5145 ε
3331 5090 3465 5144 Ecce
3496 5091 3572 5142 in-

2000 5156 2192 5226 telliget
2217 5156 2392 5210 servus
2420 5173 2584 5211 meus.
2633 5157 2701 5211 Et
2749 5158 2943 5211 iterum
2970 5175 2983 5211 :
3010 5158 3145 5213 Ecce
3189 5176 3363 5212 servus
3400 5176 3565 5223 meus,

2000 5228 2281 5300 suscipiam
2310 5244 2427 5281 eum
2440 5244 2485 5300 ,‘W
2498 5228 2689 5282 electus
2715 5245 2879 5293 meus,
2918 5227 3228 5300 complacuit
3260 5230 3375 5300 sibi
3397 5229 3451 5281 in
3478 5227 3569 5281 illo

2003 5299 2181 5381 animo
2208 5315 2344 5380 mea.
2376 5318 2394 5350 ι
2417 5299 2529 5381 ,Εη
2578 5300 2833 5381 episcopi.
2860 5300 2945 5353 isti
2997 5298 3207 5381 publice
3250 5298 3571 5381 profitemur

2000 5367 2272 5423 Christum
2318 5369 2371 5424 in
2412 5368 2584 5424 forma
2614 5367 2835 5425 Domini
2882 5384 2977 5423 seu
2998 5367 3199 5423 divina:
3236 5378 3442 5422 natura:
3465 5367 3571 5421 Do-

1999 5439 2203 5493 minum
2233 5455 2351 5494 esse
2377 5440 2539 5504 servi,
2583 5441 2635 5495 id
2664 5448 2764 5504 est,
2810 5439 3043 5494 hominis
3084 5440 3374 5508 assumpti;
3425 5440 3571 5492 hunc

1999 5512 2195 5580 quippe
2232 5511 2541 5566 conditione
2581 5512 2693 5566 sive
2726 5518 2916 5565 natura
2952 5525 3049 5565 sua
3090 5525 3305 5564 servum
3339 5509 3443 5563 dici
3473 5508 3570 5562 de-

1996 5581 2125 5636 bere
2153 5583 2503 5650 pertinaciter
2532 5580 2890 5644 atlirmabant,
2921 5594 3077 5649 quem
3109 5589 3285 5634 tamen
3326 5593 3571 5636 errorem

1996 5651 2196 5707 dudum
2221 5663 2379 5708 antea
2410 5662 2521 5707 tam
2546 5655 2743 5707 acriter
2777 5653 2828 5705 in
2855 5650 3185 5706 Nestorianis
3212 5651 3572 5719 reprehende-

1996 5732 2082 5780 rat
2095 5734 2314 5782 sanctus
2337 5722 2569 5796 Cyrinus
2584 5720 3031 5780 anathematismo
3045 5721 3077 5779 6
3091 5723 3165 5778 ita
3177 5722 3562 5795 pronuntians:
