4038 6336
479 368 583 436 391

1304 363 1366 433 Β.
1405 370 1470 427 F.
1509 362 1735 425 ALBINI
1774 365 1907 426 SEU
1944 362 2220 425 ALCUINI
2256 364 2537 424 OPERUM
2570 360 2750 422 PARS
2785 358 2872 421 III.

3639 357 3759 425 592

479 493 766 553 concilium
794 490 1164 563 episcopon
1190 501 1257 541 ex
1282 486 1533 563 ompibus
1558 483 1709 554 regni
1736 481 1817 537 sui
1842 481 2060 563 provin-
2085 486 2135 544 Α
2162 481 2355 563 ﬁlium“
2375 481 2670 563 naturalem
2716 480 2971 562 eumdem
3005 493 3127 535 cum
3156 478 3425 563 adoptivo
3470 494 3591 535 esse
3628 496 3754 563 non

478 551 579 623 ciis
606 566 661 618 in
690 551 875 634 eadem
903 551 1024 634 villa
1068 555 1503 634 (Franconofurt)
1542 551 1907 634 congregavit.
1950 551 2057 634 Ad-

479 637 698 692 fuerunt
726 633 888 687 etiam
914 631 965 685 in
996 624 1180 686 eadem
1207 626 1409 699 synodo
1436 624 1601 699 legati
1622 624 1853 699 Romani
1883 624 2061 694 ponti-

480 707 599 762 ﬁcis
628 702 1060 773 Tthphylactus
1082 716 1146 774 ac
1187 695 1756 774 Stiphanus‘episeopi
1782 695 2063 774 vicemnte-

479 785 668 833 nentes
692 764 903 843 eju's,'a
940 787 1048 842 quo
1075 771 1224 843 missi
1258 764 1754 843 fuerant,_Romani
1792 764 2062 835 pontiﬁcis

477 838 733 901 Adriani:
758 838 827 898 ιη
850 838 973 912 quo"
990 842 1218 897 concilio
1252 849 1308 895 et
1339 838 1560 893 hzeresis
1598 845 1895 912 memorata
1933 850 2063 890 con-

481 918 727 971 demnata
754 906 935 986 estfet
963 913 1100 967 liber
1123 921 1311 986 contra
1336 924 1453 986 eam
1482 908 1755 965 communi
1785 906 2061 986 episcopo-

1507 995 1575 1033 uo
1608 993 1795 1032 omnes
1828 978 2063 1030 subscri-

479 1002 599 1040 rum
635 984 954 1056 auctoritate
993 984 1340 1056 compositus,
1379 980 1432 1033 in
1468 993 1795 1056 quo__omiies
1828 980 2033 1056 subseri

1523 1050 1727 1103 allicar.
1759 1056 1810 1102 et
1842 1047 2062 1100 Franci—

480 1063 722 1134 pscruni.
759 1055 973 1134 110m.
1007 1054 1050 1109 V
1083 1053 1421 1134 Script.'rer.
1474 1053 1810 1134 G_alli_car..et
1842 1053 1955 1134 Frui

481 1117 594 1180 car.
636 1126 727 1179 fol.
757 1123 879 1178 210.
916 1125 994 1178 En
1025 1117 1253 1178 concilio
1288 1119 1791 1182 Francofordiensi,
1831 1124 1883 1170 et
1923 1117 2061 1170 libro

478 1206 664 1251 contra
711 1195 941 1267 haeresin
989 1193 1314 1267 Felicianam
1356 1191 1655 1267 composito
1700 1189 1768 1242 ab
1811 1188 2063 1267 omnibus

479 1266 849 1338 subscriptum
871 1263 1034 1319 fuisse
1065 1263 1231 1338 refert
1257 1271 1445 1338 auctor
1469 1263 1598 1338 iste,
1642 1266 1706 1338 et
1714 1273 1854 1338 _cum_
1870 1266 1977 1311 tam
2007 1263 2061 1338 in

480 1337 616 1392 actis
642 1328 875 1399 concilii,
904 1349 1072 1407 quam
1082 1335 1262 1407 etiam
1289 1334 1343 1386 in
1380 1332 1636 1407 praedicto
1673 1328 1810 1382 libro
1842 1328 2063 1407 haeresis

479 1407 750 1479 Feliciana
777 1401 1029 1474 tanquam
1054 1403 1369 1479 Nestoriana
1395 1401 1675 1479 habeatur,
1701 1413 1879 1479 nonne
1902 1401 2063 1479 tacite

480 1477 533 1530 id
562 1479 754 1549 ipsum
793 1472 1043 1549 narrasse
1082 1473 1492 1549 censendusest
1531 1472 1822 1549 historicus
1856 1476 2060 1549 nosterz

479 1548 570 1615 qui
599 1537 697 1620 abs
725 1546 1139 1620 dubiomentem
1170 1542 1545 1620 suam__clarius
1570 1538 1897 1620 dedisset,"si
1919 1537 2063 1620 aliud

480 1608 543 1669 ea
586 1619 649 1670 de
694 1630 753 1669 re
792 1613 1054 1684 judicium
1100 1615 1212 1684 ipse
1261 1613 1626 1684 tulissettaut
1668 1625 1695 1661 a
1742 1608 2062 1684 quibusdam

480 1685 610 1741 ferri
662 1678 934 1740 novisset?
982 1678 1181 1738 Eadem
1237 1698 1463 1753 arguere
1512 1681 1639 1753 licet
1686 1694 1751 1753 ex
1802 1678 2063 1753 relatione

479 1756 660 1811 Poeta)
694 1757 922 1811 Saxonis
973 1762 1027 1807 et
1065 1747 1351 1808 Annalium
1388 1750 1867 1807 Moissiaccnsium.
1911 1747 2063 1814 Quod

2162 552 2356 623 posse?
2394 551 2789 623 Nunquidnon
2833 552 3003 622 magis
3047 559 3295 623 contorta
3337 559 3419 623 est
3456 552 3751 623 expositio,

2161 621 2325 690 quam
2354 624 2517 676 tradit
2548 621 2824 677 Walchius
2854 623 2920 675 de
2935 621 3123 677 "verbis
3152 621 3397 691 Elipandi
3429 637 3495 675 ac
3524 621 3751 686 Felicis,

2162 692 2288 763 dum
2335 692 2451 746 ait:
2485 692 2574 746 illa
2617 709 2720 749 non
2746 694 2810 746 de
2840 692 3066 758 Christo,
3108 693 3199 763 qui
3235 701 3309 763 est
3349 692 3522 763 homo,
3565 694 3655 747 sed
3683 692 3759 746 de

2163 761 2395 834 Christo,
2420 772 2675 834 quatenus
2700 773 2776 816 est
2801 764 2972 825 homo,
3001 761 3129 834 esse
3156 762 3402 833 prolata?
3429 762 3570 834 Quae
3598 764 3754 821 enim

2163 832 2440 889 distinctio
2466 840 2549 887 est
2577 833 2718 887 inter
2744 834 2860 888 hinc
2888 834 2994 888 duo
3021 851 3033 886 :
3064 832 3324 898 Christus,
3349 832 3440 903 qui
3460 843 3533 886 est
3558 834 3750 899 homo,

2162 913 2209 957 et
2233 903 2491 967 Christus,
2516 912 2769 974 quatenus
2793 914 2868 974 est
2890 903 3041 974 homo
3060 905 3085 958 ?
3106 903 3165 959 Si
3186 904 3347 958 verba
3362 902 3757 974 episcoporum

2164 974 2373 1028 illorum
2411 972 2692 1028 sumantur
2713 973 2778 1027 de
2802 972 3031 1037 Christo,
3056 977 3146 1041 qui
3171 984 3244 1027 est
3274 972 3447 1037 homo,
3479 974 3533 1028 in
3556 972 3757 1031 'mente

2163 1043 2394 1115 Walchii
2426 1043 2615 1098 tollunt
2648 1045 2900 1098 unionem
2927 1045 3352 1115 hypostaticam,
3388 1044 3510 1112 quia
3540 1045 3759 1100 scilicet

2163 1114 2263 1185 ille
2280 1111 2540 1179 Christus,
2569 1115 2659 1185 qui
2696 1125 2769 1168 est
2808 1111 3187 1185 homoé'Filius
3221 1115 3315 1185 Dei
3352 1111 3615 1170 naturalis
3644 1125 3756 1171 est.

2166 1184 2273 1238 Sed
2318 1185 2556 1253 nunquid
2583 1183 2701 1239 non
2740 1186 2903 1239 etiam
2943 1183 3180 1239 Christus
3226 1184 3335 1249 ille,
3375 1194 3631 1253 quatenus
3674 1195 3757 1240 est

2163 1254 2338 1317 homo,
2371 1263 2428 1308 et
2450 1255 2698 1327 quidem,
2722 1256 2872 1327 quod
2905 1265 3063 1327 caput
3090 1254 3401 1327 quaestionis
3424 1264 3537 1327 est,
3569 1268 3761 1327 quate-

2164 1340 2263 1378 nus
2294 1334 2367 1377 est
2404 1340 2491 1379 inc
2519 1325 2692 1389 homo,
2722 1325 2888 1379 Filius
2918 1325 3011 1379 Dei
3042 1326 3302 1380 naturalis
3332 1325 3436 1380 dici
3467 1325 3658 1381 debet?
3684 1326 3762 1381 Et

2163 1392 2426 1476 profecto.
2455 1394 2589 1448 Nam
2630 1405 2884 1476 quatenus
2911 1404 2985 1476 est
3014 1412 3099 1476 iiii:
3136 1396 3309 1476 hoino,
3354 1396 3559 1449 nullum
3601 1398 3655 1476 in
3684 1412 3760 1452 eo

2164 1465 2404 1518 occurrit
2431 1465 2765 1534 suppositum
2796 1465 2963 1529 aliud,
2990 1467 3093 1520 nisi
3125 1467 3395 1530 divinum;
3427 1481 3554 1536 ergo
3582 1467 3759 1523 etiam

2164 1545 2420 1607 quatenus
2448 1545 2520 1607 est
2554 1551 2640 1607 inc
2674 1536 2850 1607 homo,
2877 1536 3045 1590 Filius
3071 1536 3163 1590 Dei
3195 1538 3457 1591 naturalis
3482 1538 3762 1607 appellan—

2167 1605 2266 1678 dus
2292 1613 2392 1678 est.
2432 1605 2540 1658 Aut
2574 1606 2620 1659 si
2665 1606 2878 1660 dicatur
2904 1623 3047 1672 eum,
3076 1618 3333 1678 quatenus
3366 1616 3441 1661 est
3467 1605 3759 1676 ni’c‘homo,

2166 1675 2474 1745 adoptivum
2502 1691 2639 1740 esse,
2670 1685 2821 1731 certe
2846 1678 3027 1739 etiam,
3054 1675 3310 1747 quatenus
3347 1688 3423 1731 est
3456 1693 3543 1747 me
3577 1675 3759 1745 homo,

2167 1748 2505 1814 suppositum
2555 1748 2848 1801 humanum
2892 1748 3281 1802 admittendum
3328 1749 3454 1802 erit.
3502 1746 3615 1802 Nisi
3663 1748 3765 1803 de-

480 1841 608 1879 vero
630 1826 816 1880 Jonam
837 1825 1276 1878 Aurelianensem
1303 1830 1527 1895 spectat,
1551 1821 1737 1895 mirari
1766 1819 1897 1895 satis
1922 1816 2063 1895 haud
2096 1836 2141 1895 Β
2168 1831 2315 1895 mum
2353 1825 2601 1895 naturain
2630 1819 2928 1895 humanam
2962 1818 3093 1873 velis
3131 1818 3477 1895 considerare
3502 1819 3657 1888 quasi
3686 1820 3761 1873 ab

480 1913 784 1967 possumus,
816 1911 939 1949 eum
975 1911 1004 1947 a
1032 1895 1278 1967 Walchio
1317 1888 1418 1967 hoc
1455 1891 1573 1967 loco
1608 1891 1660 1944 in
1698 1888 2061 1967 conﬁrmatio-

480 1957 603 2022 nem
650 1957 916 2042 opinionis
943 1981 1070 2042 suae
1116 1964 1381 2042 nominari
1412 1964 1685 2042 pogiifseh
1718 1957 2061 2042 cujus‘paulio

480 2046 606 2092 ante
634 2033 793 2112 verba
812 2035 1031 2112 ,_elici
1055 2045 1169 2112 tam
1201 2035 1448 2112 inimica,
1479 2033 1901 2112 97.6jp'semet
1925 2033 2063 2112 reci-

479 2116 709 2162 taverat.
737 2107 1031 2161 Audiamus
1052 2106 1316 2175 integrum
1343 2104 1622 2175 scriptoris
1651 2103 2058 2175 istiustextum,

480 2187 534 2233 et
564 2178 865 2232 Walchinm
906 2178 987 2230 sui
1030 2170 1425 2245 quodammodo
1455 2170 1695 2245 ioblituni
1742 2170 2059 2245 videbimus.

484 2267 503 2299 ι
542 2248 610 2303 Ut
637 2249 799 2319 igitur
823 2241 1314 2319 caeteros—omittam
1345 2244 1527 2315 (verba
1555 2242 1669 2310 ejus
1695 2241 1863 2311 sunt),
1882 2254 2065 2319 emer-

479 2319 557 2390 sit
568 2308 861 2390 Aexfeadem
892 2316 1160 2390 Hispania
1174 2308 1413 2390 tempore
1432 2308 1644 2390 sancta;
1670 2308 1951 2390 memerize
1966 2308 2065 2390 Ca-

480 2388 581 2442 roli
610 2388 835 2457 piissimi
868 2380 1029 2457 atque
1056 2380 1391 2457 invictissimi
1416 2384 1641 2457 Augusti
1667 2382 1883 2457 quidam
1914 2380 2063 2457 clix

482 2452 719 2521 nomine,
748 2464 870 2511 actu
898 2452 1102 2521 infelix,
1134 2452 1572 2521 Urgellitanensis
1597 2452 1833 2508 civitatis
1858 2452 2066 2521 episco-

519 2544 601 2589 us,
633 2529 724 2597 qui
755 2525 944 2594 juncto
990 2520 1093 2581 suo
1130 2520 1547 2581 sceleratissimo
1588 2524 1759 2597 errori
1805 2520 2064 2590 Elipando

529 2594 754 2652 oletana:
773 2598 923 2651 urbis
947 2598 1198 2667 episc0po
1224 2597 1515 2667 secundum
1539 2594 1931 2667 humanitatem
1958 2608 2064 2646 non

482 2684 602 2723 esse
628 2668 904 2738 preprium
932 2663 1265 2732 Filium’Dei,
1296 2667 1388 2721 sed
1422 2666 1729 2738 adoptivum
1769 2663 2065 2738 priedicare

482 2733 647 2814 ausus
665 2733 774 2814 θεέ..
802 2737 917 2814 i_Et_
941 2738 1126 2805 paucis
1150 2738 1443 2814 interjectis
1464 2733 1542 2814 sic
1564 2736 1737 2814 pergit
1766 2752 1828 2814 ε’(
1860 2733 2065 2814 Quibus

482 2809 680 2863 milites
717 2807 955 2873 Christi,
999 2817 1057 2861 nt
1096 2816 1218 2877 pote
1260 2805 1627 2861 invictissimis
1668 2805 2067 2877 armisimuniti

481 2877 596 2947 ejus
642 2893 895 2933 vesanam
944 2874 1241 2931 doctrinam
1290 2879 1756 2947 pmpulsaverunt.
1815 2874 2065 2947 Ejusdem

479 2945 713 3017 namque
757 2949 1014 3017 principis
1052 2948 1204 3015 jussu
1256 2945 1308 3001 in
1357 2945 1519 3000 unum
1574 2946 1777 3009 coacti,
1827 2945 2065 3017 adhibita

480 3014 644 3074 etiam
672 3014 871 3072 sanctae
902 3014 1139 3073 romana:
1167 3017 1419 3073 Ecclesia:
1448 3019 1789 3079 auctoritate,
1817 3014 2064 3069 eumdem

482 3089 712 3144 Felicem
744 3089 1165 3153 damnaverunt,
1208 3090 1314 3143 imo
1354 3105 1470 3141 cum
1509 3098 1722 3141 auctore
1750 3086 1831 3140 sui
1872 3086 2065 3138 erroris

485 3158 756 3230 Nestorio,
798 3175 950 3230 quem
999 3160 1686 3230 iinjtatushest,perpetuo
1728 3155 2061 3230 anathemati

482 3226 939 3299 minucipaverunt.
977 3246 995 3279 ι
1041 3228 1193 3283 Tom.
1239 3228 1352 3284 XIV
1396 3226 1537 3283 Bibl.
1564 3228 1668 3282 PP.
1714 3226 2065 3299 QUIDSOLQUD

483 3295 678 3353 ﬁducia
718 3300 785 3352 ad
830 3300 971 3354 hunc
1010 3300 1324 3368 scriptorem
1368 3314 1663 3368 provocare
1706 3297 1882 3368 potuit
1921 3295 2069 3368 Wal-

482 3369 657 3432 chius,
688 3384 808 3423 cum
858 3370 904 3424 is
947 3370 1021 3423 ita
1062 3366 1299 3424 errorem
1334 3366 1527 3423 Felicis
1572 3370 1637 3423 de
1681 3366 1968 3435 adoptione
1998 3366 2069 3435 in

482 3437 698 3493 Christo
728 3438 944 3503 referat,
970 3447 1030 3492 ut
1056 3439 1216 3493 simul
1245 3438 1402 3507 hujus
1428 3439 1631 3493 erroris
1661 3434 1935 3492 auctOrem
1965 3434 2071 3489 Ne-

481 3511 709 3563 storium
735 3510 981 3578 appellet,
1009 3508 1238 3563 Felicem
1262 3527 1391 3564 vero
1415 3509 1647 3564 Ncstorii
1672 3507 1893 3578 vestigia
1918 3522 2071 3575 pres-

482 3579 617 3633 sisse
648 3577 842 3634 diserte
878 3580 1057 3634 dicat?
1098 3580 1205 3635 Sed
1240 3596 1431 3649 nempe
1463 3581 1541 3634 sic
1570 3579 1803 3649 labimur
1834 3577 2071 3647 plerum-

486 3665 609 3718 quc,
642 3649 765 3702 dum
808 3650 1129 3720 przejudiciis
1164 3648 1381 3720 abrepti
1417 3666 1522 3704 non
1560 3648 1675 3718 jam
1717 3648 1785 3701 ad
1809 3658 2070 3720 veterum

482 3717 828 3772 monumenta
860 3717 1155 3774 formamus
1182 3717 1462 3774 ratiocinia
1493 3727 1698 3781 nostra,
1731 3718 1825 3772 sed
1853 3717 1943 3771 illa
1973 3732 2067 3786 po-

483 3787 588 3841 tius
614 3789 679 3842 ad
704 3789 804 3842 ista
826 3790 1226 3859 detorquemus.
1248 3790 1357 3844 Nec
1377 3798 1687 3844 exterorum
1710 3788 2067 3859 solummodo,

482 3858 576 3931 sed
612 3859 849 3931 ipsorum
887 3857 1051 3915 etiam
1081 3860 1355 3931 Hispaniae
1394 3861 1718 3931 scriptorum
1749 3860 1850 3931 hoe
1875 3857 2072 3931 iuit_de

483 3927 742 4001 Eiipando
770 3938 825 3984 et
852 3932 1031 3987 Felice
1072 3927 1360 3997 judicium,
1391 3927 1552 4001 prout
1578 3930 1771 4000 legenti
1803 3928 2071 4001 Epistolas

480 3996 663 4070 iuvari
703 3996 1097 4067 Cordubensis,
1136 4002 1227 4070 qui
1258 3996 1406 4057 circa
1446 3996 1682 4056 medium
1723 3996 1864 4054 noni'
1890 3999 2071 4054 saeculi

481 4067 683 4131 ﬂoruit,
716 4072 1056 4126 manifestum
1094 4067 1217 4136 erit,
1249 4074 1341 4127 ubi
1374 4081 1561 4127 auctor
1590 4073 1692 4126 iste
1727 4071 1800 4124 ita
1830 4083 2070 4124 errorem

484 4139 551 4193 de
578 4155 720 4212 saepe
748 4140 886 4212 dicta
917 4143 1200 4211 adoptione
1238 4150 1526 4212 Oppugnat,
1574 4150 1633 4196 ut
1670 4140 1995 4212 simul_enm
2038 4156 2068 4194 a

482 4210 712 4263 concilio
749 4209 1036 4333 Eghesino
1060 4212 1113 4265 in
1156 4209 1406 4269 Nestorio
1443 4212 1790 4276 damnatum,
1828 4210 2072 4279 duasque

483 4291 551 4332 ex
576 4279 667 4333 illo
700 4280 752 4332 in
823 4281 994 4333 hristo
1022 4298 1281 4333 personas
1320 4283 1471 4333 senui
1510 4299 1615 4333 non
1643 4297 1751 4333 una
1784 4282 1901 4333 vice
1928 4297 2072 4333 asse-

483 4291 551 4332 ex
576 4279 752 4351 illoin
778 4279 994 4351 Christo
1022 4298 1281 4351 personas
1320 4283 1471 4351 sequi
1510 4299 1615 4336 non
1643 4297 1751 4335 una
1784 4282 1901 4335 vice
1928 4297 2072 4336 asse-

484 4356 593 4401 rat.
624 4349 756 4403 V’ide
786 4348 1097 4421 Hispaniam
1129 4353 1352 4408 Sacram
1380 4348 1606 4408 Florcsii
1638 4352 1790 4407 Tom.
1821 4350 1915 4417 XI,
1946 4368 2069 4423 pag.

487 4416 592 4472 119
621 4427 675 4470 et
703 4433 853 4472 seua.

560 4485 1193 4576 ¥_¥¥_'!!_3.'R“R°"1€W
1222 4494 1294 4576 9:!
1327 4493 1929 4576 F’I‘ffli“.w"‘.£"§z—_
1955 4493 2072 4576 13.99

2090 3193 2138 3255 Ο

2167 1886 2365 1959 unione
2384 1903 2507 1941 cum
2520 1888 2695 1942 Verbo
2718 1888 2963 1952 divisam,
2982 1897 3037 1943 et
3056 1904 3154 1959 per
3174 1886 3597 1959 abstractionem
3613 1905 3765 1943 men-

2163 1956 2234 2010 tis
2270 1956 2601 2026 scjunctam;
2643 1959 2783 2028 quod
2812 1967 3022 2023 tamen,
3058 1956 3222 2029 quam
3259 1961 3549 2029 absurdum
3580 1958 3760 2023 foret,

2162 2042 2323 2099 nemo
2352 2043 2455 2081 non
2485 2029 2660 2093 videt;
2693 2045 2814 2083 cum
2843 2028 3207 2097 quaestio’tum
3246 2039 3390 2084 mota
3421 2028 3604 2093 fuerit,
3628 2029 3764 2099 quid

2164 2097 2230 2152 de
2258 2098 2432 2152 Verbo
2461 2107 2581 2152 actu
2614 2100 2915 2163 incarnato,
2939 2109 2993 2153 et
3016 2100 3350 2155 humanitate
3377 2109 3500 2154 actu
3527 2117 3555 2154 a
3584 2097 3764 2154 Verbo

2164 2176 2460 2250 assumpta,
2491 2176 3034 2250 et_prout_assumpta
3065 2172 3403 2250 sentiendum
3430 2178 3594 2250 esset:
3629 2168 3765 2225 Om-

2164 2238 2474 2311 nisqnippe
2507 2239 2798 2309 disputatio
2836 2240 3141 2311 agitabatur
3176 2242 3241 2296 de
3283 2241 3539 2311 mysterio
3576 2241 3764 2295 locar-

2164 2310 2418 2381 nationis,
2470 2320 2631 2379 prout
2673 2319 2793 2364 actu
2840 2322 3118 2381 peractum
3165 2310 3375 2377 fuerat,
3424 2322 3585 2381 prout
3632 2318 3759 2366 actu

2164 2380 2463 2453 existebat;
2508 2381 2590 2453 ide
2637 2380 2853 2434 natura
2883 2382 3113 2435 humana
3135 2423 3149 2446 ,
3197 2393 3357 2453 prout
3386 2380 3525 2453 actu
3548 2452 3551 2453 ν
3575 2382 3761 2453 Verbo

2165 2452 2315 2522 unita
2342 2458 2477 2504 erat.
2506 2450 2654 2522 inani
2684 2466 2813 2522 ergo
2838 2462 3031 2506 conatu
3061 2450 3258 2507 dicitur
3290 2468 3321 2506 a
3349 2452 3615 2518 Walchio,
3643 2452 3760 2505 Eli-

2162 2520 2398 2593 pandum
2425 2530 2479 2574 et
2509 2520 2741 2593 Felicem
2756 2520 3136 2577 considerasse
3164 2524 3572 2586 humanitatem,
3602 2523 3761 2593 quasi

2166 2590 2197 2645 a
2232 2590 2408 2645 Verbo
2454 2592 2777 2660 sepositam;
2815 2609 2936 2647 cum
2968 2594 3033 2648 de
3080 2593 3187 2658 illa,
3220 2603 3280 2648 ut
3309 2596 3408 2657 sic,
3451 2594 3595 2647 nulla
3621 2590 3763 2648 ‘tum

2166 2661 2484 2734 disceptatio
2528 2662 2711 2725 fuerit,
2753 2664 2847 2717 sed
2876 2664 2941 2734 de
2980 2665 3191 2734 integro
3225 2664 3521 2733 supposito,
3563 2666 3619 2719 in
3649 2679 3760 2732 quo

2167 2731 2359 2800 duplex
2385 2740 2597 2797 natura,
2619 2734 2796 2787 divina
2821 2733 3025 2788 scilicet
3055 2731 3114 2800 et
3130 2731 3383 2798 humana,
3406 2731 3756 2789 occurrebat.

2166 2797 2402 2855 Rursum
2431 2804 2617 2873 eadem
2646 2805 2836 2873 pagina
2864 2805 3037 2873 inquit
3067 2797 3346 2859 Walchius
3372 2797 3386 2858 ξ
3425 2824 3444 2856 ι
3478 2804 3655 2859 Nolim
3684 2804 3764 2858 le-

2168 2872 3062 2947 ctopcInLadoptivi’vece:_oﬂeiidi,
3099 2876 3363 2944 siquidem
3401 2876 3649 2947 derillius
3686 2875 3763 2928 si-

2168 2942 2531 3010 gniﬁcatione,
2578 2958 2737 3012 quam
2784 2944 3078 3014 Elipandus
3120 2942 3180 3001 ei
3220 2946 3428 3010 tribuit,
3476 2946 3616 3001 inter
3661 2961 3763 3000 nos

2168 3014 2403 3087 nondum
2444 3014 2776 3087 convenerit.
2815 3033 2834 3066 ι
2898 3015 3002 3087 Sed
3030 3017 3156 3084 quid
3185 3032 3322 3087 opus
3360 3025 3441 3072 est
3492 3017 3558 3087 de
3587 3017 3760 3087 signi-

2168 3082 2421 3157 ﬁcatione
2465 3084 2610 3157 vocis
2659 3082 3416 3157 adoptivialtercarifquam
3465 3082 3763 3157 Elipaiidus

2168 3168 2276 3208 non
2302 3154 2536 3227 primum
2568 3154 2791 3219 invenit,
2822 3155 2914 3210 sed
2956 3156 3007 3209 in
3040 3172 3224 3223 sensu,
3258 3154 3417 3227 quem
3461 3154 3602 3227 apud
3645 3173 3765 3211 om-

2169 3240 2267 3308 nes
2305 3224 2865 3308 prmseierti‘aceepit,
2911 3227 3017 3308 hoc
3051 3228 3166 3296 ipso
3199 3224 3342 3298 quod
3382 3224 3582 3308 nullibi.
3611 3228 3763 3282 illam

2169 3293 2327 3368 aliter
2353 3295 2674 3368 explicarit:
2697 3293 2828 3350 Dein
2859 3313 2981 3368 etim
2998 3293 3112 3366 jam
3142 3293 3439 3353 memorata
3466 3298 3662 3368 pagina
3691 3313 3761 3352 ex

2169 3364 2414 3436 symbolo
2435 3364 2703 3434 Elipandi,
2725 3368 2869 3436 quod
2895 3364 3092 3423 Beatus
3119 3378 3173 3424 et
3199 3369 3451 3424 Etherius
3466 3364 3763 3432 exhibent,

2168 3433 2568 3506 distinctionem
2607 3433 2852 3506 superius
2879 3447 3118 3493 notatam
3159 3440 3299 3495 inter
3335 3440 3484 3493 illum
3521 3449 3576 3493 et
3606 3438 3765 3492 illum

2171 3504 2226 3558 in
2253 3505 2469 3576 Christo
2499 3504 2763 3576 attigisset
2786 3507 3084 3574 Walchius,
3112 3511 3227 3565 haec
3254 3510 3445 3565 scribit
3474 3527 3488 3575 ;
3524 3527 3544 3561 ι
3582 3508 3768 3564 Mone-

2168 3575 2654 3649 inusEIipandum,
2681 3577 2725 3632 si
2755 3594 2991 3647 unquam
3013 3581 3128 3635 haec
3149 3581 3594 3649 pronuntiaverit,
3623 3580 3762 3634 satis

2171 3645 2469 3701 luculenter
2499 3646 2826 3712 declarasse,
2846 3645 2925 3703 se
2956 3651 3021 3704 de
3059 3645 3374 3706 discrimine
3412 3661 3763 3714 naturarum,

2171 3731 2280 3770 non
2328 3732 2683 3789 personarum
2731 3719 2845 3772 hzec
2891 3720 3058 3789 loqui.
3097 3740 3115 3772 ι
3157 3721 3430 3777 Lubenter
3473 3722 3528 3775 id
3573 3722 3769 3788 utique

2172 3787 2547 3860 concedimus;
2581 3803 2738 3842 nemo
2765 3797 2945 3843 tamen
2963 3787 3059 3845 fest
3085 3793 3176 3860 qui
3202 3793 3428 3855 nesciat,
3455 3792 3624 3846 etiam
3661 3787 3771 3844 Ne-

2171 3857 2460 3932 storianos,
2493 3874 2615 3913 cum
2646 3860 2742 3913 toti
2771 3868 2955 3932 essent
2981 3862 3035 3915 in
3072 3857 3327 3916 salvanda
3352 3870 3539 3917 contra
3565 3861 3771 3932 Apolli-

2172 3930 2410 3983 naristas
2440 3935 2753 3983 naturarum
2780 3930 3107 3996 dill‘erentia,
3143 3933 3196 3986 id
3233 3933 3308 3985 ita
3345 3932 3557 3997 iecisse,
3597 3930 3662 3986 ut
3696 3932 3770 3986 si-

2172 3998 2285 4073 mul
2329 4014 2588 4073 personas
2627 4000 2948 4073 dividerent.
2991 4003 3189 4073 Pagina
3229 4002 3333 4056 224
3379 4001 3771 4073 fateturAWal-

2173 4070 2330 4124 chius
2400 4072 2612 4124 incaute
2661 4071 2909 4139 equidem
2958 4087 2988 4125 a
3035 4070 3214 4127 Felice
3258 4082 3524 4128 assertum
3574 4071 3768 4138 fuisse,

2172 4140 2316 4263 quod
2346 4155 2611 4208 nusquam
2646 4141 2701 4194 in
2745 4142 3034 4213 Evangelio
3076 4144 3242 4198 Filius
3272 4144 3389 4209 Dei,
3429 4144 3526 4199 sed
3556 4152 3770 4197 tantum

2214 4209 2317 4263 lius
2352 4210 2585 4263 hominis
2621 4227 2718 4263 ι)το
2758 4214 2915 4263 nobis
2954 4214 3182 4263 traditus
3211 4213 3438 4263 leuatur.
3475 4213 3770 4263 Subinnizit

2214 4209 2317 4265 lius
2352 4210 2718 4284 hominispro
2758 4209 2920 4284 nobis
2954 4214 3182 4268 traditus
3211 4213 3438 4284 legatur.
3475 4213 3771 4282 Subjnngit

2173 4295 2303 4336 vero
2352 4299 2364 4333 :
2418 4298 2436 4331 ι
2494 4280 2731 4355 Meliora
2764 4283 2896 4336 mihi
2945 4284 3157 4339 videtur
3202 4280 3395 4355 (Felix)
3443 4280 3769 4355 concepisse

2173 4360 2384 4422 mente,
2422 4366 2583 4420 quam
2620 4352 2923 4409 declarasse
2964 4355 3162 4409 verbis.
3202 4352 3221 4407 ὁ
3256 4352 3389 4422 Quis
3419 4355 3508 4408 hic
3549 4352 3659 4407 non
3690 4354 3772 4407 vi-

2174 4421 2264 4493 det
2289 4422 2569 4475 cavillandi
2595 4423 2866 4477 studium?
2902 4424 3153 4493 Nunquid
3189 4421 3296 4479 non
3323 4426 3486 4479 verba
3519 4425 3586 4478 de
3613 4439 3770 4477 men~

2175 4491 2243 4545 tis
2270 4507 2429 4563 sensu
2459 4493 2773 4547 enuntiant?
2795 4494 2955 4548 Certe
2987 4496 3030 4549 si
3044 4491 3171 4549 111cc
3197 4493 3599 4563 conjecturandi
3628 4494 3771 4549 ratio

487 4557 665 4633 minus
693 4572 826 4633 vana
857 4553 980 4633 sunt
1004 4561 1197 4629 eﬁ'ugia
1222 4553 1476 4629 Waléhii,
1514 4566 1640 4620 dum
1667 4564 1863 4618 Felicis
1884 4573 1937 4618 et
1964 4562 2073 4617 Eli-
2097 4553 2151 4614 Ι)
2176 4562 2530 4633 procederet,
2589 4579 2748 4619 nemo
2792 4563 2903 4633 jam
2958 4553 3332 4620 haereticorum
3385 4565 3731 4633 antiquorum
3750 4603 3770 4628 ,

485 4627 649 4698 pandi
672 4626 831 4702 eﬁ‘ata
858 4631 925 4685 ab
950 4632 1053 4686 hoc
1078 4626 1263 4686 errOre
1286 4626 1585 4701 justiﬁcare
1611 4635 1822 4698 nititur,
1844 4648 2072 4702 quorum

486 4697 543 4751 et
583 4697 813 4766 potiora,
852 4716 920 4755 ne
955 4703 1084 4771 quid
1124 4697 1537 4768 dissiniulemus,
1583 4705 1817 4759 breviter
1856 4697 1946 4758 hic
1988 4719 2075 4758 re-

489 4779 734 4843 censere,
777 4771 995 4843 suisque
1031 4774 1305 4843 responsis
1342 4773 1615 4829 inﬁrmare
1649 4774 1821 4843 juvat.
1868 4773 1935 4828 Et
1974 4774 2076 4828 im-

488 4837 680 4908 primis
706 4837 924 4907 quideni
955 4858 1079 4914 pag.
1105 4837 1313 4915 Qilait
1343 4861 1355 4898 :
1393 4862 1411 4895 ι
1447 4837 1716 4915 Equidem
1742 4843 1885 4915 haud
1920 4844 2059 4915 igno

489 4923 673 4962 ramus
708 4918 925 4986 exstare
950 4913 1202 4967 nonnulla
1221 4913 1464 4986 Elipandi
1490 4913 1652 4986 atque
1678 4913 2067 4986 Feliciseﬁ‘ata,

392 5027 397 5033 .
488 4987 879 5056 quzeeontorta
907 4983 1378 5053 interpretatione,
1414 4985 1501 5056 ita
1526 4983 1751 5056 possunt
1776 4983 2031 5056 explicari
2056 5024 2070 5049 ,

486 5056 545 5128 ut
562 5048 676 5128 _tale
704 5050 845 5105 inter
870 5048 1153 5128 utiamque
1182 5048 1429 5128 naturam
1454 5048 1743 5111 discrimen
1768 5048 2074 5128 signiﬁcare

487 5119 790 5190 vidcantur,
836 5123 992 5190 quale
1036 5119 1186 5180 tollat
1216 5127 1468 5181 unionem
1506 5119 1873 5185 ὐποστατίκηῖν.
1916 5125 1987 5177 At
2026 5125 2073 5179 si

486 5186 955 5281 ξξξῐὶὶίξςίριιῖηιο
999 5211 1113 5278 rem
1140 5196 1536 5281 ‘e'xpendirmus,’
1563 5195 1719 5281 Inulla
1771 5197 1862 5281 illa
1913 5210 2073 5281 egere

488 5257 798 5340 difﬁcultate
816 5264 1054 5340 quisque
1080 5257 1358 5340 intelliget.
1389 5257 1666 5340 Siquidem
1695 5281 1800 5320 non
1832 5267 1898 5320 de
1922 5257 2076 5319 Chri-

490 5334 596 5405 sto,
646 5334 739 5398 qui
784 5342 867 5386 est
914 5334 1107 5402 homo;
1156 5334 1357 5391 sed’de
1402 5334 1635 5399 Christo,
1685 5344 1951 5405 quatenus
1990 5343 2076 5390 est

491 5395 680 5475 homo,
709 5395 1104 5475 suntprolata.’
1124 5426 1143 5458 ›
1183 5406 1307 5461 Haec
1334 5406 1492 5475 plane
1521 5408 1588 5461 ad
1611 5395 1948 5461 excusandas
1975 5421 2072 5459 ex-

490 5468 884 5547 ciisalionesin
915 5476 1151 5547 peccatis
1177 5476 1318 5530 dicta
1334 5468 1488 5531 sunt.
1519 5477 1897 5547 Fateturergo
1927 5475 2074 5529 Wal-

491 5536 673 5617 chius,
706 5536 1027 5617 verbatalia
1057 5547 1123 5600 ab
1150 5547 1409 5617 Elipando
1442 5555 1496 5600 et
1530 5546 1713 5617 Felice
1744 5536 1910 5602 fuisse
1942 5562 2072 5617 pro-

490 5604 615 5681 lata,
646 5625 765 5678 qua:
795 5614 1047 5670 unionem
1074 5604 1423 5676 ὐποσιῖατίκην
1447 5616 1636 5671 tollere
1664 5604 1969 5681 videantur',
1995 5618 2073 5671 si-

492 5677 602 5729 mul
657 5677 835 5756 tamen
886 5683 975 5738 illa
1028 5686 1268 5741 liberiori
1324 5688 1505 5740 animo
1556 5688 1902 5756 expendenda
1954 5677 2075 5741 esse

490 5756 694 5812 monet,
732 5752 918 5821 sicque
956 5771 1191 5826 expensa
1229 5756 1299 5811 ab
1337 5770 1521 5811 errore
1562 5752 1696 5827 pu’ra
1732 5755 1960 5825 judicat.
2004 5756 2075 5811 At

492 5828 639 5890 vero
672 5833 803 5878 num
852 5832 1097 5884 contorta
1148 5836 1239 5904 est
1282 5827 1679 5901 interpretatio,
1732 5829 1780 5888 si
1838 5829 2073 5901 dicatur,

2179 4632 2504 4716 A‘rianorum
2529 4633 2757 4698 scilicet,
2787 4632 3258 4716 Nestorianorum,_
3281 4632 3766 4716 Eutychianorum,

2176 4701 2471 4756 aliorumve
2518 4713 2680 4767 esset,
2730 4704 2823 4772 qui
2864 4719 2894 4757 a
2937 4720 3188 4773 perversa
3228 4701 3474 4761 doctrina
3513 4703 3769 4760 excusari

2175 4786 2281 4845 non
2322 4780 2524 4842 posset,
2565 4788 2663 4845 per
2702 4775 3176 4844 praesumptionem
3215 4791 3425 4845 nempe,
3469 4775 3610 4843 quod
3656 4789 3771 4830 me-

2174 4840 2308 4913 iiora
2324 4840 2923 4911 Cconcepérint‘mente,
2942 4840 3127 4913 'quam
3164 4840 3359 4901 verbis
3371 4840 3765 4900 declarassem.

2173 4912 2357 4982 Pergit
2395 4923 2574 4968 autem
2612 4914 2683 4967 ita
2719 4915 2957 4969 scribere
2985 4912 3262 4970 Walchius
3303 4931 3318 4970 :
3368 4934 3385 4965 ι
3433 4916 3579 4971 Nihil
3617 4915 3769 4971 enim

2174 4981 2317 5056 aliud
2361 4992 2512 5056 puto,
2554 4984 2784 5039 Felicem
2827 4986 3181 5055 signiﬁcasse,
3223 5002 3385 5056 quam
3432 4987 3575 5042 idem
3618 4985 3769 5054 quod

2173 5054 2410 5127 purioris
2463 5055 2719 5127 doctrina:
2770 5054 3405 5127 theologiiprzecipiunt,
3461 5057 3529 5127 ad
3562 5056 3769 5127 varias

2174 5124 2334 5178 olIicii
2368 5124 2669 5178 mediatorii
2701 5134 2902 5193 partes,
2930 5124 2973 5179 εἰ
2996 5124 3229 5181 Christo
3248 5128 3349 5180 rite
3375 5124 3766 5180 administran-

2174 5193 2291 5257 das,
2325 5203 2611 5262 utramque
2656 5203 2906 5249 naturam
2948 5211 3035 5257 ea,
3067 5212 3185 5264 qua:
3229 5197 3332 5251 sibi
3374 5204 3497 5251 sunt
3546 5194 3770 5264 propria

2175 5264 2428 5318 distincte
2472 5265 2783 5319 contulisse.
2829 5266 3155 5320 Concretum
3180 5265 3373 5320 divinae
3402 5274 3611 5319 natura:
3658 5279 3767 5317 non

2173 5334 2364 5404 potuit,
2387 5335 2544 5398 mori,
2589 5335 2814 5403 ideoque
2843 5335 3087 5404 adjunxit
3115 5336 3219 5390 sibi
3250 5335 3418 5391 Filius
3453 5335 3547 5390 Dei
3572 5334 3770 5404 huma-

2175 5403 2304 5487 nam
2535 5414 2809 5487 ιιιιιιιιηιιιῐιζ
2837 5403 3102 5487 utposset
3128 5406 3455 5487 mori-.“iimc
3483 5420 3594 5487 non
3621 5403 3770 5458 male

2176 5475 2313 5531 dixit
2361 5474 2527 5537 Felix,
2580 5476 2748 5530 ﬁlium
2794 5474 3045 5531 hominis.
3099 5492 3204 5531 non
3258 5476 3451 5532 Filium
3503 5474 3599 5529 Dei
3642 5487 3769 5528 esse

2175 5557 2475 5610 mortuum;
2510 5555 2565 5600 at
2599 5547 2737 5601 male
2765 5547 2991 5601 dixisset
3023 5547 3191 5601 ﬁlium
3222 5547 3454 5602 hominis
3477 5546 3591 5599 sine
3621 5544 3766 5607 Filio

2175 5615 2269 5687 Dei
2297 5631 2416 5669 esse
2453 5624 2740 5680 mortuum,
2774 5625 2866 5670 aut
2903 5627 3149 5687 negasset
3184 5617 3377 5672 Filium
3405 5617 3520 5680 Dei,
3542 5615 3648 5687 qui
3680 5622 3768 5669 est

2176 5685 2319 5739 ﬁlius
2347 5687 2600 5753 hominis,
2622 5702 2743 5741 esse
2763 5685 3056 5743 mortuum.
3091 5709 3109 5741 ι
3134 5687 3383 5743 Proiecto
3409 5686 3586 5741 inanis
3614 5700 3771 5753 pror-

2175 5771 2267 5828 sus
2314 5757 2429 5811 hrcc
2473 5757 2875 5828 estisubtilitas
2926 5759 2981 5811 in
3026 5760 3344 5828 praesidium
3377 5757 3775 5828 haereticorum

2174 5826 2485 5884 adinventa.
2534 5827 2865 5904 ldem_cuim
2898 5836 2982 5886 est
3019 5825 3199 5887 dicere
3240 5847 3253 5888 :
3295 5825 3471 5887 Filius
3511 5825 3773 5899 hominis,
