4038 6336
524 325 629 381 599
1357 314 1417 369 Β.
1459 314 1519 368 r.
1559 296 1783 368 ALBINI
1821 310 1951 368 seu
1993 309 2266 368 ALCUINI
2304 307 2583 368 OPERUM
2621 308 2794 364 rans
2832 308 2914 364 ru.
3124 331 3136 338 -
3366 346 3387 371 ,
3654 311 3791 365 ιω

520 429 573 484 id
597 432 789 487 animze
818 427 1115 483 rationibus
1134 426 1426 495 quidquam
1463 424 1646 487 allicit,
1690 423 1843 493 quasi
1865 438 2083 479 carnem
2112 435 2161 493 Α
2188 423 2410 495 pientia.
2440 423 2505 478 Et
2532 424 2835 495 unctionem
2866 421 3079 495 quidem
3098 437 3226 495 eum
3254 438 3283 477 a
3304 422 3519 495 Christo
3544 426 3770 484 homine

522 502 633 559 sua:
674 499 971 555 existentia:
998 496 1243 551 habuerit
1282 496 1523 557 initium;
1572 495 1646 549 ita
1690 495 1850 548 etiam
1892 510 1949 548 se
1998 510 2087 549 res

520 571 683 629 habet
714 571 767 624 in
801 571 953 624 beata
994 567 1244 636 Virgine:
1306 580 1437 636 nam,
1455 564 1662 636 etiamsi
1682 572 1892 636 sancta:
1946 563 2088 636 illius

522 641 703 697 carnis
726 647 808 694 est
827 646 1027 701 mater,
1078 634 1313 690 attamen
1355 635 1564 689 unitum
1592 634 1693 688 sibi
1742 648 1928 687 revera
1960 634 2087 687 illud
2131 668 2142 679 ι

512 728 586 767 ex
608 711 715 764 Deo
730 709 893 763 Deum
913 707 1144 762 Verbum
1171 705 1397 775 peperit,
1421 720 1593 773 neque
1619 705 1665 758 si
1681 703 1967 775 quisillam
1993 702 2085 756 Dei

521 780 834 852 genitricem
870 777 1088 852 dixerit,
1137 773 1389 852 continuo
1414 774 1751 852 pror_sus_D_e_i
1780 773 1955 828 Verbo
1993 789 2087 827 no-

520 844 739 904 vitatem
768 846 1046 915 impinget,
1070 856 1282 900 autsurc
1298 845 1595 899 existentite
1635 844 1842 915 initium
1862 859 1901 915 Aa
1924 857 2087 915 carne

519 920 736 974 duxisse
759 913 995 976 definic't,
1030 924 1135 969 etc.
1176 936 1192 966 ι
1233 914 1620 984 Argumentum
1656 915 1757 968 hoc
1782 913 2085 984 latiusibi-

521 989 642 1043 dem
672 988 847 1041 adhuc
881 986 1096 1041 deducit
1124 982 1375 1047 Cyrillu's,
1425 992 1479 1036 et
1508 984 1720 1038 demum
1742 984 1904 1038 etiam
1932 982 2088 1035 diluit

506 1056 859 1117 ratiocinium
891 1054 1123 1109 Nestorii
1152 1053 1424 1109 Christum
1473 1054 1746 1108 hominem
1786 1053 2086 1106 naturalem

518 1142 638 1183 esse
664 1124 758 1179 Dei
785 1124 975 1179 Filium
1001 1125 1119 1178 ideo
1144 1124 1408 1194 negantis,
1433 1124 1573 1191 quod
1604 1124 1705 1194 hoc
1726 1122 2088 1194 admissoduze

518 1194 973 1265 generationesin
998 1191 1235 1248 Verbum
1256 1194 1493 1265 divinum
1540 1192 1820 1265 cadeeent,
1862 1192 1922 1265 id.
1945 1191 2089 1265 quod

518 1259 697 1321 tamen
718 1264 937 1320 concedi
967 1279 1122 1333 posse
1141 1263 1599 1333 haudexistimat.
1632 1280 1650 1311 ι
1674 1262 1890 1316 Gaudeo
1905 1259 2088 1333 (verba

520 1346 645 1391 sunt
690 1335 922 1390 Nestorii
952 1331 1070 1388 loco
1100 1334 1262 1387 citato
1284 1332 1373 1386 fol.
1412 1332 1502 1403 2|)
1526 1340 1785 1403 vestrum
1821 1331 2088 1403 aspiciens

518 1406 713 1461 zelum.
762 1404 998 1458 Indidem
1023 1403 1301 1473 perspicue
1321 1400 1535 1473 coargui
1564 1409 1806 1469 possunt,
1860 1416 1979 1469 qua:
2019 1400 2089 1454 ab

519 1475 718 1530 infelici
747 1474 964 1529 homine
1009 1472 1433 1542 sunt'ﬂagitiose
1460 1472 1646 1525 dicta:
1688 1486 1815 1542 nam,
1860 1486 2089 1539 quorum

519 1546 636 1599 dum
657 1553 782 1600 sunt
819 1543 1209 1608 generationes,
1251 1541 1438 1596 eorum
1465 1541 1571 1595 duo
1597 1542 1703 1595 sint
1749 1541 1841 1594 ﬁlii
1870 1555 2090 1595 necesse

518 1623 630 1679 est;
684 1614 777 1669 sed
814 1610 1051 1668 Ecclesia
1078 1628 1241 1666 unum
1275 1612 1519 1679 agnoscit
1568 1610 1760 1664 Filium
1802 1610 2090 1664 Dominum

518 1684 820 1754 Christum.
850 1683 1138 1754 iVReponit
1164 1680 1413 1752 Cyrillus,
1463 1689 1556 1754 aut
1603 1681 1736 1735 duas
1780 1680 1999 1735 omnino
2035 1680 2089 1734 in

520 1753 733 1808 Christo
760 1751 1119 1823 admittendas
1148 1751 1269 1823 esse
1313 1751 1707 1823 generationes,
1749 1758 2088 1823 aut_negan-

519 1824 643 1877 dum
667 1839 784 1878 esse
808 1824 978 1891 ipsum
1010 1817 1394 1876 lncarnationis
1440 1820 1775 1891 mysterium.
1844 1819 1924 1873 Eu
1963 1817 2088 1887 'ejus

516 1894 700 1957 verba,
726 1890 843 1963 quat
856 1893 954 1947 etsi
969 1891 1279 1962 prolixiora,
1306 1890 1513 1961 integra
1540 1899 1715 1963 tamen
1734 1890 1941 1953 damus,
1964 1904 2088 1943 cum

515 1960 859 2018 exindcmira
885 1970 940 2017 et
959 1960 1205 2016 accurata
1229 1960 1634 2030 argumentandi
1654 1960 1754 2021 vis,
1786 1974 1943 2029 quam
1969 1974 2092 2013 san-

515 2041 634 2087 ctus
662 2034 849 2088 doctor
869 2032 1151 2086 adversum
1200 2031 1479 2086 haereticos
1516 2030 1778 2093 adhibuit,
1811 2037 2088 2099 appareat.

521 2122 537 2150 ι
571 2103 737 2173 Igitur
757 2103 889 2173 duas
910 2117 1028 2157 esse
1041 2102 1431 2173 generationes,
1456 2101 1674 2155 minime
1702 2100 2092 2173 admittendum

514 2170 743 2227 censuit.
805 2172 972 2227 Unam
1009 2170 1169 2240 perro
1199 2170 1533 2240 nativitatem
1563 2187 1594 2224 a
1630 2170 1785 2224 nobis
1814 2183 1932 2240 esse
1960 2184 2091 2223 con-

514 2243 770 2297 ﬁtendam
813 2239 1025 2304 asserit,
1070 2255 1136 2294 ne
1183 2240 1317 2295 duos
1359 2239 1497 2294 filios
1543 2254 1662 2296 esse
1707 2239 2091 2309 intelligamus,

518 2326 581 2365 ac
610 2311 654 2365 si
693 2324 911 2365 necesse
933 2311 1020 2371 sit,
1074 2310 1259 2380 sidus:
1285 2325 1503 2380 prorsus
1548 2309 1931 2380 generationes
1962 2310 2089 2372 sint,

514 2383 650 2437 duos
680 2381 861 2434 itidem
890 2379 1025 2433 filios
1056 2378 1296 2450 inferri.‘
1340 2378 1569 2435 Prodeat
1617 2387 1855 2450 ergohet
1903 2379 2093 2433 doceat

494 2448 693 2504 utram
729 2451 1128 2518 generationem
1173 2449 1323 2503 malit
1378 2448 1701 2514 admittere,
1750 2448 1967 2502 illamne
2025 2463 2092 2501 ex

513 2519 677 2574 Patre
732 2529 855 2573 ante
902 2519 1117 2583 saecula,
1171 2534 1266 2589 per
1293 2535 1454 2588 quam
1497 2521 1732 2574 nonduin
1780 2521 2092 2574 incarnatus

513 2589 658 2645 Deus
678 2599 793 2645 erat
817 2590 1068 2649 Verbum.
1095 2604 1162 2643 an
1193 2605 1320 2644 vero
1334 2591 1471 2644 hanc
1486 2599 1775 2652 recentem,
1804 2597 1860 2644 et
1878 2604 1944 2642 ex
1975 2604 2092 2642 mu-

504 2659 682 2715 Iiere?
752 2658 885 2713 Nam
925 2660 969 2714 si
1023 2659 1167 2713 illam
1214 2660 1356 2715 dicet
1384 2659 1574 2725 solam,
1623 2659 1767 2713 illam
1794 2660 1915 2713 dico
1966 2666 2090 2714 ante

514 2730 710 2785 saecula
733 2738 786 2784 et
809 2745 874 2783 ex
899 2728 1083 2794 Patre;
1136 2728 1223 2784 ille
1262 2731 1366 2785 erit
1392 2730 1576 2798 utique
1622 2740 1676 2784 et
1698 2729 1915 2798 quidem
1944 2727 2090 2783 solus

505 2799 702 2866 Filius,
753 2800 842 2869 qui
868 2813 934 2854 ex
966 2814 1030 2853 eo
1050 2798 1343 2854 secundum
1372 2809 1619 2854 naturam
1646 2809 1727 2855 est
1766 2810 1918 2853 ortus
1942 2806 2091 2852 ante-

512 2886 676 2940 quam
699 2870 848 2925 carni
866 2879 920 2923 et
939 2869 1186 2939 sanguini
1212 2870 1663 2924 communicaret:
1691 2879 1892 2923 temere
1909 2877 2088 2940 autem

515 2938 579 2995 ac
606 2940 804 3011 frustra
831 2938 1543 3011 mysteriumincarnationis
1562 2940 1839 3011 asset-itur,
1866 2938 2091 3011 ettnullo

514 3010 675 3065 modo
701 3026 759 3065 se
782 3008 954 3079 ipsum
1002 3010 1316 3074 exinanivit,
1373 3026 1546 3080 neque
1603 3010 1769 3064 subiit
1806 3008 1946 3080 servi
1977 3008 2087 3080 for-

516 3096 679 3145 mam,
714 3078 815 3135 sed
832 3080 912 3135 sic
929 3080 1243 3149 permansit,
1266 3090 1321 3134 ct
1344 3078 1526 3135 veram
1551 3079 1730 3135 carnis
1758 3078 2091 3148 conjunctio-

515 3166 636 3205 nem
670 3150 1185 3221 hucusqucrefugit.
1246 3149 1340 3205 Sin
1362 3166 1510 3213 vero,
1560 3151 1652 3219 qui
1674 3150 1931 3221 extremis
1954 3157 2089 3202 tem-

514 3221 734 3290 poribus
763 3236 828 3275 ει
865 3220 1276 3290 ιιωιίεῑεηαιυε
1317 3228 1416 3283 εει,
1474 3223 1520 3275 is
1559 3221 1743 3289 utique
1787 3220 1998 3273 dicetur
2035 3228 2092 3274 ct

516 3289 731 3359 quidem
757 3290 903 3345 solus
928 3289 1094 3344 Filius
1141 3298 1301 3359 atque
1325 3292 1486 3345 etiam
1510 3290 1677 3345 solam
1724 3290 1861 3343 hanc
1883 3304 1948 3343 ex
1975 3305 2091 3342 mu-

514 3360 647 3431 liere
672 3362 1068 3431 generationem
1095 3361 1465 3415 admittcmus:
1495 3376 1622 3431 ergo
1652 3360 1954 3414 necessario
1967 3374 2089 3428 per-

515 3428 795 3485 ditlitillud
825 3447 890 3486 ex
917 3430 1025 3485 Deo
1040 3428 1197 3483 Patre
1226 3431 1460 3486 Verbum
1478 3446 1547 3485 ne
1564 3428 1634 3484 sit
1663 3431 1958 3485 secundum
1992 3444 2090 3483 na-

515 3508 691 3553 turam
720 3499 907 3555 Filius.
948 3499 1053 3555 Sed
1082 3500 1225 3554 videt
1260 3515 1481 3569 prorsus
1507 3501 1589 3554 vir
1616 3500 1709 3554 Dei
1751 3499 1910 3569 981
1946 3514 2090 3552 ama-

515 3581 617 3633 tor,
650 3585 810 3639 quam
835 3571 941 3625 sint
971 3571 1053 3625 hac
1090 3571 1369 3624 seutentizu
1391 3570 1656 3635 absurdzc,
1687 3579 1742 3623 et
1764 3577 2090 3639 quantopere

516 3641 585 3712 ad
610 3641 953 3712 impietatem
966 3649 1225 3712 vergant,
1255 3639 1322 3696 Ut
1344 3656 1473 3712 ergo
1494 3640 1579 3712 via
1597 3640 1740 3710 regia
1758 3639 2087 3712 gradiamur,

516 3710 650 3764 duas
677 3710 903 3765 dicimus
929 3710 1093 3765 fuisse
1121 3710 1448 3776 nativitates,
1477 3711 1572 3765 scd
1594 3726 1756 3765 unum
1784 3711 1834 3764 iu
1856 3718 2090 3778 utraque

514 3779 731 3844 Filium,
759 3795 883 3836 cum
906 3780 956 3834 in
982 3795 1143 3835 carne
1168 3782 1402 3835 nondum
1426 3788 1587 3845 esset,
1617 3779 1847 3835 Verbum
1869 3795 1935 3832 ex
1957 3778 2082 3844 Deo,

515 3851 763 3905 eumdem
783 3865 911 3905 vero
934 3862 1117 3919 postea
1139 3852 1300 3905 etiam
1316 3852 1672 3915 incarnatum,
1686 3858 1740 3904 et
1756 3851 1844 3919 qui
1870 3858 2089 3918 propter

438 3928 443 3935 '
513 3935 613 3974 nos
639 3921 1034 3991 generationem
1063 3922 1350 3975 secundam
1381 3922 1624 3976 subierit.
1686 3920 1818 3974 Nam
1849 3923 1890 3974 si
1923 3920 2089 3973 dixis-

516 3999 617 4055 set,
655 3993 708 4045 in
731 3991 1038 4046 hominibus
1066 4000 1317 4060 oportere
1342 4007 1584 4060 prorsus,
1623 3992 1667 4045 si
1704 3992 1835 4045 duas
1866 4005 2089 4061 genera-

492 4062 688 4115 tiones
717 4062 975 4121 dicamus,
1007 4059 1139 4115 duos
1162 4076 1281 4116 esse
1316 4059 1456 4117 ﬁlios
1501 4069 1647 4116 recte
1671 4076 1734 4114 ac
1762 4059 1890 4114 vere
1918 4059 2085 4114 dixis-

513 4139 624 4183 set:
652 4131 751 4203 sed
780 4131 902 4203 quia
936 4131 1134 4186 Christi
1163 4133 1476 4203 mysterium
1506 4140 1561 4185 et
1595 4129 2090 4203 incarnationis_ra-

516 4202 590 4254 tio
619 4201 775 4254 aliam
796 4201 937 4253 viam
964 4210 1124 4263 tenet,
1180 4200 1233 4255 et
1258 4202 1309 4254 in
1343 4203 1503 4255 rebus
1533 4202 1733 4255 nostris
1765 4215 1871 4253 non
1897 4200 2086 4253 eodem

517 4272 676 4324 modo
715 4269 1060 4338 conspicitur,
1098 4288 1194 4326 cur
1231 4273 1631 4335 consuetudine,
1664 4286 1781 4339 qua:
1811 4270 1951 4339 apud
1990 4284 2087 4324 nos

514 4339 677 4411 viget,
714 4341 973 4411 inSpecta,
1023 4341 1215 4395 deinde
1241 4343 1477 4395 animum
1515 4341 1581 4394 ad
1622 4338 1708 4394 res
1744 4338 2087 4411 admirabiles

514 4408 728 4481 etquae
765 4409 1030 4481 rationem
1055 4418 1309 4481 superant
1337 4412 1614 4481 adjiciens,
1654 4410 1719 4481 ad
1744 4408 2085 4481 imbecillam

514 4488 569 4532 et
613 4474 843 4532 _stultam
905 4474 1274 4531 infidelitatem
1325 4474 1606 4534 manifeste
1653 4480 1891 4533 labitur?
1944 4478 2087 4547 quod
2119 4474 2166 4534 D

516 4556 693 4602 autem
740 4547 871 4601 mihi
923 4547 977 4600 in
1029 4556 1259 4601 mentem
1306 4550 1450 4603 venit
1496 4549 1772 4614 admirari,
1812 4547 1940 4600 illud
1982 4556 2081 4611 est,

515 4634 639 4670 cum
664 4617 808 4672 enim
843 4618 897 4670 in
926 4616 1010 4670 his
1036 4617 1215 4670 verbis
1260 4617 1536 4671 confessos
1563 4627 1738 4681 esset,
1790 4617 2085 4671 Ecclesiatn

514 4702 680 4741 unum
712 4686 908 4758 Fiiium
927 4700 1266 4758 agnoscere,
1295 4702 1359 4741 ac
1396 4688 1781 4758 subjunxisset,
1831 4688 2085 4742 nimirum

514 4757 710 4829 ipsum
741 4756 887 4811 illum
926 4755 1207 4829 Dominum
1234 4755 1526 4823 Christum,
1584 4773 1844 4829 nusquam
1899 4767 2085 4826 postea

514 4826 741 4881 retinuit
785 4842 983 4890 unum,
1031 4824 1126 4880 sed
1168 4827 1311 4897 ipsas
1347 4844 1433 4883 res
1475 4828 1654 4883 unitas
1693 4824 1971 4896 distinguit
2007 4829 2086 4882 in-

514 4905 599 4969 ter
633 4910 691 4950 se
702 4913 720 4969 _;
760 4910 825 4950 ac
847 4897 1069 4969 scorsim
1110 4906 1392 4967 utramque
1436 4900 1603 4968 ponit,
1652 4915 1758 4954 non
1790 4898 1919 4969 quid
1951 4899 2083 4952 Ver-

514 4966 642 5020 bum
671 4967 739 5020 sit
766 4965 1057 5037 secundum
1086 4965 1356 5032 naturam,
1409 4965 1536 5037 quid
1573 4969 1698 5022 item
1728 4965 1855 5023 caro
1877 4969 2083 5036 disqui-

515 5051 661 5099 rcns,
707 5036 799 5091 sed
822 5035 1089 5110 hominem
1126 5046 1180 5110 et
1207 5037 1395 5110 Deum,
1426 5035 1699 5110 tanquam
1722 5039 1858 5103 sola,
1883 5047 1939 5091 ut
1974 5035 2086 5110 ipse

512 5115 684 5176 putat,
736 5106 1039 5178 aequalitate
1093 5105 1275 5178 glorire
1302 5108 1353 5161 in
1386 5105 1890 5178 unum‘colligens:
1944 5105 2086 5176 quod

515 5191 691 5246 neque
737 5176 993 5231 credibile
1026 5185 1125 5247 est
1176 5177 1457 5247 cuiquam,
1490 5192 1663 5247 neque
1710 5176 1824 5231 lieri
1869 5187 2081 5247 potest;

512 5246 759 5370 ta'nltgiue
817 5245 1059 5317 mysterii
1112 5245 1373 5301 rationem
1423 5248 1489 5303 ad
1545 5245 1932 5309 absurditate'm
1987 5249 2087 5303 dc-

516 5326 606 5370 tur
681 5326 718 5368 t.
757 5336 773 5368 I

516 5326 718 5370 turbat.
757 5336 773 5368 I

585 5385 674 5439 IV.
705 5385 1012 5441 Unctionem
1054 5385 1282 5455 Spiritus
1324 5388 1491 5439 sancti
1527 5384 1735 5442 Christo
1782 5387 1980 5440 homini
2022 5403 2086 5440 ea:

514 5470 628 5535 ipsa
672 5457 863 5536 unione
890 5456 1473 5536 hypostaticandebitatn
1518 5458 1697 5536 fuisse,
1744 5458 2085 5536 nonnmeritis

513 5524 740 5593 prirnum
765 5524 1024 5579 obvenisse
1052 5526 1292 5579 ostendit.
1323 5556 1393 5565 —
1423 5524 1536 5577 Non
1574 5528 1749 5580 minus
1787 5526 1956 5580 solide
1994 5542 2083 5579 τεο

516 5588 659 5664 ΐειιίι
697 5592 932 5663 Cyrillus
978 5604 1289 5664 argumenta
1334 5594 1774 5648 Nestorianorum
1812 5596 1977 5664 petita
2018 5612 2084 5650 ex

517 5662 769 5734 unctione
795 5664 965 5718 sancti
992 5662 1224 5733 Spiritus
1250 5680 1278 5716 a
1307 5663 1522 5718 Christo
1552 5662 1827 5734 suscepta,
1866 5680 1932 5717 ex
1969 5664 2085 5730 ejus

2112 3118 2159 3182 C

2190 492 2399 566 meritis
2421 494 2874 566 sui_s_acquisit:_im
2898 492 3061 566 fuisse
3081 493 3336 566 dicerent,
3360 493 3621 566 illumque
3645 500 3767 554 sola

2187 563 2358 633 gratia
2387 563 2440 635 in
2481 562 2677 635 Filium
2717 562 2811 616 Dei
2852 563 3162 635 adoptatum
3209 563 3402 618 exinde
3443 562 3766 635 probarent,

2189 631 2475 702 respondet
2512 631 2739 703 Cyrillus
2775 632 3085 703 unctionem
3134 632 3273 687 hanc
3307 631 3511 689 natura:
3550 631 3767 693 assum-1

2185 699 2293 773 pter
2319 718 2422 775 non
2452 718 2516 755 ex
2541 699 2751 775 meritis
2776 742 2794 775 ,
2840 710 2932 775 aut
2960 699 3286 775 profectutiu
3332 706 3619 775 virtutibus
3642 710 3787 775 pri—7

2188 766 2332 847 inurit
2364 766 2664 847 obvenisse,
2695 772 2795 847 sed
2820 766 2994 847 eidem
3034 771 3085 825 vi
3130 773 3297 847 ipsius
3336 774 3555 847 unionis
3590 766 3769 847 bipa-

2187 842 2393 917 sta_tic:e
2414 842 2661 917 debitam
2686 841 2874 917 _f_uisse,
2925 842 2991 917 id_
2998 843 3143 917 quod
3167 843 3350 913 negari
3383 845 3525 899 haud
3554 841 3768 917 posset.

2186 913 2315 982 quin
2338 910 2464 982 unio
2492 913 2603 966 hate
2630 911 2925 973 tolleretur,
2954 910 3331 982 Christumque
3359 910 3571 971 merum
3587 910 3772 973 humi;

2187 980 2309 1057 nem
2340 981 2866 1057 fuisse‘sequeretur.
2917 982 3091 1035 Verba
3120 980 3305 1057 Cyrilli
3334 985 3434 1057 etsi
3456 986 3570 1055 jam
3599 1003 3773 1057 supra

2188 1052 2292 1124 ἓξ,
2322 1050 2546 1124 num.5,
2580 1050 2749 1124 relata
2776 1051 2863 1105 hic
2888 1059 3131 1124 repetere
3166 1050 3309 1108 haud
3333 1050 3600 1124 ingratum
3632 1050 3765 1114 erit.

2195 1120 2452 1195 i_Nom_en
2477 1123 2580 1175 hoc
2612 1121 2859 1195 Christus
2886 1120 3058 1195 (aitin
3080 1122 3227 1195 libro
3249 1124 3314 1177 ad
3344 1120 3579 1195 Reginas
3605 1145 3767 1183 num.

2189 1190 2277 1261 12)
2309 1190 2525 1259 quidam
2557 1192 2737 1245 nescio
2779 1190 3048 1261 quomodo
3076 1192 3168 1245 Dei
3201 1192 3378 1248 Patris
3406 1190 3568 1251 v'erbo
3594 1200 3771 1253 etiam

2188 1275 2433 1315 seorsum
2462 1276 2526 1315 ac
2552 1277 2648 1331 per
2676 1269 2892 1337 se,_hoc
2928 1269 3031 1326 est,
3083 1270 3142 1315 ut
3175 1272 3328 1337 extra
3357 1280 3574 1320 carnem
3609 1270 3769 1337 posi-'

2189 1338 2303 1384 tum
2352 1338 2529 1385 mente
2575 1332 2911 1400 concipitur,
2966 1333 3253 1387 convenire
3298 1332 3773 1392 asseruutz'mox

2187 1415 2317 1474 vero
2346 1401 2398 1453 in
2428 1400 2575 1474 illum
2620 1416 2831 1470 quoque
2857 1400 3104 1474 similiter
3135 1402 3263 1455 illud
3293 1414 3598 1474 competere
3628 1423 3771 1462 con-

2191 1472 2432 1532 tendunt,
2473 1470 2565 1539 qui
2595 1485 2661 1524 ex
2684 1486 2838 1525 sacra
2869 1470 3106 1557 “Virgine
3143 1481 3313 1557 natus
3336 1470 3437 1539 est,
3481 1485 3644 1557 prout
3673 1479 3773 1533 hic

2188 1555 2402 1609 quoque
2434 1554 2531 1609 per
2575 1555 2633 1595 se
2674 1540 2963 1611 separatim
2998 1540 3303 1597 subsistere
3346 1540 3723 1601 consideratur
3753 1566 3767 1599 :

2186 1619 2461 1685 postremo
2491 1610 2933 1685 ambobussimul
2979 1612 3199 1685 perinde
3239 1628 3303 1685 ac
3332 1616 3421 1685 uni
3468 1632 3775 1685 congruere

2190 1679 2429 1744 tradunt,
2475 1680 2682 1755 ratione
2715 1679 3417 1755 nimirum—conjunctionis,
3448 1694 3510 1739 ut
3549 1679 3650 1755 ipsi
3686 1687 3775 1742 loa

2189 1758 2447 1827 quuntiir,
2494 1750 2549 1803 in
2576 1766 2750 1827 unam_
2772 1750 2892 1805 illos
2917 1764 3204 1827 personam
3243 1753 3533 1827 colligante
3559 1750 3584 1808 ε’
3605 1756 3771 1827 (Nam

2194 1833 2339 1897 vera;
2357 1818 2497 1897 illius
2522 1821 2889 1897 naturalisque
2918 1821 3151 1897 unionis,
3202 1818 3414 1897 etiamSi
3444 1818 3622 1879 unam'
3648 1841 3774 1897 my-

2190 1890 2341 1960 sterii
2383 1888 2708 1960 hujusviam
2739 1888 2975 1960 planam,
3005 1900 3059 1946 et
3082 1893 3149 1946 ab
3184 1894 3332 1947 omni
3379 1910 3566 1950 errore
3590 1888 3772 1951 tuta'ni

2189 1953 2518 2035 preposition
2546 1953 2800 2035 habeant,
2823 1953 2974 2035 nulla
2999 1962 3139 2035 apud
3161 1961 3279 2035 illos
3309 1964 3538 2019 habetur
3566 1968 3706 2021 ratio
3725 1966 3773 2035 ;)

2191 2037 2247 2083 et
2271 2029 2415 2100 haec,
2436 2029 2650 2100 illorum
2682 2029 2931 2100 simulata
2974 2029 3241 2087 confessio
3270 2050 3375 2087 non
3417 2044 3499 2089 est
3528 2029 3774 2100 sincera,

2192 2098 2285 2171 sed
2316 2098 2419 2171 atri
2448 2099 2637 2171 veneni
2664 2099 3096 2171 Aimposturzeque
3133 2102 3310 2169 plena.
3345 2103 3477 2158 Nam
3522 2121 3646 2159 cum
3684 2098 3776 2161 di;

2191 2167 2315 2221 vina
2344 2167 2623 2237 Scriptura
2652 2168 2925 2223 Christum
2954 2167 3235 2226 nominans
3272 2175 3452 2228 omnia
3483 2175 3559 2229 illi
3587 2176 3777 2231 divina

2193 2238 2508 2315 simpliciter
2531 2239 2752 2315 tribuat,
2784 2238 2965 2315 (Novit
2992 2242 3157 2305 enim,
3185 2243 3354 2315 novit,
3400 2244 3645 2315 inquam,
3676 2247 3776 2302 illa

2192 2306 2286 2381 Dei
2300 2306 2617 2381 'verhumin
2628 2306 2877 2381 humana
2903 2308 3073 2364 forma
3106 2313 3434 2381 apparuisse,
3466 2306 3520 2369 ει
3545 2306 3772 2371 carnem

2190 2376 2391 2456 factum
2421 2378 2560 2448 esse)
2606 2377 2818 2456 illorum
2864 2389 3039 2456 autem
3093 2376 3502 2456 institutum—et
3550 2402 3773 2456 scapus,

2190 2448 2282 2521 qui
2327 2448 2536 2521 diversa
2577 2449 2644 2503 ab
2689 2449 2774 2503 his
2818 2449 3075 2521 sentiunt,
3127 2452 3201 2505 sit
3236 2456 3561 2521 persuadere
3621 2448 3774 2521 e'um,

2189 2518 2280 2595 qui
2303 2531 2369 2570 ex
2395 2519 2617 2595 muliere
2633 2526 2801 2595 natus
2826 2527 2929 2583 est,
2963 2518 3373 2595 hominem—esse
3396 2540 3561 2579 unum
3585 2518 3777 2595 quem;

2228 2588 2353 2651 iam,
2385 2589 2493 2665 qui
2508 2604 2603 2658 per
2631 2588 2983 2665 incrementa,
3018 2599 3075 2644 ut
3100 2592 3231 2665 dixi,
3267 2602 3321 2647 et
3349 2607 3446 2663 per
3471 2588 3776 2665 propriam,

2210 2667 2439 2745 ioc‘est,
2481 2659 2769 2712 humanam
2796 2660 3062 2743 virtutem.
3081 2662 3299 2745 dignum
3345 2659 3404 2745 se
3448 2659 3774 2745 praebuerit,

2189 2727 2278 2795 qui
2306 2727 2563 2782 honorem
2592 2743 2803 2797 quoque
2837 2727 3188 2786 connexionis
3217 2749 3338 2788 cum
3366 2727 3468 2788 Dei
3485 2736 3654 2791 verbo
3686 2727 3775 2791 as;

2189 2806 2525 2875 sequeretur“.
2570 2808 2624 2852 et
2652 2799 2849 2875 insigni
2861 2802 3365 2875 Aprqlc‘stinatione
3401 2804 3716 2875 eligeretur.
3749 2825 3770 2860 ο

2190 2866 2344 2921 Tom.
2386 2868 2453 2922 IV
2485 2867 2650 2923 Cone.
2688 2866 2788 2922 col.
2819 2866 2941 2924 698.
2991 2870 3123 2925 Dein
3158 2888 3286 2928 vero
3314 2866 3541 2929 numero
3577 2876 3774 2933 imme-

2189 2937 2333 2991 diate
2370 2939 2615 3006 sequenti
2657 2939 2896 2993 ostendit
2924 2956 3116 2995 nomen
3146 2942 3345 2998 Christi
3371 2961 3465 3000 seu
3493 2947 3643 3001 uncti
3665 2963 3774 3002 non

2190 3008 2638 3085 prmciseVerbo,
2688 3009 2781 3062 sed
2810 3011 3152 3085 humanitati,
3202 3015 3416 3083 utrique
3438 3024 3626 3085 tamen
3651 3027 3777 3085 pro-

2190 3086 2309 3147 pter
2326 3078 2592 3158 unionem
2620 3078 3007 3158 hypostaticam
3039 3078 3347 3158 convenire:
3384 3104 3401 3136 ι
3433 3078 3772 3158 Idcirco'(ita

2191 3146 2910 3227 pergitCyriliusijomen
2968 3150 3071 3205 hoc
3121 3152 3369 3208 Christus
3419 3156 3519 3210 soli
3557 3146 3774 3227 quoqiie

2189 3221 2374 3284 verbo,
2406 3218 2547 3287 quod
2576 3233 2642 3271 ex
2675 3218 2783 3273 Deo
2816 3219 2975 3273 Patre
3002 3229 3177 3277 ortum
3207 3233 3309 3287 est,
3347 3233 3409 3279 ut
3447 3218 3774 3283 scorsim'ac

2226 3301 2286 3340 cr
2312 3303 2368 3343 se
2397 3288 2689 3342 subsistere
2730 3290 3122 3355 consideratur,
3168 3296 3456 3349 convenire
3492 3308 3768 3351 asserunt.

2222 3356 2297 3412 ios
2343 3368 2522 3411 autem
2555 3357 2626 3435 ita
2656 3359 2857 3435 sentire
2892 3368 2987 3414 aut
3032 3360 3171 3435 loqui
3213 3379 3549 3435 nequaquam
3580 3367 3774 3422 didici-

2188 3443 2311 3501 mus
2345 3444 2384 3501 :7
2415 3428 2847 3501 quandoquidem
2898 3438 3025 3501 tunc
3076 3428 3317 3501 primum
3357 3428 3579 3490 verbum
3640 3435 3772 3492 Jesu

2189 3495 2388 3552 Christi
2418 3495 2830 3569 appellationem
2855 3495 3101 3553 sortitum
3132 3501 3381 3566 dicimus,
3413 3520 3535 3559 cum
3565 3505 3770 3562 faetum

2188 3576 2498 3645 est.caro;_
2545 3569 2807 3645 siquidem
2855 3571 2923 3625 ob
2967 3570 3030 3645 id
3056 3570 3302 3645 Christus
3342 3584 3591 3645 vocatur,
3642 3577 3771 3645 quia

2188 3637 2530 3709 exultationis
2557 3639 2695 3701 oleo,
2726 3640 2827 3693 hoc
2854 3648 2956 3703 est,
2982 3638 3184 3709 Spiritu
3209 3654 3394 3698 sancto
3419 3660 3448 3699 a
3476 3644 3582 3699 Deo
3607 3637 3771 3701 Patre

2188 3707 2466 3786 inunctum
2496 3716 2612 3786 _est.
2650 3707 3036 3786 _Quod__autem_
3073 3712 3311 3786 inunctio
3348 3714 3440 3786 illa
3480 3726 3772 3786 assumpta:

2190 3778 2540 3854 humanitatis
2561 3780 2768 3854 ratione
2792 3780 2866 3833 illi
2892 3782 3195 3854 conveniat,
3226 3784 3278 3838 id
3304 3784 3442 3854 apud
3473 3795 3617 3841 recte
3645 3778 3772 3839 s'en-

2190 3848 2379 3919 tientes
2409 3849 2461 3903 in
2490 3849 2841 3919 quzestiouem
2885 3865 2990 3903 non
3018 3852 3197 3905 venit:
3249 3848 3371 3907 nam
3409 3856 3453 3909 si
3502 3854 3594 3910 Dei
3638 3856 3773 3911 Ver-

2188 3918 2314 3994 bum
2340 3920 2481 3973 Deus
2502 3918 2601 3994 est,
2633 3919 2775 3994 nulla
2799 3920 3257 3994 utiqueunctione
3283 3925 3502 3994 indiget.
3546 3925 3657 3980 Nec
3685 3927 3769 3979 ul-

2189 3987 2271 4042 lus
2302 4005 2533 4058 unquam
2563 3989 2783 4063 docuit,
2826 3987 2922 4044 Dei
2953 3991 3185 4045 Verbum
3219 3987 3423 4063 Spiritu
3465 4005 3655 4050 sancto
3686 3996 3772 4049 in-

2188 4070 2428 4121 unctum,
2458 4067 2551 4133 aut
2581 4059 2974 4133 sanctificatum
3017 4075 3156 4126 esse,
3203 4059 3356 4133 quasi
3384 4066 3429 4119 is
3469 4066 3768 4120 secundum

2188 4137 2436 4202 naturam
2483 4130 2551 4183 ab
2581 4129 2672 4183 illo
2703 4130 2774 4184 sit
2803 4130 3078 4202 diversus,
3121 4129 3367 4202 superior
3391 4143 3447 4189 et
3486 4136 3767 4191 excellen-

2189 4199 2311 4251 tior.
2347 4197 2522 4270 Minus
2547 4216 2767 4270 namque
2793 4202 2904 4254 sine
2928 4200 3037 4254 ulla
3070 4197 3477 4258 contradictione
3502 4222 3534 4258 a
3563 4206 3771 4259 meliori

2187 4283 2391 4341 semper
2419 4268 2740 4341 benedicitttr
2774 4270 2957 4341 (Hebr.
2992 4286 3085 4333 vri,
3120 4271 3193 4341 7).
3242 4274 3376 4340 Quia
3406 4289 3533 4341 ergo
3560 4278 3766 4332 sancti-

2190 4335 2369 4392 ficatio
2412 4347 2466 4392 et
2509 4339 2749 4395 inunctio
2782 4335 3025 4394 humanae
3068 4335 3284 4397 nat'urze
3320 4335 3608 4399 humilitati
3639 4361 3770 4401 oon-

2189 4416 2407 4476 gruunt,
2438 4408 2497 4463 ﬁt
2523 4410 2829 4464 necessario
2855 4420 2912 4463 ut
2943 4410 3037 4463 Dei
3065 4411 3298 4467 Verbum
3342 4430 3448 4469 non
3475 4423 3587 4470 tum
3610 4415 3771 4471 Chri~

2191 4478 2258 4530 sti
2285 4478 2501 4551 nomine
2530 4478 2786 4551 donatum
2815 4480 2902 4544 sit,
2940 4495 3061 4534 cum
3084 4482 3384 4549 etiamnum
3413 4486 3637 4551 nudum,
3664 4487 3770 4542 hoc

2189 4554 2291 4611 est,
2319 4549 2553 4601 nondum
2582 4549 2917 4603 incarnatum
2941 4558 3105 4615 esset,
3133 4552 3225 4606 sed
3249 4563 3374 4609 tunc
3397 4549 3767 4611 demum'cum

2188 4633 2338 4671 more
2370 4627 2555 4673 nostro
2582 4618 2785 4673 factum
2825 4620 3007 4686 homo,
3047 4623 3342 4677 secundum
3378 4633 3626 4680 naturam
3658 4627 3764 4689 hu-

2188 4702 2402 4741 manam
2451 4689 2729 4743 iuunctum
2781 4698 2881 4744 est.
2919 4729 2933 4743 .
2965 4730 2978 4743 .
3032 4690 3228 4757 Quodsi
3283 4694 3526 4750 absolute
3567 4696 3765 4751 alicubi

2187 4757 2437 4811 Christus
2486 4760 2807 4819 nominatur,
2861 4775 2983 4813 mox
3015 4761 3142 4814 illud
3191 4762 3530 4820 incarnatum
3562 4766 3765 4821 intelli-

2186 4843 2284 4903 gas
2309 4846 2320 4880 :
2355 4836 2409 4903 et
2435 4828 2479 4903 si
2510 4830 2730 4903 verbum
2758 4829 2969 4903 audias,
2995 4840 3210 4903 peracta
3228 4833 3344 4903 jam
3368 4835 3763 4900 incarnatione,

2186 4897 2349 4952 unita:
2381 4899 2479 4967 ipsi
2509 4899 2689 4953 carnis
2728 4914 2833 4951 non
2867 4897 3246 4955 obliviscaris}
3269 4902 3439 4958 Porro
3466 4915 3647 4961 autem
3675 4897 3765 4959 ar;

2186 4968 2399 5033 hitrari,
2456 4969 2855 5040 vocemhanc,
2909 4969 3175 5033 Christus,
3225 4976 3450 5027 scorsim
3505 4976 3653 5040 huic,
3707 4985 3764 5030 et

2186 5052 2437 5113 seorsum
2452 5053 2639 5113 rursus
2663 5038 2738 5092 illi
2766 5040 3073 5113 convenire,
3104 5040 3267 5113 istud,
3292 5042 3532 5113 inquam,
3562 5038 3766 5100 sentite

2184 5108 2268 5159 vel
2292 5108 2441 5183 _quui
2471 5108 2692 5183 stultum
2736 5117 2819 5163 est
2847 5109 3087 5183 omniug,
3130 5110 3239 5183 imo
3268 5108 3393 5183 vero
3438 5114 3663 5183 impium
3708 5124 3767 5168 et

2185 5178 2486 5248 profanum.
2542 5178 2689 5232 Unus
2716 5186 2799 5231 est
2838 5179 2980 5232 enim
3024 5178 3281 5234 Dominus
3325 5180 3479 5237 Jesus
3516 5178 3766 5241 Christus

2185 5248 2990 5324 non-divisus,_non_dissectus,
3042 5257 3148 5324 etc.
3190 5269 3208 5301 θ
3234 5250 3564 5324 -υηειίοηεῐη
3597 5254 3766 5324 igitur

2184 5331 2291 5371 non
2317 5317 2538 5404 meritis
2553 5318 2791 5401 hominis
2826 5319 3105 5404 assumpti,
3155 5320 3248 5404 sed
3277 5320 3388 5404 ipsi.
3410 5317 3766 5404 assump'tienl

2185 5401 2279 5464 seu
2310 5387 2492 5464 unioni
2524 5387 2873 5464 hypostaticre
2913 5387 3632 5464 ascribendamiexistimavit
3659 5394 3768 5464 Cy-

2184 5457 2368 5533 rillus,
2388 5456 2618 5533 indeque
2655 5458 2902 5533 probavit
2928 5458 3201 5533 Christum
3227 5461 3410 5533 etiam,
3454 5478 3557 5533 qua
3601 5456 3769 5518 homo

2184 5537 2293 5609 est,
2319 5527 2600 5608 dicendum
2629 5542 2748 5608 esse
2769 5528 2939 5614 filium
2959 5529 3061 5614 .Dci
3090 5531 3412 5614 naturalem,
3438 5527 3643 5614 uipote,
3675 5534 3769 5614 eui

2184 5610 2248 5649 ex
2282 5598 2393 5667 ipsa
2424 5597 2705 5651 nativitate
2723 5597 2812 5665 jus
2854 5600 2919 5652 ad
2959 5598 3326 5653 hzereditatem
3354 5597 3531 5657 Patris
3554 5603 3770 5657 omnia-

2183 5681 2286 5734 que
2310 5668 2424 5733 ejus
2452 5668 2590 5721 bona
2626 5674 2988 5735 competeret;
3023 5677 3081 5721 ut
3106 5668 3261 5735 proin
3290 5685 3355 5724 ex
3385 5673 3642 5727 unctione
3672 5673 3767 5725 illa

515 5729 785 5801 baptismo
827 5748 895 5788 ac
922 5729 1211 5804 progressu
1253 5735 1557 5791 succcssivo
1605 5736 1659 5789 in
1688 5729 1859 5806 gratia
1890 5743 1942 5787 et
1992 5729 2081 5790 εἶι-
2186 5729 2400 5807 adoptio
2441 5737 2496 5789 in
2534 5729 2996 5809 Christo—probari
3045 5729 3186 5793 haud
3234 5752 3437 5807 posset,
3492 5743 3595 5797 nisi
3642 5745 3771 5811 quis
