4038 6336
257 369 262 374 .
279 313 378 370 Ml

925 305 1290 366 ENHUEBER
1331 306 1640 366 DISSERT.
1675 307 1776 364 DE"
1806 305 2083 365 HERESI
2118 305 2431 368 ELIPANDI
2468 309 2555 367 ET
2595 309 2875 367 FELlClS.

3421 303 3536 360 ιω

277 442 491 484 merum
519 423 794 480 hominem
823 420 970 488 illum
998 420 1163 477 fuisse
1188 421 1368 477 dicere
1392 421 1571 477 vellet.
1601 421 1858 488 Eamdem
1885 430 1930 487 Α
1962 437 2016 477 tv
2043 422 2303 478 adversus
2330 422 2659 486 Nestorium,
2703 437 2828 477 cum
2854 419 3018 476 verba
3059 417 3217 486 hujus
3236 433 3238 436 ·
3256 417 3536 474 haeresiar-

249 491 689 568 ‘argutnentandi
732 485 998 568 rationem
1029 491 1364 568 postmodum
1405 492 1568 568 etiam
1589 485 1857 568 _adl_ti_‘huit

276 561 505 640 Yiﬁilius
545 579 682 640 papa
731 564 790 616 in
814 562 1254 640 responsionibus
1295 562 1363 640 ad
1403 561 1636 640 capitula
1669 561 1860 640 Inco-

277 631 396 694 ἀοῖ-ἱ
421 653 436 701 ;
469 645 526 688 et
547 631 988 703 'iu’responsione
1009 631 1322 703 quidemuad
1349 631 1638 703 capitulum
1668 632 1738 686 52
1766 647 1860 687 cu-

249 767 256 772 ,
269 709 364 780 jus
393 699 561 780 verba
585 703 700 772 jam
725 699 883 780 supra
915 701 942 771 §
967 701 1020 764 2,
1050 699 1278 780 num._5,
1307 699 1560 780 vidimus,
1585 703 1697 780 ait:
1751 721 1769 753 ε
1802 703 1857 757 ln

249 772 649 848 .iuprascgipto
694 773 968 848 trigesimo
996 772 1570 848 _secundo__capitulo_,_
1616 773 1672 848 in
1688 788 1861 848 _cout-

275 840 463 902 tnénto
507 840 866 914 Epistolae'ad
891 840 1168 914 _liebra:os
1205 840 1490 897 adhibetur
1518 842 1647 914 illud
1688 843 1857 914 Petri,

249 917 368 986 _uhi
400 911 576 970 dixit}
605 915 788 986 Iesum
817 927 847 965 ιι
880 911 1186 986 Nazaret_h,_
1205 928 1356 982 quem
1387 914 1534 986 unxit
1561 913 1705 967 Deus
1735 911 1859 986 δρὶτ

274 988 380 1041 ritu
419 996 602 1039 sancto
646 994 692 1038 et
727 983 956 1045 virtute;
1002 991 1057 1035 et
1104 981 1335 1036 infertur
1366 1001 1377 1035 :
1419 983 1520 1049 Qui
1551 991 1731 1036 autem
1765 981 1858 1037 Dei

251 1050 485 1127 Spiritu
533 1063 728 1127 unctus
756 1061 854 1113 est,
879 1051 1210 1127 _o_mnimode
1231 1053 1483 1127 _aliquidﬂ
1501 1053 1624 1108 inde
1651 1068 1862 1127 assunt-

272 1121 422 1196 psit;
473 1135 528 1179 et
555 1124 808 1196 additur:
854 1121 986 1196 Quis
1020 1130 1198 1196 autem
1224 1121 1598 1196 furens‘dicat,
1615 1123 1710 1196 _de
1737 1121 1862 1192 Spi-

274 1191 384 1250 ritu
414 1195 618 1266 aliquid
652 1193 1010 1266 assumpsisse
1035 1191 1268 1266 divinam
1300 1202 1548 1266 naturam
1569 1193 1592 1266 f?
1615 1192 1719 1248 Per
1741 1191 1862 1266 quae

271 1268 440 1321 verba
473 1261 640 1335 purus
665 1261 1113 1335 homo’Christus
1153 1262 1457 1335 inducitur,
1488 1264 1583 1335 qui
1609 1264 1861 1318 unctione

251 1331 513 1407 Spiritus
554 1335 726 1407 sancti
775 1333 1044 1407 particeps
1067 1331 1264 1407 _factus
1310 1333 1384 1407 sit
1409 1333 1603 1407 divina;
1632 1342 1858 1407 naturae,

255 1399 416 1461 .si'cut
441 1417 495 1460 et
521 1405 611 1459 alii
641 1423 652 1458 :
682 1403 750 1457 Et
775 1399 1038 1456 mercedis
1061 1399 1219 1470 justas
1243 1403 1480 1467 nomine,
1511 1404 1636 1472 quia
1665 1402 1864 1458 dilexe-

273 1478 346 1532 rit
369 1475 658 1543 justitiam,
692 1483 748 1528 et.
781 1472 958 1527 oderit
1003 1471 1361 1542 iniquitatem,
1407 1471 1717 1543 perpetuam
1749 1488 1862 1528 me-

275 1542 449 1600 ruerit
477 1548 810 1599 unctionem.
851 1542 954 1608 Qui
991 1557 1120 1612 ergo
1145 1543 1220 1598 ita
1263 1542 1424 1612 sapit,
1451 1542 1628 1608 decet,
1665 1543 1857 1608 credit,

251 1626 367 1680 aut
405 1615 684 1684 przedicat,
717 1613 1002 1684 anathema
1039 1613 1126 1666 sit.
1167 1633 1186 1666 ι
1235 1613 1390 1668 Tom.
1423 1612 1492 1667 IX
1543 1613 1706 1669 Cone.
1751 1615 1856 1668 col.

271 1687 362 1740 89..
409 1683 622 1740 Similia
664 1693 718 1738 et
767 1683 821 1736 in
865 1685 1215 1752 responsione
1256 1685 1324 1738 ad
1367 1685 1600 1753 capitula
1641 1685 1670 1738 7
1706 1694 1761 1739 et
1791 1684 1860 1738 59

273 1756 648 1880 ιρεθῗἘαάεηι
680 1814 949 1896 respondet
997 1825 1065 1879 ad
1112 1834 1476 1896 argumentum
1503 1841 1566 1879 ex
1605 1801 1934 1896 baptismo'B

271 1896 469 1951 Christi
506 1893 856 1966 desumptum,
897 1897 1073 1966 aitque
1116 1893 1529 1965 iniperfectiones
1566 1893 1755 1966 saltem
1805 1895 1859 1948 in

269 1966 360 2022 illo
386 1965 598 2020 admitti
620 1965 828 2030 debere,
860 1968 905 2018 si
941 1965 1196 2036 baptismo
1225 1966 1509 2035 indiguisse
1538 1965 1860 2036 dicatum—5

268 2037 661 2107 Argumentum
710 2033 1154 2107 Nestoriuntmnm
1209 2051 1277 2107 ex
1335 2033 1604 2107 baptismo
1641 2033 1858 2107 _Ch_ri_sti

269 2104 612 2175 des-amplum
653 2106 843 2161 eadem
888 2106 1001 2161 fere
1031 2104 1418 2174 responsione,
1445 2105 1604 2175 solvit
1628 2104 1861 2174 Cyrillus

267 2174 477 2257 dicens,
503 2174 780 2258 Christum
807 2191 914 2258 non
943 2176 1176 2258 primum
1205 2175 1274 2258 ad
1307 2175 1478 2244 ripam
1508 2174 1758 2255 Jordanis
1792 2189 1859 2228 ex

271 2247 469 2301 merito
493 2245 791 2316 actionum,
822 2249 912 2302 sed
941 2245 994 2302 in
1021 2247 1137 2316 ipso
1165 2253 1319 2300 utero
1346 2256 1401 2299 et
1421 2262 1486 2299 ex
1515 2245 1688 2315 primo
1733 2261 1863 2316 con:

255 2316 538 2387 coptionis
567 2315 790 2371 instanti
837 2315 1072 2386 Spiritus
1108 2316 1280 2372 sancti
1324 2316 1710 2387 plenitudine-tu
1757 2315 1861 2370 sibi

269 2386 573 2457 vi’unionis
615 2387 966 2457 hypostaticae
1003 2387 1238 2441 debitam
1269 2386 1558 2457 accepisse.
1600 2400 1704 2457 nec
1733 2401 1863 2457 con-

271 2456 520 2526 trarium,
571 2454 667 2510 seu
691 2454 1070 2512 necessitatem
1101 2457 1352 2525 baptismi
1398 2456 1562 2526 982
1596 2456 1648 2508 in
1667 2454 1862 2526 Salvae

269 2535 406 2589 tore,
463 2525 690 2596 ejusque
740 2527 795 2596 in
845 2528 948 2582 hoc
997 2527 1212 2582 lavacro
1253 2525 1596 2595 adeptionem
1646 2525 1860 2580 defendi

267 2610 447 2667 posse,
480 2593 616 2667 quin
642 2597 688 2650 is
739 2593 794 2650 in
817 2597 952 2651 duos
979 2597 1256 2652 scindatur
1286 2593 1441 2661 tilios,
1473 2611 1701 2667 quorum
1725 2596 1864 2650 alter

269 2663 669 2722 dicatur—Patri
711 2675 1042 2730 coaeternus,
1089 2667 1249 2736 eique
1296 2667 1350 2720 in
1391 2663 1539 2720 omni
1575 2663 1864 2736 perfectio-

267 2751 399 2792 num
433 2751 635 2806 genere
676 2736 938 2806 aequalis;
976 2737 1112 2791 alter
1152 2753 1280 2791 vero
1310 2752 1490 2790 merus
1535 2737 1716 2799 homo,
1769 2745 1865 2790 aut

267 2805 495 2862 omnino
523 2805 1024 2874 itnperfeetionibus
1048 2807 1367 2876 quibusdam
1398 2807 1451 2860 in
1484 2807 1746 2876 principio
1771 2807 1864 2860 ob-

267 2878 484 2940 noxius,
514 2885 568 2931 et
590 2877 660 2930 ab
701 2877 769 2931 iis
791 2878 1044 2946 deinceps
1069 2875 1142 2931 ’in
1185 2878 1456 2946 baptismo
1490 2875 1858 2947 justiticatus;

267 2956 360 3000 aut
394 2947 588 3001 saltem
637 2947 828 3018 tntillo
876 2948 1113 3018 primum
1162 2947 1248 3018 ob
1279 2948 1592 3018 praecedens
1643 2947 1864 3018 virtutis

267 3018 594 3074 exercitium
631 3015 1080 3087 Spiritus'sancti
1117 3015 1296 3087 gratia
1335 3017 1588 3072 donatus.
1639 3035 1658 3068 (
1697 3016 1864 3072 Miror

268 3087 530 3168 verotait
558 3087 614 3168 id
644 3085 964 3168 fragmentis
997 3085 1184 3168 cpt-lira
1221 3087 1563 3168 Theodorum
1595 3087 1781 3144 relatis
1807 3088 1860 3168 in

1962 493 2078 547 chze
2108 493 2374 549 retulisset
2403 494 2664 560 dicentis:
2704 512 2720 544 ι
2751 491 2989 548 Gloriam
3019 489 3277 560 assumpti
3304 488 3539 558 Spiritus

1963 563 2294 632 descendens
2346 563 2712 632 comparavit:
2772 560 3165 617 commendavit
3207 560 3536 632 baptizatum

1962 631 2140 698 Pater,
2172 643 2304 698 etc.,
2335 653 2352 684 ι
2389 635 2442 687 itt
2467 629 2612 688 hunc
2639 633 2856 688 modum
2885 638 3323 700 argumentatur:
3362 648 3382 680 ι
3415 629 3540 687 Glo-

1961 702 2275 758 rificabatur
2301 704 2417 757 sine
2440 703 2623 766 dubio,
2655 703 2858 772 Spiritu
2881 698 3062 756 divina
3080 698 3341 754 elﬁciente
3363 700 3539 769 signa,

1961 787 2071 828 non
2097 782 2156 827 ut
2186 773 2352 828 deiter
2379 774 2554 835 homo,
2591 775 2659 828 ab
2688 781 2910 827 externa
2937 772 3320 842 superiorcque
3341 780 3538 842 natura

1961 857 2027 897 eo
2052 858 2274 897 munere
2311 851 2646 910 comparato,
2679 852 2736 896 ut
2764 843 2918 897 nobis
2944 838 3170 901 accidit:
3209 838 3305 896 sed
3334 838 3540 911 Spiritu

1964 920 2220 982 tanquam
2249 913 2468 982 proprio
2506 928 2656 982 usus.
2688 913 2847 982 Deus
2881 912 3024 966 enim
3071 919 3192 982 erat
3228 926 3293 965 ex
3323 919 3537 982 natura,

1963 980 2189 1053 ideoque
2235 980 2466 1052 Spiritus
2513 981 2629 1050 ejus
2654 981 2722 1035 ab
2753 997 2818 1037 eo
2844 997 2947 1036 non
2974 981 3367 1053 eratttalieuus,
3404 980 3541 1053 _Nou

1929 1051 2126 1134 igitur
2172 1051 2509 1134 extrittsectts
2555 1066 2732 1134 nequ
2772 1052 3275 1134 adscitamalittnde
3312 1051 3542 1134 dicimus

1962 1121 2062 1191 ipsi
2093 1124 2274 1178 datam
2322 1122 2554 1190 Spiritus
2595 1121 2961 1184 efficientiam,
3007 1122 3254 1178 similiter
3295 1135 3360 1176 ac
3389 1121 3546 1177 nobis

1965 1193 2114 1264 ipsis,
2164 1201 2258 1247 aut
2285 1201 2434 1248 certe
2473 1192 2677 1264 sanctis
2719 1191 3010 1264 apostoli_s._
3048 1191 3206 1264 Dedit
3247 1193 3390 1264 enim
3436 1191 3544 1247 illis

1963 1261 2211 1319 Christus
2249 1271 2570 1332 potestatem
2599 1263 2857 1316 adversus
2883 1261 3108 1330 spiritus
3131 1262 3456 1327 immundos,
3486 1269 3549 1316 ut

1962 1349 2056 1388 eos
2091 1331 2383 1400 ejicerent:
2428 1331 2766 1401 iussitetiam
2795 1341 2853 1386 ut
2877 1339 3130 1386 curarent
3155 1347 3369 1386 omnem
3395 1331 3547 1387 inftr—

1963 1404 2206 1458 mitatem
2249 1411 2304 1458 et
2344 1418 2558 1458 omnem
2587 1403 2898 1472 languorem
2925 1401 3236 1472 inpopulo.
3285 1401 3547 1458 lntrinse-
3597 1411 3646 1448 γ

1963 1489 2060 1528 cus
2081 1474 2244 1544 igitur
2270 1483 2326 1528 et
2349 1474 2416 1527 ab
2448 1474 2562 1543 ipso
2590 1470 2931 1544 est—Spiritus
2955 1471 3110 1544 ejus:
3142 1470 3310 1544 cujus
3319 1473 3398 1544 rei
3426 1486 3550 1544 per-

1963 1540 2207 1613 Spieu'um
2233 1553 2316 1599 est
2345 1540 2744 1614 argumentum,
2767 1543 2913 1612 quod
2938 1542 3104 1614 etiam
3129 1540 3249 1614 aliis
3276 1540 3550 1614 illum'tri-

1962 1611 2130 1686 liuere
2158 1623 2352 1686 potest,
2379 1611 2442 1686 ett
2466 1630 2567 1667 non
2587 1630 2652 1686 ea;
2676 1611 2942 1686 mensura,
2966 1619 3033 1686 _ut
3055 1611 3130 1666 ait
3149 1611 3338 1667 beatus
3372 1611 3550 1686 E_v_an-

1962 1681 2190 1753 gelista‘:
2224 1701 2347 1739 nam
2375 1684 2463 1739 ille
2484 1684 2726 1738 omnium
2747 1682 2889 1738 Deus
2913 1681 2981 1736 ad
3005 1696 3312 1738 mensuram
3332 1681 3549 1753 quidem

1965 1752 2156 1834 tribuit
2177 1755 2378 1834 sanctis
2389 1755 2520 1809 viris
2533 1753 2768 1834 Spiritus
2783 1754 2953 1834 sancti
2971 1755 3221 1834 gratiam,
3247 1761 3302 1807 et
3322 1753 3414 1806 alii
3429 1752 3550 1834 qui-

1936 1867 1940 1870 .
1964 1824 2083 1879 dem
2115 1825 2262 1880 dedit
2282 1823 2588 1880 sermonem
2613 1824 2910 1894 sapientiae,
2934 1823 3022 1894 atii
3045 1837 3351 1878 sermonem
3370 1823 3548 1894 scien-

1965 1895 2070 1959 tia),
2098 1895 2252 1949 alteri
2282 1897 2510 1966 gratiam
2535 1892 2874 1950 curationum
2901 1910 2913 1946 :
2937 1892 3097 1966 idque
3120 1903 3232 1966 est,
3249 1902 3310 1966 ut
3333 1893 3544 1966 opinor,

1962 1966 2103 2033 quod
2129 1961 2381 2036 tanquam
2403 1981 2472 2020 ex
2496 1978 2748 2036 mensura
2776 1971 3000 2033 possunt
3020 1965 3077 2036 ti,
3103 1965 3192 2032 qui
3210 1961 3421 2036 habent
3441 1961 3550 2018 elli-

1959 2032 2213 2092 cientiam
2235 2032 2258 2089 ‘?
2281 2037 2350 2090 At
2375 2051 2506 2090 vero
2533 2032 2791 2090 Dominus
2813 2041 2994 2090 noster
3012 2032 3169 2088 Jesus
3198 2032 3447 2088 Christus
3478 2049 3548 2090 ex

1961 2121 2057 2159 sua
2080 2106 2410 2175 plenitudine
2439 2105 2766 2174 profundens
2794 2103 3074 2173 Spit-itum,
3104 2113 3162 2158 ut
3185 2105 3347 2175 etiam
3362 2105 3544 2168 Pater,

1961 2174 2244 2234 nontllum
2270 2177 2630 2246 dattanquam
2653 2190 2720 2229 ex
2749 2189 3002 2230 mensura
3023 2175 3089 2246 iis
3119 2175 3211 2242 qui
3255 2174 3400 2246 digni
3422 2183 3550 2230 sunt

1960 2247 2226 2315 accipere.
2253 2244 2496 2312 Quanam
2524 2247 2690 2315 igitur
2717 2246 2782 2300 de
2807 2260 2991 2309 causa,
3036 2245 3120 2299 vir
3143 2244 3377 2314 egregie,
3399 2260 3544 2310 eum,

1961 2318 2050 2386 qui
2080 2333 2185 2371 non
2207 2331 2274 2370 ex
2299 2331 2549 2370 mensura
2564 2315 2656 2386 dat
2687 2316 2936 2386 spiritum
2958 2357 2970 2378 ,
2994 2315 3246 2386 ineorum
3264 2329 3550 2370 numerum

1962 2385 2152 2451 refers,
2175 2387 2584 2456 quidimensum
2602 2385 2748 2441 illum
2777 2385 3010 2456 habent?
3039 2387 3550 2456 dumtcotnparatam

1961 2473 1993 2512 a
2023 2454 2226 2526 Spiritu
2256 2457 2371 2524 ejus
2400 2457 2626 2528 gloriam
2653 2457 2820 2521 dicis,
2852 2465 2906 2511 et
2936 2455 3081 2511 illius
3099 2454 3398 2528 ellicientizc
3423 2455 3551 2528 sub-

1956 2523 2160 2600 jectum
2206 2523 2426 2597 potius:
2459 2536 2519 2583 ut
2556 2543 2722 2600 unum
2765 2542 2796 2582 e
2826 2528 2998 2592 nobis,
3046 2525 3386 2600 gra_ti:n__loco
3433 2523 3551 2600 ejtts

1963 2595 2399 2668 cooperationem
2443 2599 2736 2668 accepisse,
2785 2613 2946 2666 quam
2978 2595 3437 2668 proprioSpiritu
3467 2597 3550 2668 di-

1962 2666 2086 2723 vina
2132 2670 2285 2739 signa
2309 2666 2622 2724 effecisseh
2677 2669 2842 2726 Tom.
2864 2669 2930 2722 Vl
2956 2666 3121 2739 oper.
3152 2666 3244 2721 fol.
3277 2668 3345 2739 98
3373 2679 3428 2739 et
3455 2667 3545 2722 99.

1963 2739 2029 2793 Et
2053 2736 2214 2819 paulo
2243 2739 2382 2819 infra
2413 2739 2650 2819 pressius
2684 2741 2860 2819 adhuc
2885 2739 2952 2793 de
2981 2736 3249 2819 baptismo
3286 2736 3546 2819 loquitur,

1962 2806 2304 2878 ostenditqde
2332 2806 2502 2878 ipsum
2527 2808 2798 2864 Christum
2823 2823 2963 2873 esse,
2988 2811 3078 2876 qui
3096 2808 3336 2878 baptizat
3355 2806 3410 2878 in
3436 2806 3554 2877 Spi-

1965 2880 2072 2933 ritu
2113 2876 2321 2946 saneto,
2352 2876 2447 2934 seu
2479 2879 2809 2944 hominibus,
2855 2879 2981 2933 dum
3012 2879 3064 2932 in
3103 2877 3320 2932 nomine
3348 2876 3552 2932 ChriSti

1961 2949 2346 3021 haptizantur,
2394 2949 2656 3020 Spiritum
2696 2958 2942 3004 sanctum
2970 2948 3233 3021 infundi;
3277 2946 3552 3021 Christum

1963 3017 2190 3090 proinde
2219 3017 2489 3090 baptismo
2517 3035 2626 3075 non
2671 3021 2881 3090 eguisse
2916 3019 2983 3074 ad
3014 3020 3066 3073 id
3090 3059 3106 3084 ,
3141 3028 3199 3071 ιιι
3240 3017 3548 3090 sanctifica-

1965 3089 2657 3162 tioniskseuaugmentum,
2710 3089 2805 3162 seti
2835 3090 3220 3162 plenitudinem
3264 3089 3550 3162 reciperet,

267 3155 560 3212 collatione
583 3156 616 3210 5
650 3155 840 3232 synodi
866 3159 920 3230 v)
971 3159 1668 3232 adversariumscripsisse,
1715 3159 1862 3232 quod
1886 3155 1934 3217 C
1966 3177 2088 3220 cum
2119 3155 2604 3232 Spiritus'sanctus
2631 3155 2728 3231 ipsi
2755 3155 2868 3232 jam
2907 3176 2975 3232 ex
3000 3161 3172 3232 prima
3201 3155 3554 3232 conceptione

267 3243 545 3298 nunquam
571 3228 1002 3296 conjunctionem
1029 3228 1096 3282 ad
1126 3228 1291 3282 Deum
1317 3228 1547 3284 Verbum
1577 3229 1864 3286 meruisset

267 3307 325 3354 et
352 3297 530 3361 Jesus,
584 3299 686 3370 nisi
733 3300 882 3368 prius
909 3299 1286 3370 immaculatus
1331 3309 1475 3370 esset
1500 3298 1864 3370 eil‘ectustper

267 3371 602 3440 unctionem.
634 3369 768 3424 Nam
793 3371 1009 3439 quidem
1035 3369 1552 3440 primtuutdisjungit
1580 3369 1864 3428 manifeste

267 3447 325 3494 et
354 3439 616 3494 discernit
643 3449 830 3510 aperte
858 3440 993 3494 duos
1027 3440 1212 3494 dicens
1240 3439 1397 3510 ﬁlios.
1447 3439 1650 3495 Deinde
1697 3441 1858 3505 dicat,

267 3510 507 3578 quando,
560 3509 702 3564 sicut
745 3511 838 3572 ait,
873 3510 1247 3564 immaculatus
1289 3509 1514 3565 effectus
1556 3519 1658 3574 est,
1712 3519 1768 3564 et
1797 3512 1863 3566 ad

267 3579 441 3634 Deum
467 3580 701 3634 Verbum
730 3579 1160 3648 conjunctionem
1191 3582 1408 3646 meruit,
1439 3591 1620 3634 utrum
1649 3597 1712 3635 ex
1747 3581 1864 3648 ipso

269 3660 451 3712 utero,
478 3658 588 3720 qaut
615 3666 738 3704 cum
767 3652 1038 3706 tricesimo
1084 3666 1225 3706 anno
1253 3660 1414 3706 esset.
1467 3649 1716 3706 Pervenit
1745 3652 1866 3720 qui—

268 3721 396 3774 dem
423 3719 491 3774 ad
525 3717 844 3790 Jordauem,
874 3720 1120 3790 quresivit
1157 3737 1286 3776 vero
1313 3721 1479 3776 etiam
1523 3720 1746 3776 Joannis
1763 3717 1864 3776 ba-

267 3791 552 3862 ptismum.
603 3789 880 3860 Siquidem
893 3789 974 3862 ex
1001 3800 1153 3848 utero
1180 3801 1400 3862 sanctus
1423 3801 1583 3855 esset,
1617 3800 1863 3862 sanctum

267 3860 410 3914 caici
435 3875 584 3933 eum,
615 3869 671 3915 et
707 3877 810 3914 non
838 3861 1010 3933 magis
1038 3863 1196 3933 esset?
1230 3861 1381 3929 Quod
1412 3862 1556 3933 enim
1582 3861 1699 3916 fieri
1725 3861 1861 3916 dieiv

269 3939 381 3992 tur,
403 3932 650 4002 omnino
677 3946 898 3986 necesse
926 3931 1011 3986 est
1053 3931 1368 4002 intelligere,
1417 3931 1562 4002 quod
1591 3947 1695 3986 non
1723 3940 1860 3996 erat,

267 4000 416 4070 quod
459 3999 663 4054 factum
706 4010 808 4054 est.
864 4002 958 4056 Sin
992 4012 1172 4058 autem
1213 3999 1334 4057 erat
1371 3999 1590 4056 sanctus
1627 4017 1860 4070 semper,

267 4080 326 4124 et
351 4072 457 4125 huc
489 4084 594 4124 non
619 4071 674 4124 in
703 4079 944 4140 tempore
971 4071 1145 4128 factus
1165 4081 1265 4137 est,
1297 4073 1568 4142 quomodo
1597 4072 1727 4127 dicit
1749 4071 1866 4142 Spi-

198 4149 200 4152 '
269 4144 439 4196 ritum
465 4155 630 4210 super
655 4156 777 4196 eum
818 4142 1116 4209 devolasse,
1161 4153 1216 4197 et
1241 4142 1617 4213 conjunctione
1643 4143 1864 4213 dignum

269 4213 450 4282 ipsum
495 4213 914 4278 demonstrasse,
959 4223 1014 4268 et
1060 4212 1351 4268 addidisse
1377 4215 1425 4267 ei
1456 4215 1599 4282 quod
1633 4212 1865 4268 deerat?

269 4228 286 4266 t
329 4228 450 4266 sum
495 4228 914 4278 uetnonsu‘asse,
959 4228 1014 4268 et
1060 4228 1331 4268 aumatssc
1377 4229 1425 4267 et
1456 4228 1599 4282 quou
1633 4228 1864 4268 deerat?

267 4228 414 4349 ὅιιίἁ
462 4282 607 4335 enim
656 4289 776 4335 erat
819 4284 962 4351 quod
1007 4284 1228 4338 omnino
1274 4285 1342 4338 ad
1379 4283 1864 4340 sanctiﬁcationem

269 4354 461 4407 deerat
487 4351 536 4404 ei
567 4367 633 4424 ett
655 4353 771 4419 ipso
798 4362 971 4417 utero,
1003 4354 1174 4424 magis
1200 4369 1327 4408 vero
1354 4364 1405 4408 et
1431 4363 1555 4408 ante
1568 4355 1863 4408 secundutn

267 4436 496 4476 carnem
525 4422 862 4476 nativitatem
892 4432 1080 4477 sancto
1100 4422 1178 4478 ‘et
1208 4424 1554 4478 immaculato
1581 4431 1634 4478 ct
1664 4425 1866 4478 sancti-

269 4492 458 4544 ﬁcanti
487 4493 838 4572 creaturam?
885 4493 1018 4564 Cum
1051 4493 1214 4572 igitur
1251 4494 1416 4557 dicat,
1447 4493 1589 4620 quod
1621 4510 1727 4548 non
1760 4495 1864 4548 uti-
1892 4512 1944 4574 ι)

269 4575 380 4620 aue
423 4569 712 4616 meruisset
754 4559 911 4618 Jesus
952 4565 1384 4620 coniunctionem
1415 4580 1444 4617 a
1531 4565 1696 4618 Deum
1731 4565 1864 4619 Ver-

269 4575 380 4638 que
423 4563 712 4638 meruisset
754 4559 911 4638 .lesus
952 4559 1384 4638 coniunctionem
1415 4559 1483 4620 ad
1531 4565 1696 4638 Deum
1728 4565 1864 4638 _Ver—

268 4631 432 4703 lium,
457 4631 562 4685 nisi
595 4632 745 4700 pritts
771 4632 1146 4688 immaculatus
1164 4633 1390 4688 effectus
1412 4643 1571 4697 esset,
1602 4634 1863 4703 plurimas

268 4701 436 4774 simul
470 4703 850 4774 accusationes
884 4703 1146 4758 adversus
1171 4719 1270 4758 sua
1314 4704 1505 4774 scribit
1533 4701 1860 4774 vahiloquia.

268 4770 410 4824 Nam
443 4771 680 4841 primum
725 4772 940 4841 quidem
993 4774 1304 4828 indecenter
1345 4773 1507 4838 dicit,
1560 4770 1862 4830 meruisse:

271 4839 472 4895 deinde
496 4839 759 4914 disiungit
779 4843 831 4914 in
865 4843 1092 4897 alterum
1123 4844 1413 4912 separatim
1445 4845 1633 4908 filium,
1663 4847 1752 4914 qui
1797 4861 1863 4899 ex

270 4914 486 4966 semine
515 4919 598 4984 est
636 4912 798 4984 David
819 4953 832 4976 ,
862 4929 1020 4982 quem
1051 4915 1225 4984 ipsum
1252 4914 1423 4968 solum
1443 4912 1748 4984 separatim
1779 4914 1868 4970 Je-

271 4996 396 5036 sum
424 4982 706 5036 nominare
735 4982 1086 5050 impudenter
1101 4984 1393 5039 contendit.
1424 4983 1504 5044 Ad
1533 4987 1648 5039 haec
1677 4987 1867 5040 imma—

269 5051 515 5124 culatum
545 5067 668 5106 eum
693 5051 830 5124 eilici
869 5053 1080 5119 dicere,
1139 5061 1394 5124 tanquam
1438 5056 1541 5110 hoc
1577 5055 1867 5124 aliquanto

270 5138 382 5194 non
413 5121 718 5194 habentem,
749 5123 1038 5192 plurimam
1065 5125 1167 5178 hoc
1195 5121 1354 5180 habet
1373 5134 1427 5178 et
1456 5121 1862 5194 blasphemiam.

274 5192 475 5248 Uuitus
498 5193 641 5245 enim
683 5193 824 5266 Deus
854 5194 1088 5266 Verbum
1115 5210 1198 5266 dett
1223 5196 1524 5266 ipsoiutero
1552 5192 1702 5250 carni
1730 5211 1863 5262 suto,

271 5278 418 5316 unus
445 5271 586 5326 erat,
618 5271 672 5317 et
699 5263 776 5318 sic
799 5273 852 5318 et
880 5263 1258 5319 immaculatus
1284 5264 1469 5330 Filius,
1501 5274 1720 5320 sanctus
1742 5281 1866 5320 san-

269 5344 510 5394 ctorum,
545 5341 602 5405 et
636 5335 708 5405 de
723 5349 817 5405 sua
847 5335 1176 5404 plenitudine
1204 5339 1339 5389 dans
1364 5351 1469 5390 non
1493 5335 1666 5390 solum
1691 5336 1865 5390 homi-

271 5405 458 5465 nibus,
501 5403 596 5457 sed
641 5403 803 5457 etiam
839 5403 1051 5458 sursum
1081 5413 1134 5460 et
1177 5405 1233 5460 in
1277 5406 1414 5460 caelo
1455 5405 1862 5462 rationabilibus

271 5474 593 5528 virtutibus.
632 5493 650 5525 ι
705 5473 858 5528 Tom.
909 5474 982 5528 1x
1024 5474 1228 5530 Concil.
1279 5475 1380 5530 col.
1427 5477 1552 5532 2258.
1603 5475 1863 5544 Spiritum

273 5559 476 5614 nempe
517 5553 762 5598 sanctum
807 5545 970 5599 etiam
1011 5545 1218 5600 homini
1261 5555 1535 5614 assumpto
1573 5562 1640 5600 e1;
1669 5547 1865 5602 unione

274 5613 622 5688 hypostatica
649 5615 930 5685 proprium
958 5614 1145 5688 fuisse.
1183 5631 1284 5671 nec
1321 5632 1386 5670 ex
1415 5613 1608 5688 gratia,
1646 5624 1739 5670 aut
1768 5617 1863 5671 he—

279 5685 445 5753 nigna
475 5685 651 5738 solum
683 5686 1014 5757 assumeutis
1053 5688 1328 5757 voluntate
1361 5685 1714 5756 in'haptismo
1756 5688 1867 5757 pri-

281 5771 433 5809 mum
464 5769 584 5810 esse
611 5756 867 5811 collatum
892 5756 1224 5814 existimavit
1247 5755 1494 5832 Cyrillus,
1521 5755 1664 5812 unde
1691 5767 1744 5814 et
1757 5755 1874 5819 liba

1961 3228 2233 3302 proprius,
2264 3231 2501 3302 ejusque
2515 3228 2665 3286 dona~
2688 3228 2903 3287 aliunde
2927 3228 3106 3302 debita
3134 3238 3335 3302 essent.
3355 3228 3410 3302 fit
3445 3228 3550 3284 Ita-

1961 3300 2286 3373 quc’(verha
2324 3300 2680 3373 suntCyrilli)
2713 3303 2948 3372 reliquas
2985 3301 3102 3372 ejus
3131 3301 3410 3373 (Nestorii)
3455 3313 3550 3355 vo-

1964 3389 2073 3436 ces,
2100 3373 2146 3430 si
2175 3373 2371 3443 placet,
2399 3372 2792 3428 examinemus.
2837 3373 3018 3438 Pater,
3051 3372 3244 3441 inquit,
3278 3385 3553 3443 commen—

1963 3444 2114 3499 davit
2137 3462 2150 3496 :
2176 3440 2248 3498 'ac
2279 3446 2500 3500 verbum
2527 3445 2935 3500 commendandi
2957 3485 2970 3510 ,
3019 3440 3276 3514 quidnam
3302 3441 3410 3514 hoc
3433 3440 3554 3497 loco

1963 3515 2036 3570 sit
2059 3515 2359 3584 intelligere
2380 3529 2486 3569 non
2517 3529 2734 3582 possum
2763 3533 2775 3569 :
2826 3531 2950 3569 nam
2977 3511 3051 3568 ea'
3065 3529 3167 3568 vox
3197 3511 3555 3584 mediisqnuu-

1963 3583 2106 3656 diuis
2130 3581 2310 3650 estfet
2328 3584 2420 3638 vili
2441 3581 2719 3656 concione,
2747 3594 2802 3641 et
2825 3585 3032 3656 plebeia
3049 3583 3340 3656 nugatioue
3359 3581 3550 3656 plena;

1964 3655 2058 3708 sed
2091 3663 2266 3709 tamen
2296 3664 2427 3726 puto
2456 3655 2778 3726 significare,
2807 3653 3074 3726 deposuit,
3100 3653 3248 3709 verbi
3272 3654 3443 3726 gratia
3468 3653 3553 3726 vel

1965 3733 2193 3795 testatus
2219 3736 2323 3780 est.
2356 3723 2635 3792 Quomodo
2675 3726 2855 3795 igitur,
2876 3723 3019 3795 ‘rogo
3051 3741 3122 3789 te,
3155 3723 3555 3779 commendavit

1963 3793 2126 3850 Pater
2164 3795 2437 3850 hominem
2466 3793 2853 3850 inhabitatione
2895 3793 3075 3850 divina
3104 3795 3426 3866 dignatum?
3465 3795 3554 3866 _An

1965 3880 2094 3944 vero
2124 3865 2187 3944 id
2230 3866 2470 3944 minime,
2523 3866 2616 3919 sed
2647 3867 2886 3921 ostendit
2929 3867 3110 3936 potius
3153 3864 3436 3944 proprium
3462 3864 3554 3944 F_i-_

1934 4003 1935 4006 η
1963 3935 2095 4006 lium
2123 3935 2398 4006 hominem
2424 3935 2648 4000 factum,
2684 3935 2988 3994 manentem
3022 3945 3198 3993 tamen
3223 3935 3276 3988 in
3306 3949 3470 4006 carne
3499 3936 3556 3989 id

1965 4005 2161 4075 ipsum,
2212 4005 2354 4074 quod
2386 4013 2542 4071 erat,
2579 4016 2634 4060 et
2681 4017 2784 4070 est,
2837 4015 2892 4061 et
2936 4007 3063 4071 erit,
3106 4019 3298 4074 nempe
3343 4003 3556 4058 Deum?

1963 4075 2121 4132 Jesus
2165 4075 2412 4131 Christus
2439 4077 2584 4131 enim
2619 4077 2734 4130 beri
2774 4086 2829 4131 et
2872 4077 3049 4142 hodie,
3102 4077 3242 4131 idern
3274 4083 3331 4128 ct
3370 4075 3424 4128 in
3456 4091 3557 4130 sa:-

1967 4147 2106 4202 cula.
2135 4146 2247 4218 Age
2274 4147 2439 4218 igitur
2461 4162 2621 4202 voces
2637 4147 2713 4218 Ade
2733 4163 2798 4201 co
2823 4147 2995 4218 dictas
3016 4147 3385 4218 exquirantus.
3405 4144 3553 4218 Quid

1965 4231 2097 4288 ergo
2117 4215 2204 4272 ait
2222 4215 2549 4288 evangelista
2577 4235 2589 4271 :
2625 4216 3080 4288 Ettestimonium.
3104 4215 3363 4288 perhibuit
3386 4216 3554 4288 Joan-

1966 4233 2097 4288 crgo
2117 4233 2194 4272 att
2222 4233 2355 4270 evan
2393 4233 2549 4272 ettSta
2577 4235 2589 4271 :
2625 4233 2692 4270 ιιι
2719 4233 3080 4274 testimonium.
3104 4233 3363 4288 permtmu
3386 4233 3554 4269 Joan—

1966 4304 2056 4344 nes
2085 4287 2302 4346 dicens:
2354 4233 2492 4352 (slain
2535 4287 2638 4344 vidi
2683 4285 2936 4357 Spiritum
2981 4286 3370 4357 descendentem
3417 4287 3555 4342 sicut

1966 4357 2258 4429 columbam
2287 4374 2314 4410 ε
2347 4358 2494 4429 ccelq,
2543 4368 2591 4410 et
2629 4356 2922 4429 innuentem
2964 4376 3120 4429 super
3144 4373 3261 4410 cum
3286 4371 3312 4429 :7
3347 4356 3431 4410 hie
3455 4367 3555 4429 est

1967 4428 2054 4498 qui
2081 4428 2308 4498 baptizat
2353 4428 2410 4480 in
2440 4427 2687 4498 Spiritu;
2720 4427 2800 4498 Et
2828 4446 2920 4498 ego
2946 4427 3070 4492 nidi,
3119 4437 3164 4482 et
3199 4427 3551 4498 testimonium

2003 4495 2224 4560 erhibui,
2266 4498 2390 4568 quia
2415 4495 2500 4555 [tie
2529 4507 2604 4551 est
2637 4495 2810 4552 Filius
2840 4495 2936 4554 Dei
2971 4499 3152 4568 (Joau.
3185 4514 3222 4561 ι,
3258 4497 3328 4552 52
3356 4506 3410 4550 et
3435 4497 3551 4567 35).

1965 4514 2224 4622 ferinam,
2266 4515 2390 4568 quia
2415 4514 2500 4555 mc
2529 4514 2604 4551 est
2637 4514 2810 4552 nutus
2840 4514 2936 4554 ue:
2971 4514 3152 4568 μοίιη.
3185 4514 3222 4561 t,
3258 4514 3328 4552 az
3356 4514 3410 4550 et
3435 4514 3551 4567 aa).

1994 4569 2083 4622 bat
2104 4569 2250 4621 enim
2285 4568 2679 4637 dispensatoria
2722 4569 2930 4625 ratione
2960 4570 3217 4624 Dominus
3242 4575 3427 4622 noster
3465 4568 3555 4623 Je-

1967 4652 2062 4692 sus
2084 4637 2350 4700 Christus,
2384 4648 2441 4692 ttt
2463 4637 2755 4694 Jordauem
2785 4640 3166 4704 sanctificaret,
3199 4639 3556 4707 dignatusque

1967 4716 2051 4780 est
2078 4709 2350 4777 baptizari,
2378 4709 2689 4780 nobiscum,
2723 4719 2782 4780 ut
2819 4711 3136 4780 mysterium
3178 4709 3322 4765 i'lius
3363 4725 3555 4780 secun-

1968 4779 2099 4833 dum
2121 4793 2340 4832 carnem
2377 4778 2792 4847 dispensationis
2817 4778 2990 4835 utodis
3009 4780 3086 4834 illi
3109 4779 3554 4836 convenientibus

1969 4857 2394 4917 exsequeretur:
2425 4849 2706 4916 oportebat
2731 4849 2895 4913 enim,
2926 4859 2984 4904 ttt
3009 4851 3138 4906 illud
3166 4867 3233 4906 ex
3260 4850 3370 4905 Deo
3401 4851 3559 4904 Patre

1975 4919 2205 4992 Verbum
2257 4917 2532 4992 hominem
2580 4933 2701 4974 esse
2730 4919 2946 4992 factum
2993 4929 3413 4992 agnosceretur:
3461 4922 3558 4976 sed

1969 4988 2346 5062 baptizabatur
2383 4987 2603 5062 quidem
2631 4999 2692 5043 ut
2730 4989 2911 5062 homo,
2951 4987 3260 5062 baptizabat
3284 5002 3462 5046 autem
3493 5001 3556 5062 ut

1970 5057 2111 5112 Deus
2158 5058 2223 5130 in,
2256 5057 2458 5130 Spiritu
2493 5059 2942 5130 sanctoaNeque
2988 5057 3117 5117 vcro
3159 5064 3421 5124 dicimus,
3472 5061 3558 5116 vel

1969 5143 2120 5202 more
2146 5127 2639 5202 subservientium,
2665 5129 2752 5202 vel
2775 5127 3028 5202 tanquam
3074 5134 3142 5188 ab
3165 5132 3271 5187 alio
3302 5131 3556 5202 quopiam

1971 5198 2208 5267 Spiritus
2247 5199 2418 5252 sancti
2454 5198 2917 5268 participationem
2950 5198 3424 5265 subministras—se,
3456 5201 3552 5254 sed

1971 5270 2155 5344 potius
2183 5276 2437 5336 tauquam
2463 5283 2534 5344 ett
2551 5280 2752 5344 natura
2781 5271 2949 5344 Deum
2977 5290 3042 5327 ex
3083 5271 3413 5344 plenitudine
3455 5285 3554 5344 sua

1969 5339 2339 5410 infundentem
2367 5339 2730 5410 sanctificatos
2759 5339 3212 5400 reddidisse—Cur
3233 5357 3362 5410 ergo
3392 5341 3558 5396 rectis

1969 5408 2152 5482 verbis
2188 5409 2578 5482 sententiisque
2613 5413 2872 5482 neglectis
2911 5414 3156 5468 effectam
3200 5408 3318 5467 esse
3355 5412 3557 5467 asseris

1971 5479 2415 5552 inhabitationem
2442 5480 2504 5552 in
2524 5479 2739 5537 homine
2765 5485 2832 5537 ab
2857 5486 2972 5552 ipso
3001 5485 3092 5538 Dei
3124 5483 3297 5540 Verbo
3322 5499 3336 5548 ;
3365 5498 3560 5552 quain-

1972 5551 2055 5624 vis
2082 5549 2305 5624 plurimi
2337 5551 2515 5624 sancti
2557 5553 2658 5606 viri
2701 5549 3092 5609 inhabitantem
3126 5555 3180 5608 in
3223 5570 3281 5608 se
3309 5549 3441 5624 ipsis
3465 5553 3561 5608 ha-

1971 5620 2206 5683 buerint,
2253 5621 2401 5676 illum
2430 5623 2805 5679 universorum
2839 5624 3004 5678 Deum
3032 5631 3087 5678 et
3117 5640 3181 5678 ex
3221 5626 3289 5681 iis
3315 5620 3472 5684 nemo
3498 5625 3557 5681 in

1972 5706 2071 5768 suo
2097 5690 2300 5768 Spiritu
2329 5693 2843 5768 baptizavorit,_aut
2873 5695 3055 5768 divino
3090 5710 3242 5768 more
3269 5697 3322 5751 in
3359 5695 3555 5768 aliqui-

1975 5762 2075 5821 bus
2101 5762 2446 5831 habitaverit,
2475 5771 2567 5823 aut
2591 5764 2920 5823 inhabitasse
2946 5762 3125 5822 dictus
3159 5767 3251 5835 sit,
3289 5783 3411 5824 eum
3439 5762 3559 5843 ipse
