4038 6336
286 317 393 379 1115

288 435 488 491 minem
510 429 722 486 adorari
740 443 862 483 cum
882 428 1011 492 Deo,
1027 436 1080 484 et
1099 441 1194 482 coa

287 514 371 560 est
392 500 642 559 conﬁteri
666 499 800 553 duos
820 499 1139 561 adorandos,
1167 496 1429 551 veletiam
1460 496 1600 549 inter
1628 509 1686 550 se
1713 509 1869 563 coap-

287 575 585 646 pellanrfos.
626 590 644 622 ι
692 569 850 646 Tom.
882 570 942 646 _V
971 567 1280 646 Conc_._col:
1306 566 1507 646 54._Et
1548 566 1601 619 in
1648 579 1870 633 respon-

287 637 438 701 sione
480 644 547 696 ad
588 640 1055 710 reprehensionem
1099 637 1421 710 Theodoreti
1471 638 1647 710 docet,
1691 651 1758 710 e_.\'
1804 649 1869 689 eo

285 716 429 785 quoi
462 714 623 767 homo
647 705 959 785 assumptus
996 724 1118 765 cum
1150 709 1326 785 Yerbo
1368 707 1665 785 appeltetur
1706 705 1865 785 Dens2

287 776 380 840 seu
430 782 794 850 nuncupative
838 776 1049 836 tantum
1097 778 1220 832 talis
1255 780 1344 841 sit,
1398 776 1683 850 manifeste
1716 776 1867 843 sequi

285 854 523 910 Verbum
554 849 771 923 proprie
794 852 893 906 sibi
917 866 1021 904 non
1048 850 1251 923 uniisse
1280 858 1525 923 naturain
1557 849 1865 923 humanam,

282 934 339 980 et
380 916 783 978 Emmdnuélem
822 936 942 977 esse
980 935 1172 990 purum
1206 920 1477 973 hominem
1524 918 1694 990 nobis
1720 916 1869 970 simi-

282 994 411 1050 lem.
462 1012 481 1043 ι
520 993 821 1062 Siquidem,
867 987 1218 1062 inquit,ipse
1244 990 1391 1045 Deus
1409 988 1568 1043 simul
1606 996 1661 1041 et
1683 987 1865 1051 homo,

280 1075 333 1123 et
365 1061 625 1123 aduratur
655 1062 796 1117 sicut
839 1078 978 1117 unus
1015 1061 1332 1114 adoratioue
1361 1075 1484 1121 una,
1529 1067 1584 1112 et
1622 1072 1727 1111 non
1774 1070 1869 1110 co-

282 1135 568 1197 adoratur,
601 1142 656 1187 et
698 1133 855 1187 simul
888 1132 1187 1201 appellatur
1221 1130 1364 1185 Deus
1392 1148 1404 1183 :
1447 1144 1515 1183 ne
1552 1125 1868 1201 Emmanuel

281 1205 543 1259 credatur
582 1218 704 1258 esse
741 1205 900 1257 homo
922 1197 1264 1268 Simpliciter.
1300 1210 1356 1255 et
1399 1197 1700 1254 communis
1730 1197 1868 1268 sicut

281 1290 421 1335 nos,
473 1284 527 1328 et
560 1287 657 1342 per
694 1278 923 1344 gratiam
971 1266 1164 1344 divina:
1204 1271 1388 1344 gloriae
1416 1270 1725 1339 particeps;
1772 1266 1867 1321 sed

279 1341 644 1418 confiteaniur
696 1341 852 1418 illum
888 1343 1068 1418 potius
1117 1341 1281 1418 Deum
1337 1342 1389 1395 in
1438 1354 1603 1396 carne
1646 1346 1868 1418 propter

280 1428 401 1476 nos,
453 1416 505 1468 id
538 1424 636 1473 est.
681 1430 808 1469 vere
840 1410 1112 1469 hominem
1149 1410 1372 1477 factum,
1416 1426 1521 1465 non
1568 1410 1866 1463 mutatione

280 1494 495 1540 natum
542 1486 835 1539 secundum
870 1484 1244 1538 alterationem
1282 1491 1338 1536 et
1380 1482 1679 1534 versionem
1706 1519 1720 1541 ,
1769 1479 1865 1533 sed

277 1556 499 1613 unionis
529 1555 945 1626 dispensatione.
984 1553 1248 1626 nlhidepn
1284 1552 1389 1626 col.
1424 1552 1527 1606 H9
1548 1559 1604 1605 et
1630 1549 1719 1602 2'2.
1752 1548 1865 1626 _l_)e-

278 1638 431 1680 tuum
465 1627 588 1679 libr.
615 1618 672 1679 ἰι
702 1625 962 1681 adversus
996 1623 1302 1678 Nestorium
1331 1624 1601 1677 dicentem
1631 1637 1644 1672 :
1700 1637 1720 1669 ι
1747 1618 1862 1673 Non

276 1707 365 1752 est
401 1711 499 1763 per
527 1711 585 1751 se
628 1695 787 1759 Deus,
827 1696 970 1763 quod
1000 1703 1083 1748 est
1118 1694 1171 1747 in
1209 1704 1366 1748 utero
1409 1691 1733 1754 formatum;
1765 1728 1778 1741 .
1804 1728 1859 1763 ,τ

932 311 1303 370 ΕΝΗΠΕΒΕΒ
1340 309 1654 368 DISSERT.
1695 309 1784 366 DE
1822 306 2101 364 BEBESI
2134 306 2452 364 ELIPANDI
2490 307 2576 362 ET
2611 306 2891 364 FELICIS.

1302 425 1420 480 llari
1444 423 1867 488 Deum,omnino
1897 428 1943 488 Α
1973 422 2121 478 illum
2159 424 2404 480 venerari
2441 424 2744 490 confiteris,
2791 439 2916 479 cum
2957 431 3136 480 tamen
3166 422 3448 490 formides,
3494 435 3558 481 ut

3448 304 3558 367 ωϐ

1971 493 2178 556 dixisti,
2217 509 2283 548 ne
2321 495 2645 551 hominicola
2687 510 2807 551 esse
2848 495 3122 550 videaris?
3157 493 3264 550 Sed
3295 494 3461 551 habet
3486 495 3558 551 ad

1972 564 2073 636 hoc
2107 565 2363 634 aliquam,
2400 576 2460 619 ut
2495 566 2608 635 ipse
2637 574 2807 636 putat,
2846 574 3059 620 acutam
3106 566 3551 635 responsionem:

1970 634 2118 706 Nam
2136 643 2399 704 tanquam
2438 634 2757 704 coniunctus
2791 636 3086 690 assumenti
3128 634 3288 706 simul
3323 636 3559 706 appella-

1971 713 2057 760 tur
2094 704 2277 761 Deus:
2325 710 2593 777 quomodo
2631 714 2941 776 assumptus
2990 715 3097 768 est,
3142 704 3416 777 eloquere,
3462 715 3559 763 aut

2010 792 2201 830 uenam
2231 776 2551 846 coniunctus
2579 786 2662 832 est
2692 778 2889 831 modo?
2916 776 3048 831 Nam
3076 776 3341 847 siquidem
3368 793 3557 833 secun-

2007 862 2096 919 um
2141 862 2325 919 veram
2374 846 2625 919 unionem
2653 889 2665 909 ,
2706 848 2858 919 illam
2907 846 3199 902 secundum
3241 849 3558 919 hypostasin

1969 916 2091 999 dico
2117 933 2130 982 ;
2162 917 2352 1001 desine.
2379 917 2597 1001 tandem
2626 918 2831 1001 unitum
2859 919 3135 1001 dividere:
3173 928 3227 974 et
3256 916 3558 1001 opportune

1968 989 2131 1042 etiam
2183 1004 2215 1042 a
2267 988 2424 1042 nobis
2470 986 2680 1042 dicetur
2732 989 2827 1041 tibi
2871 989 3201 1044 individuum
3256 986 3552 1045 dividenti:

1971 1056 2124 1129 Quod
2152 1074 2278 1129 ergo
2318 1056 2461 1112 Deus
2495 1058 2800 1129 conjunxit,
2834 1059 2988 1113 homo
3016 1077 3078 1113 ne
3106 1060 3307 1116 dividat
3334 1060 3553 1129 (Matth.

1968 1128 2105 1199 XIX).
2144 1127 2238 1182 Sin
2269 1128 2712 1197 assumptionem,
2744 1144 2835 1182 seu
2864 1130 3296 1198 coniunctionem
3325 1127 3449 1187 esse
3476 1131 3557 1185 di-

1966 1199 2048 1253 cis
2071 1206 2354 1253 externam
2402 1213 2466 1252 ac
2517 1199 2831 1261 relativum,
2877 1200 3146 1267 quomodo
3181 1216 3286 1255 non
3318 1201 3558 1257 advortis

1969 1268 2023 1343 in
2047 1270 2203 1343 nobis
2243 1269 2564 1343 etianresse
2601 1268 2811 1343 Deum;
2848 1278 2905 1323 ct
2942 1284 3039 1323 nos
3073 1272 3146 1343 illi
3183 1272 3433 1343 conjungi
3465 1286 3557 1327 rc-

1966 1337 2157 1403 lative,
2203 1348 2259 1393 et
2296 1339 2587 1409 participes
2613 1355 2712 1395 nos
2738 1339 2910 1395 factos
2944 1354 3065 1395 esse
3094 1337 3434 1409 divinaiejus
3463 1357 3557 1396 na-

1967 1418 2101 1480 tura:
2121 1411 2143 1463 ?
2167 1449 2180 1461 .
2210 1448 2225 1462 .
2252 1449 2265 1462 .
2308 1410 2450 1480 Ergo
2477 1425 2576 1464 nos
2611 1425 2826 1480 quoque
2852 1425 2918 1464 ex
2947 1412 3214 1465 sententia
3236 1412 3395 1466 simul
3428 1427 3553 1467 cum

1967 1479 2056 1534 illo
2084 1497 2148 1535 ex
2179 1488 2368 1533 natura
2396 1479 2507 1533 Deo
2537 1481 2609 1535 dii
2632 1479 2863 1542 erimus,
2907 1490 3068 1547 atque
3094 1481 3431 1547 vocabimur,
3459 1497 3557 1537 no-

1964 1549 2423 1675 lgissqttesgectztur
2442 1566 2602 1605 omne
2628 1566 2789 1621 genu,
2818 1563 2922 1606 etc.
2947 1572 2963 1603 ι
2988 1552 3142 1606 Tum.
3171 1552 3235 1607 Vl
3273 1551 3434 1623 Oper.
3460 1550 3552 1607 fol.

1965 1631 2033 1675 58
2059 1631 2111 1674 et
2140 1631 2229 1675 59.

2036 1691 2165 1745 Vlll.
2200 1690 2335 1745 Cum
2363 1707 2492 1747 vero
2520 1691 2588 1747 ad
2607 1692 3374 1748 confirmandam‘sententiam
3403 1709 3559 1750 suam

278 1772 375 1822 θαι
402 1759 529 1836 quia
560 1775 644 1820 est
672 1767 726 1819 in
765 1759 1041 1834 assumpto
1075 1765 1234 1827 Deus,
1283 1779 1349 1837 ex
1392 1771 1721 1837 assumente,
1770 1759 1860 1837 qui
1898 1778 1940 1837 Β
1971 1762 2323 1837 abuterentur
2360 1763 2663 1837 Nestoriani
2705 1764 2940 1818 testibus
2969 1763 3298 1837 Scriptor-.13,
3357 1765 3557 1837 quibus

275 1849 355 1892 est
390 1831 720 1905 assumptus,
764 1831 1017 1905 tanquam
1060 1835 1361 1905 assumenti
1390 1832 1739 1905 coiijnncms,
1788 1831 1864 1883 si-

276 1906 391 1976 mul
417 1904 717 1976 appellatur
743 1904 919 1961 Deus:
959 1927 976 1958 ι
1020 1905 1309 1974 respondet
1335 1904 1565 1976 Cyriitus
1616 1909 1865 1976 naturam

276 1971 571 2033 humanam
596 1978 806 2051 utique
845 1992 943 2051 per
980 1971 1401 2044 assuinptioneni
1442 1974 1621 2051 Verbo
1666 1971 1865 2051 factam

274 2062 399 2102 esse
427 2044 729 2117 propriam,
755 2044 990 2116 illudque
1030 2055 1135 2099 tam
1167 2061 1357 2115 parum
1386 2054 1505 2113 post
1541 2044 1867 2097 incarnatio-

275 2132 402 2173 nem
449 2120 519 2171 ab
549 2132 611 2172 ea
650 2117 941 2186 separatim
984 2117 1209 2187 cogitari
1240 2131 1416 2187 posse,
1458 2128 1618 2184 quam
1649 2126 1861 2187 parum,

272 2190 320 2243 si
355 2188 629 2243 hominem
663 2183 1255 2257 appellaverisfanima
1284 2184 1422 2257 ejus
1447 2183 1727 2257 afcorpore
1755 2183 1864 2257 dis-

269 2257 459 2328 iuncta
493 2253 826 2313 considerari
855 2269 1033 2327 queat,
1081 2265 1140 2309 ut
1184 2257 1337 2325 proin
1366 2254 1613 2309 Christus
1634 2293 1647 2315 ,
1698 2253 1863 2328 etiam

315 2338 545 2383 uatcnns
569 2330 729 2382 homo
752 2337 852 2389 est,
872 2324 1031 2382 'Deus
1059 2324 1220 2381 verus
1247 2335 1301 2380 et
1338 2341 1441 2379 non
1469 2324 1864 2393 nuncupativus

315 2345 545 2383 natenus
569 2345 729 2382 homo
752 2345 852 2389 ρει,
892 2345 1031 2382 υευς
1059 2345 1220 2381 verus
1247 2345 1301 2380 ει
1338 2345 1441 2379 11011
1469 2345 1861 2393 nuncupuuvus

269 2345 382 2454 gici
412 2399 626 2454 debeat.
658 2396 789 2452 Dein
817 2399 909 2455 ait.
953 2412 1193 2453 asserere
1222 2397 1494 2451 hominem
1528 2402 1861 2460 assumptum

271 2469 465 2537 eadem
520 2484 642 2522 cum
696 2468 922 2537 reliquis
976 2468 1284 2522 hominibus
1338 2467 1548 2537 ratione
1604 2463 1863 2537 appellari

271 2536 467 2601 Deum,
518 2539 657 2594 idem
687 2535 906 2594 esse‘ac
939 2553 1184 2593 asserere
1221 2538 1354 2592 duas
1390 2538 1443 2590 in
1488 2535 1705 2590 Christo
1741 2549 1863 2590 esse

270 2623 556 2679 personas,
599 2610 734 2663 duos
763 2609 938 2672 Deos;
990 2611 1118 2679 quin
1166 2617 1220 2662 et
1266 2608 1441 2677 sequi,
1492 2622 1592 2661 nos
1620 2603 1860 2673 ejusdem

268 2680 498 2733 omnino
524 2695 647 2733 cum
680 2680 770 2733 illo
793 2680 1009 2734 homine
1034 2679 1307 2747 dignitatis
1330 2694 1468 2741 esse,
1500 2690 1660 2747 quem
1683 2685 1861 2747 tamen

269 2748 513 2803 Verbum
545 2751 704 2802 modo
741 2764 966 2819 prorsus
1011 2745 1265 2803 ineffabili
1303 2749 1404 2803 sibi
1439 2746 1632 2802 univit.
1686 2745 1863 2799 Verba

265 2819 459 2890 Cyrilli
491 2828 600 2872 tam
624 2820 883 2889 profunda
909 2830 1053 2883 sunt,
1088 2828 1145 2873 ut
1171 2820 1448 2872 materiam
1478 2819 1617 2890 hanc
1637 2831 1862 2890 omnem

265 2887 594 2944 eihausisse
625 2887 939 2945 'videantur.
997 2909 1014 2940 ι
1051 2890 1184 2955 Quis
1215 2891 1361 2943 enim
1408 2890 1505 2958 (ita
1546 2887 1863 2958 illc)ipror-

266 2976 365 3015 sus
410 2962 514 3015 hoc
559 2958 738 3014 dicere
776 2971 859 3015 est
902 2964 1097 3015 ausus?
1139 2960 1247 3014 Aut
1288 2957 1720 3029 quis'ignoravit‘
1762 2970 1864 3029 ιιιιτ

266 3046 461 3099 quam,
495 3032 638 3099 quod
682 3038 868 3084 natum
896 3040 1065 3085 estex
1105 3045 1288 3093 came,
1306 3025 1537 3083 carnem
1565 3027 1724 3099 esse?
1755 3025 1859 3099 sed

266 3096 454 3192 tamen
498 3096 615 3192 erat
644 3102 1068 3192 pripjriayerbi,
1110 3111 1164 3155 et
1179 3116 1342 3192 Julius
1368 3115 1490 3153 cum
1538 3097 1633 3179 illa-
1663 3096 1860 3192 intelli-
1891 3130 1935 3192 C

268 3171 438 3241 gitur,
469 3178 527 3223 ut
553 3170 737 3241 procul
762 3171 942 3234 dubio,
976 3171 1425 3240 quemadmodmn
1458 3169 1705 3238 superius
1722 3169 1862 3241 dixi-

264 3237 413 3302 tnus,
466 3237 629 3293 etiam
667 3241 900 3294 hominis
943 3237 1120 3295 anima
1157 3257 1279 3295 eum
1312 3256 1409 3293 suo
1436 3253 1679 3309 corpore.
1721 3237 1863 3308 Ergo

266 3312 311 3365 si
346 3312 617 3381 quispiam
661 3312 726 3365 de
767 3314 921 3365 nobis
946 3325 1159 3381 quoque
1197 3311 1379 3366 dicere
1418 3310 1545 3369 velit
1589 3324 1721 3381 noni
1741 3323 1862 3363 esse

267 3378 549 3445 hominem
588 3381 759 3451 ipsum
800 3378 996 3451 corpus
1041 3378 1137 3451 pZ-r
1177 3397 1234 3435 se
1262 3422 1275 3446 ,
1313 3397 1491 3436 nonne
1528 3378 1863 3451 superfluens

264 3453 322 3505 ln
365 3450 650 3513 sermone,
687 3460 740 3504 et
781 3467 955 3522 nugax
996 3450 1189 3505 merito
1216 3453 1467 3507 dicetur?
1510 3450 1693 3518 Neque
1718 3450 1861 3504 enim

263 3522 574 3600 quisquam
611 3531 902 3600 negaturus
940 3532 1025 3600 est
1068 3537 1240 3600 ipsum
1279 3538 1386 3600 per
1421 3537 1478 3576 se
1520 3535 1718 3600 corpus
1753 3535 1859 3600 non

262 3590 392 3648 esse
431 3592 723 3653 hominem,
751 3593 843 3646 sed
876 3593 1051 3660 potius
1090 3590 1324 3648 hominis
1348 3607 1546 3662 corpus
1575 3590 1699 3646 dici.
1754 3590 1861 3645 Sed

264 3677 431 3716 nemo
464 3672 642 3732 tamen
680 3663 813 3716 duas
839 3663 889 3716 in
930 3673 1111 3732 partes
1145 3664 1388 3717 dividens
1412 3678 1475 3715 ac
1501 3663 1724 3716 seorsim
1760 3675 1858 3728 po-

262 3747 405 3787 nens
443 3731 678 3785 animam
712 3742 765 3786 et
789 3731 1011 3802 carpes,
1054 3733 1254 3787 dixerit
1285 3748 1519 3802 unquam
1550 3745 1746 3799 corpus
1771 3746 1859 3784 eo-

263 3802 393 3857 dem
421 3817 544 3855 cum
575 3802 753 3855 anima
776 3804 1030 3872 appellari
1056 3804 1273 3857 nomine
1302 3804 1370 3857 ad
1397 3818 1561 3856 unqu
1587 3802 1861 3855 hominem

260 3872 723 3943 signiﬁcandum:
792 3888 964 3941 neque
1020 3875 1161 3927 enim
1221 3884 1380 3943 aptus
1435 3872 1541 3926 erit
1579 3872 1858 3943 _ejusmo:i

260 3941 495 4002 sermo.
542 3943 637 3995 sed
704 3944 881 4011 potius
945 3941 1503 4013 imperitiieplenus.
1571 3941 1678 3995 Sed
1736 3956 1858 4013 cum

258 4022 563 4079 nti-umque
597 4015 889 4067 secundum
920 4015 1219 4068 naturalem
1244 4012 1496 4068 unionem
1519 4012 1861 4081 conjunverit

263 4083 334 4137 ad
375 4084 537 4137 unius
572 4083 803 4137 hominis
847 4085 1307 4148 constitutionem,
1351 4093 1465 4138 tum
1501 4084 1716 4137 demum
1759 4082 1858 4135 lio-

262 4155 474 4213 niinem
508 4152 816 4221 appellabit,
865 4168 966 4208 nec
1008 4156 1277 4208 videbitur
1315 4157 1495 4223 inepte
1523 4149 1860 4219 absurdeque

262 4223 472 4295 dicere.
512 4222 760 4292 Oportuit
787 4239 939 4295 ergo,
986 4225 1028 4279 si
1065 4226 1285 4278 omnino
1314 4222 1529 4295 sapiens
1558 4224 1739 4295 homo,
1774 4238 1861 4275 so-

262 4291 489 4362 lersquc
510 4291 651 4363 erat,
679 4291 876 4363 corpus
912 4295 1126 4363 quidem
1153 4295 1280 4349 illud
1309 4291 1628 4351 ex—muliere
1658 4292 1856 4363 dicere,

259 4372 318 4418 et
354 4365 583 4434 insuper
613 4362 789 4426 fateri,
823 4362 950 4419 illud
981 4367 1188 4419 unitate
1216 4366 1511 4419 secundum
1546 4362 1859 4434 hypqsiasin

261 4448 398 4489 cum
438 4433 615 4487 Verbo
643 4434 987 4502 conjunctum
1035 4451 1200 4488 unum
1232 4435 1528 4495 Christum,
1575 4432 1631 4487 et
1664 4432 1856 4486 Filium

259 4512 321 4559 et
355 4502 646 4556 Dominum
680 4505 996 4569 absolvisse,
1026 4506 1276 4560 eumdem
1311 4507 1469 4560 simul
1501 4514 1557 4560 et
1586 4507 1774 4564 Deum,
1806 4511 1859 4557 et

262 4573 568 4645 hominem.
600 4572 753 4645 Nunc
781 4590 906 4629 vero
934 4576 1032 4630 hoc
1075 4579 1296 4640 omisso,
1333 4590 1586 4645 perversa
1618 4573 1861 4645 graditur

260 4644 379 4707 via,
420 4644 486 4697 de
525 4653 669 4697 recta
697 4644 980 4710 decedens,
1020 4662 1083 4700 ac
1124 4648 1256 4701 duos
1302 4644 1458 4701 nobis
1484 4646 1623 4700 Deos
1660 4644 1857 4713 priedi-

262 4722 379 4776 cat,
412 4729 577 4767 unum
605 4716 896 4768 secundum
921 4724 1166 4769 naturam
1195 4732 1259 4771 ac
1284 4718 1589 4778 veritatem,
1624 4715 1753 4769 illud
1783 4714 1860 4767 ni-

262 4785 472 4854 mirum
504 4798 573 4854 ex
618 4783 727 4837 Deo
770 4782 927 4840 Patre
964 4786 1238 4851 Verbum;
1291 4788 1454 4841 alium
1498 4802 1624 4841 vero
1667 4795 1861 4854 praeter

265 4853 440 4917 hunc,
488 4853 579 4923 qui
611 4854 814 4909 scilicet
840 4871 961 4910 cum
993 4871 1059 4909 co
1086 4856 1229 4912 Deus
1255 4857 1570 4927 appelielur.
1615 4853 1684 4927 Ut
1714 4855 1858 4909 enim

265 4939 437 4978 nemo
466 4927 650 5005 POan-
666 4930 878 5005 generis
917 4928 1114 5005 dicitur
1140 4942 1263 4981 cum
1289 4925 1468 5005 seipse
1497 4936 1551 4981 et
1585 4925 1702 4981 solo
1731 4940 1862 4979 con-

262 4994 503 5055 Vers:ri,
543 4994 690 5048 verbi
734 4998 922 5064 gratia.
975 4998 1069 5050 sed
1115 5014 1237 5052 cum
1282 4994 1451 5055 altero
1483 5006 1855 5060 conversatur,

266 5078 334 5117 ac
362 5065 412 5117 si
443 5079 603 5138 quem
650 5079 681 5118 e
711 5067 938 5138 terrenis
983 5067 1197 5136 regibus
1238 5068 1522 5138 quisquam
1552 5068 1777 5136 dixerit,~
1800 5080 1859 5120 se

260 5148 399 5190 Cum
430 5134 610 5205 seipse
639 5150 880 5205 regnare,
909 5135 1033 5204 jure
1048 5134 1127 5191 'sit
1164 5134 1437 5201 ridendus,
1465 5147 1521 5191 et
1546 5134 1856 5205 nugabitur,

263 5205 401 5259 dum
448 5204 591 5272 quod
626 5204 833 5259 de’uno
879 5207 1099 5274 soloque
1126 5208 1341 5272 dicitur,
1390 5209 1469 5262 sic
1504 5204 1655 5277 ponit
1696 5216 1858 5275 atque

259 5278 589 5345 pronuntiat
615 5282 869 5343 tanquam
897 5278 964 5333 dc
990 5278 1197 5332 duobus
1225 5295 1239 5341 ;
1271 5280 1346 5332 ita
1373 5278 1593 5334 stultum
1611 5293 1739 5333 sane
1765 5278 1853 5340 δίε,

260 5355 468 5417 putare
497 5345 599 5400 hoc
625 5346 818 5415 ipsum,
868 5345 1026 5401 simul
1069 5348 1343 5417 appellari,
1390 5350 1455 5402 de
1500 5364 1607 5402 uno
1637 5347 1858 5416 soloque

261 5415 379 5469 dici
410 5428 600 5483 posse:
640 5420 746 5469 duo
776 5431 1005 5485 namque
1042 5415 1262 5483 prorsus
1288 5426 1467 5481 erunt,
1513 5430 1567 5473 et
1595 5419 1731 5472 alter
1769 5415 1856 5471 se-

262 5487 509 5558 cundum
542 5496 790 5558 naturam
822 5486 981 5551 Deus,
1014 5488 1151 5541 alter
1181 5504 1310 5543 vero
1337 5488 1521 5558 procul
1549 5489 1710 5558 dubio
1733 5501 1856 5541 cuin

262 5555 321 5609 id
365 5554 540 5608 solum
571 5556 797 5618 habeat,
839 5565 899 5611 ut
942 5557 1147 5613 scilicet
1174 5574 1298 5612 cum
1336 5554 1401 5613 eo
1428 5569 1651 5613 vocezur
1694 5557 1854 5620 Deus,

263 5624 798 5698 idqueextriuseeus
842 5636 896 5681 et
938 5629 1259 5698 acquisitum
1311 5642 1498 5683 recens
1533 5628 1689 5682 nobis
1718 5626 1859 5681 Deus

260 5694 503 5750 exstitit.
532 5735 547 5750 .
576 5733 632 5749 ..
686 5696 799 5752 Hoc
854 5698 899 5750 si
948 5694 1034 5753 ita'
1070 5708 1190 5764 est,
1255 5699 1525 5766 quomodo
1571 5698 1859 5752 adoramus

262 5765 573 5831 Christum,
596 5774 651 5819 et
676 5765 748 5822 illi
763 5766 1008 5823 ﬂectetur
1025 5784 1184 5825 omne
1202 5765 1374 5840 genu?
1395 5768 1673 5837 Quomodo
1693 5767 1855 5824 etiam

1889 4480 1936 4541 D

1972 1832 2231 1904 honiiues
2251 1833 2518 1904 interdum
2552 1832 2626 1886 dii
2665 1842 2948 1904 vocantur,
2988 1843 3151 1902 piout
3177 1832 3390 1904 Moyses
3425 1835 3559 1890 deus

1970 1900 2266 1976 Pharaonis
2292 1903 2590 1976 appellatus
2616 1913 2718 1976 est,
2748 1900 3077 1976 eademlere
3105 1900 3314 1976 ratione
3340 1920 3561 1976 respon-

1968 1972 2060 2028 det
2088 1972 2375 2043 Cyrillus,
2406 1975 2592 2043 aitque
2632 1973 2754 2029 libr.
2805 1990 2844 2029 ιι
2893 1974 3156 2029 adversus
3206 1972 3555 2033 Nestorium:

1974 2061 1992 2092 ι
2032 2043 2168 2110 Quid
2206 2044 2384 2099 dicis?
2430 2043 2652 2110 Qualem
2694 2059 3001 2099 sermonem
3032 2053 3252 2099 eructas
3288 2046 3357 2102 de
3393 2046 3561 2103 corde

1971 2121 2086 2177 tuo,
2116 2129 2223 2167 non
2254 2116 2323 2169 ab
2355 2130 2451 2169 ore
2478 2115 2716 2178 Domini,
2755 2125 2816 2168 ut
2844 2116 3103 2183 scriptum
3133 2116 3261 2171 est?
3290 2114 3460 2172 Nemo
3485 2117 3562 2171 di-

1969 2185 2046 2239 cit
2068 2185 2356 2258 anathema
2388 2185 2594 2258 Jesum,
2625 2184 2737 2258 nisi
2759 2185 2813 2239 in
2844 2185 3166 2258 Beelzebub.
3220 2184 3289 2258 Ut
3313 2185 3562 2258 intelligi-
3620 2218 3629 2223 τ

1973 2262 2079 2319 tur,
2122 2256 2272 2326 verbi
2298 2257 2490 2326 gratia,
2512 2264 2609 2309 aut
2634 2256 2835 2326 dicitur
2860 2272 2890 2309 a
2922 2255 3078 2310 nobis
3106 2255 3250 2311 Deus
3273 2257 3388 2326 ipse
3418 2255 3562 2326 Moy-

1969 2316 2102 2388 ses,
2145 2324 2225 2378 sic
2252 2316 2414 2379 etiam
2444 2324 2733 2380 Christus?
2775 2325 2957 2386 Itane.
2996 2326 3081 2379 dic
3119 2326 3250 2380 mihi
3278 2316 3347 2382 ad
3375 2316 3562 2382 simili-

1970 2396 2209 2449 tu:.inem
2238 2395 2449 2451 lsraelis
2486 2405 2574 2451 est
2598 2398 2760 2451 etiam
2789 2397 2971 2468 liiius?
3007 2394 3348 2468 Osummam
3377 2398 3565 2468 impie-

1970 2473 2167 2537 tatem,
2209 2482 2243 2521 ο
2277 2468 2464 2531 verba,
2516 2482 2637 2537 quae
2682 2483 2783 2522 nec
2834 2467 3004 2537 ipsius
3048 2466 3344 2522 Salvatoris
3387 2466 3562 2525 nostri

1969 2535 2194 2659 Flor-iam
2224 2535 2901 2607 deprimereverentur!..
2936 2536 3068 2591 Nam
3112 2538 3306 2593 beatus
3348 2537 3562 2611 Moyses

1988 2621 2131 2659 iomo
2159 2616 2297 2659 erat.
2345 2622 2408 2659 ex
2442 2619 2635 2659 natura
2678 2607 2871 2659 similis
2900 2608 3081 2659 nobis.
3112 2608 3248 2659 nihil
3273 2618 3556 2659 nmeterea-

1988 2621 2131 2679 iomo
2159 2616 2408 2679 erat,dex
2442 2619 2635 2679 natura
2678 2607 2871 2679 similis
2900 2608 3081 2671 nobis,
3112 2608 3248 2662 nihil
3273 2607 3556 2679 praeterea.

1969 2676 2103 2742 Quia
2132 2693 2263 2732 vero
2289 2677 2506 2732 dicente
2540 2677 2652 2733 Deo
2680 2696 2692 2731 :
2735 2676 2884 2741 Veni,
2913 2680 3114 2731 mittam
3147 2688 3197 2732 te
3224 2676 3293 2732 ad
3324 2677 3563 2736 Pharao-

1968 2763 2082 2800 nem
2129 2764 2295 2815 regem
2342 2747 2581 2817 Afgypti,
2627 2758 2674 2801 et
2714 2748 2902 2801 educes
2945 2747 3082 2816 ﬁlios
3122 2747 3291 2802 Israel
3324 2754 3390 2803 de
3418 2760 3562 2804 terra

1965 2817 2185 2887 ﬂigypti
2211 2817 2406 2890 (Exod.
2441 2820 2560 2890 vn).
2593 2817 2698 2873 Pro
2722 2818 3010 2872 recusandi
3037 2820 3329 2890 occasione
3357 2821 3564 2890 exigui.

1965 2896 2132 2943 tatem
2162 2888 2309 2942 vocis
2346 2889 2615 2952 obtrudit,
2658 2896 2911 2942 causatus
2931 2928 2946 2951 ,
2973 2889 3117 2957 quod
3149 2889 3372 2942 minime
3414 2888 3565 2946 esset

1965 2958 2223 3027 eloquens
2243 2959 2311 3011 ab
2333 2958 2451 3012 heri
2480 2966 2536 3013 et
2561 2958 2757 3013 nudius
2791 2960 3003 3021 tertius,
3035 2958 3156 3013 ideo
3184 2958 3351 3012 Deum
3379 2959 3564 3015 dicen-

1964 3037 2074 3084 tetn
2098 3028 2340 3083 audivit:
2376 3028 2509 3082 Ecce
2533 3029 2725 3082 dedite
2758 3028 2921 3083 Deum
2948 3027 3263 3093 Pharaonis,
3304 3040 3352 3083 et
3382 3029 3562 3083 Aaron

1965 3099 2134 3171 frater
2157 3108 2278 3171 tuus
2308 3100 2407 3152 erit
2446 3098 2538 3171 tibi
2567 3100 2818 3170 interpres
2838 3098 3056 3171 illeid.)
3083 3098 3298 3171 inlirma
3327 3115 3564 3171 namque

1965 3178 2051 3224 est
2070 3169 2156 3225 lex
2180 3170 2247 3224 ad
2273 3170 2581 3239 quempiam
2613 3186 2643 3224 a
2674 3170 2870 3223 diaboli
2904 3169 3167 3224 servitute
3195 3170 3554 3225 liberandum.

1966 3239 2073 3294 Sed
2118 3239 2171 3293 id
2220 3255 2434 3309 quoque
2489 3241 2785 3295 mediatore
2833 3240 3054 3295 Christo
3099 3240 3397 3309 perfectum
3451 3250 3559 3307 est.

1964 3309 2417 3381 quemadnodum
2456 3310 2667 3367 scilicet
2698 3327 2762 3364 eo
2791 3320 3034 3379 tempore
3059 3310 3113 3364 in
3147 3310 3400 3381 IEgypto,
3433 3326 3558 3365 cum

1964 3381 2125 3435 beato
2152 3379 2320 3450 Moysi
2359 3381 2472 3450 ipse
2500 3381 2680 3436 Aaron
2714 3382 2905 3436 fuisset
2935 3379 3450 3450 adjunctus‘,‘lsrael
3476 3391 3563 3438 est

1964 3466 1995 3521 a
2022 3451 2282 3505 servitute
2314 3452 2592 3509 liberatus.
2644 3451 2751 3506 Sed
2791 3452 2916 3521 quia
2955 3468 3211 3506 successu
3253 3460 3558 3521 temporum

1964 3520 2204 3575 futurum
2231 3530 2372 3583 erat,
2416 3529 2476 3575 ut
2501 3522 2749 3577 Christus
2776 3520 2942 3576 etiam
2982 3523 3084 3576 sub
3116 3522 3232 3592 lege
3261 3520 3413 3578 ﬁeret
3434 3564 3448 3587 ,
3479 3531 3563 3578 ut‘

1963 3600 2098 3662 pote
2127 3593 2300 3653 nostri
2332 3592 2549 3655 similis,
2593 3601 2649 3648 et
2676 3594 2869 3657 homo,
2914 3592 3034 3646 ideo
3074 3601 3194 3662 post
3222 3592 3442 3661 Moysen
3479 3608 3562 3650 se-

1962 3661 2141 3715 cundo
2169 3662 2287 3716 loco
2315 3663 2519 3731 positus
2544 3671 2629 3716 est
2648 3662 2848 3718 Aaron.
2882 3662 3057 3731 Atque
3083 3661 3197 3716 lucc
3225 3673 3310 3718 est
3335 3663 3559 3733 quidem

1962 3732 2102 3805 ratio
2142 3733 2403 3805 mysterii.
2439 3732 2546 3805 Sed
2576 3741 2755 3786 tamen
2797 3732 2843 3786 si
2877 3734 3000 3805 quis
3032 3733 3159 3805 velit
3189 3734 3318 3805 illud
3341 3732 3561 3805 quoque

1963 3801 2166 3876 dicere,
2200 3803 2418 3876 ilcysen
2463 3802 2610 3855 illum
2638 3801 3096 3876 magnum’virun‘i
3127 3802 3230 3857 hac
3256 3801 3560 3876 Dei‘appel-

1962 3868 2166 3926 latione
2196 3868 2364 3926 fuisse
2393 3868 2753 3935 honoratum;
2780 3874 2933 3942 juxta
2969 3888 3260 3927 commune
3302 3868 3469 3937 illud;
3504 3883 3560 3931 et

1963 3957 2031 4012 ex
2060 3944 2231 4012 gratia
2283 3951 2445 4012 atque
2481 3944 2880 4012 magniﬁcentia
2913 3944 3006 3996 Dei
3062 3944 3116 3996 in
3162 3958 3261 3998 nos
3299 3943 3507 3998 dictum
3540 3965 3554 3998 :

1963 4011 2077 4081 Ego
2102 4012 2232 4073 dixi,
2267 4011 2356 4066 Dii
2394 4014 2516 4065 estis
2545 4011 2591 4065 et
2619 4013 2717 4080 [iiii
2748 4012 2957 4066 Emeisi
2986 4029 3203 4075 omnes;
3233 4029 3361 4067 num
3388 4014 3557 4069 etiam

1961 4082 2065 4137 hoc
2094 4084 2250 4138 modo
2281 4083 2524 4137 Christus
2555 4092 2639 4137 est
2661 4083 2801 4137 Deus
2826 4084 2847 4136 ?
2879 4081 2997 4136 Jam
3026 4099 3178 4147 vero,
3208 4085 3479 4153 quomodo
3500 4084 3554 4141 id

1962 4168 2070 4207 non
2099 4154 2170 4207 sit
2209 4153 2441 4217 insania,
2486 4163 2542 4207 et
2581 4153 2742 4208 inane
2785 4154 2960 4207 stulta:
3001 4155 3199 4208 mentis
3243 4169 3559 4210 excremen-

1961 4230 2080 4297 tum
2096 4224 2118 4276 ?
2163 4223 2254 4279 Ille
2280 4223 2446 4294 985
2470 4222 2849 4297 enim,tutjam
2880 4223 3013 4297 dixi,
3058 4224 3201 4280 nuda
3235 4234 3290 4279 et
3321 4223 3557 4297 simplici

1958 4301 2045 4348 est
2069 4294 2384 4349 honestatus
2407 4294 2791 4364 appellatione,
2812 4310 2945 4364 cum
2984 4294 3145 4349 homo
3168 4310 3233 4349 ex
3263 4294 3453 4364 natura
3476 4310 3559 4352 es-

1959 4372 2086 4436 set;
2120 4366 2215 4418 sed
2242 4366 2333 4436 hic
2354 4363 2593 4418 est’vere
2625 4363 2782 4436 Deus
2800 4363 2945 4425 (nam
2971 4366 3113 4419 Deus
3142 4373 3261 4420 erat
3288 4363 3552 4436 Verbum)

1962 4433 2018 4488 in
2047 4435 2280 4505 humana
2313 4434 2482 4488 forma
2511 4435 2879 4504 praestantiam
2908 4450 3018 4490 suze
3037 4443 3263 4498 natura,
3296 4450 3401 4505 qua
3424 4433 3555 4490 cun-

1964 4505 2069 4558 etis
2092 4504 2327 4568 excellit,
2368 4504 2632 4575 integram
2665 4520 2888 4560 servans
2916 4524 2927 4559 :
2971 4520 3147 4574 neque
3187 4506 3333 4559 cnim
3361 4513 3555 4560 natura

1962 4574 2143 4629 divina
2175 4590 2241 4629 ex
2272 4589 2358 4637 eo,
2389 4574 2530 4644 quod
2558 4576 2842 4644 descendit
2866 4577 2935 4631 ad
2960 4576 3395 4633 communionem
3435 4590 3555 4630 car-

1960 4645 2048 4715 nis
2077 4654 2131 4699 et
2159 4647 2460 4715 sanguinis,
2503 4646 2556 4699 in
2596 4643 2746 4715 pejus
2785 4661 3021 4715 unquam
3064 4645 3298 4715 perverti
3325 4653 3508 4715 potest
3535 4664 3550 4700 :

1961 4714 2144 4783 itaque
2193 4714 2356 4770 etiam
2396 4730 2518 4772 cum
2563 4714 2726 4770 homo
2764 4714 3030 4786 apparuit,
3066 4714 3133 4769 ut
3175 4714 3339 4770 Deus,
3368 4724 3552 4771 tamen

1959 4786 2273 4857 agnoscitur
2288 4827 2319 4857 ,ᾗ
2335 4786 2558 4855 ejusque
2587 4787 2665 4841 rei
2689 4787 2976 4857 perspicua
3003 4794 3131 4857 sunt
3153 4795 3467 4857 argumenta
3493 4786 3552 4841 in

1960 4854 2264 4927 Evangeliis
2292 4855 2359 4911 de
2387 4871 2451 4910 eo
2473 4854 2701 4926 Scripta.
2722 4854 2869 4927 Dixit
2893 4855 3039 4927 euml
3069 4854 3259 4910 beatus
3277 4854 3549 4927 Joannes:

1959 4922 2092 4978 Cum
2116 4922 2240 4980 raro
2270 4937 2399 4980 esset
2428 4922 2769 4995 Jerosoz’ymis
2800 4926 2855 4979 in
2895 4926 2980 4979 die
3007 4925 3158 4994 festo,
3189 4925 3339 4982 multi
3380 4926 3554 4981 credi-

1958 4995 2147 5049 derunt
2191 4995 2641 5065 iunomiue_ejus,
2697 4996 2923 5050 videntes
2954 4996 3070 5063 ejus
3105 4997 3272 5065 signa,
3314 5012 3433 5065 quae
3474 4997 3555 5065 fa-

1959 5065 2122 5136 ciebat
2147 5079 2170 5136 :A
2192 5067 2299 5136 ipse
2320 5082 2438 5118 vero
2466 5062 2622 5119 Iesus
2643 5062 3006 5120 non'credebat
3027 5062 3253 5136 seipsum
3275 5062 3402 5129 illis,
3422 5062 3551 5136 quia

1959 5135 2072 5206 ipse
2094 5134 2287 5188 sciebat
2313 5136 2524 5206 omnia,
2573 5145 2619 5188 et
2647 5136 2770 5206 quia
2798 5152 2902 5190 non
2931 5152 3060 5206 opus
3084 5134 3323 5201 habebat,
3352 5147 3406 5188 ut
3431 5134 3550 5206 quis

1958 5205 2310 5277 testimonium
2334 5204 2630 5277 perhiberet
2649 5204 2712 5257 de
2737 5204 2984 5277 homine;
3034 5206 3142 5277 ipse
3174 5208 3311 5277 enim
3354 5204 3550 5259 sciebat

1957 5273 2088 5346 quid
2109 5284 2240 5346 esset
2270 5275 2321 5346 in
2348 5274 2759 5346 ItominctJoau.
2794 5276 2875 5346 ιι).
2905 5273 3065 5346 Atqui
3091 5276 3361 5346 inspicere
3388 5289 3548 5346 posse

1959 5342 2054 5399 cor
2077 5344 2312 5398 hominis
2342 5352 2395 5397 et
2420 5344 2629 5399 occulta
2663 5342 2843 5405 scire,
2861 5361 2967 5400 non
2990 5342 3081 5400 ulli
3105 5342 3332 5408 homini,
3357 5342 3449 5414 qui
3476 5342 3551 5397 sit

1960 5416 2130 5468 nostri
2162 5415 2377 5477 similis,
2419 5416 2691 5477 convenit,
2735 5430 2910 5485 neque
2944 5431 3072 5469 vero
3100 5414 3193 5485 ulli
3218 5414 3373 5470 alteri
3400 5428 3551 5485 crea-

1960 5492 2115 5556 turzc,
2153 5485 2247 5556 sed
2276 5486 2351 5539 illi
2378 5486 2500 5549 soli,
2543 5488 2634 5556 qui
2655 5483 2836 5556 etiam
2856 5486 3060 5556 lingere
3087 5484 3286 5539 dicitur
3314 5483 3551 5554 singilla-

1959 5555 2055 5609 tim
2084 5555 2256 5626 -corda
2298 5564 2482 5610 nostra
2508 5555 2679 5626 (Psal.
2712 5557 2904 5624 XXXII).
2940 5555 3051 5626 lloc
3090 5556 3136 5626 si
3172 5555 3259 5626 ita
3275 5564 3382 5617 est,
3412 5568 3549 5624 quo-

1958 5625 2272 5697 namimodo
2313 5625 2425 5682 so‘la
2466 5624 2531 5682 ac
2573 5627 2805 5697 simplici
2830 5624 3548 5697 appellationehonqratus

1958 5704 2043 5752 est
2065 5695 2409 5757 Emmanuel.
2424 5704 2488 5767 ut
2505 5694 2731 5767 perinde
2749 5711 2813 5750 ac
2829 5694 3040 5767 Moyses
3059 5694 3358 5767 appelletur
3374 5694 3543 5767 I_)eus,

1959 5774 2016 5822 et
2040 5782 2148 5823 non
2178 5766 2363 5839 potius
2381 5766 2435 5825 id
2467 5764 2592 5823 vere
2620 5766 2710 5833 sit,
2742 5764 2884 5836 quod
2910 5777 3032 5819 esse
3050 5765 3291 5821 dicitur?
3325 5785 3345 5821 ι
3384 5764 3538 5822 Τοω.
