4038 6336
281 300 386 372 tos
467 331 470 334 ί

921 312 1293 370 ENHUEBER
1329 313 1636 371 DISSERT.
1676 316 1764 371 DE
1803 315 2080 375 HERESI
2118 319 2434 378 ELIPANDl
2473 303 2883 381 ET'FELICIS.

3441 328 3546 387 410

277 429 461 507 κῐηε).
493 428 646 507 Quod
675 427 711 483 ii
740 435 946 507 autem,
979 427 1071 507 qui
1100 441 1157 482 sc
1185 426 1256 481 illi
1284 427 1603 500 adiungunt,
1637 443 1743 507 non
1779 426 1858 480 al-
1885 429 1932 488 Δ
1961 411 2231 507 noundllis
2271 433 2533 507 scrip_tu_m
2579 443 2667 507 est
2691 453 2726 507 ;_
2749 432 2855 489 Eos
2895 443 3068 489 autem
3087 477 3100 500 ,
3129 437 3220 507 qui
3253 437 3546 497 inhabitant

278 503 378 558 teri
419 497 656 569 cuipiam
695 497 1130 569 reconcilientur,
1173 513 1334 566 quam
1351 497 1491 569 'vero
1518 497 1856 568 naturalique

277 573 404 635 Deo,
454 567 584 626 illud
627 569 770 623 idem
807 567 921 637 ipse
956 569 1040 622 bis
1081 569 1261 622 verbis
1302 568 1646 638 perspicuum
1684 567 1852 622 facil:

278 642 412 710 Qui,
456 640 662 710 inquit,
690 638 862 710 credit;
877 639 931 691 in
969 653 1072 702 me,
1105 655 1214 710 non
1246 638 1408 710 credit
1441 641 1494 692 in
1527 656 1631 707 me,
1671 639 1760 694 sed
1802 641 1858 692 in

274 707 392 769 eum
419 712 511 782 qui
533 707 675 782 inisit
700 725 780 782 me
808 708 988 782 (Joan.
1016 725 1112 770 xu,
1137 708 1247 782 44).
1282 707 1350 782 ΕΙ
1377 711 1466 780 qui
1499 710 1632 763 videt
1661 727 1760 782 nte,
1779 710 1859 782 Aui-

274 785 358 838 det
385 777 505 836 eum
529 781 619 853 qui
646 780 784 853 misit
809 777 890 832 me
913 777 1093 853 (dona.
1282 777 1584 853 Eturursum
1611 799 1624 833 :
1652 779 1860 853 (Irediie

273 853 330 908 in
361 849 554 916 Deum,
585 861 632 905 et
663 851 721 904 in
743 866 822 903 me
845 849 1056 910 credite.
1082 871 1099 902 ι
1131 849 1286 904 Tom.
1313 850 1378 904 IV
1406 852 1570 906 Cone.
1600 851 1702 906 col.
1729 850 1853 906 866.

276 924 540 979 Eumde
565 936 714 990 ergo,
737 933 1075 992 quem_sacra
1097 920 1262 992 Virgo
1285 921 1488 992 genuit,
1513 922 1652 977 hanc
1675 920 1858 992 mundi

274 988 772 1049 reconciliationem
800 988 1090 1061 perfecisse
1111 1005 1176 1044 ex
1198 988 1351 1046 recta
1380 991 1483 1045 fide
1506 992 1731 1046 docebat
1756 990 1862 1061 Cy-

276 1065 454 1127 rillus,
496 1063 640 1132 quod
680 1058 858 1119 tamen
892 1058 996 1132 dici
1041 1061 1185 1116 haud
1229 1069 1438 1130 posset,
1471 1061 1515 1115 si
1564 1058 1859 1117 secundum

274 1131 725 1189 Nestoriaoorum
756 1131 1146 1200 expositionem
1177 1132 1409 1186 Verbum
1450 1132 1502 1185 in
1531 1132 1747 1186 homine
1777 1147 1862 1185 as-

275 1213 497 1274 sumpto
514 1201 888 1274 tantummodo
907 1201 1222 1266 habitasset,
1241 1217 1306 1274 ac
1316 1216 1442 1274 rere
1455 1211 1510 1257 et
1529 1203 1862 1274 bypostatice

275 1274 379 1330 sibi
403 1272 560 1328 illum
588 1287 695 1328 non
725 1272 979 1337 uniisset;
1013 1288 1134 1328 cum
1160 1288 1261 1328 nec
1286 1273 1540 1336 Verbum,
1568 1272 1674 1327 nec
1700 1274 1862 1328 homo

276 1354 622 1414 assumptus,
665 1343 708 1398 si
757 1345 1046 1410 separatim
1088 1351 1430 1414 spectentur,
1479 1343 1862 1414 satisiactionis

313 1411 620 1479 raesta'udre,
646 1414 937 1480 mundique
963 1411 1340 1468 reconciliandi
1365 1428 1592 1483 capaces
1613 1411 1858 1476 fuissent,

313 1431 620 1479 raeStauure,
646 1431 937 1480 mundique
963 1431 1340 1468 recoucmanm
1365 1431 1592 1483 capaces
1613 1431 1858 1476 tunsscut,

273 1431 590 1566 rgentum-et
633 1483 1185 1566 respondetuci'rillos
1213 1484 1280 1538 ad
1308 1483 1865 1566 illos‘ioquendimo-

273 1555 393 1619 dos,
423 1555 621 1626 quibus
667 1554 962 1626 adversarii
1005 1554 1280 1626 hominem
1317 1571 1383 1609 ex
1427 1554 1593 1626 Maria
1623 1556 1860 1626 genitura

272 1624 542 1680 hominem
586 1624 877 1694 Deiferum,
921 1633 1013 1678 aut
1052 1624 1386 1679 Dominicum
1425 1624 1701 1690 dixerant,
1745 1642 1864 1680 rur-

273 1711 507 1766 sumque
535 1697 746 1766 probat,
773 1709 842 1766 ex
875 1695 940 1766 iis
968 1710 1323 1766 personarum
1345 1694 1664 1750 divisionem
1689 1696 1860 1766 sequi,

274 1782 341 1822 ac
364 1765 662 1842 Christum,
687 1766 731 1842 si
759 1765 938 1834 Deifer
954 1765 1184 1842 dicatur,
1205 1779 1417 1842 nierum
1445 1766 1715 1842 hominem
1738 1765 1866 1822 ccn-
1899 1781 1942 1842 Β

273 1839 527 1902 sendum,
575 1836 840 1904 simulque
881 1849 1062 1890 veram
1097 1835 1256 1890 Verbi
1299 1835 1726 1891 incarnationem
1772 1852 1865 1891 ne-

273 1909 510 1979 gandum
539 1921 680 1979 esse.
709 1904 970 1979 Opposuit
995 1906 1123 1960 huic
1149 1906 1322 1961 errori
1351 1908 1862 1979 anathematismum

313 1978 550 2039 uintum,
595 1977 777 2047 ibique
797 1976 1144 2047 condemnat
1173 1991 1266 2030 eos
1295 1976 1386 2044 qui
1417 1977 1599 2032 dicere
1641 1978 1862 2041 audent,

319 2047 553 2102 hristum
583 2045 843 2108 hominem
893 2046 1184 2116 Deiferum,
1230 2061 1294 2100 ac
1333 2061 1441 2100 non
1471 2049 1650 2117 potius
1677 2063 1865 2102 verum

275 2117 449 2176 Deum
479 2132 620 2181 esse,
653 2126 836 2186 utpote
863 2118 1082 2176 unicum
1113 2132 1176 2178 ac
1212 2117 1515 2172 naturalem
1559 2117 1781 2183 Filium;
1813 2117 1868 2172 id

219 2231 224 2234 .
273 2188 422 2260 quod
471 2190 642 2260 magis
685 2187 807 2260 dein
853 2187 1164 2260 explanavit
1207 2187 1258 2241 in
1301 2187 1664 2260 declaratione
1691 2189 1867 2260 hujus

273 2257 717 2328 anathematismi
741 2257 962 2313 dicens:
995 2277 1012 2309 ¢
1039 2258 1330 2328 lmpiorum
1353 2259 1661 2328 dogmatum
1687 2257 1868 2314 inven-

274 2337 445 2392 torcs,
477 2327 779 2394 Nestorius,
811 2336 864 2383 et
894 2329 985 2397 qui
1030 2327 1181 2382 illum
1229 2327 1524 2394 sectantur,
1555 2338 1648 2384 aut
1675 2330 1866 2392 eadem

273 2415 404 2472 cum
433 2399 788 2472 illosapiunt,
819 2399 1448 2472 incarnationisﬁiquidem
1479 2416 1665 2456 vocem
1698 2399 1868 2472 conti:

276 2470 381 2522 teri
417 2485 476 2524 se
501 2468 775 2531 simulant,
803 2477 1042 2530 attamen
1069 2468 1165 2523 Dei
1193 2469 1426 2524 Verbum
1449 2472 1746 2526 secundum
1777 2468 1868 2528 ve-'

275 2540 497 2610 ritatem
534 2539 894 2605 incarnatum,
931 2539 1033 2610 hoc
1070 2547 1184 2603 est,
1213 2541 1500 2606 manendo,
1529 2539 1669 2610 quod
1715 2548 1867 2607 erat,

273 2609 554 2664 hominem
597 2609 772 2682 nostri
802 2609 1031 2682 similem
1061 2610 1264 2682 factum
1289 2625 1410 2682 esse
1458 2609 1674 2682 negant.
1703 2610 1864 2666 Adir-

274 2689 430 2734 iuant
473 2691 652 2735 autem
685 2679 1016 2749 unigenitum
1063 2681 1157 2734 Dei
1201 2679 1437 2734 Verbum
1471 2679 1775 2737 in'homine
1801 2698 1868 2737 ex

273 2759 466 2806 sancta
504 2749 721 2820 Virgine
748 2759 871 2804 nato
896 2750 1120 2820 perinde
1146 2765 1209 2806 ac
1235 2750 1288 2804 in
1314 2765 1422 2804 uno
1451 2752 1628 2820 aliquo
1653 2765 1718 2811 ex
1747 2767 1872 2813 san-

272 2823 381 2876 ctis
413 2822 771 2885 inhabitasse,
803 2822 874 2875 ita
924 2829 984 2874 ut
1017 2820 1128 2890 jam
1163 2836 1269 2875 non
1313 2830 1564 2890 oporteat
1599 2823 1867 2888 confiteri,

272 2893 424 2960 quod
453 2908 592 2946 tinus
615 2893 684 2946 sit
713 2891 960 2946 Christus
984 2901 1038 2945 et
1064 2890 1103 2944 F
1109 2891 1251 2955 ilius,
1280 2899 1332 2946 et
1361 2892 1635 2956 Dominus,
1660 2901 1714 2948 et
1741 2893 1868 2947 ado.

273 2962 507 3028 randus,
534 2964 627 3017 sed
659 2972 912 3031 tanquam
958 2961 1116 3017 homo
1145 2977 1242 3031 per
1267 2977 1326 3015 se
1361 2971 1416 3016 et
1463 2963 1751 3032 separatim
1781 2964 1866 3024 in~

271 3034 552 3092 tellectus,
576 3033 644 3087 ob
665 3033 831 3088 solam
862 3032 1256 3102 copulationem
1289 3033 1341 3086 in
1367 3033 1562 3087 unione
1592 3033 1870 3102 dignitatis

269 3103 581 3158 honoratus
611 3103 768 3158 simul
795 3103 1050 3158 adoretur
1073 3113 1128 3157 et
1156 3102 1611 3173 conglorilieetur.
1649 3102 1865 3158 Habitat

269 3175 498 3244 quidem
545 3175 598 3228 in
635 3175 790 3228 nobis
827 3174 1067 3227 omnium
1101 3175 1240 3230 Deus
1287 3189 1384 3244 per
1430 3173 1691 3244 Spiritum
1736 3190 1863 3229 san-

269 3255 448 3298 ctum.
482 3243 814 3314 Dixitienim
853 3245 967 3314 jam
1010 3245 1208 3299 dudum
1253 3243 1350 3314 per
1379 3243 1542 3299 unum
1586 3261 1616 3300 e
1663 3246 1866 3301 sanctis

269 3314 595 3386 prophetis:
621 3313 882 3386 Quoniam
909 3315 1208 3368 inhabitabo
1232 3313 1286 3368 in
1308 3317 1404 3379 eis,
1430 3327 1476 3370 et
1502 3315 1862 3386 inambulabo;

268 3384 318 3439 et
365 3384 458 3439 m
495 3385 736 3457 ipseiam
771 3384 932 3449 Deus,
965 3395 1202 3457 elerum
1233 3386 1361 3439 mihi
1407 3386 1630 3457 populus
1664 3385 1861 3457 (Leuit.

268 3471 442 3518 xm,
485 3453 579 3519 ἃς
608 3453 667 3525 II
697 3453 817 3508 Cor.
842 3471 926 3514 γι.
957 3454 1065 3525 16).
1100 3453 1303 3510 Scribit
1342 3453 1416 3509 et'
1443 3453 1632 3512 beatus
1663 3453 1862 3514 Paulus

312 3539 536 3598 noque;
574 3524 822 3598 Nescitis
847 3526 969 3598 quiq
999 3524 1245 3598 {emplum
1271 3525 1368 3598 Qei
1388 3528 1608 3598 res-Timet
1637 3526 1864 3598 Spiritus

321 3597 377 3650 ei
403 3595 602 3649 habitat
629 3596 683 3649 in
712 3595 850 3649 vobis
885 3595 969 3665 (II
991 3595 1114 3659 Cor,
1141 3597 1245 3666 In).
1278 3596 1345 3652 Et
1385 3597 1496 3666 ipse
1527 3595 1774 3653 Christus
1800 3600 1865 3654 de

269 3667 485 3722 sanctis
519 3666 630 3738 suis
670 3667 973 3738 prophetis,
994 3666 1106 3738 sive
1121 3667 1202 3738 Ade
1239 3668 1440 3738 sanctis
1484 3669 1576 3738 qui
1617 3677 1864 3724 anteces-

267 3746 496 3798 serant,
525 3737 637 3790 ait;
669 3734 726 3790 Si
773 3735 890 3808 ilios
921 3736 1052 3789 dixit
1096 3735 1242 3808 deos,
1272 3737 1341 3789 ad
1381 3734 1514 3808 quos
1553 3754 1721 3794 sermo
1769 3738 1866 3791 Dei

265 3808 451 3876 [actus
479 3815 583 3871 est,
612 3822 764 3876 quem
795 3805 956 3859 Pater
991 3806 1356 3874 sancti/ienuit,
1384 3805 1433 3860 et
1462 3809 1599 3862 misit
1632 3809 1685 3861 in
1715 3825 1865 3862 mun-

267 3875 426 3948 dum,
467 3893 551 3930 vos
589 3875 766 3948 dicitis
808 3877 933 3948 quin
969 3876 1317 3948 blasphemus,
1355 3879 1481 3948 quia
1507 3879 1619 3932 dixi
1642 3892 1672 3948 :7
1695 3876 1863 3933 Filius

267 3945 376 4000 Dei
405 3963 524 4000 sum
551 3946 732 4016 (Joan.
763 3945 958 4016 x,‘5;‘i).
989 3945 1095 4009 Sed
1137 3962 1241 4000 non
1287 3945 1376 4001 ita'
1400 3948 1540 4002 Deus
1567 3949 1618 4002 in
1647 3947 1865 4005 Christo

269 4016 491 4071 habitat
514 4016 653 4070 sicut
683 4016 734 4080 in
767 4017 938 4071 nobis.
969 4017 1096 4070 Erat
1118 4017 1262 4070 enim
1293 4027 1485 4072 natura
1515 4020 1672 4080 Deus,
1705 4019 1862 4074 nobis

268 4087 474 4141 similis
517 4086 713 4151 factus,
744 4102 990 4154 unusque
1021 4103 1084 4142 ac
1127 4087 1273 4142 solus
1319 4087 1503 4152 Filius,
1549 4089 1710 4144 etiam
1741 4105 1864 4143 cum

268 4171 406 4210 caro
434 4156 612 4211 factus
631 4165 730 4228 est.
758 4155 1073 4226 Quicunque
1103 4157 1265 4228 igitur
1293 4157 1558 4228 Deiferum
1593 4158 1863 4213 hominem

267 4240 400 4281 eum
440 4240 560 4298 esse
591 4227 769 4281 dicere
795 4228 1012 4298 audent,
1044 4244 1106 4282 ac
1133 4227 1238 4282 non
1275 4227 1454 4298 potius
1483 4230 1648 4282 Deum
1695 4230 1865 4283 horni-

266 4312 401 4351 nem
431 4297 654 4360 factum,
686 4297 995 4368 necessario
1038 4299 1090 4351 in
1119 4297 1450 4368 propositum
1479 4300 1865 4356 anathematis-

267 4383 425 4421 mum
458 4368 752 4423 incidunt.»
785 4367 939 4422 Tom.
969 4369 1011 4428 V
1038 4368 1202 4422 Cone.
1231 4370 1333 4424 col.
1363 4370 1446 4424 -11,
1492 4370 1560 4424 Ει
1596 4372 1648 4432 in
1681 4369 1864 4423 defen-

266 4439 431 4492 sione
459 4438 527 4492 ad
561 4439 1030 4508 reprehensionem
1072 4439 1390 4508 Theodoreti
1424 4441 1534 4495 ait:
1573 4460 1591 4491 ε
1625 4441 1861 4497 Dicimus

265 4509 422 4580 enim
458 4492 728 4580 nosqriton
756 4492 953 4564 debere
980 4509 1049 4562 ab
1073 4492 1256 4578 aliquo
1291 4492 1561 4580 Deiferum
1588 4492 1858 4566 hominem
1893 4492 1939 4550 υ

266 4578 550 4633 nominari
575 4577 868 4641 Christum,
897 4587 955 4632 ut
983 4595 1086 4633 non
1118 4577 1256 4634 sicut
1284 4577 1422 4641 unus
1447 4589 1753 4636 sanctorum
1781 4582 1861 4634 in-

265 4649 573 4718 telligatur,
600 4647 693 4703 sed
720 4649 892 4717 magis
918 4650 1083 4704 Deum
1113 4663 1306 4703 verum-
1327 4651 1454 4704 illutl
1479 4651 1714 4705 Verbum
1745 4651 1858 4716 Dei,

265 4719 422 4788 quod
452 4719 655 4772 factum
677 4726 760 4772 est
783 4719 962 4781 homo,
987 4728 1042 4773 et
1065 4721 1346 4774 ineat-natu
1369 4740 1399 4773 ιι
1426 4731 1527 4776 est.
1553 4742 1570 4772 ι
1599 4721 1665 4775 Ει
1695 4721 1863 4776 inter-

259 4790 434 4864 iectis
462 4788 784 4864 quibusdam
813 4806 825 4842 :
863 4789 1245 4864 ¢_Obstupesco
1289 4800 1467 4864 autem
1490 4832 1504 4855 ,
1549 4793 1706 4864 quo-:l
1738 4807 1860 4864 cum

264 4859 478 4927 ubique
512 4859 678 4913 Deum
703 4872 822 4913 esse
863 4859 1262 4916 Emmanuelem
1295 4861 1546 4926 allirmet,
1571 4859 1628 4916 in
1659 4863 1741 4916 his
1771 4863 1860 4918 de.-

294 4929 633 4994 irehenditur
685 4929 759 4982 illi
807 4930 1178 4998 propheticam
1237 4946 1546 4986 mensuram
1599 4933 1855 4986 tribuere.

320 5001 566 5060 ominem
591 4999 735 5054 enim
761 4999 1031 5054 Deiferum
1057 5016 1178 5056 eum
1209 5017 1327 5056 esse
1359 5003 1506 5063 dicit,
1535 5010 1592 5055 ut
1617 5003 1863 5057 videatur

263 5069 473 5145 similis
502 5071 679 5145 nobis,
718 5070 810 5145 qui
839 5080 1210 5145 pe_r_sa_uc_tum
1247 5071 1720 5145 SpiritumDeum
1742 5087 1862 5145 om-

261 5143 425 5196 nium
459 5141 720 5194 habemus
741 5141 804 5194 'in
831 5141 987 5198 nobis
1017 5141 1363 5208 habitantem.
1395 5141 1610 5197 Habitat
1639 5143 1781 5196 enim
1809 5143 1862 5196 in

263 5212 536 5268 cordibus
567 5211 787 5273 nostris,
816 5219 871 5264 et
901 5226 1086 5272 sumus
1119 5212 1312 5280 templa
1342 5211 1434 5265 Dei
1469 5212 1715 5267 Viventis.
1761 5211 1864 5266 Ne-

262 5299 380 5353 que
417 5281 561 5336 idem
605 5279 769 5334 fuerit
796 5280 991 5353 dicere,
1025 5279 1256 5353 Verbum
1295 5281 1495 5353 factum
1536 5298 1655 5337 esse
1692 5281 1864 5353 homi-

263 5351 435 5415 nem,
478 5363 533 5406 et
578 5360 792 5421 putare,
839 5351 1007 5421 Deum
1051 5351 1294 5421 habitare
1339 5352 1391 5405 in
1441 5353 1688 5406 homine.
1729 5351 1864 5407 Nam

263 5422 492 5489 etiamsi
513 5415 640 5476 vera
664 5429 749 5475 est
775 5419 914 5474 bcati
942 5415 1092 5492 Pauli
1128 5437 1256 5483 vox,
1283 5423 1426 5492 quod
1455 5423 1780 5490 complacuit
1810 5423 1862 5477 iu

263 5496 395 5566 ipso
421 5493 670 5566 habitare
695 5504 910 5545 munem
937 5491 1324 5566 plenitudinem
1369 5492 1586 5546 deitatis
1613 5507 1865 5560 corpora-

265 5562 421 5626 liter,
454 5564 505 5618 id
551 5571 664 5624 est,
710 5576 814 5615 non
860 5575 957 5628 per
998 5562 1395 5627 habitudinem,
1429 5569 1665 5616 attamen
1699 5577 1864 5616 unum

266 5633 454 5705 inquit
478 5646 600 5689 esse
639 5631 808 5702 Deum
851 5631 1065 5705 Patrem
1094 5639 1169 5705 et_
1173 5647 1337 5684 unum
1365 5631 1653 5705 Dominum
1679 5629 1864 5705 1[esum

265 5700 577 5768 Christum,
598 5700 699 5774 per
723 5700 883 5774 quem
909 5702 1109 5774 omnia.
1137 5700 1404 5774 Prmterea
1429 5701 1626 5757 dixerit
1643 5701 1862 5774 aliquis,

267 5776 445 5830 etiam
478 5775 530 5831 in
559 5771 781 5830 homine
810 5773 1054 5828 habitare
1088 5771 1341 5843 Spiritum
1370 5774 1485 5844 ejus
1509 5791 1520 5828 :
1549 5773 1691 5828 unde
1719 5771 1772 5828 et
1800 5773 1864 5829 de

1959 497 2142 578 domos
2189 500 2357 556 luteas
2375 497 2432 575 (Ι
2437 504 2516 556 ob.
2546 519 2620 569 tv,
2648 505 2766 576 i9);
2795 521 2859 560 ex
2889 497 3179 578 quibus-iet
3211 508 3321 578 ipsi
3352 509 3418 564 de
3449 524 3545 567 eo-

1959 569 2081 623 dem
2117 569 2228 647 luto
2259 569 2484 647 sumus:
2514 583 2570 647 et
2595 569 2773 629 tamen
2816 569 2957 630 unus
2995 569 3336 647 intelligit-ur,
3364 589 3418 634 et
3462 590 3548 638 est

1959 641 2252 694 secundum
2300 644 2736 699 constitutionem
2784 647 2965 710 homo,
2993 661 3057 700 ex
3088 641 3251 702 car'ne
3297 641 3350 704 et
3381 651 3547 707 ratio-

1960 711 2066 764 nali
2091 713 2279 786 anima
2297 712 2442 786 illam
2473 715 2822 770 inhabitante.
2848 716 3026 784 Quare
3051 719 3212 786 igitur
3232 735 3338 774 non
3369 728 3548 777 cessat

1961 790 2164 856 rec_tam
2197 783 2536 856 minimeque
2579 783 2891 856 perversam
2941 783 3374 844 fidei'rationem
3417 806 3546 848 con-

1961 851 2217 922 turbare?
2241 851 2548 922 Aliquando
2580 851 2734 909 'enim
2766 851 2949 911 .uuum
2998 858 3128 913 dicit
3173 859 3451 915 Christum
3489 870 3547 917 et

1960 921 2154 976 Filium
2181 931 2235 976 ct
2261 921 2566 989 Dominum,
2593 927 2838 981 eumdem
2885 927 3052 982 Deum
3094 929 3332 984 simulet
3371 932 3549 987 homi-

1962 1005 2092 1074 nem
2103 1009 2116 1058 ;
2141 992 2428 1074 aliquando
2436 1008 2569 1074 _vero
2590 997 2973 1074 prophetarum
2999 1013 3182 1074 mens_u
3191 1016 3305 1054 ram
3319 1003 3366 1074 ei
3390 1003 3544 1074 dans,

1961 1061 2534 1144 Qeiferunflnomiriem
2560 1061 2819 1144 appellat;
2847 1068 3104 1144 ignorans
3128 1071 3374 1127 fortassis
3403 1061 3548 1144 quod

1963 1123 2110 1206 illum
2143 1135 2298 1206 nobis
2325 1123 2609 1206 aequalem.
2630 1123 2821 1203 iaciati
2853 1123 3114 1206 siquidem
3143 1123 3378 1198 nonest
3407 1123 3548 1200 ‘v'é'ré

1964 1202 2260 1283 Deus,__scd
2311 1202 2564 1283 templum
2613 1202 2820 1283 potius,
2871 1202 3164 1283 utpote__in_
3197 1227 3304 1283 quo
3345 1215 3551 1270 habitet

1963 1273 2104 1398 Pieris
2135 1275 2368 1331 Verbum
2389 1273 2574 1340 {sicut
2614 1273 2671 1330 et
2709 1277 2761 1332 in
2801 1273 2976 1334 nobis.
3001 1299 3018 1330 ι
3053 1281 3186 1335 lbid.
3215 1273 3323 1336 col.
3356 1285 3450 1339 111
3493 1301 3522 1340 e

2033 1415 2197 1490 987
2217 1414 2287 1470 Χ.
2312 1414 2370 1470 Si
2388 1415 2625 1474 Christus
2651 1429 2907 1490 quatenus
2933 1419 3086 1472 homo
3107 1422 3322 1490 prwcise
3337 1422 3549 1478 dicatur

1963 1487 2201 1561 pontii}:
2242 1497 2438 1561 noster,
2467 1487 2712 1546 meritum
2737 1487 3116 1561 redemptionis
3128 1501 3320 1545 nostra:
3343 1493 3550 1561 auferri

1965 1507 2201 1558 pontqex
2242 1507 2438 1552 noster,
2467 1507 2712 1546 meritum
2737 1507 2908 1543 reuem
2946 1507 3105 1543 uanis
3128 1507 3320 1545 nostra:
3343 1507 3547 1561 autem

1965 1558 2060 1630 ait.
2109 1557 2176 1610 Et
2223 1557 2268 1612 si
2298 1574 2470 1630 prose
2497 1576 2699 1630 quoque
2743 1507 3074 1628 sacri/ﬂesse
3109 1570 3398 1626 asseratur,
3427 1579 3547 1618 eum

1965 1577 2060 1610 au.
2109 1577 2176 1610 ιιι
2223 1577 2268 1612 δι
2298 1577 2390 1627 pro
2416 1577 2470 1611 se
2497 1577 2598 1630 quo
2636 1577 2699 1612 ue
2743 1577 3074 1628 sacriﬁcasse
3109 1577 3398 1626 asseratur,
3427 1579 3547 1618 eum

1964 1627 2122 1686 etiam
2143 1637 2353 1702 peccato
2382 1629 2544 1702 fuisse
2572 1577 2857 1702 oZnoa'ium
2885 1630 3108 1702 probat:
3139 1660 3210 1702 -;-
3238 1629 3548 1702 Argumen-

1965 1705 2102 1776 tum,
2133 1699 2277 1766 quod
2309 1697 2612 1776 Nestoriani
2643 1715 2707 1753 ex
2749 1697 3022 1770 pontifici-.1
3057 1699 3258 1776 Christi
3289 1697 3550 1776 dignitate

1970 1767 2191 1840 ejusque
2219 1767 2485 1840 sacrificio
2535 1767 2974 1839 desump'serant,
3025 1771 3268 1840 explodit
3309 1767 3548 1840 C'yrillus

1971 1837 2196 1893 dicendo
2220 1852 2408 1912 verum
2427 1838 2540 1912 jam
2571 1837 2997 1912 nonessequod
3027 1837 3169 1895 De'us
3208 1857 3304 1912 per
3350 1837 3546 1899 Filium

1969 1923 2127 1984 suum
2147 1907 2407 1984 mundum
2429 1909 2740 1984 redemerit,
2760 1907 2890 1984 quin
2914 1920 2968 1984 et
2993 1926 3158 1984 omne
3174 1907 3427 1968 sacrificii
3446 1929 3548 1984 pro

1969 1977 2127 2033 nobis
2173 1977 2335 2032 oblati
2368 1980 2620 2052 meritum
2649 1977 2881 2052 destrui,
2905 1982 2956 2052 si
2973 1981 3119 2035 solus
3143 1981 3305 2036 homo
3332 1977 3546 2039 assu'm-

1967 2058 2114 2120 plus,
2150 2056 2206 2103 et
2254 2064 2372 2120 non
2405 2049 2582 2119 ipsum
2630 2049 2808 2120 potius
2837 2050 3074 2120 Verbum
3127 2052 3182 2104 in
3218 2062 3410 2108 natura
3443 2055 3547 2110 sibi

1969 2117 2118 2172 unita
2143 2117 2500 2192 confessionis
2527 2117 2726 2175 nostra:
2750 2119 2991 2190 pontifex
3015 2123 3363 2192 etiapostolus
3398 2124 3549 2179 dica-

1971 2197 2099 2242 tur:
2139 2190 2463 2265 insuperiex
2507 2205 2572 2244 eo
2625 2193 2767 2259 quod
2813 2193 2974 2253 homo
3036 2190 3138 2265 ille
3173 2208 3273 2262 pro
3320 2209 3379 2248 se
3433 2195 3549 2265 ipso

1969 2275 2186 2330 quoque
2218 2260 2555 2330 sacrificasse
2585 2269 2872 2326 statuatur,
2898 2261 3050 2330 sequi
3086 2260 3209 2316 eum
3239 2277 3359 2317 cum
3381 2260 3545 2318 cas—te-

1969 2329 2046 2385 ris
2087 2329 2396 2384 hominihus
2425 2338 2650 2399 peccato
2699 2329 2992 2394 obnoxium
3039 2331 3238 2397 fuisse,
3285 2348 3441 2389 secus
3483 2349 3550 2390 ac

1971 2400 2266 2473 Scriptura:
2283 2401 2349 2473 de
2371 2401 2461 2473 illo
2483 2402 2696 2473 docent.
2732 2420 2750 2452 ι
2771 2401 3000 2473 Τυδςθινο
3026 2399 3122 2473 (ait
3149 2404 3215 2457 ad
3241 2401 3550 2459 Nestorium

1968 2469 2062 2526 lib.
2099 2469 2186 2539 in)
2219 2471 2384 2525 stulte
2436 2469 2728 2542 formidas,
2759 2479 2814 2528 et
2849 2471 2924 2526 illi
2953 2469 3176 2542 (Verbo)
3224 2474 3464 2529 tribuere
3493 2481 3550 2529 et

1970 2555 2166 2613 nomen
2194 2549 2249 2594 et
2274 2555 2388 2595 rem
2420 2541 2755 2613 apostolatus
2781 2557 2843 2595 ac
2875 2541 3165 2613 sacerdotii
3185 2583 3198 2608 ,
3231 2545 3414 2598 nescio
3441 2559 3550 2613 qua

1971 2611 2038 2666 de
2063 2627 2224 2683 causa
2251 2611 2548 2683 erubescis.
2581 2611 2716 2683 Num
2750 2613 2893 2666 enim
2925 2612 3099 2680 ipsum
3128 2615 3420 2669 convenire
3443 2611 3547 2683 pu‘

1971 2690 2056 2752 tas
2083 2681 2286 2734 homini
2326 2681 2401 2735 illi
2430 2697 2495 2742 ex
2518 2681 2742 2736 muliere
2767 2690 3023 2752 tanquam
3068 2683 3137 2737 ab
3178 2683 3269 2736 illo
3297 2681 3547 2750 diverso,

1971 2751 2293 2819 simplicem,
2315 2760 2373 2812 ut
2411 2752 2524 2821 ipse
2553 2759 2728 2821 putas,
2754 2750 3188 2819 conjunctionem
3219 2753 3458 2815 habenti,
3490 2761 3549 2809 et

1971 2822 2138 2876 solius
2166 2821 2448 2892 dignitatis
2489 2822 2893 2891 :equalitatem?
2937 2821 3218 2888 Quomodo
3246 2823 3412 2892 igitur
3432 2823 3548 2892 jam

1971 2893 2144 2962 ipsum
2175 2891 2430 2954 Verbum,
2460 2893 2602 2961 quod
2634 2893 2774 2946 Deus
2798 2899 2934 2952 erat,
2965 2900 3181 2962 nostras
3210 2907 3302 2947 res
3340 2891 3549 2960 iuvisse

1971 2961 2230 3025 cernitur,
2262 2961 2308 3017 si
2334 2976 2430 3032 per
2452 2962 2616 3032 alium
2644 2977 2857 3031 quoque
2907 2962 2973 3016 ad
3020 2961 3189 3016 Deum
3234 2978 3299 3017 ac
3327 2962 3545 3019 Patrem
3613 3026 3618 3028 _

1971 3033 2186 3088 adducti
2208 3031 2430 3088 sumus?
2455 3031 2568 3092 Non
2595 3033 2740 3086 enim
2778 3032 2892 3100 jam
2942 3047 3040 3102 per
3061 3033 3234 3100 ipsum
3263 3048 3545 3088 accessum

1971 3103 2258 3158 habuimus
2285 3143 2298 3166 ,
2323 3103 2415 3156 sed
2447 3101 2547 3157 fuit
2574 3103 2840 3157 mediator
2860 3101 3044 3157 noster
3078 3103 3240 3156 homo
3266 3105 3436 3158 nostri
3472 3106 3549 3158 si-

1968 3172 2131 3237 milis,
2175 3173 2356 3226 [ictum
2399 3173 2605 3226 habens
2651 3173 2949 3226 divinitatis
2977 3188 3191 3228 nomen.
3231 3193 3249 3224 ι
3295 3174 3448 3228 Tom.
3479 3175 3547 3230 Vl

1968 3246 2128 3316 Oper.
2156 3243 2251 3316 fol.
2275 3241 2362 3316 64.
2389 3243 2458 3297 Et
2490 3241 2582 3316 fol.
2614 3243 2682 3316 9.3
2705 3243 2784 3316 ita
2803 3252 3220 3316 argumentatur
3248 3261 3260 3297 :
3299 3264 3315 3294 ι
3340 3243 3547 3316 Indiget

1967 3315 2132 3386 igitur
2153 3315 2326 3369 hostia
2364 3314 2607 3386 pro_suis
2634 3313 2878 3386 delictis,
2907 3315 3153 3386 quisquis
3179 3315 3389 3384 peccati
3420 3313 3546 3370 reus

1969 3383 2182 3441 tenetur
2214 3403 2226 3438 :
2257 3394 2311 3439 et
2337 3383 2530 3438 obtulit
2555 3386 2789 3453 seipsum
2822 3383 3070 3439 Christus
3099 3383 3198 3454 pro
3225 3400 3421 3454 genere
3451 3401 3543 3442 se-

1965 3456 2199 3511 cundum
2223 3470 2464 3517 carnem,
2492 3456 2596 3510 hoc
2618 3463 2716 3509 est.
2761 3469 2856 3526 pro
2887 3455 3060 3519 nobis,
3096 3471 3201 3509 non
3233 3464 3412 3509 autem
3445 3471 3544 3526 pro

1966 3526 2162 3596 seipse,
2212 3532 2334 3579 cum
2363 3534 2586 3595 peccato
2628 3525 2878 3596 superior
2902 3534 3064 3586 esset,
3123 3535 3304 3594 utpote
3360 3525 3540 3580 Deus:

1966 3595 2089 3667 nam
2115 3597 2159 3650 si
2183 3607 2401 3667 propter
2433 3612 2489 3650 se
2517 3603 2600 3650 est
2636 3595 2983 3652 immolatus.
3023 3610 3152 3667 ergo
3182 3611 3286 3649 non
3318 3596 3416 3650 soli
3446 3611 3544 3652 nos

1967 3665 2081 3732 ejus
2120 3665 2380 3737 sanguine
2430 3667 2597 3735 empti
2642 3680 2850 3737 sumus,
2881 3666 3176 3721 secundum
3219 3667 3540 3737 scripturas,

1966 3735 2360 3806 sedliobiscitiii
2397 3737 2501 3789 erit
2545 3743 2600 3788 et
2651 3736 2782 3806 ipse,
2815 3737 3145 3806 redemptus,
3195 3735 3543 3804 uequejuxta

1964 3805 2113 3868 Isaim
2134 3821 2323 3866 vocem
2346 3823 2358 3858 ε
2386 3805 2640 3876 Dominus
2665 3805 2882 3858 tradidit
2910 3805 3080 3876 ipsum
3106 3808 3331 3876 peccatis
3352 3808 3543 3860 nostris

1967 3876 2120 3948 (Isai.
2174 3876 2326 3948 tul),
2371 3875 2464 3948 sel
2497 3891 2596 3948 pro
2635 3877 2747 3948 suis
2782 3875 2944 3930 etiam
2987 3878 3161 3948 datus.
3203 3875 3342 3948 AUbi
3395 3877 3541 3930 enim

1965 3945 2050 4002 est
2077 3947 2248 4001 hostia
2280 3954 2334 4000 et
2361 3945 2595 4010 oblatio,
2642 3945 2714 4004 ibi
2744 3960 2966 4015 prorsus
3004 3945 3252 3999 remissio
3290 3955 3542 4014 peccato-

1967 4033 2104 4070 rum.
2155 4016 2376 4086 Dccepit
2407 4017 2571 4082 igitur
2606 4024 2774 4074 totum
2825 4017 3013 4086 orbem
3041 4024 3310 4086 terrarum
3351 4016 3544 4086 beatus

1965 4087 2184 4151 Paulus,
2224 4084 2314 4154 qui
2345 4087 2410 4143 de
2441 4087 2530 4141 illo
2556 4087 2774 4155 scripsit
2805 4103 2817 4114 -
2857 4084 3002 4140 Talis
3037 4085 3173 4140 enim
3208 4085 3356 4139 nobis
3386 4085 3541 4139 dece-

1966 4157 2074 4221 bat,
2107 4167 2161 4210 ut
2204 4167 2332 4211 esset
2368 4156 2622 4226 pontifex,
2652 4165 2887 4218 sanctus,
2917 4156 3184 4226 innocens,
3210 4155 3540 4226 impollutus,

1964 4237 2262 4296 segreqatus
2287 4245 2316 4280 (ι
2344 4224 2725 4295 peccatoribus,
2774 4236 2820 4277 et
2863 4225 3113 4279 excelsior
3163 4224 3541 4296 caelisfuctus;

1962 4295 2053 4364 qui
2085 4315 2186 4351 non
2224 4297 2373 4350 habet
2409 4296 2639 4366 quotidie
2683 4296 3034 4366 necessitatem
3055 4335 3080 4366 ,7
3099 4295 3538 4366 quemadmodum

1963 4363 2296 4431 sacerdotes,
2339 4363 2483 4436 prius
2538 4383 2631 4435 pro
2677 4367 2786 4420 suis
2819 4363 3022 4436 delictis
3063 4363 3262 4436 hostias
3311 4364 3538 4433 offerre,

1964 4437 2153 4491 deinde
2181 4453 2274 4506 pro
2303 4433 2480 4506 populi
2504 4433 2639 4506 :hoc
2668 4437 2805 4489 enim
2835 4435 2954 4506 fecit
2982 4433 3138 4488 semel
3165 4434 3540 4506 seipsumio/fe-

1966 4525 2102 4561 rens.
2135 4503 2242 4559 Lea:
2266 4503 2403 4560 enim
2431 4503 2669 4559 homines.
2699 4505 2961 4558 constituit
2997 4504 3291 4559 sacerdotes
3319 4505 3542 4627 Difflui-

1967 4587 2125 4627 tntem
2143 4575 2385 4627 habentes
2410 4590 2428 4626 :
2450 4592 2618 4627 sermo
2642 4584 2814 4627 autem
2843 4574 3213 4627 iurisiurandi.
3248 4591 3348 4627 auo
3425 4584 3541 4627 post

1967 4587 2125 4632 tatem
2143 4575 2385 4630 habentes
2410 4590 2428 4626 :
2450 4592 2618 4640 sermo
2642 4584 2814 4628 autem
2831 4574 3213 4647 jurisjuraudi,
3248 4574 3386 4696 quod
3425 4584 3541 4644 post

1967 4645 2124 4696 lenem
2147 4656 2246 4696 est.
2273 4644 2471 4696 Filium
2507 4646 2562 4696 in
2603 4655 2855 4696 a-ternum
2900 4644 3186 4696 oerfectum
3232 4646 3247 4696 l
3283 4644 3389 4696 Ieb.
3439 4661 3539 4696 vn.

1966 4645 2124 4718 legem
2143 4656 2248 4718 est,
2273 4644 2562 4718 Filiumin
2603 4644 2856 4702 αἰαῖ-ιιιιηὶ
2899 4644 3186 4718 perfectum
3232 4644 3389 4718 (I__l_eb_.
3439 4661 3553 4718 vn,-

1965 4713 2077 4780 26).
2126 4717 2405 4784 Quomodo
2433 4717 2595 4786 igitur
2622 4723 2843 4786 sanctos
2870 4713 2964 4786 est
2988 4713 3228 4786 pontifex
3259 4714 3540 4786 Christus?

1966 4789 2073 4864 Vel
2103 4802 2300 4864 quomo
2321 4789 2370 4864 io
2417 4784 2762 4864 innocens-et
2807 4784 3149 4864 impollutus,
3181 4784 3226 4838 si
3257 4785 3538 4864 nobiscum

1967 4859 2167 4928 inligat
2197 4857 2370 4912 hostia
2396 4872 2496 4928 pro
2519 4855 2751 4928 peccatis
2766 4855 3136 4928 reunittendis,
3168 4865 3221 4908 et
3251 4855 3316 4908 ad
3343 4869 3537 4923 pecca—

1969 4923 2112 4983 tores
2147 4923 2532 4994 justilicatnlos
2568 4924 2788 4980 oblata?
2833 4923 3130 4995 Quomodo
3163 4934 3479 4995 segregatus
3504 4938 3535 4979 a

2003 4993 2363 5060 eccatorihus,
2411 4997 2454 5050 si
2496 5009 2599 5049 una
2631 5009 2753 5049 cum
2809 4994 2938 5063 ipsis
2971 4993 3383 5063 justiﬁcaliitu'r,
3415 5011 3539 5050 cum

2003 5015 2363 5060 εοραιοΐιυυδ,
2411 5015 2454 5050 5|
2496 5015 2599 5049 tum
2631 5015 2753 5049 Clllll
2809 5015 2938 5049 I)SIS
2971 5015 3383 5063 JUSUUCHDILUI‘,
3415 5015 3539 5050 CIII"

1967 5015 2145 5124 hostia
2176 5082 2281 5120 non
2319 5066 2424 5120 alia
2471 5066 2536 5119 de
2567 5015 3042 5135 causaoflleratur,
3097 5079 3258 5135 quam
3288 5079 3386 5134 pro
3419 5065 3539 5120 istis

1969 5138 2133 5208 ipsis?
2168 5157 2206 5208 »λ
2236 5135 2537 5208 Cum__vero
2595 5145 2650 5188 et
2708 5133 2990 5208 Nestorins
3029 5143 3082 5190 et
3117 5133 3248 5208 eius
3293 5133 3539 5190 fautores

1968 5203 2274 5263 Orientales
2301 5203 2628 5272 objicereut,
2669 5205 2834 5275 quod,
2867 5206 2912 5260 si
2957 5207 3098 5260 Deus
3133 5206 3365 5262 Verbum
3393 5213 3540 5260 esset

1969 5293 2211 5334 Summus
2259 5277 2548 5341 saecrdos,
2587 5289 2743 5345 nemo
2785 5275 2896 5345 jam
2951 5275 3091 5330 foret
3142 5276 3227 5329 cui
3281 5284 3539 5345 tanquam

1971 5347 2161 5417 majori
2189 5345 2511 5402 sacriﬁcium
2541 5344 2759 5399 oli'erret
2789 5344 2800 5398 :
2836 5347 2988 5410 item,
3016 5344 3542 5417 quodpontiiex‘per

1969 5413 2148 5473 oin-nia
2181 5419 2456 5472 nobiscum
2505 5425 2744 5470 tentatus
2773 5417 2839 5469 ad
2879 5413 3266 5484 sacerdotalem
3303 5413 3538 5484 dignitas

1971 5498 2081 5544 tem
2112 5487 2724 5558 singularilenvocatus,
2751 5501 2850 5558 per
2874 5485 3018 5558 iilam
3069 5483 3441 5558 gloriﬁcatu’s,‘
3485 5491 3540 5538 et

1973 5560 2024 5613 in
2051 5552 2238 5612 eodem
2272 5571 2393 5612 cum
2426 5552 2814 5610 Melchisedech
2863 5555 3050 5607 ordine
3073 5552 3391 5608 collocatus.
3415 5552 3534 5606 fue-

1972 5629 2072 5693 rit;
2106 5643 2225 5696 quae
2251 5635 2431 5681 tamen
2476 5625 2682 5696 omnia_
2711 5624 2810 5696 ipsi
2844 5624 3018 5696 Verbo
3047 5625 3366 5696 convenire
3395 5623 3541 5685 haud

1971 5693 2228 5772 posse—ot;
2301 5696 2589 5772 respondet
2617 5693 2876 5772 _erillus
2935 5693 2988 5748 in
3043 5693 3190 5772 hunc
3245 5694 3464 5758 modum
3520 5712 3536 5749 :

1980 5763 1997 5822 ἱ
2031 5768 2200 5826 Crede
2229 5767 2371 5838 quod
2392 5763 2662 5837 quamvis
2689 5763 2830 5820 Deus
2858 5763 3150 5820 secundum
3175 5775 3426 5822 naturam
3451 5779 3540 5822 er
