4038 6336
281 299 381 354 “3

909 298 1281 354 ENHUEBER
1318 299 1630 356 DISSERT.
1669 297 1758 353 DE
1795 297 1837 352 Η

1937 296 2075 354 RES!
2112 298 2428 355 ELIPANDI
2466 299 2552 354 ET
2591 299 2870 358 FELlClS.

3425 295 3530 362 ιιι

277 414 428 490 Illum
481 411 648 466 etiam
687 409 973 490 hominem,
1009 412 1266 490 inveniri,
1329 413 1420 484 qui
1439 412 1509 490 _id
1549 427 1654 468 non
1696 421 1845 479 erat,
1875 420 1922 474 Α
1952 415 2286 490 revelantem
2334 413 2416 490 eis
2452 413 2715 490 Spiritum
2767 423 3050 490 sanctum,
3112 419 3238 489 quia
3271 419 3524 490 Verbum,

277 484 592 557 priusquam
613 489 758 535 esset
782 481 1045 557 inventus
1062 481 1254 557 ?‘Qq_is
1279 481 1408 553 ergo
1438 482 1524 557 ille
1549 492 1852 557 est__secun-

275 549 401 622 dum
439 549 692 622 naturam
715 549 985 622 sublimis,
1021 553 1111 620 qui
1132 549 1369 622 seipsurﬁ
1391 554 1458 608 ad
1483 554 1849 608 humilitatem

273 621 511 689 deiecit?
534 619 667 686 Quis
690 622 854 674 etiam
879 619 1088 688 plenus,
1111 631 1170 676 ut
1189 619 1498 678 e’xinanitus
1513 639 1632 678 esse
1656 624 1853 678 intelli—

274 691 470 762 satur?
516 691 650 756 Quis
683 691 823 743 ultra
867 691 1142 762 servitutis
1177 707 1477 756 mensuras,
1529 702 1589 748 ut
1638 693 1852 748 dicatur

271 759 674 834 servilormam
717 760 1048 834 accepisset
1068 761 1218 827 Quis,
1243 777 1366 816 cum
1397 763 1558 818 homo
1581 765 1731 834 prius
1752 779 1852 834 no-

273 831 368 886 stri
399 829 598 884 similis
619 846 724 882 non
757 838 920 891 esset,
955 830 1006 884 id
1036 830 1284 887 inventus
1309 848 1428 888 esse
1465 829 1698 888 dicitur?
1725 833 1848 890 [huc

273 901 418 972 enim
448 900 543 972 uini
573 915 640 954 ex
678 909 865 972 nostro
893 915 1116 956 numero
1165 912 1219 957 et
1253 903 1456 972 vulgari
1496 905 1700 958 homini
1747 919 1848 958 au-

271 971 403 1025 dere
419 971 664 1024 tribuere
684 969 906 1023 stultum
928 972 1020 1033 sit,
1050 980 1104 1025 et
1122 969 1380 1026 extrema:
1400 975 1638 1027 omnium
1665 989 1850 1029 amen-

272 1041 364 1095 ti:e
391 1055 581 1095 revera
609 1039 862 1111 plenum;
893 1041 1214 1111 convenient
1242 1054 1421 1097 autem
1463 1045 1738 1111 aptissime
1773 1044 1848 1098 illi

271 1125 544 1182 suprema:
565 1119 789 1182 naturai.
809 1107 912 1163 Sed
935 1110 1064 1182 illud
1092 1112 1183 1166 Dei
1203 1112 1433 1166 Verbum
1449 1107 1517 1166 ei
1535 1114 1698 1167 nimia
1720 1129 1845 1182 erga

270 1196 372 1235 nos
399 1180 736 1253 benignitate
785 1188 948 1248 atque
991 1180 1511 1253 clementiaobtnlit
1555 1199 1652 1253 pro
1691 1180 1848 1240 nobis

271 1252 556 1374 Broprium
587 1265 818 1330 cg-rpus,_
831 1258 887 1303 et
916 1261 1132 1320 accepta
1165 1251 1305 1307 servi
1344 1251 1515 1307 forma
1556 1251 1738 1308 factus
1764 1263 1849 1310 est

315 1335 384 1374 eo
415 1329 473 1373 et
493 1319 637 1373 Patri
665 1321 924 1374 obediens
951 1335 1120 1374 usnue
1149 1324 1214 1374 ad
1261 1330 1486 1374 mortem
1515 1338 1530 1374 :
1561 1339 1659 1374 nec
1695 1323 1845 1374 refu-

315 1319 386 1375 eo
415 1329 473 1373 et
493 1319 637 1373 Patri
665 1320 924 1375 obediens
951 1335 1120 1389 usque
1149 1324 1214 1375 ad
1261 1330 1486 1376 mortem
1515 1338 1530 1376 :
1561 1339 1659 1382 nec
1695 1323 1845 1378 rem-

268 1390 526 1463 giendum
569 1389 809 1463 censuit,
840 1405 947 1463 qno
992 1391 1169 1446 minus
1193 1406 1357 1446 carne
1407 1407 1507 1462 pro
1549 1394 1702 1448 nobis
1734 1395 1844 1463 pati

267 1459 452 1522 vellet,
495 1460 743 1528 quamvis
783 1468 843 1516 ut
887 1459 1031 1514 Deus
1072 1469 1217 1516 esset
1260 1459 1554 1516 secundum
1597 1459 1844 1519 naturam

266 1529 638 1602 impassibilis.
670 1528 931 1602 lstejvero
968 1530 1128 1589 stulte
1173 1532 1239 1586 de
1263 1531 1460 1602 divinis
1483 1532 1600 1598 ejus
1626 1543 1845 1602 propter

265 1599 368 1654 nos
407 1599 651 1670 consiliis
679 1600 973 1670 erubescit,
1002 1609 1056 1654 et
1082 1616 1240 1670 quem
1270 1601 1536 1657 honorare
1573 1599 1639 1658 se
1659 1599 1846 1660 cxisti-
1887 1611 1890 1614 ’

264 1679 399 1733 mat,
431 1668 599 1741 allicit
623 1667 817 1741 injuria
861 1687 874 1724 :
929 1685 1052 1724 nam
1081 1667 1116 1724 a
1136 1671 1384 1741 passione
1423 1672 1571 1726 illum
1614 1675 1839 1739 eximit,

1955 485 2098 560 quod
2123 493 2301 560 estex
2334 485 2444 540 Deo
2472 482 2653 550 Patre,
2689 485 2889 560 factum
2931 482 3275 550 homoferat
3311 482 3528 560 quidem

1953 563 2008 608 et
2057 554 2137 608 sic
2181 554 2432 628 liberum,
2484 563 2736 628 tanquam
2782 554 2977 628 _Filius,
3035 572 3210 628 neque
3241 554 3528 617 sic'tamen

1953 639 2266 697 mensuram
2300 625 2564 697 sapientis
2580 625 2963 697 exinanitionis
3010 625 3354 697 reptidialzat,
3394 646 3525 686 con-

1953 692 2216 756 ﬁguratns
2234 694 2398 764 nobis
2427 695 2703 750 servitutis
2722 695 2853 764 jugo
2879 692 3126 752 subditis.
3160 698 3251 756 Sic
3279 692 3528 758 et'Deum

1952 763 2270 835 sunmdieit
2293 763 2529 835 Patrem,
2559 763 2808 832 quamvis
2844 776 3034 820 natura
3070 767 3210 824 Deus
3247 771 3526 835 existeret,

1949 843 2004 906 et
2025 850 2091 888 ex
2119 833 2260 906 ipso,
2282 833 2512 906 e_t_nullo_
2531 835 2690 906 modo
2711 836 2978 906 gignentis
3003 839 3293 894 eminentia
3325 833 3522 897 minor.

1950 903 2086 983 cum
2118 904 2280 973 igitur
2305 903 2584 983 Nestorius
2618 903 2940 983 sic'seribat
2965 911 3029 962 de
3062 907 3277 983 Christo
3308 926 3323 965 :
3360 913 3528 983 Atque

1950 975 2080 1052 adeo
2107 990 2294 1044 passus
2314 974 2548 1052 pontifex
2577 975 2873 1052 miserieors
2891 1017 2906 1039 ,
2936 979 3349 1052 nqnpiriﬁeator
3387 974 3525 1052 ejus,

1947 1045 2036 1113 qui
2064 1041 2250 1113 pessus
2277 1041 2352 1098 est
2372 1084 2385 1107 ,
2415 1041 2556 1097 Deus
2588 1056 2607 1095 :
2647 1052 2702 1098 et
2743 1043 2910 1099 Deum
2938 1045 3137 1104 Christi
3161 1041 3526 1107 'Verbum'Dei

1949 1114 2342 1190 ῃιιιιιίιιιιγριξίι3
2391 1115 2580 1190 hisque
2608 1114 2883 1190 afljecerit.
2935 1115 3066 1190 (ire!
3110 1130 3287 1174 autem
3332 1131 3381 1174 et
3416 1123 3526 1190 ipse

1947 1183 2233 1255 infans,et
2254 1183 2471 1252 infantis
2501 1183 2756 1255 Dominus
2781 1199 2800 1236 :
2823 1186 2924 1255 hes
2951 1185 3092 1241 illius
3117 1203 3392 1245 sermones
3419 1183 3525 1246 non
3549 1249 3556 1255 _

1948 1253 2116 1322 solum
2151 1253 2421 1314 indecore,
2448 1255 2541 1308 sed
2568 1260 2621 1308 et
2641 1253 2792 1308 valde
2821 1254 2983 1322 impie
3013 1257 3189 1312 dictos
3208 1262 3522 1317 asserimus.

1947 1321 2078 1376 Nam
2096 1324 2148 1394 _si
2173 1322 2316 1378 Deus
2336 1323 2534 1379 Christi
2564 1331 2648 1378 est
2674 1321 2928 1394 Verbum,
2957 1327 3098 1394 quod
3127 1341 3193 1380 ex
3230 1329 3338 1383 Deo
3365 1331 3526 1388 Patre

1945 1400 2050 1462 est,
2077 1391 2182 1447 duo
2201 1394 2556 1462 utiqueerunt
2580 1393 2755 1446 modis
2781 1391 3030 1449 omnibus
3051 1404 3104 1448 et
3129 1396 3520 1455 indubitanter.

1945 1461 2232 1534 Quomodo
2253 1461 2433 1534 autem
2464 1463 2812 1534 intelligatur
2841 1464 2982 1520 idem
3015 1465 3194 1521 infans
3223 1476 3277 1522 et
3305 1468 3526 1526 infantis

1944 1531 2203 1606 Dominus
2218 1533 2381 1606 ?_Non
2405 1533 2568 1606 igitur
2589 1531 2875 1606 diéeturiet
2905 1535 3274 1606 suimetipsius
3291 1537 3433 1594 Deus
3459 1555 3522 1596 ac

1944 1601 2218 1676 Dominus
2244 1601 2556 1676 Emmanuel
2583 1643 2599 1667 ,
2645 1605 3094 1676 quandoquidem
3121 1601 3233 1676 ipse
3269 1608 3408 1662 idem
3453 1611 3526 1665 si-

1946 1673 2056 1743 mnl
2076 1682 2160 1728 est
2189 1673 2332 1728 Dens
2365 1682 2418 1728 et
2447 1674 2630 1738 homo,
2657 1673 2943 1743 postquam
2977 1673 3209 1730 Verbum
3239 1677 3332 1732 Dei
3361 1679 3522 1734 homo

264 1740 484 1821 tametsi
511 1755 683 1821 nemo_
699 1739 843 1821 illum
871 1741 922 1793 in
949 1739 1269 1821 suena'tu‘ra
1289 1757 1506 1810 passum
1535 1743 1680 1821 dicet
1703 1761 1721 1821 :_
1741 1760 1842 1800 nec
1874 1762 1915 1821 Β
1945 1741 2146 1821 factum
2184 1752 2240 1797 et
2273 1743 2609 1821 incarnatum
2639 1739 2740 1799 est.
2769 1739 2921 1810 Quod
2949 1754 3128 1800 autem
3171 1747 3345 1821 dcitas
3373 1749 3523 1821 aliud

264 1810 432 1863 sentit
474 1824 532 1862 se
571 1810 854 1878 prohibere
871 1849 885 1873 ,
911 1826 976 1865 ne
1005 1811 1154 1865 illum
1181 1811 1512 1866 Salvatorem
1534 1822 1590 1868 et
1611 1813 1841 1868 Redem-

265 1892 481 1953 pierem
513 1880 886 1953 universorum
925 1885 1280 1935 confiteamur
1303 1921 1318 1945 ,
1360 1883 1406 1936 si
1437 1882 1485 1937 is
1511 1923 1525 1942 .
1550 1898 1650 1952 per
1677 1899 1838 1953 quem

262 1949 478 2010 salvati,
515 1960 572 2024 e_t
599 1965 696 2019 per
711 1950 876 2024 _cujus
915 1953 1276 2024 venerandam
1319 1949 1840 2024 crucerdredefmpti

265 2034 478 2090 sumus,
503 2019 639 2090 al.er
674 2019 744 2090 ab
776 2021 870 2073 illo
899 2021 972 2075 sit
1012 2020 1228 2090 preprie
1253 2037 1316 2076 ac
1337 2024 1562 2077 seorsim
1594 2019 1840 2079 Filitts'et

263 2087 548 2143 Dominus.
573 2089 649 2144 Ac
671 2089 718 2143 si
741 2099 820 2143 est
844 2087 1288 2157 horno—simplex,
1315 2102 1370 2145 et
1402 2107 1506 2147 non
1529 2093 1582 2146 in
1607 2094 1840 2148 humana

264 2158 440 2235 fin-ma
480 2159 652 2235 ipsum
681 2174 746 2214 ex
789 2159 908 2235 Deo-
933 2160 1093 2235 Patre
1129 2161 1364 2217 Verbum
1395 2164 1671 2232 apparuit,
1693 2179 1840 2235 pro—

263 2229 410 2302 deat.
434 2230 706 2290 ostendat,
732 2231 859 2302 etin
883 2229 1052 2302 forma
1081 2232 1253 2300 ipsum
1281 2247 1400 2287 esse
1429 2229 1500 2286 et
1533 2229 1840 2302 aequalitate

261 2296 446 2353 Patris
491 2305 619 2368 (non
661 2299 806 2354 enim
854 2296 1116 2369 rapinam
1151 2302 1448 2357 arbitratus
1487 2313 1572 2358 est
1598 2296 1742 2359 'csse
1781 2319 1839 2360 se

261 2369 523 2438 aequalem
549 2369 678 2439 Deo)
704 2377 758 2444 et
784 2373 1220 2444 prartereahservi
1251 2371 1482 2444 formam
1517 2375 1792 2444 accepisse
1817 2415 1835 2440 ,

263 2447 524 2511 tanquam
556 2455 661 2493 non
709 2439 957 2495 habuerit
1015 2441 1342 2511 aliquando,
1405 2451 1458 2496 et
1506 2439 1838 2500 exinanitum

262 2505 536 2580 fuisse,ﬁnt
556 2511 649 2579 qui
675 2511 726 2580 in
751 2512 963 2580 propria
999 2505 1190 2565 natura
1225 2511 1608 2580 plenitudinem
1638 2516 1838 2570 habue-

258 2577 353 2648 rit.
393 2599 411 2630 ι
454 2577 608 2634 Toni.
652 2579 717 2634 Vl
741 2577 899 2648 Oper.
932 2579 1024 2636 fol.
1063 2583 1180 2636 127.
1211 2577 1442 2638 Rursum
1473 2593 1528 2638 et
1555 2599 1621 2638 ex
1659 2586 1839 2639 verbis

259 2647 505 2723 ejusdem
527 2647 798 2723 Apostoli,’
823 2649 978 2723 Rom.
1007 2667 1101 2705 vni
1127 2669 1149 2723 _:
1185 2651 1288 2716 Qui
1315 2654 1471 2706 etiam
1507 2655 1717 2723 proprio
1747 2653 1839 2708 Fi-

257 2716 330 2791 lio
357 2735 467 2772 non
496 2716 754 2790 pepercit,
782 2721 873 2774 sed
919 2738 1012 2791 pro
1049 2721 1194 2776 nobis
1235 2723 1471 2776 omnibus
1507 2716 1732 2778 tradidit
1773 2723 1838 2778 il-

257 2786 390 2844 lum.
409 2786 818 2852 etc'.,'eamdem
839 2786 1118 2847 veritatem
1143 2793 1351 2860 probat,
1375 2794 1426 2846 in
1455 2793 1595 2848 hunc
1622 2795 1835 2849 modum

255 2867 689 2933 argumentatus
729 2878 766 2933 :_
800 2879 818 2910 ι
853 2861 909 2915 Si
965 2862 1104 2933 Deus
1131 2862 1291 2916 Pater
1314 2863 1590 2933 proprium
1620 2863 1834 2928 Filium,

256 2927 412 2980 illum
443 2930 616 2999 ipsum
643 2931 913 2994 nimirum,
953 2932 1042 3000 qui
1067 2947 1132 2986 ex
1163 2927 1330 2987 illius'
1353 2927 1654 2988 substantia
1681 2927 1843 2990 ortus

255 3005 360 3061 est,
385 3014 494 3072 pro
519 3000 675 3056 nobis
699 3002 954 3066 donavit;
995 3018 1125 3072 ergo
1149 3018 1344 3071 corpus
1365 3043 1381 3068 ,
1420 3005 1562 3072 quod
1604 3015 1839 3060 mortem

254 3070 539 3134 sustinuit,
563 3073 836 3143 proprium
858 3072 998 3128 illius
1023 3070 1158 3132 erat.
1189 3070 1279 3143 qui
1299 3070 1592 3129 secundum
1614 3091 1830 3130 carnem

254 3153 455 3208 passus
483 3154 564 3194 est
614 3141 758 3216 (nam
785 3145 1080 3216 secundum
1125 3141 1422 3199 divinitatis
1443 3152 1692 3216 naturam
1724 3146 1830 3216 pati

251 3223 366 3286 utin
398 3213 664 3286 poterat);
691 3212 761 3265 ita
789 3212 1061 3282 enim,qui
1087 3216 1378 3268 secundum
1407 3214 1596 3286 se_pati
1624 3212 1832 3286 neq—uit,

255 3278 654 3356 dispensatorie
699 3292 926 3356 mortem
959 3278 1247 3354 perpessus
1293 3294 1414 3356 est.
1462 3278 1833 3356 Proinde'qui

254 3362 426 3403 unum
451 3351 505 3404 in
529 3353 664 3406 duos
683 3351 1003 3422 dispertiunt
1022 3395 1036 3419 ,
1059 3351 1253 3423 aperte
1292 3355 1583 3423 impietatis
1609 3351 1836 3412 crimine

254 3432 384 3473 sese
417 3423 794 3492 constringunt
835 3440 848 3476 :
894 3425 1329 3494 quandoquidem
1359 3426 1403 3480 si
1441 3434 1524 3479 est
1551 3426 1710 3480 homo
1740 3441 1836 3494 per

254 3501 312 3563 se
345 3501 406 3563 et
449 3496 742 3546 secundum
784 3508 842 3547 se
871 3493 1104 3558 divisim,
1157 3503 1212 3550 et
1259 3510 1363 3549 non
1410 3495 1695 3563 ipsnmmet
1739 3493 1834 3551 Dei

255 3555 507 3634 Verbum
524 3577 689 3634 carne
719 3563 984 3628 indutum,
1032 3555 1194 3619 Pater
1229 3555 1501 3634 propritim
1539 3580 1637 3634 pro
1679 3566 1835 3622 nobis

252 3624 465 3706 Eiliuin
474 3632 688 3706 dedisse
717 3649 819 3706 non
845 3624 1131 3706 invenitur.
1170 3655 1189 3688 ι
1232 3624 1291 3689 lu
1320 3624 1440 3690 Lib.
1481 3624 1555 3691 ad
1577 3636 1827 3706 Reginus,

255 3696 416 3753 Tom.
447 3701 694 3758 lVConc.
724 3703 826 3758 col.
853 3704 974 3757 770.

325 3769 443 3826 Xll.
489 3771 670 3845 ipsum
731 3773 954 3828 Verbum
991 3775 1465 3845 propterrfortnam
1512 3787 1832 3845 assumptum

251 3854 464 3897 servum
491 3840 670 3897 Patris
695 3845 800 3897 dici
823 3840 1064 3898 ostendit.
1087 3840 1263 3898 Verbo
1289 3844 1542 3898 Nestorii.
1566 3840 1832 3900 —Asser-

253 3915 394 3971 tioni
425 3914 640 3983 demum
665 3913 1102 3968 Nestorianorum
1127 3915 1422 3977 Christum,
1453 3924 1717 3983 quatenus
1743 3917 1834 3969 ho-

253 4003 346 4042 mo
380 3993 486 4048 est,
536 3982 628 4039 Dei
661 4000 873 4039 servum
911 3986 1294 4054 appellantium
1317 4025 1330 4044 ,
1369 3986 1443 4039 ita
1472 3982 1526 4038 nt
1558 3989 1695 4038 servi
1729 3985 1834 4040 for-

253 4073 368 4118 ma,
399 4071 562 4123 quam
592 4055 758 4110 Filius
788 4055 882 4110 Dei
908 4056 1179 4124 accepisse
1223 4055 1440 4118 dicitur,
1480 4055 1579 4110 soli
1618 4071 1832 4110 rursum

252 4135 542 4195 assumpto
579 4127 780 4179 homini
819 4127 1151 4190 conveniret,
1176 4127 1396 4196 opponit
1421 4125 1668 4196 Cyrillus,
1696 4127 1830 4188 alie:

252 4213 386 4251 nam
411 4210 636 4264 prorsus
657 4211 776 4251 esse
807 4197 944 4249 hanc
968 4197 1358 4264 expositionem
1389 4209 1419 4248 a
1460 4204 1637 4250 mente
1679 4196 1832 4252 Pauli

251 4267 513 4323 testantis
557 4269 822 4326 eumdem.
854 4267 946 4336 qui
969 4266 1036 4336 ab
1063 4276 1268 4320 :etcrno
1294 4266 1348 4319 in
1381 4264 1550 4319 forma
1590 4266 1682 4319 Dei
1715 4267 1832 4320 fue-

249 4347 377 4398 rat,
407 4339 462 4389 in
495 4337 600 4390 line
625 4334 926 4405 temporum
973 4334 1202 4392 formam
1256 4337 1394 4390 servi
1448 4337 1740 4404 accepisse,
1775 4345 1833 4390 ut

249 4410 420 4480 proin
433 4407 620 4480 ipsum
653 4407 885 4480 Verbum
911 4407 964 4462 in
992 4415 1181 4480 patera
1200 4406 1308 4480 _sibi
1344 4405 1690 4480 unitaAPatris
1717 4422 1830 4480 ser.

249 4476 354 4533 vus
393 4476 498 4532 diei
529 4478 721 4531 debeat
745 4517 760 4541 ,
787 4477 888 4530 nisi
927 4477 1049 4545 quis
1075 4477 1243 4546 989
1267 4478 1442 4530 denuo
1470 4476 1746 4532 Christum
1774 4478 1826 4531 in

249 4550 396 4606 duos
423 4547 666 4601 dividere
705 4563 770 4602 ac
817 4555 1209 4615 consequenter
1252 4546 1532 4601 veritatem
1579 4547 1830 4602 lncarna—

249 4619 424 4673 tionis
452 4625 614 4685 atque
643 4617 1022 4672 exinanitionis
1067 4618 1254 4671 tollere
1279 4616 1422 4670 velit.
1459 4635 1477 4666 ι
1511 4615 1829 4685 Unigenitus

247 4688 429 4744 Filius
453 4687 552 4758 (ait
589 4688 638 4741 in
669 4687 978 4758 defensione
1003 4686 1438 4758 anathematismi
1479 4685 1601 4758 67nd
1630 4703 1827 4758 repre-

248 4755 578 4816 hensionem
607 4757 950 4826 Theodoreti)
989 4759 1079 4826 qui
1110 4757 1265 4812 estin
1295 4755 1468 4810 {omna
1501 4757 1596 4810 Dei
1630 4755 1826 4822 Patris,

247 4841 303 4886 et
330 4844 508 4900 tequze
533 4844 654 4900 r_um
683 4829 774 4882 illo
801 4843 1066 4900 mensura:
1095 4843 1190 4896 per
1221 4827 1421 4900 onuiia,
1468 4827 1616 4900 paris
1645 4827 1830 4896 εισι-ιω

246 4916 314 4956 ac
337 4897 514 4962 liber,
543 4897 713 4971 {arma
756 4899 896 4971 servi
925 4906 1194 4971 assumpta
1232 4897 1397 4971 frater
1421 4898 1715 4971 appellatus
1747 4905 1830 4952 est

247 4986 447 5049 ραι-’.νη
479 4970 571 5038 qui
595 4971 695 5049 sub
722 4968 999 5023 servitutis
1017 4967 1148 5049 jug’o
1170 4979 1342 5049 erant.
1363 4967 1596 5049 _hoc‘est
1621 4977 1826 5049 noster.

245 5039 445 5110 Itaque
492 5041 645 5109 quasi
686 5054 824 5093 unus
869 5053 934 5093 ex
973 5038 1128 5110 nobis
1173 5038 1545 5110 didrachmum
1575 5039 1830 5110 persolvit

245 5108 482 5166 censum
510 5108 881 5178 exigentibus,
923 5117 978 5164 et
1027 5109 1198 5163 factus
1239 5116 1321 5163 est
1366 5112 1467 5164 sub
1515 5108 1631 5176 lege
1674 5108 1828 5178 quasi

245 5181 443 5252 homo,
469 5182 560 5249 qui
589 5189 648 5234 ιιι
671 5179 811 5234 Deus
848 5179 1125 5252 legslator
1145 5188 1228 5234 est
1250 5196 1262 5231 :
1289 5180 1518 5234 docebat
1541 5187 1720 5252 autem
1749 5179 1830 5233 di-

246 5247 500 5321 scipulos
521 5265 670 5314 suos,
715 5252 840 5320 quia
866 5247 926 5305 ei
957 5247 1124 5305 Filius
1149 5259 1234 5304 cst
1277 5264 1434 5321 vere,
1478 5257 1533 5306 et
1567 5249 1619 5302 in
1655 5248 1826 5304 forma

247 5320 400 5378 servi
428 5329 652 5394 propter
678 5337 928 5394 carnem,
973 5321 1188 5394 t:unets_i
1241 5320 1534 5375 secundum
1552 5328 1827 5394 ‘naturam

245 5389 544 5464 propriam
573 5393 709 5446 liber
753 5392 860 5456 sit,
902 5400 1112 5464 utpote
1156 5390 1327 5452 Deus,
1362 5398 1519 5464 _et_ex
1552 5389 1679 5444 Deo.
1729 5389 1830 5444 Ve-

250 5460 567 5521 rumtamen
597 5464 869 5533 propriam
907 5462 1048 5515 servi
1089 5461 1316 5533 formam
1362 5460 1568 5514 habens
1613 5468 1830 5533 propter

248 5530 645 5590 exinanitionis
699 5530 1012 5588 mensuram
1042 5572 1055 5596 ,
1112 5531 1435 5585 tributorum
1489 5530 1830 5583 exactoribus

249 5606 506 5661 subditus
535 5612 672 5658 erat.
723 5603 1008 5670 Quocirca,
1051 5603 1095 5658 si
1123 5602 1244 5670 quis
1273 5600 1416 5653 dicat
1446 5615 1567 5652 cum
1599 5599 1830 5667 appella-

249 5685 374 5750 tunt
395 5691 514 5731 esse
533 5689 752 5750 servum
777 5689 872 5750 per
883 5689 1068 5750 vocem
1089 5679 1402 5728 sanctorum
1426 5670 1826 5750 prophetarum,

251 5746 410 5802 nullo
456 5747 616 5802 modo
658 5745 854 5802 oll‘cudi
899 5744 1051 5800 decet
1104 5761 1116 5796 :
1168 5748 1528 5810 cognoverant
1559 5744 1699 5796 enim
1734 5753 1830 5808 per

1860 3110 1908 3170 (ι

1943 1813 2196 1880 quiddam
2231 1821 2314 1867 est
2355 1813 2646 1868 secundum
2706 1830 2860 1868 suam
2900 1824 3148 1869 naturam
3174 1857 3188 1878 ,
3239 1819 3384 1872 aliud
3425 1835 3521 1872 att-

1944 1890 2053 1955 tem
2093 1883 2666 1955 secundumnatnram
2695 1900 2846 1939 suam
2889 1885 3221 1947 humanitas.
3253 1888 3524 1955 quomodo

1944 1953 2066 2020 quis
2105 1951 2488 2008 dubitaverit?
2520 1953 2898 2008 Verumtamen
2951 1971 3089 2008 unus
3135 1966 3218 2011 est
3273 1951 3524 2014 Christus

1942 2037 2005 2077 ex
2047 2022 2308 2076 ambabus
2353 2022 2570 2077 deitatis
2599 2031 2651 2076 et
2680 2022 3033 2078 humanitatis
3068 2027 3299 2091 naturis,
3330 2043 3524 2082 secun-

2107 2093 2522 2162 dispensationis
2551 2093 2823 2150 unionem.
2859 2115 2879 2146 ι
2918 2094 3074 2149 Tom.
3109 2096 3152 2150 V
3189 2095 3378 2160 Conc.,
3408 2097 3514 2154 col.

2012 2231 2145 2302 XIII.
2177 2231 2509 2286 Calumniam
2539 2234 2604 2288 de
2636 2235 2852 2289 indurta
2877 2234 3181 2302 confusione
3209 2245 3520 2290 naturarum

1939 2303 1994 2356 in
2022 2300 2228 2356 Christo
2257 2302 2526 2373 emolitur,
2552 2314 2796 2358 neutrale
2821 2300 3122 2373 exponendo
3155 2316 3398 2359 naturam
3426 2305 3519 2360 ln-

1937 2373 2279 2426 carnntionis.
2326 2403 2399 2413 ——
2443 2372 2892 2428 Existimantibus
2935 2388 3094 2441 porro
3142 2373 3516 2440 Nestorianis,

1929 2441 2201 2514 principia
2238 2457 2267 2496 a
2298 2455 2357 2496 se
2403 2451 2617 2498 statuta
2651 2443 2956 2514 necessaria
3003 2444 3222 2514 omnino
3265 2459 3408 2509 esse,
3456 2453 3517 2500 ut

1939 2512 2238 2584 differentia
2285 2521 2596 2584 naturarum
2646 2514 2698 2568 in
2739 2513 2965 2584 Christo
3009 2512 3328 2580 salvaretur,
3360 2523 3522 2584 atque

1938 2581 2140 2636 idcirco
2168 2582 2330 2637 etiam
2355 2581 2614 2652 Cyrillum
2643 2584 2709 2638 de
2733 2583 2948 2638 inducta
2975 2584 3309 2646 coni‘nsione,
3342 2599 3406 2638 ac
3436 2581 3522 2640 re-

1936 2653 2193 2707 suscitato
2221 2652 2634 2721 Apollinarismo
2657 2655 3054 2716 accusantibus.
3083 2653 3353 2721 scquelam
3383 2655 3520 2710 hanc

1936 2736 2000 2777 ex
2026 2737 2120 2776 sua
2147 2721 2230 2775 vel
2256 2721 2508 2776 Ecclesiae
2530 2723 2708 2791 potius
2729 2723 2972 2777 doctrina
2997 2723 3301 2778 nullatenus
3326 2723 3520 2779 timen-

1936 2792 2058 2847 dam
2084 2807 2201 2846 esse
2229 2792 2462 2846 ostendit
2491 2801 2710 2848 sanctus
2731 2794 2950 2855 doctor,
2983 2792 3108 2845 dum
3140 2801 3384 2847 naturam
3423 2809 3520 2849 seu

1935 2862 2226 2933 essentiam
2260 2863 2640 2933 incarnationis
2675 2863 2918 2933 pluribus
2941 2863 2992 2916 in
3020 2861 3151 2933 locis
3173 2862 3402 2917 dilucide
3428 2879 3521 2919 ex-

1931 2933 2116 3000 ponit,
2163 2932 2342 3000 aitque
2395 2931 2826 3000 conjunctionem
2871 2943 3078 2986 natura:
3109 2932 3354 2986 humanae
3392 2949 3516 2988 cum

1929 3017 2164 3072 persona
2213 3001 2373 3072 Verbi
2409 3005 2716 3058 nece~sario
2747 3002 2862 3057 fieri
2889 3002 3160 3068 debuisse,
3192 3017 3314 3056 cum
3360 3017 3521 3060 secus

1940 3071 2064 3130 vera
2114 3071 2446 3134 incarnatio,
2480 3081 2571 3126 aut
2617 3082 2824 3128 natura:
2869 3072 3146 3140 utriusque
3187 3073 3316 3126 unio
3345 3075 3520 3128 subsi-

1937 3152 2081 3198 stere
2113 3143 2254 3196 haud
2283 3141 2520 3208 valeret;
2563 3144 2685 3198 inde
2718 3152 2894 3197 tamen
2924 3141 3224 3196 nullatenus
3250 3143 3522 3198 confusio-

1933 3228 2056 3268 nem
2079 3212 2311 3281 aliquam
2336 3227 2428 3266 seu
2453 3215 2856 3268 conversionem
2881 3213 3174 3266 divinitatis
3195 3211 3249 3266 in
3276 3228 3516 3278 carnem,

1933 3283 2018 3338 vel
2045 3282 2277 3338 vicissim
2309 3281 2494 3337 inferri
2527 3299 2700 3353 posse.
2737 3284 2802 3338 Et
2849 3283 2900 3336 in
2951 3281 3519 3353 defensionequidem

1934 3353 2366 3408 anathematismi
2398 3352 2556 3422 primi
2591 3353 2928 3409 'l‘beojoreto
2957 3353 3241 3422 respondet
3275 3352 3360 3407 his
3399 3368 3521 3408 ver-

1931 3423 2045 3478 Dis:
2087 3442 2104 3474 ι
2143 3423 2250 3478 Sed
2274 3424 2490 3492 sapiens
2515 3433 2570 3478 et
2589 3435 2800 3480 astutus
2825 3432 3123 3484 enarrator,
3153 3438 3274 3492 quae
3303 3423 3520 3491 quidem

1933 3494 2115 3549 dicere
2139 3495 2380 3550 decebat.
2415 3503 2469 3548 et
2492 3495 2856 3550 necessarium
2883 3501 3002 3547 erat
3025 3533 3038 3554 ,
3077 3494 3516 3563 praetermittens,

1932 3572 1987 3620 et
2015 3565 2237 3634 omnino
2268 3566 2333 3618 de
2369 3563 2564 3621 talibus
2600 3565 2732 3620 nihil
2774 3564 3036 3634 cogitans,
3061 3564 3162 3616 alia
3209 3563 3520 3634 aggreditur

1931 3634 2038 3688 via.
2092 3633 2384 3688 Confestim
2421 3635 2565 3688 enim
2615 3651 2673 3690 se
2717 3632 2983 3690 convertit
3028 3634 3094 3687 ad
3141 3632 3516 3687 necessitatem

1931 3705 2206 3760 astruendi
2230 3704 2580 3760 conversione
2601 3707 2848 3772 superius
2868 3719 2987 3759 esse
3011 3703 3100 3758 Dei
3134 3703 3390 3766 Verbum,
3419 3717 3520 3758 nec

1933 3775 1986 3830 in
2027 3786 2275 3828 naturam
2305 3774 2486 3828 carnis
2525 3773 2964 3829 transformatum
2995 3789 3152 3828 esse:
3195 3772 3348 3830 quasi
3387 3787 3520 3828 vero

1931 3843 2416 3899 anathematismus
2461 3845 2513 3898 id
2563 3843 2848 3899 confirmet
2907 3858 2970 3898 ac
3041 3842 3326 3898 ostendere
3367 3842 3511 3898 velit.

1930 3915 2128 3969 Audiat
2157 3915 2356 3980 itaque,
2386 3913 2474 3981 qui
2503 3929 2792 3968 occurrere
2819 3913 2924 3976 his,
2955 3913 3151 3982 quiius
3172 3912 3513 3976 contradicit,

1933 3985 2078 4040 nullo
2118 3983 2278 4038 modo
2324 3984 2512 4037 novit:
2549 3983 2816 4052 superﬂue
2865 3983 3100 4051 loqueris
3130 3983 3308 4052 homo,
3342 3990 3396 4052 et
3427 3997 3515 4034 re-

1931 4069 2140 4124 pugnas
2183 4054 2462 4124 sententiae
2489 4051 2685 4108 odiosa:
2711 4054 2874 4108 etiatn
2901 4057 3058 4124 apud
3106 4068 3224 4105 nos.
3256 4051 3516 4107 Novimus

1929 4122 2074 4180 enim
2131 4122 2274 4194 quod
2329 4125 2694 4178 conversionis
2735 4122 3200 4194 obumbrationem
3248 4124 3516 4194 sustinere

1932 4195 2111 4251 divina
2135 4191 2190 4248 et
2214 4209 2463 4262 suprema
2489 4203 2677 4248 natura
2706 4210 2811 4247 non
2841 4193 3076 4262 patitur:
3104 4191 3196 4248 sed
3223 4206 3396 4262 neque
3421 4191 3512 4246 Dei

1932 4266 2170 4321 Verbum
2212 4279 2334 4319 esse
2379 4264 2632 4318 desinens
2673 4265 2795 4327 hnc,
2829 4266 2971 4332 quoi
3018 4272 3122 4324 est,
3168 4262 3222 4314 in
3267 4270 3516 4315 naturam

1932 4336 2144 4390 transiit
2167 4334 2366 4389 carnis.
2393 4333 2526 4400 Quia
2547 4349 2674 4388 vero
2697 4335 2794 4397 ait,
2811 4350 2840 4386 a
2865 4333 2957 4387 Dei
2983 4332 3152 4386 forma
3181 4339 3513 4400 assumptum

1933 4406 2072 4460 servi
2097 4405 2348 4467 formam,
2366 4404 2555 4458 doceat
2581 4405 2632 4458 in
2660 4405 2893 4458 medium
2913 4403 3230 4472 proeedens,
3249 4401 3292 4456 si
3311 4401 3512 4469 absque

1930 4475 2293 4530 subsistentiis
2318 4474 2445 4529 solae
2472 4482 2525 4527 et
2553 4488 2648 4542 per
2675 4489 2732 4528 se
2757 4475 2941 4527 formae
2969 4480 3334 4542 convenerunt
3374 4473 3515 4526 inter

1931 4562 2008 4601 se.
2044 4545 2151 4600 Sed
2180 4545 2447 4608 existimo,
2478 4540 2591 4612 ipse
2626 4560 2684 4600 se
2727 4545 2907 4598 statim
2949 4550 3175 4602 evertet.
3209 4540 3515 4612 NonAenim

1931 4615 2306 4672 similitudines
2329 4609 2646 4684 simpliciter
2675 4630 2778 4668 non
2808 4612 3192 4684 subsistentes,
3226 4622 3280 4666 et
3324 4609 3511 4684 forma:

1929 4694 2296 4742 convenerunt
2341 4681 2483 4738 inter
2510 4700 2567 4738 se
2605 4700 2701 4755 per
2744 4686 2994 4738 unionem
3025 4681 3510 4755 dispensatoriam;

1931 4758 2023 4812 sed
2051 4771 2229 4811 rerum
2271 4755 2382 4808 sive
2423 4749 2843 4809 substabtiarum
2889 4749 3184 4807 concursus
3210 4760 3292 4806 est
3319 4749 3510 4814 factus,

1929 4835 1989 4882 ut
2016 4824 2470 4881 inhumanationis
2497 4824 2637 4878 ratio
2665 4839 2791 4876 vere
2827 4821 2968 4876 facta
2997 4823 3266 4877 crcdafur.
3295 4821 3436 4890 Ergo
3462 4821 3510 4876 si

1930 4897 2190 4956 dicemus,
2219 4909 2437 4949 carnem
2467 4893 2667 4949 factum
2691 4895 2950 4957 Verbum,
2983 4907 3086 4946 non
3111 4891 3502 4952 confusionem,

1931 4983 2034 5022 non
2061 4966 2370 5028 mixturam,
2399 4979 2504 5016 non
2531 4965 2936 5018 conversionem
2965 4972 3056 5016 aut
3079 4962 3509 5016 immutationem

1929 5037 2219 5106 contigisse
2245 5034 2472 5106 dicimus
2500 5035 2866 5106 circ_a__ipsum
2889 5074 2908 5096 ,
2955 5031 3050 5106 sed
3077 5033 3305 5106 unitum
3331 5031 3510 5106 potius

1931 5099 2272 5180 intella'bilitcr
2285 5112 2341 5156 et
2355 5099 2785 5180 inenarrabiliter
2805 5103 3016 5180 corpori
3041 5103 3276 5158 animam
3294 5099 3514 5180 habenti

1931 5175 2333 5232 intellectivam.
2363 5173 2514 5238 Quod
2541 5183 2718 5228 autem
2748 5174 2887 5227 uniri
2916 5173 3132 5233 dicitur.
3174 5188 3279 5227 non
3325 5173 3510 5225 statim

1931 5245 2298 5318 confunditur,
2324 5243 2414 5298 sed
2439 5243 2616 5318 potius
2636 5244 2864 5318 alterum
2897 5243 3140 5298 assumit.
3165 5241 3508 5318 Aliirmamus

1931 5317 2095 5387 igitur
2129 5316 2380 5387 Verbum,
2413 5315 2554 5383 quod
2583 5331 2649 5368 ex
2680 5315 2786 5370 Deo
2815 5314 2974 5387 Patre
3015 5322 3116 5367 est.
3151 5314 3508 5387 assumpsisse

1931 5377 2173 5460 sanctam
2205 5393 2258 5460 et
2292 5377 2582 5460 animalum
2611 5400 2848 5460 carnem,
2873 5377 3506 5460 unitumquesecu‘ndum

1931 5457 2210 5511 veritatem
2236 5454 2532 5516 inconfuse,
2561 5469 2629 5508 ex
2657 5464 2808 5509 utero
2837 5455 2950 5522 ipso
2986 5447 3308 5520 processisse
3336 5447 3510 5501 homi-

1931 5542 2077 5598 nem,
2109 5525 2892 5598 per_mansissc_autem_etiam
2925 5522 3196 5598 sic_De_um
3228 5530 3442 5598 verum.
3480 5533 3501 5567 ι

1934 5587 2088 5652 Tom.
2109 5587 2158 5650 'V
2183 5596 2373 5660 Conc.,
2416 5595 2518 5650 col.
2559 5595 2648 5648 90.
2692 5591 3068 5660 Praetereunda
3102 5587 3242 5642 haud
3275 5587 3509 5660 arbitra-

1931 5683 2055 5725 mur
2079 5681 2141 5722 ea
2170 5681 2290 5745 qua:
2313 5654 2543 5745 Cvrillus
2571 5665 2625 5719 in
2653 5663 2892 5745 epistolis
2915 5661 2982 5741 ad
3020 5658 3341 5745 Successum
3367 5654 3508 5745 JDie:

1936 5727 2524 5794 ctesarem-lsauriensis
2549 5727 2838 5805 provinciae
2877 5729 3188 5800 episcopum
3217 5729 3318 5784 hac
3359 5727 3427 5784 de
3449 5741 3509 5781 re
