4038 6336
492 257 625 340 ἰιδ

1363 281 1422 334 Β.
1463 278 1524 333 F.
1566 273 1790 332 ALBINI
1825 271 1954 328 SEU
1997 265 2270 325 ALCL‘INI
2318 263 2602 324 OPERUM
2642 262 2942 322 PARS‘IH.

3662 263 3767 321 “6

519 385 861 467 scripsit,ubi
883 402 937 450 et
962 392 1274 466 mystcrlum
1299 369 1954 467 incarnationis'singnlari
1973 400 2091 467 eru-
2117 385 2166 444 Α
2193 380 2514 467 plicabiliter
2538 381 2767 467 unitum,
2801 395 2960 464 unam
2987 378 3141 467 nobis
3167 375 3294 467 Filii
3321 384 3770 460 naturamostenc

518 456 720 522 ditit'me
747 456 1037 537 explanat:
1067 472 1120 517 et
1153 459 1742 537 criminatoribus_suis
1771 456 1884 537 toto
1912 456 2089 537 studio

515 538 717 592 obviat.
755 555 772 587 ι
809 529 942 604 Quia
973 549 1130 604 vero,
1151 532 1244 604 (ita
1275 531 1328 584 in
1359 531 1528 604 prima
1556 529 1627 604 ad
1643 529 2089 604 przedietumcm-

517 595 984 687 scopum‘epistola
1007 602 1214 687 scribit)
1234 595 1478 687 nonnulli
1502 595 1658 653 nobis
1672 595 2090 687 AJpolliiiari'icr-

516 666 668 730 rores
709 666 969 746 objiciunt
1013 688 1077 726 ac
1120 666 1306 725 dicunt
1349 687 1360 722 :
1401 669 1459 724 Si
1488 685 1650 746 unum
1687 667 1859 746 dicitis
1888 666 2089 746 Fiiiiun

515 737 797 812 secundum
827 744 1105 864 perfectam
1131 752 1284 812 atque
1311 741 1636 793 commistam
1676 739 1927 791 unitatem
1957 737 2089 790 illud

516 832 582 864 ea:
601 814 707 864 Deo
730 813 889 864 Patre
938 811 1134 864 ’erbum
1157 811 1413 864 hominem
1441 809 1635 864 factum
1665 817 1712 860 et
1735 809 2086 864 ineat-natum.

499 817 582 869 ea:
601 809 713 868 Deo
730 809 889 866 Patre
917 809 1134 866 Verbum
1157 809 1413 865 hominem
1440 809 1635 877 factum
1665 817 1712 860 et
1735 809 2086 869 ineat-natum,

515 887 693 954 utique
719 883 852 936 illud
879 883 1033 954 etiam
1059 881 1265 954 opinari
1298 889 1346 933 et
1385 879 1575 932 sentire
1599 878 1922 954 decrevistis,
1952 894 2091 930 com-

515 947 804 1007 mistionem
832 951 908 1006 vel
942 947 1298 1020 confusionem
1338 959 1430 1003 aut
1459 949 1862 1020 compactionem
1895 947 2089 1020 factum

514 1041 623 1077 esse
659 1021 808 1075 Verbi
837 1039 953 1075 cum
977 1017 1208 1091 corpore,
1240 1030 1330 1072 aut
1355 1029 1495 1091 εει-ις
1517 1018 1746 1085 corporis
1771 1017 2092 1091 immutatio-

514 1109 630 1146 nem
665 1093 716 1144 in
747 1091 1031 1145 divinitatis
1060 1087 1323 1142 naturam.
1355 1089 1430 1142 Ea
1466 1089 1532 1142 de
1571 1102 1733 1142 causa
1762 1101 1860 1140 nos
1901 1087 2091 1140 admo-

515 1162 642 1243 dnm
671 1163 984 1243 sapienter,
1027 1169 1083 1243 ut
1111 1159 1433 1243 calumniam
1477 1156 1818 1239 repellamus,
1846 1155 2092 1243 dicimus

515 1230 642 1285 illud
671 1226 768 1284 Dei
813 1231 988 1284 Patris
1033 1230 1267 1284 Verbum
1295 1229 1475 1290 modo,
1503 1226 1593 1295 qui
1634 1242 1808 1294 neque
1845 1226 2089 1296 intelligi,

516 1316 690 1370 neque
718 1301 947 1370 exprimi
978 1299 1157 1370 verbis
1181 1299 1370 1370 possit,
1401 1298 1706 1370 unisse__sihl
1728 1311 1929 1370 corpus
1977 1297 2092 1350 ani-

514 1367 718 1424 matum
745 1367 924 1424 anima
960 1367 1328 1432 intellectuali,
1359 1376 1413 1422 et
1438 1368 1700 1438 prodiisse
1728 1367 1996 1438 hominem
2025 1382 2090 1420 ex

513 1441 760 1505 muliere,
783 1456 886 1494 non
919 1439 1288 1506 immutatione
1312 1436 1539 1500 naturae,
1565 1436 1656 1491 sed
1682 1437 1858 1506 potius
1879 1436 2094 1506 dispen-

514 1512 714 1564 satoria
742 1510 1012 1564 voluntate
1043 1509 1209 1564 nostri
1233 1505 1460 1563 similem
1489 1505 1710 1562 factum.
1743 1506 1922 1561 Voluit
1949 1505 2093 1560 enim

516 1580 678 1635 homo
704 1579 835 1643 ﬂeri,
871 1596 975 1633 non
1005 1595 1070 1633 eo
1106 1579 1327 1643 amisso,
1357 1579 1498 1647 quod
1523 1577 1815 1631 secundum
1845 1584 2092 1647 naturam

484 1692 486 1694 τ
515 1649 658 1704 Deus
686 1657 821 1704 erat.
856 1648 960 1704 Sed
983 1649 1230 1718 quamvis
1251 1650 1303 1702 in
1328 1646 1540 1702 uestras
1567 1661 1846 1718 mensuras
1869 1646 2092 1718 descen-

515 1719 683 1794 derit,
693 1729 765 1794 _e_t
789 1720 928 1794 servi
960 1717 1188 1794 formam
1214 1719 1466 1794 induerit,
1497 1727 1675 1771 tamen
1702 1717 1780 1772 sic
1803 1731 2016 1794 quoque
2037 1717 2089 1794 i_n
2123 1734 2168 1794 Β

513 1805 625 1843 sua:
653 1788 947 1844 divinitatis
977 1789 1316 1852 excellentia,
1349 1797 1406 1842 et
1447 1789 1498 1842 in
1527 1803 1624 1842 suo
1653 1787 1881 1840 naturali
1913 1787 2091 1840 domi-

515 1867 644 1913 natu
693 1860 1034 1929 permansit.
1061 1898 1111 1912 ..
1150 1858 1568 1929 Con~iderantes
1610 1857 1796 1929 igitur,
1844 1865 1904 1910 ut
1947 1857 2092 1929 dixi,

515 1927 732 1983 modum
763 1929 1181 1992 humanationis,
1213 1928 1558 1998 intelligimus
1592 1927 1723 1983 duas
1756 1928 1898 1981 inter
1924 1942 1982 1998 se
2011 1928 2094 1980 in-

514 1999 814 2053 dissolubili
845 2001 1039 2054 unione
1069 1996 1631 2054 convenisse—naturas
1661 1999 1794 2052 citra
1825 1996 2095 2052 confusio-

514 2085 657 2132 nem,
700 2078 860 2139 atque
908 2069 1331 2123 immutationem
1369 2068 1568 2139 ullam:
1609 2084 1736 2122 caro
1781 2068 1924 2121 enim
1967 2082 2096 2121 caro

511 2147 622 2203 est,
668 2147 722 2194 et
769 2138 874 2193 non
905 2139 1190 2202 divinitas,
1219 2139 1427 2193 etiamsi
1473 2138 1566 2191 Dei
1611 2153 1740 2193 caro
1783 2139 1922 2191 facta
1971 2145 2091 2191 est:

515 2207 752 2278 itemque
791 2209 1027 2264 Verbum
1075 2209 1215 2262 Deus
1253 2217 1356 2270 est,
1401 2215 1455 2262 et
1500 2223 1605 2262 non
1633 2223 1798 2278 Acaro,
1849 2207 2096 2276 quamvis

513 2275 906 2346 dispensatoria
948 2278 1156 2332 ratione
1185 2279 1456 2346 propriam
1490 2277 1590 2330 sibi
1623 2275 1814 2332 fecerit
1849 2275 2092 2332 carnem.

514 2346 684 2418 igitur
713 2363 835 2402 cum
864 2347 915 2418 id
942 2347 1374 2418 consideramus,
1407 2347 1540 2418 nihil
1580 2346 1729 2400 illum
1755 2347 1806 2400 in
1825 2347 2096 2418 unitatem

516 2416 838 2472 concursum
869 2416 1149 2481 violamus,
1181 2417 1307 2470 dum
1334 2431 1397 2470 ex
1423 2416 1629 2470 duabus
1658 2417 1864 2470 naturis
1893 2416 2095 2470 factum

515 2485 635 2541 esse
663 2487 892 2542 dicimus
917 2505 929 2538 :
969 2487 1063 2541 sed
1091 2493 1213 2556 post
1238 2486 1488 2540 unionem
1531 2496 1752 2540 naturas
1777 2487 2000 2541 alteram
2028 2488 2096 2542 ab

514 2557 687 2611 altera
713 2573 818 2610 non
849 2557 1156 2618 dividimus,
1174 2570 1344 2626 neque
1365 2556 1578 2626 iniduos
1602 2557 1737 2610 filios
1758 2557 1906 2610 illum
1929 2572 2094 2610 unum

514 2627 1000 2696 impartibilemque
1035 2625 1309 2691 secamus,
1352 2625 1442 2681 sed
1484 2639 1652 2680 unum
1689 2628 1982 2682 asserimus
2008 2627 2096 2680 Fi-

511 2695 676 2759 lium,
696 2706 769 2760 et,
804 2705 863 2750 ut
891 2695 1061 2750 sancti
1110 2696 1297 2750 Patres
1324 2697 1602 2759 dixerunt,
1640 2713 1800 2751 unam
1847 2706 2094 2752 naturam

514 2765 610 2819 Dei
645 2767 802 2821 Verbi
848 2767 1204 2821 incarnatam.
1245 2765 1428 2830 Itaque
1454 2776 1710 2834 quantum
1751 2768 1816 2820 ad
1844 2766 2095 2822 conside-

515 2837 742 2891 randum
769 2837 980 2901 attinet,
1017 2846 1177 2906 atque
1197 2835 1360 2890 animi
1387 2837 1557 2890 oculis
1578 2838 1946 2892 tantummodo
1968 2853 2094 2891 con-

513 2907 900 2976 templandum,
932 2908 1197 2976 quomodo
1228 2907 1388 2960 homo
1425 2906 1598 2960 factus
1625 2907 1694 2961 sit
1723 2907 1811 2960 ille
1845 2907 2096 2976 Unigeni-

515 2986 620 3037 tus,
653 2977 785 3046 duas
831 2987 1053 3031 naturas
1084 2978 1261 3032 unitas
1303 2991 1421 3032 esse
1468 2978 1714 3039 dicimus,
1764 2993 1930 3030 unum
1965 2992 2094 3031 vero

515 3046 789 3100 Christum
817 3054 871 3100 et
894 3047 1087 3100 Filium
1113 3056 1167 3101 et
1193 3047 1475 3100 Dominum
1499 3047 1626 3102 illud
1651 3047 1742 3100 Dei
1767 3046 1938 3102 Patris
1959 3048 2091 3102 Ver-

2191 448 2289 514 dit,
2320 451 2430 516 sed,
2464 460 2520 504 ut
2547 451 2812 514 diximus,
2854 451 3209 504 iucarnatam.
3251 448 3365 502 Non
3394 449 3538 503 enim
3570 449 3766 517 ipsum,

2189 536 2377 584 unum,
2408 523 2460 574 in
2492 521 2574 575 his
2597 521 2723 574 solis
2751 536 2870 590 quae
2894 522 3185 574 secundum
3225 529 3470 572 naturam
3501 519 3770 588 simplicia

2190 601 2331 654 sunt,
2355 606 2482 644 vere
2503 591 2720 656 dicitur,
2735 591 2826 645 sed
2855 591 2908 644 in
2933 591 3018 643 his
3040 591 3201 642 etiam
3222 605 3341 659 qum
3361 596 3486 641 sunt
3505 603 3604 658 per
3623 604 3772 644 com-

2188 661 2506 730 positionem
2542 659 3168 730 conjuncta,cujusmodi
3205 669 3288 714 est
3318 660 3479 713 homo
3500 661 3771 730 exanima

2190 729 2442 785 constans
2467 739 2520 800 et
2547 746 2790 800 corpore.
2822 729 2954 783 Nam
2985 730 3247 800 ejusmodi
3278 745 3366 783 res
3393 744 3513 782 cum
3543 729 3772 786 alterius

2189 801 2298 854 sint
2341 799 2568 870 speciei,
2611 798 2666 854 et
2704 800 2926 854 minime
2955 798 3194 866 ejusdem
3234 799 3374 870 inter
3410 814 3468 852 se
3495 800 3767 866 essentia,

2191 869 2381 925 tamen
2408 886 2528 924 cum
2559 871 2721 924 unita:
2754 880 2899 934 sunt,
2927 886 3086 924 unam
3118 869 3352 923 hominis
3393 879 3646 923 naturam
3675 872 3770 925 ab-

2191 942 2402 994 solvunt
2429 957 2442 1004 ;
2483 942 2726 1009 quamvis
2755 941 2894 994 adsit
2919 941 2970 994 in
2997 940 3403 1008 compositionis
3433 940 3644 993 ratione
3668 941 3772 995 dif-

2188 1010 2436 1071 ferentia,
2475 1012 2764 1065 secundum
2786 1020 3029 1064 naturam
3059 1025 3238 1063 rerum
3265 1011 3330 1063 ad
3353 1009 3618 1065 unitatem
3642 1027 3774 1065 con-

2189 1081 2543 1135 Currentium.
2575 1079 2917 1150 Supervacue
2944 1082 3107 1149 igitur
3135 1081 3527 1134 ratiocinantur
3567 1081 3661 1148 qui
3687 1095 3774 1136 as-

2191 1159 2410 1214 serunt,
2453 1152 2630 1206 siuna
2673 1152 2742 1204 sit
2783 1160 2971 1204 natura
2999 1151 3159 1205 Verbi
3209 1151 3512 1220 incarnata,
3549 1165 3775 1220 prorsus

2191 1220 2447 1290 consequi
2495 1221 2897 1289 permistionem
2946 1230 3108 1290 atque
3151 1219 3519 1274 confusionem
3553 1219 3775 1280 factam

2191 1290 2377 1354 fuisse,
2425 1291 2705 1345 imminuta
2750 1292 3004 1345 nimirum
3034 1299 3194 1359 atque
3221 1291 3494 1344 subtracta
3535 1291 3777 1346 hominis

2191 1373 2405 1416 natura.
2436 1360 2620 1430 Neque
2647 1361 2790 1415 enim
2821 1361 3100 1414 imminuta
3144 1376 3319 1430 neque
3355 1360 3633 1415 subtracta
3665 1370 3773 1426 est,

2191 1439 2253 1500 ut
2307 1431 2457 1484 aiunt
2484 1449 2495 1483 :
2528 1446 2648 1485 nam
2676 1432 2741 1484 ad
2765 1431 3076 1500 plenissime
3103 1431 3486 1486 declarandum
3525 1431 3674 1499 quod
3706 1433 3779 1486 sit

2192 1499 2366 1555 factus
2396 1502 2575 1564 homo,
2599 1501 2729 1556 satis
2755 1499 2838 1556 est
2861 1501 3017 1555 fateri
3049 1501 3176 1556 illud
3215 1500 3379 1555 fuisse
3406 1501 3774 1556 incarnatum.

2192 1566 2306 1625 Hoc
2335 1571 2477 1625 enim
2523 1572 2567 1624 si
2605 1587 2634 1624 a
2673 1573 2828 1628 nobis
2864 1580 3150 1636 taceretur,
3184 1571 3446 1626 haberent
3473 1570 3651 1626 locum
3682 1572 3780 1626 ali-

2193 1655 2351 1709 quem
2375 1655 2558 1712 eorum
2587 1641 2898 1698 calumnia:
2923 1657 3050 1712 cum
3068 1656 3196 1695 vero
3221 1641 3530 1712 necessario
3553 1641 3780 1712 subjun-

2197 1719 2342 1764 ctum
2357 1711 2787 1772 sit,incarnatum
2817 1728 2950 1774 esse,
2969 1711 3184 1766 ubinam
3201 1711 3341 1765 ullus
3358 1712 3774 1776 imminutionis,

2197 1782 2650 1836 subtractionisve
2672 1785 2859 1837 modus
2882 1783 3100 1837 relictus
3115 1783 3231 1836 est?
3250 1803 3267 1833 ι
3289 1781 3420 1836 lbid.
3442 1781 3479 1835 f.
3498 1781 3601 1835 142
3613 1791 3671 1836 et
3684 1783 3774 1837 45.

2266 1851 2402 1923 XIV.
2433 1851 2524 1905 Ea;
2546 1851 2790 1922 loquendi
2826 1853 2991 1908 modis
3037 1869 3167 1923 quos
3211 1852 3526 1906 adhibebant
3578 1851 3780 1908 Nesto-

2198 1921 2335 1974 riani
2365 1921 2653 1992 necessario
2679 1923 2978 1991 inferendns
3004 1921 3112 1976 esse
3131 1922 3264 1992 duas
3289 1938 3537 1992 personas
3560 1923 3782 1976 demon-

2193 1999 2343 2044 strat.
2377 1989 2538 2062 Verba
2564 1989 3015 2046 Nestorianorum.
3030 1991 3266 2058 -—Quod
3289 1989 3496 2060 Spectat
3520 1992 3782 2062 loquendi

2194 2062 2382 2115 modos
2407 2077 2436 2114 a
2461 2061 2812 2125 Nestorianis,
2845 2071 2903 2116 ut
2927 2063 3285 2118 differentiam
3313 2061 3631 2117 naturarum
3665 2062 3781 2117 effi-

2195 2131 2377 2202 cacius
2401 2133 2765 2202 exprimerent
2795 2133 3062 2187 adhibitos
3081 2174 3094 2196 ,
3147 2148 3270 2187 eum
3313 2147 3505 2201 nempe
3533 2134 3741 2202 passim
3761 2175 3777 2196 ,

2195 2201 2388 2272 ubide
2423 2201 2578 2256 Verbi
2626 2203 2996 2257 incarnatione
3025 2204 3417 2272 loquebantur,
3451 2201 3594 2257 inter
3637 2204 3780 2266 hunc

2194 2281 2241 2344 et
2271 2269 2854 2344 illumudistinguerent,
2892 2269 3246 2342 meritoipsis
3280 2274 3575 2342 exprobrat
3599 2273 3780 2344 Cyril-

2194 2339 2457 2414 lustnihil
2483 2342 2588 2414 diei
2617 2339 2873 2412 potuisse,
2921 2360 3028 2414 quo
3057 2339 3295 2412 apertius
3321 2339 3569 2414 persona:
3597 2339 3782 2401 unitas

2194 2409 2249 2464 in
2279 2411 2495 2466 Christo
2520 2409 3040 2477 destruereturfuti
3083 2409 3269 2468 revera
3298 2409 3519 2467 cuilibet
3549 2429 3664 2467 rem
3695 2415 3783 2469 vel

2194 2481 2355 2554 gbvﬁ:
2383 2481 2758 2554 consideranti
2803 2493 2968 2552 patet.
3009 2504 3028 2534 ε
3064 2483 3508 2554 Quandoquidem
3542 2483 3642 2554 (ait
3681 2484 3776 2539 lib.

2195 2549 2271 2604 De
2296 2550 2428 2607 Fide
2447 2553 2512 2606 ad
2541 2549 2925 2624 Theodosium)
2953 2549 3118 2608 unum
3147 2549 3421 2608 Christum
3446 2553 3497 2624 in
3530 2549 3667 2608 duos
3694 2569 3783 2609 se-

2193 2631 2458 2693 cernunt.
2506 2632 2560 2676 et
2606 2639 2789 2678 crassa
2825 2623 3051 2693 quadam
3091 2625 3433 2693 separatione
3469 2623 3612 2677 inter
3639 2626 3781 2678 [tunc

2193 2698 2247 2744 et
2274 2691 2420 2746 illum
2449 2693 2688 2758 inducta,
2721 2691 3008 2763 utrumque
3037 2691 3277 2748 seorsum
3318 2708 3381 2747 ac
3410 2694 3564 2762 quasi
3595 2709 3695 2762 per
3719 2710 3783 2750 se

2194 2771 2341 2834 stare
2368 2765 2725 2827 contendunt;
2751 2773 2806 2818 et
2833 2765 3059 2818 alterum
3088 2766 3326 2834 quidem,
3351 2779 3474 2817 eum
3519 2765 3782 2818 nimirum

2192 2833 2283 2900 qui
2309 2845 2376 2888 ex
2407 2834 2623 2902 Virgine
2649 2843 2807 2891 natus
2831 2843 2932 2898 est,
2973 2833 3268 2903 perfectum
3300 2835 3570 2888 hominem
3596 2851 3612 2898 ;
3646 2835 3784 2888 alte—-

2193 2915 2313 2956 rum
2355 2918 2568 2974 rursum
2597 2905 2768 2974 ipsum
2795 2904 2888 2958 Dei
2933 2905 3106 2960 Patris
3131 2905 3363 2959 Verbum
3396 2919 3515 2958 esse
3545 2906 3732 2958 dicunt
3763 2921 3778 2970 ;

2193 2987 2299 3026 non
2326 2973 2454 3042 quid
2479 2973 2628 3027 inter
2653 2975 2742 3029 Dei
2782 2983 2835 3028 et
2859 2977 3038 3029 carnis
3067 2984 3312 3028 naturam
3345 2975 3556 3028 intersit
3581 2975 3779 3028 distin-

2196 3052 2441 3114 guentes,
2470 3058 2642 3112 neque
2669 3045 2807 3102 intra
2839 3047 2981 3099 solos
3000 3045 3418 3114 discrepantium
3455 3053 3782 3099 naturarum

514 3117 642 3174 bum
671 3116 940 3172 hominem
979 3117 1202 3182 factum,
1233 3125 1288 3171 et
1312 3117 1646 3170 iucarnatum
1681 3119 1991 3172 asset-imus.
2024 3118 2095 3171 At
2121 3094 2166 3156 (ἶ
2197 3094 2459 3168 ἶοηῐιίηοέ
2500 3094 2893 3170 «insistentes:
2937 3117 3009 3169 ita
3041 3094 3194 3169 enim.
3224 3130 3253 3168 a
3282 3115 3508 3169 veritate
3547 3132 3655 3169 non
3683 3117 3783 3169 ab-

515 3186 561 3239 si
589 3185 780 3257 placet.
815 3186 952 3241 hanc
996 3187 1166 3256 ipsam
1207 3195 1447 3244 nostram
1479 3188 1944 3257 compositionem,
1989 3203 2094 3256 qua

517 3270 703 3327 sumus
733 3256 994 3320 homines,
1025 3257 1188 3327 990
1218 3258 1268 3310 in
1296 3256 1973 3326 excuiplum’accipiamus.
2017 3258 2094 3312 Ex

517 3325 695 3378 anima
742 3341 973 3394 namque
1023 3325 1340 3395 et'corpore
1382 3325 1568 3382 sumus
1607 3325 1910 3398 compositi,
1938 3328 2095 3382 duas-

518 3410 623 3466 que
671 3405 890 3451 naturas
942 3399 1230 3460 intuemur,
1287 3399 1512 3451 alteram
1559 3400 1827 3466 corporis,
1872 3399 2094 3451 alteram

518 3465 740 3519 animai:
773 3469 864 3519 sed
895 3483 1033 3522 unus
1061 3482 1123 3521 ex
1152 3468 1428 3536 utriusque
1455 3465 1882 3523 unione’eonstat
1901 3469 2091 3522 homo:

517 3549 700 3607 neque
719 3551 864 3598 vero,
890 3539 1013 3606 quia
1037 3554 1100 3592 ex
1131 3538 1336 3592 duabus
1358 3539 1566 3592 naturis
1589 3538 1748 3592 homo
1769 3539 2096 3607 compositus

517 3614 617 3678 est,
674 3606 806 3660 duos
835 3619 1023 3678 putare
1062 3609 1318 3661 debemus
1349 3609 1610 3670 homines,
1663 3609 1751 3678 qui
1793 3606 1934 3663 unus
1979 3617 2092 3672 est,

519 3675 611 3727 sed
641 3691 803 3748 unum
835 3675 1080 3731 eumdem
1111 3693 1206 3745 per
1236 3675 1696 3748 compositionem,
1729 3686 1786 3732 ut
1825 3679 1933 3732 dixi
1957 3720 1970 3742 ,
2001 3683 2093 3748 qui

517 3760 584 3817 ex
610 3745 785 3817 anima
813 3755 1025 3801 constat
1049 3756 1102 3801 et
1129 3745 1373 3814 corpore;
1402 3747 1534 3801 Nam
1558 3750 1600 3802 si
1633 3749 2006 3817 negaverimus
2021 3745 2092 3803 ex

518 3815 725 3868 duabus
745 3816 1076 3886 diversisque
1101 3817 1306 3872 naturis
1334 3833 1496 3872 unum
1521 3834 1583 3872 ac
1606 3815 1776 3872 solum
1803 3834 1919 3873 esse
1945 3817 2098 3872 Chri-

517 3894 679 3950 stum,
712 3887 800 3958 qui
831 3896 950 3955 post
989 3888 1242 3941 unionem
1289 3887 1450 3942 dividi
1501 3904 1606 3943 non
1655 3890 1854 3958 possit,
1897 3889 2092 3943 dicturi

517 3963 662 4018 sunt,
693 3956 782 4023 qui
813 3971 934 4009 cum
958 3966 1102 4028 recta
1126 3958 1228 4028 fide
1255 3958 1446 4011 bellum
1474 3956 1696 4028 gerunt:
1729 3960 1772 4013 si
1799 3967 1964 4014 totum
1988 3974 2092 4012 una

517 4033 601 4079 est
630 4036 843 4089 natura,
872 4027 1142 4098 quomodo
1170 4027 1342 4082 factus
1367 4037 1451 4082 est
1481 4027 1668 4092 homo,
1713 4044 1940 4098 quamve
1974 4044 2095 4098 car:

520 4109 642 4147 nem
665 4098 938 4168 propriam
967 4097 1123 4168 fecit?
1141 4106 1293 4168 etc.»
1326 4098 1480 4156 Tom.
1513 4099 1575 4160 V,
1609 4097 1747 4168 part.
1777 4115 1837 4163 ιι,
1865 4098 1956 4152 fol.
1990 4097 2094 4153 556

517 4173 573 4217 et
603 4179 715 4238 seq.
740 4167 994 4238 Cumque
1022 4167 1208 4221 offensi
1241 4167 1464 4222 fuissent
1489 4167 1728 4238 quidam,
1759 4169 1898 4238 quod
1929 4168 2096 4238 dixis:-

519 4240 602 4303 set
629 4232 860 4302 Cyrillus
888 4232 1045 4289 tinam
1077 4247 1320 4290 naturam
1348 4232 1678 4292 int-ornatam
1699 4279 1714 4303 ,
1749 4232 1800 4291 in
1831 4238 1998 4291 altera
2025 4237 2093 4291 ad

453 4329 456 4332 -
522 4301 840 4378 Successum
868 4307 1090 4378 cpistola
1134 4317 1365 4378 mentem
1397 4323 1554 4378 suam
1592 4301 1822 4378 desuper
1857 4308 2093 4376 apertius

523 4371 615 4424 dat
642 4372 859 4426 dicens:
892 4371 914 4421 ἱ
947 4375 1151 4429 Rursus
1179 4376 1445 4445 ignorant,
1470 4377 1560 4444 qui
1584 4371 1740 4431 recta
1758 4371 2089 4447 pervertunt,

522 4456 684 4494 unam
707 4456 890 4495 revera
913 4459 1032 4497 esse.
1055 4443 1297 4497 naturam
1322 4443 1847 4500 Verhiincarnatam.
1870 4446 1924 4500 SI
1948 4447 2090 4500 enim
2121 4443 2168 4502 D

519 4525 662 4564 unus
696 4520 779 4564 est
802 4512 989 4576 Filius,
1017 4513 1106 4568 ille
1134 4523 1321 4566 natura
1346 4530 1408 4568 ac
1431 4530 1574 4579 vere,
1609 4515 1734 4570 illud
1765 4533 1828 4570 ex
1852 4514 1962 4570 Deo
1991 4516 2090 4570 Pa-

520 4590 604 4652 tre
638 4580 863 4636 Verbum
905 4581 1242 4636 ineffabiliter
1273 4584 1527 4652 genitum,
1560 4585 1652 4652 qui
1681 4587 1871 4638 deinde
1902 4600 2093 4640 secun-

521 4649 652 4720 dum
677 4655 1095 4720 assumptionem
1125 4649 1304 4707 carnis
1327 4668 1430 4707 non
1459 4649 1780 4714 inanimatae,
1815 4659 1904 4709 sed
1933 4655 2092 4710 intel-

519 4717 718 4800 ligente
747 4717 1187 4800 ani_ma_pr:edit:e
1208 4723 1405 4800 prodiit
1436 4723 1595 4777 homo
1623 4738 1705 4800 ear
1721 4724 1960 4800 muliere,
1984 4741 2090 4780 non

522 4799 805 4859 propterea
831 4793 884 4845 in
914 4793 1048 4847 duas
1074 4808 1348 4863 personas,
1371 4796 1610 4862 duosque
1637 4793 1772 4848 filios
1800 4795 2087 4859 dividetur,

525 4875 648 4914 cum
690 4865 1050 4929 permanserit
1077 4879 1243 4928 unus,
1275 4880 1380 4917 non
1429 4872 1602 4918 tamen
1651 4865 1766 4918 sine
1806 4881 1970 4920 carne
1998 4875 2092 4920 aut

521 4937 675 4986 extra
699 4947 909 5001 corpus,
940 4935 1032 5004 sed
1059 4933 1229 4996 ipsum
1259 4934 1532 5004 proprium
1581 4935 1804 4998 habens,
1840 4949 1935 5004 per
1968 4938 2090 4989 uni—

524 5009 688 5072 tatem
709 5018 828 5071 qute
854 5003 1078 5057 distrahi
1104 5004 1246 5058 nullo
1268 5003 1427 5058 modo
1449 5005 1636 5072 possit.
1660 5004 1762 5071 Qui
1791 5003 1969 5059 autem
1990 5006 2093 5060 hoc

523 5071 674 5136 dicit,
700 5072 744 5126 is
773 5073 917 5128 nullo
939 5088 1160 5142 prorsus
1181 5076 1338 5128 modo
1359 5071 1759 5142 permistionem
1791 5084 1881 5129 aut
1907 5076 2093 5129 confu-

523 5142 752 5208 sionem,
778 5153 869 5198 aut
897 5145 1160 5214 ejusmodi
1195 5143 1337 5198 aliud
1361 5145 1654 5213 significat:
1687 5160 1858 5214 neque
1885 5146 1937 5199 id
1968 5161 2092 5198 rur-

523 5226 616 5265 sus
640 5221 896 5282 tanquam
925 5231 992 5269 ex
1021 5215 1320 5270 necessaria
1360 5215 1566 5268 ratione
1589 5215 1696 5269 ullo
1723 5217 1882 5270 modo
1906 5229 2094 5270 conse-

565 5290 738 5356 uctur.
767 5284 898 5356 Nam
923 5285 1131 5339 etiamsi
1162 5299 1298 5339 unus
1319 5285 1527 5356 dicatur
1551 5301 1580 5356 a
1612 5287 1764 5338 nobis
1789 5286 2095 5355 unigenitus

572 5350 691 5404 ilius
718 5352 810 5408 Dei
838 5355 1165 5416 incarnatus,
1193 5366 1246 5409 et
1268 5357 1428 5409 homo
1458 5350 1649 5417 factus,
1678 5371 1783 5410 non
1815 5350 2094 5423 propterea

527 5423 816 5488 permistus
852 5434 954 5486 est,
984 5435 1042 5478 ut
1073 5425 1146 5479 illi
1174 5433 1380 5493 putant,
1423 5440 1595 5493 neque
1631 5425 1685 5477 in
1727 5426 1905 5480 carnis
1935 5434 2092 5479 natu-

527 5503 650 5563 ram
672 5494 882 5549 transiit
907 5495 1066 5550 Verbi
1095 5504 1306 5556 natura,
1336 5509 1508 5563 neque
1542 5509 1730 5548 rursus
1759 5501 1946 5548 natura
1971 5510 2092 5549 car-

528 5559 612 5634 nis
637 5560 691 5613 in
721 5563 883 5618 Verbi
913 5573 1189 5618 naturam:
1217 5565 1309 5618 sed
1331 5559 1451 5617 cum
1471 5572 1756 5634 utrumque
1779 5565 1830 5617 in
1854 5580 1946 5618 sua
1971 5580 2095 5634 pro-

796 5635 1023 5718 natu'rali
1056 5641 1364 5718 permaneat
1415 5641 1470 5686 et
1497 5629 1880 5718 consideretur
1899 5675 1913 5697 ,
1938 5629 2092 5718 juxta

531 5697 791 5755 rationem
815 5702 971 5772 paulo
1000 5697 1122 5760 alite.
1158 5703 1417 5759 redditam
1439 5744 1452 5770 ,
1496 5697 1835 5760 itieti‘abiliter
1864 5715 1912 5761 et
1938 5697 2094 5760 inex-

2197 3192 2478 3238 errarent:
2507 3184 2609 3238 alia
2639 3186 2780 3239 enim
2813 3187 3010 3248 carnis,
3037 3186 3138 3240 alia
3168 3200 3361 3240 rursus
3384 3186 3545 3240 Verbi
3573 3195 3655 3240 est
3683 3202 3782 3240 na-

2197 3253 2438 3326 tura._At
2465 3255 2519 3326 hi
2551 3255 2779 3309 alterum
2813 3271 3054 3310 seorsum
3083 3271 3146 3310 ac
3171 3271 3267 3326 per
3287 3271 3366 3319 se,
3391 3264 3646 3324 tanquam
3669 3272 3784 3311 me.

2196 3338 2314 3376 rum
2342 3323 2611 3379 hominem
2638 3334 2913 3390 statuunt;
2957 3323 3184 3382 alterum
3214 3342 3339 3380 vero
3367 3335 3425 3379 ut
3459 3323 3646 3380 verum
3671 3342 3779 3379 na-

2196 3394 2532 3463 turalemque
2577 3395 2744 3448 Deum
2776 3397 3054 3451 nominant
3085 3436 3098 3450 .
3128 3437 3142 3450 .
3166 3437 3178 3450 .
3213 3396 3292 3450 Ad
3322 3397 3542 3451 verbum
3590 3406 3781 3451 autem

2195 3461 2338 3536 hunc.
2379 3461 2686 3536 in‘Amodum
2735 3467 2972 3520 scribere
3018 3469 3131 3522 ausi
3161 3475 3321 3522 sunt:
3369 3465 3469 3519 Hic
3516 3467 3780 3536 siquidem

2197 3531 2410 3608 giempe
2451 3534 2546 3608 Dei
2595 3534 2770 3589 Patris
2795 3536 3063 3608 Verbum)
3112 3551 3274 3591 verus
3301 3546 3356 3608 et
3385 3531 3645 3608 naturalis
3686 3547 3784 3608 est

2195 3604 2364 3676 Filius
2388 3621 2401 3667 ;
2423 3604 2531 3676 ille
2561 3620 2687 3659 vero
2720 3609 2868 3674 (puta
2894 3604 3130 3676 Virginis
3172 3607 3350 3666 natus)
3390 3606 3783 3676 (equivoceHDei

2196 3671 2368 3746 Filius
2397 3674 2627 3746 dicitur;
2656 3684 2710 3729 et
2729 3671 2888 3744 paulo
2908 3671 3029 3745 post
3056 3678 3284 3732 iterum:
3315 3671 3502 3746 Utique
3520 3677 3614 3730 Dei
3649 3675 3784 3730 Ver-

2195 3743 2317 3816 bum
2343 3755 2546 3816 nonest
2573 3743 2746 3808 homo,
2781 3747 2871 3799 sed
2899 3743 3158 3801 hominem
3185 3743 3482 3816 assttiripsit.
3517 3747 3784 3813 Quando-

2195 3814 2408 3887 quidem
2443 3813 2772 3887 llnigenittrs‘
2797 3817 2906 3883 jam
2943 3817 3066 3870 inde
3114 3818 3182 3872 ab
3230 3813 3384 3871 initio
3413 3832 3508 3887 per
3542 3833 3620 3881 se,
3674 3817 3778 3872 Dei

2194 3885 2433 3956 omnium
2461 3886 2669 3954 opilicis
2698 3884 2866 3956 Filius
2894 3896 2977 3941 est
3001 3906 3012 3939 :
3044 3889 3206 3942 homo
3231 3884 3428 3949 autem;
3463 3903 3622 3956 quem
3647 3902 3778 3942 sus-

2193 3955 2355 4022 cepit,
2387 3970 2507 4008 cutn
2544 3955 2900 4028 naturaDeus
2925 3973 3029 4028 non
3057 3959 3147 4020 sit,
3177 3967 3396 4028 propter
3421 3955 3558 4020 eum,
3589 3975 3618 4010 a
3663 3973 3781 4026 quo

2194 4034 2502 4092 assumptus
2528 4032 2630 4087 est,
2661 4027 2752 4094 qui
2777 4041 2937 4081 verus
2965 4027 3058 4081 Dei
3096 4027 3397 4091 Filiusest,
3425 4029 3609 4082 eodem
3645 4044 3780 4082 eum

2192 4094 2305 4164 ipso
2347 4097 2563 4148 nomine
2592 4095 2911 4164 appellatur.
2947 4118 2964 4148 ι
3001 4097 3154 4152 Tom.
3195 4098 3260 4152 ιν
3289 4098 3480 4162 Conc.,
3507 4097 3609 4152 col.
3642 4097 3777 4152 626.

2191 4160 2320 4218 iure
2344 4160 2778 4237 aiisduhio'dixit
2815 4166 3049 4237 Cyrillus
3086 4183 3324 4222 crassam
3375 4160 3473 4237 per
3489 4168 3651 4222 hosce.
3685 4168 3778 4221 lo-

2193 4235 2388 4303 quendi
2419 4235 2626 4297 modos,
2654 4250 2749 4303 per
2794 4235 3189 4292 distinctionem
3218 4235 3424 4292 scilicet
3463 4238 3602 4291 inter
3629 4239 3780 4290 hunc

2192 4301 2248 4358 et
2269 4301 2437 4367 illum,
2471 4301 2863 4374 separa‘tionem
2898 4308 3095 4372 induci,
3126 4323 3247 4362 eum
3277 4322 3438 4361 nemo
3456 4323 3559 4362 non
3584 4307 3779 4361 videat

2192 4376 2506 4446 pronomina
2531 4375 2613 4446 hic
2639 4375 2799 4446 et‘ille
2821 4393 2925 4430 non
2949 4378 3137 4446 utique
3166 4379 3231 4432 de
3252 4377 3477 4440 naturis,
3501 4378 3591 4432 sed
3611 4376 3780 4445 plane

2195 4443 2260 4517 de
2287 4445 2533 4517 personis
2558 4444 2896 4517 intelligenda
2937 4443 3078 4511 esse,
3128 4463 3190 4501 ac
3236 4449 3390 4517 proin
3433 4449 3476 4502 si
3510 4449 3562 4501 in
3591 4443 3780 4502 Verbo

2195 4513 2471 4587 ineat-nato
2493 4514 2562 4587 sit
2588 4515 2681 4587 hic
2696 4513 2750 4569 et
2775 4515 2883 4580 ille,
2908 4517 3041 4571 duas
3061 4513 3272 4587 quoque.
3295 4517 3347 4570 in
3375 4517 3489 4585 ipso
3509 4532 3782 4586 personas

2197 4581 2426 4654 admitti,
2460 4583 2540 4638 vel
2575 4584 2752 4654 potius
2777 4600 2958 4640 veram
2987 4581 3414 4641 incarnationem
3461 4581 3621 4642 Verbi
3667 4604 3777 4641 ne-

2195 4653 2328 4722 gari,
2357 4662 2416 4727 ut
2438 4653 2784 4722 alihi’saepius
2815 4666 2996 4709 monet
3024 4656 3276 4727 Cyrillus.
3304 4655 3438 4712 Hinc
3467 4666 3521 4710 et
3541 4657 3781 4727 Vigilius

2194 4736 2330 4796 papa
2358 4723 2409 4776 in
2433 4727 2782 4796 responsione
2803 4727 2868 4778 ad
2892 4723 3180 4796 capitulum
3199 4726 3269 4780 20
3291 4727 3555 4781 Theodori
3577 4723 3779 4781 eadem

2195 4793 2401 4865 ratione
2443 4794 2584 4847 inter
2611 4794 2758 4850 illum
2801 4803 2856 4849 et
2899 4793 3044 4850 illum
3079 4797 3487 4864 distinguentis,
3519 4805 3578 4850 ut
3604 4811 3780 4865 supra

2197 4859 2302 4936 §_2,
2341 4878 2488 4936 num.
2523 4865 2587 4936 i5
2615 4865 2863 4936 vidimus,
2906 4869 3013 4920 ait:
3051 4885 3069 4916 ι
3121 4866 3177 4919 ln
3219 4859 3584 4936 suprascripto
3616 4859 3776 4936 vige-

2194 4933 2332 5017 simo
2358 4934 2608 5017 capitulo,
2647 4935 2735 5017 ubi
2782 4943 3002 5017 octavus
3023 4933 3524 5017 _psalnius:_videtur
3547 4933 3774 5017 esponj,

2192 5011 2246 5055 et
2274 5002 2447 5056 nudus
2467 5004 2626 5078 homo
2647 5004 2885 5078 (sicutet
2905 5006 2958 5058 in
2988 5002 3108 5078 aliis
3127 5007 3238 5076 jam
3266 5007 3466 5060 dictum
3491 5009 3595 5078 est)
3617 5002 3780 5078 Chri-

2194 5080 2308 5125 stus
2335 5073 2615 5137 asseritur,
2641 5073 2694 5128 et
2715 5075 2918 5129 divisus
2940 5091 2981 5134 a
2995 5073 3170 5130 Verbo
3191 5085 3542 5140 monstratur,
3561 5073 3618 5131 et
3638 5077 3779 5131 dua-

2194 5140 2316 5196 litas
2337 5143 2608 5198 inducitur
2639 5157 3012 5216 personarum.
3051 5165 3069 5196 ι
3103 5145 3344 5214 Cumque
3383 5155 3439 5200 et
3478 5147 3588 5216 ipse
3624 5147 3779 5200 arbi-

2193 5219 2428 5266 traretur
2456 5227 2636 5267 veram
2668 5215 3091 5270 incarnationem
3129 5216 3182 5268 in
3212 5216 3479 5270 Theodori
3499 5215 3779 5271 sententia

2195 5282 2485 5356 subsistere
2513 5282 2652 5356 haud
2675 5299 2849 5353 posse,
2881 5285 2934 5338 in
2957 5285 3100 5356 hunc
3119 5285 3334 5356 modum
3356 5288 3561 5356 pergit:
3589 5307 3609 5336 ς
3638 5286 3779 5352 Qua:

2195 5351 2239 5406 si
2264 5352 2384 5420 quis
2411 5351 2479 5404 ita
2512 5351 2756 5423 sapit,_...
2782 5363 2837 5408 et
2857 5370 2961 5409 non
2985 5354 3060 5408 ita
3083 5356 3134 5408 in
3157 5351 3371 5409 Christo
3391 5351 3616 5411 Do'mino
3636 5351 3780 5410 duas

2195 5429 2416 5476 naturas
2443 5423 2835 5496 indivisihiliwr
2859 5436 2911 5479 et
2951 5424 3229 5496 inconfuse
3262 5426 3442 5480 unitas
3483 5425 3776 5496 intelligat,

2195 5499 2255 5546 ut
2285 5501 2530 5546 manente
2571 5493 2868 5549 differentia
2913 5495 3225 5550 earumdem
3271 5505 3605 5558 naturarum,
3655 5493 3783 5564 ipse

2196 5577 2334 5617 unus
2381 5572 2543 5632 atque
2573 5564 2712 5619 idem
2740 5578 2899 5619 verus
2923 5566 2994 5618 sit
3025 5564 3118 5618 Dei
3145 5573 3200 5618 et
3228 5579 3385 5619 verus
3423 5565 3655 5620 nominis
3680 5565 3782 5620 Fi-

2194 5632 2315 5694 lius.
2347 5635 2633 5690 anathema
2669 5634 2757 5688 sit.
2794 5655 2812 5685 ι
2846 5634 2998 5689 Tom.
3025 5633 3095 5689 1X
3126 5633 3316 5698 Cone,
3344 5635 3446 5689 col.
3482 5635 3566 5688 76.

2267 5703 2379 5758 XV.
2412 5701 2559 5757 Unde
2597 5705 2826 5774 fucatam
2871 5714 3036 5758 censet
3082 5719 3260 5758 eorum
3306 5705 3678 5774 professionem
3703 5705 3784 5760 de
