4038 6336
261 376 369 442 425

262 590 357 630 rus
381 571 523 626 illius
551 568 645 623 Dei
665 577 958 641 conceptus
981 579 1035 625 et
1062 579 1219 626 natus
1239 579 1407 627 estex
1430 571 1670 641 Virgine.
1697 568 1843 625 Idem

262 648 398 716 ipse,
430 642 522 716 qui
548 648 673 695 ante
689 640 874 716 omnia
893 641 1089 696 siccula
1119 649 1276 697 natus
1301 649 1479 716 est.le
1498 641 1660 716 Patre
1686 641 1845 711 :quia

260 710 461 771 natura
483 711 837 783 humanitatis
889 723 1165 783 assumpta
1191 728 1298 768 non
1338 711 1502 767 alium
1552 710 1682 768 fecit
1716 710 1849 783 esse

260 801 386 841 eum
434 782 528 854 qui
572 797 639 847 ex
670 782 890 851 Virgine
918 793 1077 854 natus
1126 790 1233 849 est,
1274 799 1437 854 quam
1484 799 1606 838 eum
1636 782 1729 852 qui
1780 797 1848 837 ex

259 857 423 912 Patre
449 853 577 909 ante
608 863 849 922 tempora
872 853 1083 923 genitus
1113 864 1196 909 est
1227 868 1241 907 :
1273 853 1366 909 sed
1394 855 1642 909 eumdem
1672 854 1847 921 ipsum

260 928 365 982 hoc
388 925 590 979 factum
620 920 760 987 esse,
793 920 938 993 quod
960 931 1085 978 ante
1112 940 1217 979 non
1241 923 1363 989 fuit,
1391 932 1639 993 patenter
1663 920 1848 977 osten-

260 997 357 1051 dit.
395 1016 415 1047 ι
465 995 608 1049 Idem
638 1003 1012 1063 argumentum
1044 993 1189 1064 leges
1218 997 1378 1049 etiam
1414 996 1465 1049 in
1510 993 1746 1064 Epistola
1780 993 1849 1047 ad

258 1065 581 1136 Elipandum
613 1080 764 1136 num.
800 1064 883 1136 19.
919 1064 1052 1136 Dein
1091 1066 1286 1134 saepius
1332 1066 1594 1120 Alcuinus
1633 1079 1849 1134 quoque

259 1134 423 1207 urget
451 1134 793 1207 ratiocinium
819 1134 1029 1207 Cyrilli,
1059 1136 1627 1207 naturamhumanam
1674 1136 1850 1190 Verbo

257 1205 383 1277 post
431 1205 853 1277 assumptionem
913 1206 1099 1275 utique
1142 1206 1417 1277 propriam
1473 1206 1730 1277 evasisse,
1790 1212 1850 1258 ut

258 1275 417 1347 proin
463 1275 713 1347 Christus
755 1276 918 1347 etiam
966 1275 1432 1346 quatenus’honio
1455 1284 1556 1347 est,
1588 1286 1680 1330 aut
1708 1276 1849 1330 Deus

254 1345 422 1403 verus
447 1345 723 1417 appellari,
756 1354 850 1417 aut
896 1346 949 1417 iu
982 1345 1116 1403 duas
1141 1362 1398 1417 personas
1428 1346 1593 1401 dividi
1630 1347 1844 1417 debeat.

263 1437 282 1470 ι
323 1418 380 1473 Si
405 1419 459 1472 in
483 1415 766 1471 divinitate
788 1416 885 1489 (ait
904 1416 1006 1489 lib.
1032 1434 1049 1472 ι
1090 1415 1281 1489 contra
1308 1416 1541 1471 Felicem
1570 1433 1719 1489 num.
1753 1416 1843 1489 ll)

257 1490 404 1543 Deus
423 1501 588 1541 verus
616 1495 722 1550 est,
752 1494 807 1539 et
829 1488 882 1540 in
904 1488 1241 1543 humanitate
1258 1488 1399 1543 Deus
1430 1488 1847 1556 nuncupativus,

257 1560 398 1614 alter
429 1566 485 1613 et
507 1555 644 1611 alter
660 1564 763 1619 est,
796 1567 851 1611 et
878 1557 1179 1613 nullatenus
1198 1559 1278 1613 sic
1302 1559 1595 1615 sentientes
1615 1555 1849 1626 potestis

256 1631 413 1686 vobis
442 1628 645 1683 evitare
669 1627 997 1697 impietatem
1025 1627 1361 1684 Nestorianu:
1387 1628 1644 1683 doctrinre
1674 1646 1685 1680 :
1718 1628 1847 1698 quia

258 1716 424 1772 quem
452 1698 541 1772 ille
572 1699 627 1751 in
653 1698 787 1752 duas
816 1713 1076 1772 personas
1097 1699 1307 1772 _dividit
1341 1708 1563 1772 propter
1591 1699 1850 1772 duasna-

260 1768 433 1834 iuras,
494 1770 639 1823 hunc
667 1783 765 1823 vos
810 1768 1050 1824 dividitis
1094 1770 1151 1823 in
1200 1771 1334 1824 duos
1378 1769 1517 1823 ﬁlios
1544 1776 1598 1823 et
1628 1769 1682 1822 in
1713 1770 1848 1823 duos

258 1842 391 1897 deos
435 1852 533 1909 per
585 1838 889 1909 adoptionis
935 1854 1151 1902 nomen,
1207 1848 1262 1894 et
1308 1839 1725 1908 nuncupationis

260 1907 607 1980 Quem—enim
633 1907 761 1963 fecit
785 1910 873 1963 ille
903 1910 955 1964 in
979 1910 1225 1979 personis
1249 1910 1476 1965 alterum
1492 1907 1843 1980 ’et_alterum,

258 1978 406 2038 hunc
433 1996 530 2035 vos
549 1979 728 2034 facitis
748 1988 804 2033 et
830 1980 883 2034 in
929 1978 1054 2034 [iliis
1096 1981 1323 2046 duobus,
1376 1989 1431 2035 et
1468 1980 1521 2034 in
1551 1978 1851 2033 divinitatis

260 2052 581 2108 diversitate
625 2050 855 2105 alterum
898 2059 953 2105 et
999 2052 1228 2105 alterum
1261 2068 1274 2102 :
1307 2051 1431 2119 quia
1463 2049 1765 2105 nullatenus
1795 2051 1850 2104 in

258 2139 424 2178 uuam
452 2135 739 2191 personam
768 2119 1097 2190 conjungere
1122 2123 1348 2191 potestis
1378 2120 1550 2191 illum,
1580 2121 1670 2188 qui
1702 2121 1778 2174 ait
1796 2120 1851 2175 in

256 2197 398 2249 rubo
429 2189 598 2263 Moysi
628 2189 829 2263 famulo
850 2206 947 2263 suo
978 2189 991 2245 Ξ
1028 2189 1137 2262 Ego
1161 2209 1283 2263 sum;
1313 2191 1455 2244 Deus
1484 2190 1770 2263 Abraham,
1802 2199 1852 2244 et

258 2264 403 2319 Deus
434 2256 611 2325 lsdac,
642 2271 688 2314 et
722 2260 865 2315 Deus
905 2256 1121 2316 Jacob':
1151 2270 1205 2317 et
1234 2261 1382 2316 illum
1420 2261 1511 2330 qui
1538 2262 1613 2315 ait
1641 2277 1653 2313 :
1683 2256 1875 2314 Deum‘

260 2334 565 2389 Pharaonis
596 2342 644 2385 te
672 2332 937 2386 constitui.
976 2353 993 2384 ι
1031 2333 1255 2388 Demum
1284 2334 1458 2386 innuit
1503 2347 1571 2386 ex
1609 2332 1709 2384 hac
1757 2331 1853 2383 ad-

260 2404 634 2460 versariorum
662 2416 883 2458 suorum
906 2403 1150 2457 doctrina
1178 2402 1348 2472 sequi,
1391 2418 1520 2472 nos,
1545 2402 1637 2471 qui
1668 2401 1743 2455 dii
1771 2402 1853 2454 in-

260 2476 479 2531 terdum
507 2473 868 2538 nominamur,
910 2472 1150 2540 ejusdem
1192 2471 1309 2528 fore
1343 2487 1467 2528 cum
1495 2471 1713 2527 Christo
1756 2472 1854 2525 ho-

261 2546 412 2601 mine
430 2543 729 2624 dignitatis,
756 2544 898 2624 q_uod
922 2552 1098 2624 tamen
1123 2553 1178 2599 et
1198 2542 1495 2624 Scriptura:
1523 2551 1577 2596 et
1601 2541 1853 2623 Patribus

260 2612 921 2687 repugnare‘ostendiiex
947 2614 1269 2687 testimoniq
1284 2612 1391 2687 divi
1414 2612 1662 2687 _Gregorii
1678 2626 1850 2687 papae,

260 2683 424 2755 cujus
470 2685 636 2740 verba
688 2699 755 2739 ex
803 2683 1030 2738 Homilia
1061 2686 1094 2739 8
1126 2686 1179 2739 in
1232 2683 1751 2755 Ezechielemnum.
1788 2683 1847 2735 ll

262 2754 467 2814 ibidem
494 2755 709 2819 recitat,
736 2770 908 2823 eaque
936 2756 1014 2810 sic
1040 2755 1242 2810 habent
1275 2773 1287 2808 :
1324 2773 1342 2805 ι
1373 2754 1430 2809 1η
1463 2754 1740 2823 Scriptura
1767 2768 1855 2806 sa-

261 2843 354 2885 cra
378 2827 669 2896 aliquando
689 2822 834 2880 Deus
854 2826 1232 2896 nuncupative,
1257 2825 1546 2896 aliquando
1568 2838 1693 2878 vero
1708 2822 1853 2896 Deus

260 2893 630 2955 essentialiter
649 2896 865 2951 dicitur.
898 2894 1271 2965 Nuncupative
1295 2893 1441 2951 enim
1470 2893 1854 2965 diciturhsieut

261 2983 408 3024 nunc
435 2968 504 3022 ad
525 2967 740 3024 Movsen
768 2967 970 3021 dictum
998 2964 1117 3021 esti:
1150 2965 1284 3020 Ecce
1333 2966 1579 3019 constitui
1608 2974 1655 3017 te
1682 2964 1853 3018 Deum

261 3038 568 3095 Pharaonis
599 3034 795 3107 (Exod.
828 3053 965 3100 χχιι,
994 3036 1068 3107 κ).
1102 3036 1255 3091 Sicut
1278 3036 1476 3107 iterum
1499 3034 1709 3107 Moyses
1733 3034 1809 3087 ait
1835 3050 1848 3107 ξ

261 3108 321 3165 Si
348 3110 471 3180 quis
495 3102 648 3180 homo
676 3108 773 3180 hoc
814 3108 891 3161 vel
922 3102 1055 3180 ει(αᾶ
1104 3107 1303 3180 fecerit,
1355 3104 1561 3180 applica
1589 3102 1852 3180 illumud

261 3124 320 3165 δι
348 3126 471 3180 quis
495 3124 648 3162 nomo
676 3124 773 3160 noc
814 3124 890 3161 vet
922 3124 1053 3160 tuna
1104 3124 1303 3176 leceru,
1355 3124 1561 3230 athtca
1601 3124 1753 3158 mum
1783 3124 1847 3157 aa

259 3180 407 3246 deos,
434 3177 671 3234 videlicet
697 3176 767 3231 ad
792 3177 1120 3242 sacerdotes;
1150 3184 1205 3232 et
1247 3178 1389 3232 sicut
1461 3175 1705 3230 salmista
1727 3175 1803 3246 ait
1832 3187 1847 3226 :

259 3245 406 3307 Deus
432 3250 655 3319 stetit_in
678 3264 943 3319 synagoga
970 3248 1211 3319 deorum,
1234 3249 1309 3319 in
1329 3247 1499 3319 medio
1528 3245 1852 3319 autem_deos

262 3321 514 3377 discernit
543 3314 725 3389 (Psalf
760 3314 944 3384 Lixil,
978 3318 1052 3389 Vl).
1104 3318 1481 3389 Essentialiteg
1504 3330 1683 3371 autem
1712 3314 1855 3389 Deus

262 3391 486 3455 dicitur,
512 3385 655 3445 sicut
678 3390 806 3459 ipse
850 3389 921 3459 ad
970 3388 1187 3459 Moysen
1230 3388 1361 3443 dicit
1389 3403 1403 3441 :
1436 3387 1550 3459 Ego
1570 3403 1687 3441 sum
1711 3385 1853 3459 Deus

262 3405 486 3455 dicitur,
512 3405 655 3445 Sicut
692 3405 806 3459 ipse
854 3405 921 3444 au
970 3405 1187 3459 moysen
1230 3405 1361 3443 (ιιειι
1389 3405 1403 3441 :
1436 3405 1479 3440 IL
1520 3405 1687 3442 osum
1711 3405 1850 3440 ueus

262 3462 555 3523 Abraham,
584 3469 633 3513 et
656 3458 796 3513 Deus
826 3458 1003 3523 Isaac,
1028 3469 1077 3513 et
1092 3458 1234 3513 Deus
1254 3459 1419 3513 Jacob
1448 3405 1645 3529 (Exod.
1673 3472 1754 3519 ιιι,
1773 3455 1850 3529 6).

264 3531 419 3588 Unde
441 3530 641 3613 Paulus
670 3530 944 3613 apostolus
973 3529 1156 3584 volens
1176 3528 1271 3613 Dei
1294 3527 1490 3613 nomen
1536 3527 1856 3613 nuncupatif

264 3617 391 3658 vum
415 3602 487 3655 ab
518 3598 1151 3665 essentiali,discernere,
1178 3600 1254 3654 ait
1286 3616 1298 3651 τ
1334 3598 1572 3663 Quorum
1596 3607 1769 3668 putres
1792 3612 1857 3650 ea:

264 3673 455 3744 quibus
479 3670 718 3744 Christus
747 3670 1032 3744 secundum
1057 3686 1288 3744 carnem,
1321 3669 1410 3740 qui
1440 3679 1516 3744 est
1557 3667 1857 3744 benedictus

266 3737 423 3813 super
452 3743 633 3813 omniq
660 3740 801 3813 Deus
828 3742 883 3794 in
928 3739 1123 3813 arcula
1147 3737 1439 3813 (Romus,
1469 3739 1545 3809 5).
1576 3737 1860 3806 Nuncupa-

267 3809 410 3868 tivus
431 3813 583 3867 enim
606 3811 748 3866 Deus
770 3812 912 3865 inter
932 3812 1135 3873 omnia,
1153 3809 1457 3865 essentialis
1480 3818 1664 3864 autem
1694 3822 1858 3876 super

266 3885 471 3939 omnia.
526 3881 627 3953 Ut!
653 3896 805 3953 ergo
840 3880 1149 3937 ostenderet
1200 3877 1859 3953 Christum__naturaliter

269 3954 463 4019 Deum,
483 3968 592 4007 non
615 3949 759 4008 hunc
780 3952 949 4007 Deum
976 3953 1366 4016 tantummodo,
1393 3950 1487 4006 sed
1507 3949 1677 4004 Deum
1698 3962 1861 4017 super

242 4018 455 4080 vomnia
483 4038 605 4079 esse
633 4024 957 4078 memoravit
986 4040 999 4075 :
1030 4022 1155 4091 quia
1182 4032 1236 4076 et
1254 4020 1436 4089 justus
1458 4021 1684 4091 quilibet
1718 4018 1859 4073 Deus

271 4106 349 4167 est
381 4114 394 4148 :
425 4093 682 4167 Christus
707 4102 893 4167 autem
932 4093 1075 4167 Deus
1120 4092 1511 4167 supernomnia,
1544 4091 1861 4167 quia_ua_tu-

271 4166 458 4220 raliter
488 4164 631 4218 Deus
660 4173 763 4218 est.
802 4184 819 4215 ι
853 4163 921 4218 Ει
949 4164 1003 4217 in
1046 4159 1233 4218 eodem
1280 4163 1415 4217 libro
1457 4159 1606 4216 num.
1642 4159 1707 4213 15
1736 4160 1811 4213 ait
1841 4174 1856 4213 :

276 4255 294 4287 ι
332 4236 408 4290 De
460 4234 611 4288 nullo
649 4234 793 4289 enim
842 4242 1151 4288 sanctorum
1179 4234 1281 4288 dici
1308 4233 1502 4300 potuit,
1543 4240 1635 4284 aut
1660 4238 1859 4300 potest,

270 4316 362 4360 aut
389 4305 611 4374 poterit,
651 4302 874 4360 Verbum
906 4321 1028 4357 caro
1056 4304 1275 4373 factum.
1308 4302 1505 4358 Nullus
1550 4309 1862 4374 sanctorum

271 4372 515 4447 qualibet
552 4374 718 4445 996
763 4375 1075 4447 praestantia
1118 4375 1312 4447 gratim
1340 4372 1620 4447 _unigeniti
1667 4385 1863 4447 nomen

271 4391 515 4447 qualibet
552 4391 718 4445 επ
763 4391 1075 4443 praesmnna
1115 4391 1312 4497 lgrana:
1360 4391 1620 4444 umgeluu
1667 4391 1859 4425 nomen

270 4446 508 4515 accepit,
531 4454 609 4509 ut,
634 4445 778 4514 quod
804 4452 886 4500 est
912 4445 1086 4514 ipsum
1161 4445 1210 4497 ei
1231 4444 1466 4499 Verbum
1491 4441 1859 4515 antestecula,

270 4517 375 4572 hoc
404 4511 568 4570 Simul
588 4511 710 4569 cuiu
734 4511 1010 4584 assumpto
1036 4515 1253 4569 homine
1281 4515 1573 4569 diceretur.
1615 4511 1863 4584 Singula-

907 376 1281 442 ENBUEBER
1317 352 1632 442 Dissua'r.
1670 382 1762 440 DE
1796 380 1855 441 ιι.

1960 364 2075 441 ,ι-Ξει
2114 380 2431 442 ELIPANDI
2467 382 2558 440 ET
2594 382 2878 441 FELICIS.

261 508 395 563 deus
418 494 691 570 intelligit.
719 494 1023 553 Secundum
1046 499 1369 556 catholicam
1392 514 1523 568 ergo
1561 498 1721 570 ﬁdem
1746 513 1841 554 ve-
1868 502 1921 561 Α
1947 498 2136 555 eodem
2162 498 2323 570 modo
2348 497 2491 553 Deus
2514 498 2687 570 solum
2716 495 3113 570 nuncupativus
3137 495 3294 563 foret,

1880 3213 1929 3279 ϐ

3423 387 3531 447 426

3320 512 3428 569 quo
3457 502 3536 557 in-

1948 571 2160 625 terdum
2184 570 2237 623 in
2271 568 2566 639 Scripturis
2596 568 2668 624 dii
2693 568 3044 639 appellamur.
3066 570 3193 625 Vide
3221 568 3384 624 etiam
3409 572 3533 627 libr.

1946 656 2001 695 tv
2032 641 2289 694 adversus
2340 639 2662 706 Elipandum
2710 656 2860 695 num.
2910 639 2966 706 6,
3030 641 3117 696 ubi
3166 639 3427 697 Alcuinus
3466 657 3536 699 ex

1950 718 2138 765 sancto
2165 708 2366 781 Cyrillo
2394 708 2622 780 aliisque
2650 709 2903 768 Patribus
2944 713 3133 767 eodem
3166 711 3326 767 modo
3369 728 3536 785 argu-

1947 789 2240 837 mentatur.

2020 846 2197 924 XXII.
2221 852 2302 905 Ad
2329 861 2784 924 argumentumex
2826 854 2954 908 locis
2985 852 3274 924 Scriptura:
3298 855 3537 924 petitum,

1949 924 2038 995 ubi
2059 923 2291 995 homines
2313 924 2387 977 dii
2400 922 2679 977 vocantur.
2705 922 2872 978 Verba
2890 922 3187 978 Felicis.‘—
3200 924 3255 978 In
3280 922 3363 980 his
3378 940 3541 995 porro

1950 993 2110 1047 simul
2141 993 2371 1048 habetur
2390 1008 2707 1065 responsum
2734 995 2800 1065 ad
2820 1005 3192 1057 argumentum
3219 993 3543 1065 Adoptano-

1950 1080 2072 1136 rum
2103 1065 2325 1136 petitum
2348 1079 2415 1136 ex
2439 1064 2618 1136 verbis
2640 1062 2842 1119 Christi
2871 1065 3053 1136 (Joan.
3081 1066 3137 1129 ιι,
3165 1065 3280 1135 34),
3313 1062 3542 1136 aliisque

1952 1133 2245 1206 Scriptum
2268 1134 2421 1199 locis,
2453 1134 2543 1206 ubi
2564 1135 2819 1206 homines
2860 1133 2933 1188 dii
2962 1133 3246 1199 vocantur,
3273 1152 3393 1206 qute
3421 1133 3543 1205 qui-

1951 1204 2072 1258 dem
2088 1204 2346 1260 Aleuinus
2368 1208 2433 1260 de
2447 1203 2663 1259 Christo
2678 1205 2896 1259 homine
2915 1207 3183 1259 enuntiari
3210 1203 3354 1261 haud
3375 1203 3536 1262 posse

1950 1274 2113 1338 dicit,
2156 1276 2257 1330 nisi
2304 1275 2589 1329 admittere
2627 1275 2856 1330 velimus
2909 1290 3117 1330 merum
3168 1276 3313 1330 illum
3374 1274 3544 1332 fuisse

1952 1345 2246 1429 hominem,
2276 1357 2330 1400 et
2350 1346 2624 1429 hypostasi
2654 1362 2685 1399 a
2710 1346 2887 1429 Verbo
2906 1354 3215 1428 assumi-nte
3243 1348 3538 1429 diversum.

1950 1413 2099 1487 _Libr.
2131 1432 2206 1482 iv,
2234 1417 2291 1487 in
2317 1413 2473 1487 cujus
2502 1417 2683 1487 statim
2712 1416 2889 1471 fronte
2912 1416 3186 1487 examinat
3213 1428 3415 1471 εεςειιιι
3441 1417 3544 1472 Fe-

1951 1485 2071 1558 licis
2091 1502 2252 1556 supra
2276 1486 2302 1558 §
2327 1485 2557 1551 2,'num.
2578 1486 2671 1551 ‘25,
2691 1503 2719 1540 a
2740 1488 2894 1542 nobis
2917 1486 3177 1558 exhibita,
3196 1498 3248 1541 et
3270 1488 3545 1555 praedictis

1954 1554 2248 1627 Scriptura:
2280 1554 2601 1611 testimoniis
2628 1558 2832 1620 innixa,
2864 1573 3013 1611 num.
3046 1555 3102 1622 5,
3148 1556 3220 1611 ita
3252 1554 3545 1611 ratiocina-

1952 1633 2078 1680 tur:
2116 1647 2135 1677 ι
2170 1628 2358 1682 Nonne
2396 1630 2508 1698 duo
2547 1635 2695 1693 sunt,
2748 1628 2839 1697 qui
2870 1642 3030 1682 verus
3055 1637 3138 1682 est
3162 1627 3325 1693 Deus,
3356 1636 3412 1682 et
3448 1629 3544 1698 qui

1952 1699 2346 1768 nuncupativus
2393 1697 2635 1756 Deus?...
2676 1699 2777 1753 alia
2808 1698 3006 1768 quippe
3043 1708 3127 1753 est
3167 1713 3399 1767 persona
3428 1697 3547 1753 veri

1952 1766 2071 1839 Dei,
2105 1766 2209 1821 alia
2232 1769 2695 1839 nuncupativi.....
2748 1766 3286 1839 Omnis—itaque,qui
3311 1784 3545 1839 evange-

1952 1836 2110 1909 licam
2160 1839 2288 1909 tegit
2328 1836 2632 1904 historiam,
2689 1838 2988 1909 intelligere
3014 1836 3193 1908 potest
3214 1836 3361 1909 quod
3386 1836 3547 1895 Jesus

1952 1916 2006 1961 et
2034 1908 2280 1963 Christus
2305 1909 2524 1963 nomina
2555 1918 2681 1965 sunt
2707 1910 3058 1963 humanitatis
3082 1911 3135 1963 in
3162 1908 3295 1964 Filio
3322 1910 3439 1966 Dei.
3475 1912 3546 1967 Et

1953 1978 1999 2034 si
2025 1976 2184 2034 Jesus
2208 1978 2477 2045 Christus,
2506 1981 2596 2049 qui
2626 1988 2785 2034 natus
2813 1988 2895 2033 est
2935 1996 3000 2034 ex
3042 1980 3259 2049 Virgine
3305 1996 3411 2035 non
3461 1989 3548 2036 est

1953 2063 2116 2121 verus
2148 2050 2306 2114 Deus,
2336 2051 2607 2121 quomodo
2635 2050 2957 2105 universalis
2980 2050 3223 2105 Ecclesia
3251 2065 3350 2121 per
3373 2060 3548 2106 totum

1953 2120 2213 2174 mundum
2258 2120 2529 2175 communi
2578 2122 2984 2182 consuetudine,
3037 2122 3200 2178 etiam
3252 2120 3307 2175 et
3339 2137 3455 2186 vos,
3486 2128 3549 2177 ιιι

1955 2202 2101 2260 reor,
2130 2190 2185 2243 in
2213 2191 2465 2245 omnibus
2491 2192 2847 2250 orationibus.
2876 2206 2997 2260 qua:
3041 2192 3095 2246 in
3151 2192 3436 2246 missarum
3465 2208 3549 2248 so-

1934 2258 2167 2332 -lemnii_s
2195 2262 2573 2327 decantantur,
2603 2263 2782 2316 dicere
2823 2258 2961 2316 solet
2988 2276 3001 2315 :
3031 2277 3126 2332 per
3157 2261 3339 2317 Jesum
3394 2262 3549 2318 Chri-

1953 2338 2095 2403 §tum
2125 2330 2410 2403 Dominum
2440 2341 2711 2403 nostrum,
2754 2333 2845 2400 qui
2888 2330 3066 2387 tecum
3091 2333 3225 2387 vivit
3254 2342 3308 2388 et
3356 2341 3550 2403 regnat

1953 2398 2180 2473 Deus_in
2212 2402 2419 2473 unitate
2460 2401 2699 2473 Spiritus
2746 2398 2919 2457 sancti
2970 2418 3069 2473 per
3116 2404 3298 2458 omnia
3351 2398 3550 2459 secula

1953 2471 2294 2556 seculorum.
2458 2471 2657 2556 ethipse
2680 2474 2755 2556 ait
2783 2471 3046 2556 apostolis
3070 2476 3204 2556 suis,
3233 2474 3323 2544 qui
3351 2490 3550 2556 passus

1952 2549 2112 2615 estet
2128 2543 2423 2615 resurreigit
2448 2560 2475 2615 :A
2494 2543 2636 2597 Data
2656 2553 2731 2598 est
2754 2543 2881 2615 mihi
2905 2545 3074 2615 omnis
3094 2543 3321 2615 potestas
3344 2543 3398 2598 in
3420 2544 3550 2599 caelo

1952 2620 2003 2685 et
2029 2611 2249 2685 interra
2290 2611 2510 2685 (Matth.
2541 2630 2733 2679 xxvm,
2764 2613 2874 2685 18).
2904 2613 3001 2668 Cui
3030 2611 3157 2685 data
3198 2623 3283 2669 est
3307 2623 3551 2684 potestas

1952 2682 2059 2769 nisi
2089 2681 2163 2769 illi
2202 2681 2311 2769 qui
2332 2684 2639 2769 de‘Virgi'ne
2685 2681 2849 2769 natus
2877 2685 3005 2769 est?.
3044 2684 3180 2769 Nam
3216 2681 3358 2769 sicut
3387 2685 3555 2769 paulo

1952 2760 2078 2807 ante
2104 2753 2287 2806 dixisti
2318 2771 2329 2805 :
2361 2752 2459 2806 Dei
2487 2752 2663 2809 Filius
2692 2772 2757 2809 ex
2784 2755 2892 2809 Deo
2921 2754 3342 2809 substantialiter
3366 2752 3547 2821 natus,

1952 2822 2299 2895 essentialiter
2343 2823 2524 2895 habuit
2567 2841 2769 2895 omnem
2797 2834 3104 2895 potestatem
3130 2841 3247 2895 cum
3272 2892 3279 2895 Α
3301 2823 3468 2895 Pa_t_re
3496 2834 3549 2879 et

1954 2890 2158 2974 Spiritu
2183 2903 2365 2974 sancto
2394 2907 2413 2944 .'
2435 2894 2526 2947 sed
2555 2894 2665 2948 haec
2684 2890 3067 2974 potestasdata
3094 2904 3166 2948 est
3190 2892 3333 2974 Filio
3378 2892 3550 2974 Virgif

1954 2963 2054 3016 nis.
2079 2963 2146 3017 Et
2170 2964 2217 3019 si
2250 2978 2463 3018 omnem
2487 2963 2814 3034 potestatem
2856 2965 3038 3030 habet,
3070 2965 3339 3034 quomodo
3367 2963 3574 3034 potést'

1952 3047 2092 3093 esse,
2110 3043 2169 3087 ut
2195 3049 2300 3088 non
2323 3035 2394 3088 sit
2415 3036 2742 3090 omnimodis
2762 3051 2925 3090 verus
2948 3035 3090 3090 Deus
3124 3044 3177 3090 et
3201 3051 3361 3090 verus
3381 3035 3550 3091 Filius

1954 3103 2049 3158 Dei
2064 3104 2325 3177 ?AMoyses
2346 3104 2448 3159 fuit
2470 3105 2615 3161 Deus
2629 3107 3051 3177 nuncupativus,
3078 3114 3399 3177 tamennon
3422 3107 3550 3161 data

1956 3183 2041 3247 est
2061 3175 2119 3247 ei
2132 3175 2318 3247 omnis
2332 3184 2573 3245 potestas
2598 3195 2610 3230 :
2646 3178 2765 3232 ideo
2786 3175 3023 3232 secundo
3048 3176 3317 3246 percussit
3335 3184 3547 3247 petram

1958 3246 2025 3317 ad
2074 3245 2391 3317 eliciendam
2442 3262 2657 3316 aquam.
2710 3247 2978 3317 Quidquid
3005 3262 3136 3302 vero
3166 3245 3551 3303 miraculorum

1957 3314 2207 3370 Christus
2232 3317 2400 3386 gessit
2419 3316 2473 3371 in
2493 3314 2714 3383 mundo,
2739 3314 3089 3373 dum—visibili
3114 3319 3403 3388 przesentia
3420 3334 3551 3374 con-

1957 3396 2318 3470 versatusest
2344 3388 2485 3470 inter
2512 3389 2780 3470 homines,
2808 3389 3025 3470 prepria
3049 3389 3267 3470 _virtute
3307 3388 3457 3455 fecit,
3489 3398 3553 3443 ιιι

1956 3467 2151 3528 potens
2173 3467 2226 3512 et
2248 3472 2408 3513 verus
2430 3459 2591 3524 Deus.
2617 3458 2870 3528 Nunquid
2898 3459 3093 3528 aliquis
3116 3468 3429 3514 sanctorum
3451 3474 3552 3529 per

1959 3529 2222 3599 serpotuit
2244 3528 2446 3597 aliquid
2474 3529 2654 3584 facere
2680 3532 2885 3599 absque
2912 3544 2995 3593 eo,
3050 3531 3141 3598 qui
3168 3531 3243 3584 ait
3275 3548 3288 3583 :
3320 3529 3445 3583 Sine
3469 3546 3552 3583 me

1960 3598 2092 3671 nihil
2125 3601 2338 3671 potestis
2371 3600 2543 3668 facere
2567 3598 2749 3671 (Joan.
2780 3598 2869 3663 iv.
2903 3599 2980 3671 5).
3010 3600 3111 3655 Dic
3139 3615 3269 3670 ergo
3300 3608 3376 3663 tu,
3406 3600 3552 3671 unde

1960 3669 2016 3740 in
2044 3670 2260 3740 nomine
2288 3669 2417 3724 Jesn
2467 3669 2647 3726 tantas
2682 3672 2910 3725 virtutes
2941 3669 3189 3725 'fecerint
3216 3669 3467 3740 apostoli,
3500 3669 3551 3725 si

1960 3739 2074 3809 ipse
2102 3739 2260 3795 Jesus
2281 3740 2604 3811 nouhabuit
2626 3742 2899 3811 propriam
2929 3739 3273 3811 potestatem,
3298 3743 3390 3796 sed
3412 3757 3553 3794 nun-

1961 3811 2302 3881 cupativam?
2328 3830 2347 3862 ι
2386 3809 2532 3865 Satis
2561 3809 2812 3865 accurate
2837 3809 3079 3881 proiecto
3108 3812 3223 3865 haec
3264 3826 3553 3881 argumen-

1961 3880 2107 3934 tandi
2130 3881 2688 3952 ratioconveuiticum
2706 3881 2794 3935 illa
2815 3880 2925 3952 divi
2947 3880 3153 3952 Cyrilli,
3173 3882 3283 3950 qui,
3308 3880 3367 3934 ut
3388 3895 3553 3952 supra

1961 3965 2113 4005 num.
2143 3952 2177 4022 8
2197 3951 2453 4022 vidimus,
2481 3951 2843 4006 dilferentiam
2872 3950 3089 4022 Moysen
3120 3954 3263 4006 inter
3289 3966 3352 4005 ac
3390 3950 3552 4022 Chri;

1962 4027 2106 4092 stum
2152 4020 2427 4076 hominem
2471 4022 2659 4076 eodem
2695 4024 2855 4077 modo
2882 4020 2971 4076 exi
3002 4030 3269 4092 potestate
3299 4021 3553 4092 patrandi

1962 4091 2180 4163 nomine
2201 4092 2421 4161 proprio
2436 4092 2693 4147 miracula
2723 4091 3114 4163 comprobavit,
3130 4100 3184 4147 et
3201 4091 3555 4163 quemadmo-

1964 4161 2096 4216 dum
2142 4170 2360 4216 sanctus
2411 4163 2500 4217 hic
2541 4163 2730 4218 doctor
2769 4161 3074 4218 doctrinam
3126 4162 3380 4217 Ecclesia:
3428 4161 3554 4215 inde

1963 4233 2127 4304 etiam
2158 4232 2413 4304 ﬁrmavit,
2444 4233 2588 4301 quod
2628 4232 2785 4288 Jesus
2832 4235 2972 4304 apud
3026 4233 3287 4289 Joannem
3342 4233 3554 4289 dicatur

1965 4302 2208 4374 scivisse,
2240 4303 2369 4372 quid
2388 4313 2532 4374 esset
2555 4304 2607 4357 in
2637 4302 2879 4367 homine,
2900 4305 2951 4358 id
2974 4305 3117 4374 quod
3142 4320 3246 4357 non
3272 4319 3555 4372 nuncupa-

1965 4373 2077 4428 tivo
2103 4372 2231 4437 Deo,
2265 4387 2361 4426 seu
2383 4373 2610 4439 homini,
2643 4375 2735 4429 sed
2775 4389 2903 4429 vero
2929 4372 3103 4429 solum
3130 4374 3239 4428 Deo
3272 4374 3553 4444 proprium

1965 4457 2085 4498 esse
2112 4451 2322 4512 petest;
2355 4444 2428 4497 ita
2462 4446 2801 4514 postmodum
2834 4453 2888 4499 et
2912 4445 3171 4500 Alcuinus
3202 4442 3377 4499 simile
3405 4442 3554 4514 Scrif

1964 4523 2138 4582 ptura:
2188 4512 2556 4585 testimonium
2609 4516 2937 4585 adversariis
2965 4517 3075 4571 suis
3116 4515 3383 4585 opposuit,
3419 4512 3553 4568 illud

275 4590 356 4642 ris
381 4596 466 4640 est
492 4586 581 4638 illa
610 4585 897 4656 susceptio,
918 4575 1039 4639 ἰιεε
1084 4600 1205 4639 eum
1255 4586 1562 4639 hominibus
1589 4575 1862 4656 aliquibus
1890 4575 1943 4637 Β
1966 4575 2222 4638 nimirum
2250 4584 2402 4639 Pauli
2429 4586 2656 4653 aposmli
2689 4604 2702 4639 :
2736 4584 2817 4640 An
2868 4575 3277 4656 experimentum
3315 4575 3553 4656 (μιαν-ἤιξε

276 4657 483 4712 sanctis
510 4652 839 4724 quantalibet
873 4656 1135 4724 sapientia
1170 4666 1223 4710 et
1253 4656 1538 4711 sanctitate
1559 4652 1865 4723 praestanti-

274 4729 377 4782 bus
400 4727 513 4780 ullo
531 4727 689 4780 modo
717 4735 892 4796 potest
910 4740 1028 4780 esse
1050 4727 1373 4790 communis,
1404 4726 1495 4780 ubi
1518 4724 1713 4778 divinat
1741 4738 1866 4793 gra-

276 4799 365 4852 tia:
392 4798 528 4852 satis
554 4798 895 4867 perspicuum
933 4796 1248 4867 clarumque
1290 4797 1672 4867 documentum
1695 4803 1799 4867 est.
1835 4813 1854 4867 ι

272 4867 343 4923 Ει
372 4864 657 4937 postquam
679 4864 764 4921 ex
791 4867 1026 4938 Epistola
1078 4864 1309 4937 quadam
1353 4866 1533 4938 sancti
1577 4864 1867 4935 Augustini

272 4941 559 5008 hucusque
585 4941 765 5005 ignota
796 4937 1139 5000 oSteudisset,
1167 4946 1367 5007 quanta
1394 4953 1493 4992 nos
1524 4937 1664 4990 inter
1687 4943 1743 4990 et
1768 4946 1867 4989 no-

274 5007 482 5065 minem
508 5024 537 5061 a
570 5008 748 5063 Verbo
771 5017 1106 5078 assumptum
1130 5018 1273 5062 esset
1297 5007 1622 5070 differentia,
1645 5008 1861 5078 demum

271 5082 355 5135 sic
378 5078 694 5133 concludit:
727 5097 745 5129 ι
774 5075 973 5149 Aliter,
1019 5087 1077 5132 ut
1124 5087 1340 5133 sanctus
1383 5078 1716 5149 Augustinus
1745 5075 1861 5130 vult

274 5149 533 5220 intelligi,
548 5148 823 5218 plenitudo
851 5148 1011 5203 fontis
1026 5159 1229 5211 manat.
1246 5150 1402 5203 aliter
1424 5148 1581 5203 rivuli
1608 5161 1862 5220 mensura

272 5217 560 5277 currit'de’
583 5221 746 5283 fonte,
775 5220 915 5288 quod
948 5221 1137 5274 beatus
1161 5220 1403 5288 Baptista
1434 5228 1665 5275 testatur
1696 5217 1863 5288 :HNon

270 5294 436 5354 enim,
468 5291 662 5361 inquit,
693 5290 761 5361 a_d
781 5287 1083 5361 mensuram
1110 5290 1201 5343 dat
1233 5287 1375 5345 Deus
1404 5289 1677 5361 Spiritum.
1702 5287 1864 5361 Pater

271 5365 420 5417 enim
477 5358 648 5430 diligit
698 5359 920 5424 Filium,
968 5369 1015 5413 et
1053 5361 1228 5414 omnia
1277 5362 1419 5415 dedit
1442 5358 1501 5414 in
1546 5375 1709 5414 manu
1748 5358 1863 5427 ejus

272 5434 465 5556 floan.
498 5448 582 5495 ιιι,
611 5430 681 5485 54
709 5439 765 5484 ει
788 5430 900 5500 55).
929 5431 1003 5485 De
1030 5430 1328 5486 rivulorum
1355 5446 1605 5487 mensura
1634 5431 1869 5499 Aposto-

294 5518 362 5556 us
394 5510 630 5556 testatur
658 5519 671 5554 :
702 5500 994 5556 Unicuique
1028 5511 1263 5555 nostrum
1316 5502 1442 5555 data
1487 5513 1560 5556 est
1588 5500 1760 5556 aratiu
1787 5516 1868 5552 se-

294 5518 362 5556 us
394 5510 630 5556 testatur
658 5519 671 5554 :
702 5500 994 5572 Unicuique
1028 5511 1263 5572 nostrum
1316 5502 1442 5555 data
1487 5513 1560 5572 est
1588 5500 1760 5571 gratia
1787 5516 1868 5572 ge-

271 5572 513 5626 cundum
536 5587 837 5625 mensuram
859 5567 1159 5625 donationis
1188 5570 1384 5625 Christi
1406 5592 1424 5623 ι
1461 5567 1677 5641 (Ephes.
1698 5585 1772 5633 IV,
1789 5567 1862 5640 7).

272 5642 419 5697 Tota
444 5653 591 5697 certe
622 5642 782 5710 hujus
803 5643 1102 5713 argumenti
1147 5642 1227 5695 vis
1253 5658 1319 5697 eo
1348 5642 1537 5705 tendit,
1577 5649 1646 5713 _ut
1686 5650 1868 5695 osten-

272 5714 446 5767 datur
472 5728 742 5771 summum
771 5711 891 5767 esse
915 5728 1013 5767 nos
1041 5714 1182 5767 inter
1203 5721 1257 5766 et
1299 5722 1548 5767 naturam
1576 5711 1867 5765 humanam

275 5782 468 5855 Verbo
513 5784 695 5839 divino
723 5783 1060 5855 hypostatiee
1106 5787 1311 5855 unitam
1363 5780 1868 5855 discrimen,quale

271 5853 529 5925 profecto
573 5871 684 5914 non
721 5853 885 5919 esset,
913 5854 959 5910 si
988 5854 1233 5911 Christus
1274 5854 1452 5930 quoad
1477 5854 1868 5914 humanitatem

692 5955 973 6019 ΡΑτιιοι..
1019 5949 1121 6017 CI.

1968 4656 2104 4727 ejus,
2126 4655 2287 4727 quiin
2310 4672 2389 4709 me
2417 4656 2646 4725 loquitur
2670 4656 2907 4727 Christus
2929 4655 3015 4727 (II
3038 4656 3159 4710 Cor.
3200 4671 3318 4727 ιιιιι,
3350 4655 3447 4722 5)?
3470 4655 3552 4712 Ex

2007 4725 2163 4780 uibus
2206 4725 2330 4780 libr.
2375 4743 2430 4781 IV
2475 4727 2735 4781 adversus
2782 4725 3010 4781 Felicem
3037 4742 3185 4780 num.
3220 4726 3346 4780 7ita
3373 4726 3554 4795 arguit

2015 4796 2266 4851 lcuinus:
2300 4815 2318 4847 ι
2356 4796 2511 4860 Volo,
2544 4797 2891 4851 utedisseras
2932 4797 3087 4861 mihi,
3115 4812 3149 4851 o
3191 4796 3365 4862 Felix,
3408 4797 3552 4851 hunc

1968 4881 2127 4937 quem
2173 4867 2319 4936 loqui
2362 4867 2649 4937 Apostolus
2696 4868 2837 4920 intra
2879 4882 2936 4921 se
2979 4867 3125 4930 dicit,
3178 4869 3338 4922 homo
3382 4867 3454 4921 sit
3482 4883 3551 4921 an

1966 4934 2148 4993 Deus?
2185 4934 2452 5008 Sifliomo,
2482 4938 2749 5008 quomodo
2778 4937 2833 4991 in
2863 4936 3025 4992 corde
3053 4937 3170 5007 ejus
3185 4954 3383 5008 corpus
3404 4937 3551 5008 loqui

1966 5015 2179 5078 poterat
2209 5007 2466 5063 alterius?
2502 5008 2559 5062 Si
2589 5007 2765 5078 Deus,
2809 5023 2936 5078 ergo
2965 5023 3068 5062 non
3099 5009 3259 5064 homo
3278 5007 3549 5074 Christus,

1971 5077 2065 5147 sed
2090 5077 2232 5132 Deus
2257 5097 2269 5132 ε
2290 5078 2414 5147 quia
2438 5093 2559 5132 cum
2587 5077 2796 5132 locutus
2824 5077 3161 5147 in’Apostolo
3187 5080 3437 5134 Christus
3457 5079 3547 5139 sit,

1971 5094 2065 5132 seu
2090 5094 2232 5132 ueus
2257 5097 2269 5132 ε
2290 5094 2414 5147 quia
2438 5094 2559 5132 eum
2590 5094 2796 5132 locutus
2824 5094 2879 5132 in
2907 5094 2952 5132 Α
3026 5094 3161 5135 διοιο
3187 5094 3437 5134 Curisws
3457 5094 3547 5139 su,

1970 5146 2194 5232 et‘loqui
2230 5148 2374 5232 i‘nieo
2397 5164 2501 5232 non
2528 5094 3103 5232 p‘otuerit‘,"r_iisi_$:3us
3137 5170 3149 5204 :
3180 5166 3308 5232 ergo
3341 5151 3553 5232 locutus

1971 5219 2126 5273 estin
2150 5232 2216 5272 eo
2246 5219 2492 5274 Christus
2533 5217 2703 5273 Deus.
2754 5220 2916 5275 Vides
2945 5221 3127 5275 itauue
3155 5217 3287 5275 nihil
3316 5232 3434 5275 esse
3462 5217 3553 5272 hic

1966 5288 2102 5359 jam,
2125 5289 2268 5360 quod
2294 5301 2479 5360 contra
2511 5289 2626 5345 haec
2655 5288 2758 5344 dici
2787 5300 2967 5360 queat.
3002 5288 3112 5346 Nec
3138 5289 3551 5357 disiunctionem

1973 5367 2069 5414 aut
2092 5359 2407 5415 divisionem
2433 5359 2667 5430 aliquam
2700 5359 2841 5414 inter
2861 5360 3135 5416 Christum
3165 5360 3279 5415 Ileri
3302 5368 3357 5415 et
3382 5360 3552 5430 Deum

1970 5445 2152 5555 posse,
2176 5431 2302 5499 quia
2334 5439 2479 5486 totus
2524 5429 2576 5514 in
2618 5430 2833 5513 Christo
2877 5431 3041 5497 Deus,
3077 5440 3131 5513 et
3178 5439 3321 5485 totus
3357 5431 3413 5485 in
3440 5429 3554 5483 Deo

2016 5502 2238 5555 brtstus.
2298 5500 2451 5555 Nulla
2501 5501 2590 5555 hic
2637 5516 2803 5555 recml
2861 5513 3130 5555 separatio
3167 5508 3362 5555 potest.
3406 5499 3553 5554 nulla

2016 5501 2238 5572 bristus.
2298 5500 2451 5556 Nulla
2501 5501 2590 5556 hic
2637 5501 2803 5570 recipi
2861 5502 3130 5572 separatio
3164 5508 3362 5572 potest,
3406 5499 3553 5572 nulla

1970 5570 2239 5626 discissio.
2278 5592 2297 5625 ι
2350 5572 2585 5627 Adducit
2627 5572 2751 5627 dein
2799 5570 2961 5642 verba
2991 5571 3099 5627 divi
3137 5570 3448 5642 Hieronymi
3497 5570 3555 5625 in

1971 5656 2088 5711 cap.
2120 5659 2231 5723 χχιι
2261 5642 2511 5723 Ieremia:
2537 5642 2765 5697 dicentis
2792 5656 2806 5694 :
2839 5641 2993 5723 «LPer
3017 5643 3132 5696 haec
3156 5641 3372 5723 quoque
3394 5642 3555 5723 disci:

1970 5727 2090 5767 mus
2140 5713 2307 5768 Deum
2348 5714 2521 5769 solum
2559 5728 2719 5768 nosse
2758 5712 3109 5779 cogitationes
3161 5712 3461 5768 hominum.
3492 5712 3554 5767 Si

1972 5792 2152 5840 autem
2182 5785 2249 5840 de
2277 5783 2559 5855 salvatore
2577 5783 2778 5855 dieitur
2806 5779 3053 5855 :_Videns
3092 5782 3251 5839 Jesus
3273 5786 3555 5855 cogitatio-

1969 5870 2060 5914 nes
2086 5872 2268 5917 eorum
2294 5852 2448 5930 (Luc.
2485 5870 2561 5930 ιι,
2600 5853 2712 5927 17),
2738 5852 3024 5926 nullusque
3047 5863 3225 5925 potest
3252 5852 3438 5915 videre
3460 5869 3556 5911 co-

3125 5948 3198 6011 14
