4038 6336
421 405 529 462 ιὸὅ

1265 397 1326 452 Β.
1365 393 1429 454 F.
1464 391 1696 452 ALBINI
1730 389 1863 452 εει]
1900 389 2179 449 ALCUINI
2215 388 2504 448 OPERUM
2538 388 2722 446 PARS
2756 390 2845 446 Ill.

3587 377 3697 448 tas

422 518 482 578 in
508 517 643 574 duos
664 513 836 577 filios.
861 512 946 588 _vel
975 511 1112 588 duos
1149 511 1298 588 deos,
1333 510 1420 565 vel
1449 511 1734 588 duas__cu_m
1764 508 2011 564 Nestorio
2037 509 2092 568 Α
2116 507 2246 588 olim
2275 506 2583 588 detestabili
2611 507 2888 588 impietate
2914 503 3222 588 adqptivam
3246 519 3388 588 .esse
3433 509 3702 588 asseruit?

419 603 703 664 personas.
733 585 836 652 Qui
867 584 994 664 licet
1021 583 1156 638 duas
1199 581 1376 664 palam
1423 597 1531 664 non
1571 581 1798 634 dixisset
1823 594 2008 664 perso:

422 652 562 725 itas,
606 667 786 713 tamen
828 655 1012 710 omnia
1053 669 1176 725 quae
1220 652 1428 725 duabus
1465 653 1642 725 inesse
1677 665 1898 725 necesse
1925 657 2008 704 est

419 721 916 804 personisninsua
941 721 1276 804 professione
1308 723 1526 778 fatetur.
1561 721 1737 776 Simili
1768 722 1927 804 modo
1955 730 2010 775 et

421 795 516 868 iu,
551 802 678 855 licet
707 797 880 865 fugias
907 797 1074 850 verba
1119 795 1348 868 duarum
1384 807 1748 868 personarum
1766 833 1794 868 ,Α
1831 801 2008 868 tamen

420 863 600 932 omnia
625 885 744 939 qum
770 863 993 939 necesse
1016 873 1122 930 est,
1147 865 1357 939 duabus
1382 865 1560 939 inesse
1580 864 1849 939 perseiiis,
1877 871 1929 939 te
1955 863 2009 915 in

422 945 530 999 tuis
561 933 756 995 littoris
785 936 1090 992 invenimus
1117 934 1380 1004 proﬁteri.
1411 933 1544 999 Quis
1586 933 1732 986 enim
1771 933 2006 1004 nesciat,

419 1013 566 1072 apud
589 1024 758 1066 mium
788 1008 1006 1061 Patrem
1044 1003 1274 1060 alteram
1308 1019 1428 1058 esse
1457 1019 1744 1072 personam
1774 1003 2009 1072 adoptivi

469 1073 546 1140 ilii
569 1124 586 1147 ,
617 1081 844 1136 alteram
891 1076 1095 1148 proprii
1125 1074 1282 1148 Filii?
1316 1073 1440 1148 Nec
1475 1074 1618 1127 enim
1669 1073 1809 1128 ullus
1857 1082 2014 1141 pater

418 1144 580 1226 iuxta
610 1144 1296 1226 humanmeonsuetudinis
1341 1144 1604 1226 ratiqpem
1645 1151 1857 1226 poterat
1885 1157 2010 1212 pro-

420 1213 602 1298 prium
627 1221 794 1298 lilium
814 1217 1231 1298 sibiadoptare,
1251 1213 1408 1298 quasi
1430 1215 1666 1296 alienum
1690 1231 1702 1266 :
1733 1223 1826 1298 aut
1849 1227 2012 1282 quem

423 1283 650 1366 adoptat
684 1290 786 1346 sibi
813 1289 866 1366 in
897 1283 1086 1366 filiuni,
1117 1283 1318 1366 poterit
1343 1285 1446 1366 sibi
1476 1283 1760 1366 proprium
1799 1283 2009 1366 facere,

419 1355 601 1438 quem
631 1359 932 1438 paternitas
982 1355 1222 1438 alteriesl
1254 1357 1360 1438 sibi
1389 1357 1516 1438 fecit
1563 1355 1832 1437 alienum;
1885 1355 2012 1423 quia

421 1426 650 1506 adoptio
670 1449 738 1488 ex
770 1430 947 1506 alieno
990 1428 1231 1506 quolibet
1274 1427 1547 1506 efﬁcitur;
1596 1426 1847 1506 proprius
1879 1439 2013 1506 _vero

419 1496 566 1564 ﬁlius
607 1505 663 1560 in
713 1502 938 1557 veritate
981 1496 1331 1569 proprietatis
1375 1506 1677 1569 permanet.
1712 1519 1730 1549 ι
1774 1496 1926 1569 [inde
1959 1504 2015 1550 et

419 1577 518 1634 lib.
543 1593 595 1640 v,
629 1589 779 1629 num.
804 1572 857 1636 l,
877 1567 1071 1640 probat
1087 1567 1330 1625 Felicem
1353 1567 1675 1636 sibimetipsi
1703 1567 2010 1640 dissentire,

421 1663 548 1704 cum
581 1639 912 1701 verbotenus
939 1642 1156 1710 quidem
1186 1655 1430 1710 personae
1457 1639 2012 1710 singularitatemrseu

423 1720 694 1774 unitatem
721 1708 1064 1776 admitteret,
1098 1708 1274 1782 reipsa
1311 1719 1490 1764 autem
1523 1720 1775 1782 negaret.
1809 1708 2013 1782 tn'l‘an-

424 1789 550 1845 dem
575 1788 669 1842 illo
693 1785 1060 1856 pervenimus,
1089 1780 1196 1843 ait,
1215 1782 1315 1856 ubi
1334 1780 1566 1856 destruis
1595 1782 1740 1856 quod
1775 1780 2011 1834 aediﬁca-

423 1861 527 1922 sti,
564 1867 621 1913 et
661 1849 936 1912 confiteris
960 1869 1080 1922 quae
1111 1852 1342 1922 negasti.
1395 1849 1514 1905 Jam
1568 1849 1783 1917 nescio,
1829 1860 2012 1904 utrum

421 1929 652 1987 subdola
681 1924 1028 1982 simulatione
1056 1923 1329 1994 prioribus
1362 1923 1471 1978 tuis
1513 1923 1854 1976 sermonibus
1892 1937 2013 1994 lme-

419 2002 530 2057 lius
571 1999 903 2060 crederetur,
946 1992 1142 2064 quibus
1183 1994 1497 2049 multimoda
1545 1992 2014 2064 argumentatione

419 2071 708 2126 veritatem
755 2063 1071 2137 impugnare
1105 2065 1388 2137 probaris;
1425 2063 1913 2137 aut_cum_tl_iabolo
1945 2063 2015 2116 ti-

418 2157 575 2198 more
598 2133 930 2210 perterritus
955 2133 1148 2210 nolens
1179 2135 1477 2210 Christum
1507 2135 1602 2188 Dei
1634 2133 1846 2210 _Filiurrt
1895 2147 2016 2210 esse

419 2204 729 2272 conﬁteris;
763 2207 917 2285 cujus
965 2207 1334 2285 testimonium
1389 2205 1590 2273 ubique
1632 2205 1747 2285 ipsa
1799 2204 2016 2285 Veritas

421 2285 668 2351 recipere
695 2281 904 2351 renuit,
936 2280 1314 2351 obmutescere
1338 2291 1462 2351 eum
1493 2276 1844 2344 praecipiens;
1886 2276 2015 2351 quia

420 2355 520 2408 tali
542 2345 839 2406 laudatore
867 2349 981 2418 ipse
1011 2347 1103 2401 Dei
1130 2347 1300 2401 Filius
1337 2346 1776 2418 dgdignatyslest
1815 2345 2013 2418 pnedi-

423 2425 558 2484 cari.
594 2423 741 2478 Dicis
769 2415 914 2474 enim
947 2418 1194 2473 eumdem
1221 2433 1342 2472 esse
1365 2416 1560 2470 Filium
1592 2415 1706 2479 Dei,
1735 2417 1825 2482 qui
1851 2424 1936 2468 est
1961 2423 2016 2470 et

421 2495 568 2552 ﬁlius
598 2491 856 2553 hominis,
887 2497 942 2544 et
967 2489 1133 2542 lilium
1165 2488 1428 2552 hominis,
1460 2486 1549 2555 qui
1581 2496 1664 2540 est
1705 2486 1872 2540 Filius
1898 2486 2013 2551 Dei,

421 2577 486 2620 ut
513 2580 578 2620 ex
605 2564 713 2617 tuis
740 2561 922 2616 verbis
949 2559 1198 2630 cognosci
1230 2565 1460 2630 poterat.
1483 2555 1586 2622 Qui
1611 2555 1783 2620 illum,
1811 2558 2012 2630 inquis,

421 2637 523 2691 sibi
545 2651 610 2688 ex
638 2642 788 2687 utero
816 2628 1036 2695 matris,
1055 2628 1251 2682 scilicet
1276 2629 1339 2682 ab
1371 2630 1484 2697 ipso
1509 2636 1756 2698 conceptu
1779 2669 1791 2691 ,
1825 2629 1880 2681 in
1907 2628 2018 2681 sin-

459 2705 710 2760 ularitate
739 2718 852 2756 sua:
880 2716 1118 2773 persona:
1143 2698 1432 2773 itqunivit,
1463 2707 1618 2769 atque
1643 2699 1934 2773 ‘couseruit,
1961 2705 2018 2751 ut

475 2777 523 2830 ei
549 2773 723 2828 Filius
745 2767 890 2826 esset
903 2770 1128 2825 hominis
1155 2769 1320 2839 ﬁlius.
1348 2785 1454 2822 non
1486 2767 1835 2839 mutabilitate
1867 2777 2019 2822 natu-

423 2864 534 2912 rw,
581 2844 672 2899 sed
721 2843 1024 2914 dignatione
1042 2853 1072 2914 _:_
1095 2837 1336 2914 siritiliter
1363 2849 1411 2914 et
1457 2839 1683 2914 hominis
1711 2837 1857 2914 ﬁlius
1887 2848 2017 2914 creet

420 2909 530 2973 Dei
553 2914 750 2980 Filius,
780 2909 890 2967 non
918 2910 1253 2966 versibilitate
1294 2910 1603 2964 substantia?
1627 2950 1641 2974 ,
1675 2909 1766 2962 sed
1813 2910 1868 2963 in
1923 2909 2018 2980 Dei

422 2986 570 3041 Filio
606 2979 743 3040 esset
766 2999 918 3037 verus
941 2981 1106 3051 ﬁlius.
1140 2980 1252 3035 Nec
1276 2981 1582 3035 mirandum
1609 2988 1711 3044 est,
1741 2981 1785 3034 si
1810 2981 1876 3034 ab
1900 2979 2020 3051 aliis

422 3058 482 3113 in
513 3055 780 3112 catholica
803 3050 1144 3122 professione
1167 3053 1456 3122 dissentire
1477 3051 1745 3121 probaris,
1772 3051 1897 3122 dum
1923 3050 2020 3104 tibi

423 3129 530 3200 ipsi
551 3142 655 3200 per
681 3121 1416 3200 vicesdiscordarevideris.
1442 3121 1506 3200 ln_
1551 3123 1655 3176 bac
1699 3121 1845 3200 enim
1892 3135 2017 3200 seu-

423 3191 598 3254 t'entia
627 3206 717 3252 tua
743 3195 1048 3252 catholicus
1074 3193 1331 3250 mstimari
1363 3192 1650 3263 potuisses,
1682 3191 1728 3246 si
1755 3193 1904 3263 prius
1937 3199 2019 3263 te-

421 3269 605 3340 ipsum
631 3269 687 3323 in
716 3266 1099 3340 pravitatetui
1128 3281 1268 3319 erro.
1286 3266 1331 3319 is
1363 3261 1846 3340 non-ostenderes.
1874 3261 2020 3316 Dicis

423 3332 634 3410 itaque,
663 3332 919 3410 αι’ῥῃυεί
952 3334 1097 3410 Filio
1123 3351 1243 3410 vero
1274 3344 1403 3410 esset
1430 3332 1604 3410 filius;
1630 3334 1674 3387 si
1705 3341 1788 3388 est
1817 3335 1872 3387 in
1891 3349 2021 3389 vero

423 3404 686 3466 Dei'Filio
719 3408 915 3471 Filius,
947 3406 1040 3474 qui
1063 3413 1149 3459 est
1176 3404 1454 3466 Christus;
1489 3404 1652 3474 igitur
1671 3413 1726 3458 et
1749 3419 1912 3460 verus
1938 3412 2023 3459 est

423 3481 616 3545 Filius,
649 3480 776 3552 quia
799 3479 854 3532 in
877 3491 1008 3552 vero
1031 3475 1163 3552 nihil
1191 3483 1368 3552 potest
1394 3475 1554 3552 aliud
1567 3491 1687 3529 esse
1701 3515 1731 3552 ,_
1748 3475 1852 3552 nisi
1882 3475 2024 3530 veri-

428 3561 537 3608 tas.
573 3553 639 3605 Et
665 3545 871 3604 nullum
906 3548 1069 3614 habet
1095 3545 1272 3600 locum
1299 3547 1517 3616 adoptio
1543 3546 1595 3598 in
1623 3547 1905 3599 nativitate
1933 3561 2025 3600 ve-

427 3622 632 3678 ritatis.
659 3619 813 3676 Unus
837 3627 924 3671 est
953 3632 1083 3685 ergo
1127 3617 1220 3670 Dei
1264 3615 1431 3671 Filius
1475 3615 1757 3682 Christus,
1797 3617 1939 3671 Deus
1969 3623 2025 3671 et

429 3693 598 3748 homo
626 3704 821 3752 verus,
855 3695 908 3741 et
937 3687 1210 3756 perfectus
1228 3729 1242 3752 ,
1273 3697 1332 3742 ut
1372 3702 1514 3756 szepe
1545 3687 1750 3742 dictum
1779 3698 1880 3742 est.
1909 3687 2023 3741 Ad-

425 3761 612 3836 iungis
659 3774 894 3836 quoque:
946 3773 1053 3812 non
1097 3757 1203 3810 duo
1239 3758 1336 3836 flii,
1387 3759 1531 3836 quod
1563 3766 1750 3836 contra
1793 3759 2024 3828 teipsum

425 3828 693 3905 pugnare
718 3829 1063 3905 manifestan
1104 3838 1206 3883 est.
1239 3828 1373 3882 Nam
1404 3829 1586 3905 srtltio
1621 3829 1694 3882 dii
1727 3846 1832 3884 non
1863 3839 2022 3905 sunt,

426 3898 559 3971 Ergo
586 3918 694 3958 non
720 3909 805 3956 est
829 3903 880 3954 in
905 3915 970 3954 eo
994 3898 1135 3953 Deus
1157 3916 1336 3963 verus,
1361 3909 1416 3953 et
1441 3898 1582 3954 Deus
1608 3902 2021 3971 nuncupativus,

426 3919 492 3959 er
525 3920 559 3957 0
586 3919 694 3958 non
720 3919 805 3956 εει
829 3919 880 3954 ιη
905 3919 970 3954 ρο
994 3919 1135 3953 ueus
1157 3919 1336 3963 verus,
1361 3919 1416 3953 8|.
1443 3919 1582 3954 UBUS
1608 3919 2021 3971 nuncupauvus,

424 3919 525 4032 Βθὲ
551 3982 635 4029 est
663 3989 804 4028 unus
835 3972 975 4026 Deus
1001 3986 1195 4035 verus,
1239 3971 1366 4040 quia
1415 3971 1554 4024 Deus
1586 3972 1787 4026 veritas
1821 3984 1904 4026 εει
1924 4012 1938 4036 ,
1973 3979 2027 4026 et

424 4061 539 4102 non
569 4053 654 4100 est
680 4042 961 4098 simulatio
988 4042 1041 4095 iu
1071 4056 1156 4106 eo,
1194 4043 1288 4095 sed
1319 4041 1488 4095 totius
1532 4041 1654 4096 fons
1685 4043 1952 4096 veritatis.
2000 4061 2020 4094 ›

426 4116 691 4172 Eamdem
719 4129 833 4168 rem
863 4113 1158 4182 exprobrat
1182 4113 1344 4166 etiam
1376 4112 1638 4182 Elipando
1673 4112 1766 4166 lib.
1799 4130 1835 4176 ι,
1873 4127 2022 4166 num.

429 4187 488 4253 9,
517 4187 762 4242 scribens
787 4201 801 4238 :
836 4202 854 4233 ι
878 4183 1134 4237 Firmiter
1153 4197 1389 4252 namque
1415 4185 1618 4252 absque
1643 4185 1790 4237 omni
1816 4184 2028 4238 dubita-

426 4258 578 4312 tione
607 4256 935 4310 credendum
963 4261 1047 4308 est
1070 4262 1124 4307 et
1147 4253 1576 4323 prtedieandum,
1606 4254 1854 4309 eumdem
1883 4269 2023 4316 esse,

429 4329 526 4398 qui
569 4334 729 4398 natus
755 4333 852 4379 'est
881 4339 950 4377 ex
991 4324 1272 4398 \lirgine,_
1287 4325 1458 4398 Deum
1483 4339 1672 4379 verum
1721 4326 1774 4380 in
1805 4325 2028 4398 duellius

428 4393 646 4453 naturis
673 4437 689 4462 ,
720 4404 776 4449 et
805 4409 992 4448 verum
1019 4393 1213 4447 Filium
1242 4393 1336 4447 Dei
1366 4410 1378 4446 :
1413 4395 1487 4447 ita
1513 4404 1572 4448 ut
1605 4395 1846 4451 unus-sit
1869 4395 2028 4450 Chri—

429 4476 570 4528 stus,
595 4474 651 4521 et
674 4481 815 4519 unus
839 4465 998 4527 Deus,
1027 4471 1083 4516 et
1107 4480 1248 4518 unus
1277 4465 1372 4518 Dei
1407 4463 1578 4520 Filius
1599 4507 1612 4529 ,
1648 4475 1704 4520 et
1731 4481 1870 4521 unus
1896 4481 1991 4520 rex
2009 4507 2024 4532 ,

431 4543 490 4592 et
534 4552 674 4590 unus
719 4536 887 4589 totius
923 4533 1106 4586 mundi
1147 4532 1418 4599 Salvator,
1470 4535 1751 4590 divinitate
1795 4538 2030 4590 consub-

2108 583 2216 638 Ant
2244 579 2287 632 si
2317 579 2456 632 hanc
2473 577 2861 647 bla~pbemiam
2902 576 3174 632 declinare
3205 577 3427 644 niteris,
3460 579 3586 634 mox
3624 583 3706 636 in-

2109 649 2247 708 cidis
2288 649 2340 703 in
2388 649 2638 717 laqueum
2681 648 2952 712 Nestorii,
2985 649 3040 702 in
3087 649 3222 702 duas
3248 647 3524 704 Christum
3567 650 3708 706 divi-

2110 724 2244 794 dens
2265 735 2541 794 personas,
2570 735 2730 794 unam
2748 719 3020 794 propriam
3042 726 3098 772 et
3117 719 3345 794 alteram
3369 720 3702 794 adoptivum.

2111 793 2244 848 Nam
2277 790 2555 844 Nestorius
2593 790 2776 862 palam
2805 791 2938 844 duas
2968 806 3075 844 non
3109 792 3411 862 nominavit
3446 790 3710 862 personas

2111 865 2166 918 in
2195 861 2434 924 Christo,
2461 861 2638 914 omnia
2672 869 2871 924 tamen,
2899 877 3021 932 qua:
3047 861 3257 916 duabus
3300 861 3480 917 inesse
3511 878 3705 932 perso-

2111 935 2197 989 nis
2228 947 2448 987 necesse
2473 940 2756 1002 estupravo
2789 948 2971 995 sensu,
3005 931 3056 986 id
3087 939 3202 994 est,
3225 931 3617 1002 proprietatem
3651 941 3711 989 et

2113 1005 2455 1070 adoptionem
2492 999 2613 1053 Filii
2655 999 2950 1056 afﬁrmavit
2989 1002 3041 1056 in
3072 999 3447 1066 Cbris—tofetc.
3485 1025 3504 1057 ι

2182 1071 2352 1144 XXX.
2396 1070 2743 1144 Concludit-ur
2765 1071 3088 1144 dissertatio,
3117 1083 3164 1126 et
3191 1073 3507 1144 quibusdam
3536 1075 3710 1130 adhuc

2112 1142 2343 1198 Walchii
2371 1142 2592 1213 argutiis
2622 1141 2881 1195 obviatur.
2906 1173 2978 1182 ——
3007 1141 3265 1213 Quisquis
3299 1143 3414 1213 jam
3459 1146 3579 1200 haec
3615 1162 3708 1200 ar-

2149 1221 2390 1275 umenta,
2417 1212 3134 1284 quibussingulaerrorum
3165 1212 3342 1284 capita
3367 1215 3632 1272 Alcuinus
3655 1218 3713 1272 in

2149 1229 2390 1275 nmenta,
2422 1229 2620 1280 qllll)llS
2647 1229 2855 1280 smguta
2886 1229 3134 1268 errorum
3165 1229 3342 1284 capita
3367 1229 3632 1272 Alcutnus
3655 1234 3713 1272 In

2113 1229 2291 1338 ἔθυιτο
2321 1292 2374 1337 et
2415 1282 2674 1352 Elipando
2723 1283 2992 1338 debellare
3038 1292 3266 1340 conatus
3310 1295 3429 1351 est,
3471 1297 3652 1342 mente
3681 1304 3716 1342 a

2111 1353 2444 1426 praeiudiciis
2474 1353 2640 1426 libera
2671 1354 3016 1424 perpenderit
3035 1397 3047 1418 ,
3077 1356 3214 1412 nihil
3241 1372 3372 1412 sane
3403 1359 3710 1426 deprehen.

2115 1424 2394 1508 det,quod
2431 1424 2486 1505 in
2508 1424 2774 1508 scriptore
2799 1433 2984 1508 nostro
3017 1427 3148 1508 _jure
3193 1424 3487 1508 vituperari
3519 1437 3706 1508 queat.

2114 1494 2374 1568 Apprime
2403 1494 2544 1549 enim
2579 1494 2666 1568 illa
2699 1494 3040 1568 concordant
3061 1506 3116 1552 et
3157 1494 3442 1568 principiis
3479 1494 3720 1555 sanioris

2115 1565 2420 1634 theologim,
2448 1574 2502 1619 et
2524 1566 2777 1620 metltodo
2803 1565 3174 1622 ratiocinandi
3187 1565 3435 1622 veterum
3463 1569 3712 1635 Patrum,

2114 1636 2170 1691 in
2193 1652 2422 1706 quorum
2453 1636 2921 1691 lucubrationibus
2947 1638 3259 1692 evolvendis
3289 1650 3440 1693 certe
3463 1640 3714 1704 solertis-

2115 1705 2286 1762 sim’us
2313 1705 2415 1760 luit
2440 1706 2700 1761 Alcuinus
2719 1749 2732 1771 ,
2774 1715 2861 1772 et,
2893 1715 2952 1761 ut
2981 1708 3168 1778 paucis
3214 1710 3396 1763 omnia
3428 1709 3710 1776 dicamus,

2116 1780 2305 1834 eadem
2328 1778 2550 1850 omnino
2577 1787 2702 1831 sunt
2731 1778 3009 1850 qumﬁolim
3034 1779 3095 1850 in
3125 1779 3329 1850 Cyrillo
3357 1796 3455 1835 sua
3487 1780 3713 1845 fecerat,

2043 1877 2092 1939 Β
2118 1865 2194 1939 εις.
2210 1849 2366 1931 quasi
2394 1859 2810 1939 consecraverat
2835 1849 3097 1912 Ecclesia,
3131 1849 3290 1932 proin
3313 1860 3368 1904 et
3395 1852 3604 1934 Optime
3623 1855 3720 1939 ad:

2119 1921 2292 1974 hibita
2313 1930 2501 1974 contra
2525 1920 2830 1983 hiereticos,
2854 1935 3084 1991 quorum
3110 1921 3329 1991 genesin
3356 1920 3720 1978 acsentiendi

2116 1991 2383 2066 rationem
2407 1991 2654 2066 eamdem
2682 2007 2804 2044 cum
2832 1989 3396 2066 illauNesto'rianorum
3425 1992 3596 2066 fuisse
3617 2010 3720 2066 per

2117 2061 2404 2132 decursum
2437 2061 2596 2132 primi
2643 2069 2697 2114 et
2729 2061 2952 2115 secundi
2978 2063 3306 2132 paragrapbi
3351 2063 3458 2118 late
3487 2061 3721 2118 deduxi-

2117 2147 2257 2186 mus.
2281 2131 2391 2185 Nec
2416 2131 2594 2186 minus
2615 2132 2806 2186 idonea
2829 2131 3105 2187 exstitisse
3121 2131 3241 2187 lucc
3255 2143 3577 2203 argumenta
3591 2151 3724 2190 cen-

2116 2203 2225 2276 seri
2251 2203 2465 2276 debent,
2495 2203 2648 2276 quod
2668 2203 2954 2276 conatibus
3001 2202 3212 2257 Alcuini
3244 2202 3468 2276 effectus
3495 2215 3723 2276 optatus

2117 2273 2172 2346 in
2203 2272 2554 2346 conversione
2583 2272 3021 2346 adversariorum
3053 2289 3276 2346 suorum
3322 2275 3466 2329 haud
3495 2272 3723 2346 respon-

2118 2341 2282 2414 derit,
2309 2343 2456 2411 iique
2477 2358 2666 2396 omnes
2703 2357 2738 2414 a7
2762 2342 3010 2398 doctrina
3058 2345 3292 2414 pessima
3333 2362 3444 2402 non
3474 2341 3726 2402 recesse-

2117 2413 2248 2478 rint,
2267 2428 2402 2482 quos
2431 2421 2581 2467 tanto
2603 2413 2781 2468 studio
2805 2415 3244 2537 imgugnaverat;
3271 2431 3380 2486 quo
3402 2418 3622 2484 quidem
3651 2433 3726 2473 ex

2121 2484 2299 2537 capite
2329 2484 2518 2536 saltem
2565 2485 2830 2537 svnodum
2923 2486 3356 2537 atisbonensem.
3403 2487 3726 2537 iudicesmle

2121 2484 2299 2558 eapite
2329 2484 2518 2536 saltem
2565 2484 3356 2558 syno:l_un_i__Ralisbonensem,
3397 2487 3726 2558 judicesque

2120 2553 2396 2608 Romanos
2427 2553 2772 2622 reprehendit
2798 2553 3078 2610 Walchius
3105 2553 3426 2612 existimans
3454 2574 3578 2612 cum
3611 2553 3724 2615 Bu—

2119 2625 2281 2696 navio
2309 2624 2594 2696 pagrlﬁa,
2622 2640 2738 2688 eos,
2769 2625 2862 2694 qui
2892 2625 2946 2679 in
2979 2635 3207 2695 utroque
3229 2628 3346 2682 loco
3373 2627 3611 2684 Felicem
3647 2630 3722 2686 ad

2121 2694 2404 2750 meliorem
2431 2695 2496 2748 de
2523 2694 2742 2750 Christo
2772 2699 3099 2750 sententiam
3125 2694 3392 2754 revocare
3438 2701 3541 2754 sibi
3571 2717 3725 2755 sum-

2118 2776 2364 2836 pserunt,
2411 2765 2651 2834 legitima
2683 2767 2894 2821 ratione
2923 2779 3050 2822 usos
3080 2767 3222 2822 haud
3253 2783 3372 2824 esse
3391 2810 3406 2834 ,
3437 2786 3538 2825 nec
3565 2787 3726 2826 erro-

2121 2852 2211 2912 res
2236 2837 2398 2906 justis
2429 2845 2483 2890 et
2510 2838 2576 2890 ad
2609 2837 3176 2912 propositumidoneis
3204 2842 3540 2912 argumentis
3580 2859 3717 2896 con-

2122 2905 2357 2970 futasse;
2394 2923 2460 2962 eo
2503 2905 2647 2980 quod
2675 2905 2898 2962 censilia
2941 2909 3043 2962 ista
3079 2905 3392 2980 exspectato
3439 2913 3725 2967 caruerint

2124 2987 2343 3043 eventu,
2375 2988 2536 3046 atque
2585 2978 2636 3031 id
2681 2996 2844 3054 urrurn
2899 2980 3114 3054 tandem
3155 2978 3457 3054 effecerint,
3488 2992 3550 3037 ut
3578 2999 3724 3054 quas

2125 3058 2306 3124 ruente
2351 3049 2911 3124 conceperat‘Felix,
2960 3049 3141 3124 falsas“
3167 3053 3368 3124 habere
3413 3049 3723 3124 opiniones,

2125 3117 2251 3174 ficte
2281 3135 2345 3174 ac
2386 3117 2635 3174 simulate
2679 3119 2998 3190 declararet.
3033 3119 3179 3175 Bella
3211 3123 3355 3176 enim
3383 3117 3643 3190 prorsus,
3671 3127 3725 3181 si

2127 3191 2341 3262 superis
2362 3191 2558 3262 placet,
2586 3191 2700 3262 haec
2723 3189 2864 3245 foret
2890 3193 3282 3262 consequentia
3308 3212 3320 3246 :
3351 3189 3504 3249 Felix
3547 3189 3726 3252 haere-

2126 3261 2210 3315 sin
2228 3277 2389 3336 suam
2417 3276 2517 3316 nec
2549 3261 2874 3336 llatisbonae,
2901 3278 3004 3336 _nec
3033 3261 3218 3318 Romae
3247 3278 3314 3336 ex
3341 3265 3522 3320 animo
3558 3266 3725 3336 abju-

2126 3333 2301 3398 ravit;
2332 3347 2461 3402 ergo
2491 3331 2788 3396 ratiocinia,
2825 3332 3020 3402 quibus
3045 3349 3169 3390 eum
3198 3333 3514 3393 defensores
3555 3331 3727 3394 recte

2123 3402 2250 3458 ﬁdei
2279 3404 2347 3457 ab
2373 3415 2559 3474 errore
2586 3405 2846 3474 reducere
2875 3406 3054 3460 conati
3083 3415 3229 3470 sunt,
3259 3407 3440 3474 inepta
3460 3447 3474 3472 ,
3504 3409 3721 3464 minus-

2125 3489 2231 3544 que
2261 3489 2495 3560 conseira
2523 3472 2690 3527 fuere.
2716 3473 2968 3555 Nunquid
3011 3477 3156 3530 enim
3187 3477 3322 3530 bene
3353 3472 3728 3560 a-rgumentati

2125 3562 2232 3602 non
2279 3554 2404 3601 sunt
2447 3545 2636 3599 Patres
2685 3546 2929 3616 priorum
2978 3556 3212 3616 quatuor
3240 3545 3631 3615 conciliorum;
3665 3557 3731 3606 et

2125 3626 2308 3691 tamen
2359 3616 2764 3691 haaresiarchte,
2791 3632 2930 3691 quos
2956 3619 3271 3691 refutandus
3309 3631 3662 3691 susceperant
3693 3638 3732 3678 ι

2127 3689 2377 3762 dogmate
2419 3689 2650 3742 exitioso
2696 3689 2872 3742 aversi
2915 3688 3077 3762 haud
3109 3690 3269 3762 sunt?
3304 3688 3486 3745 Minus
3517 3692 3731 3762 justam

2127 3758 2504 3832 existimamus
2533 3773 2840 3832 censuram,
2874 3759 3292 3832 quaWalcbius
3333 3777 3456 3832 pag.
3487 3758 3553 3818 7D
3591 3764 3733 3820 adu-

2128 3830 2346 3884 lationis
2397 3830 2610 3884 incusat
2653 3829 2940 3883 Alcuiuum
2989 3830 3252 3900 Elipando
3291 3829 3351 3886 in
3398 3829 3512 3890 lucc
3560 3835 3734 3890 verba

2127 3902 2452 3958 scriueutem
2480 3916 2493 3954 :
2525 3919 2543 3950 ‹
2584 3900 2661 3953 Tu
2685 3901 2828 3954 enim
2852 3917 2930 3964 es,
2965 3902 3307 3956 sanctissime
3331 3906 3548 3972 praesul,
3583 3905 3728 3959 civi-

2129 3981 2214 4028 tas
2236 3987 2396 4042 super
2424 3979 2663 4026 montem
2715 3973 2890 4041 posita
2915 4013 2929 4038 ,
2963 3989 3082 4042 qua:
3125 3973 3430 4028 nullatenus
3467 3975 3736 4031 abscondi

2128 4049 2326 4113 potest,
2357 4042 2726 4113 cujuslmurus
2760 4057 3099 4113 nequaquam
3134 4045 3294 4098 debet
3325 4045 3599 4102 insidiosis
3631 4063 3739 4102 cu-

2127 4112 2326 4168 niculis
2356 4112 2645 4184 cujuslibet
2675 4115 2915 4184 perﬁdia:
2941 4112 3138 4168 alicubi
3163 4114 3462 4184 perforari;
3493 4119 3588 4172 sed
3624 4117 3729 4170 llr-

2129 4184 2373 4260 missimo
2419 4183 2701 4260 catholica:
2748 4183 2870 4237 ﬁdei
2931 4183 3230 4260 munimine
3279 4200 3345 4240 ex
3389 4188 3537 4260 omni
3561 4197 3740 4260 parte

2129 4254 2491 4327 circumdari,
2525 4263 2583 4308 ut
2630 4255 3062 4327 inexpugnabilis
3105 4256 3342 4327 undique
3381 4258 3449 4312 ad
3496 4254 3736 4314 salutem

2127 4325 2332 4402 populi,
2361 4326 2453 4396 qui
2479 4325 2533 4378 in
2560 4333 2614 4379 te
2642 4325 2859 4402 gaudet,
2892 4333 2948 4381 et
2970 4327 3051 4402 _tui
3075 4327 3189 4382 oris
3231 4325 3518 4398 imperium
3558 4331 3740 4402 respio

2131 4396 2225 4459 cit,
2267 4403 2605 4466 permaneat.
2643 4396 2661 4448 ι
2703 4396 2864 4451 Certe
2892 4397 3119 4466 quilibet
3161 4396 3334 4467 equus
3367 4414 3550 4455 rerum
3577 4396 3738 4456 (esti-

2128 4476 2310 4542 math
2335 4467 2508 4542 videt,
2527 4467 2738 4542 laudem
2769 4467 3039 4542 hanc‘non
3070 4483 3318 4542 personis
3340 4470 3609 4542 Elipandi,
3636 4473 3741 4528 sed

2131 4537 2321 4612 oflieio
2347 4538 2551 4612 tribui,
2585 4537 2827 4612 nihilque
2859 4538 3004 4592 aliud
3044 4540 3184 4594 velle
3212 4537 3498 4596 Alcuinum
3519 4583 3534 4606 ,
3567 4558 3740 4612 quam

432 4607 706 4678 stantialis
729 4604 897 4667 Patri,
933 4604 1269 4678 humanitate
1315 4597 1790 4678 consubstantialis
1833 4607 2026 4672 matri,
2059 4597 2108 4658 υ
2133 4610 2422 4664 ostendere
2462 4597 2772 4662 adversario
2812 4625 2911 4663 suo
2936 4649 2950 4675 ,
3009 4619 3273 4678 quantum
3329 4613 3401 4666 sit
3438 4597 3642 4668 crimen
3681 4597 3738 4670 si

433 4686 498 4734 ut
520 4679 594 4732 sit
622 4677 766 4731 idem
791 4689 952 4728 verus
978 4675 1120 4748 Deus
1148 4683 1387 4748 etlverus
1410 4676 1568 4748 homo
1598 4679 1649 4730 in
1678 4678 1888 4732 unitate
1907 4693 2033 4748 per-

435 4763 623 4806 sonae:
659 4762 820 4818 quem
849 4761 944 4799 vos
971 4747 1091 4818 siue
1137 4746 1299 4801 dubio
1350 4763 1472 4801 cum
1507 4747 1752 4803 Nestorio
1794 4751 1848 4802 in
1898 4746 2033 4804 duos

435 4816 862 4881 dividitis‘lilios,
885 4825 944 4889 et
967 4817 1021 4868 iu
1048 4816 1182 4889 duas
1208 4833 1485 4888 personas,
1518 4835 1616 4889 per
1643 4821 2033 4889 proprietatem

435 4899 494 4945 et
516 4889 878 4960 adoptionem.
903 4886 1017 4941 Non
1037 4886 1492 4960 igiturmagister
1519 4886 1712 4944 Vest—er
1745 4886 2044 4948 Nestoriu!

441 4957 656 5030 1002
696 4957 972 5013 invenitur
1020 4958 1154 5030 duas
1205 4957 1464 5028 personas
1506 4961 1686 5030 palam
1728 4960 1782 5014 in
1818 4959 2047 5015 Christe

435 5029 702 5101 proﬁteri,
735 5039 1000 5102 quantum
1021 5029 1087 5082 ad
1112 5044 1210 5082 nos
1237 5030 1431 5102 litterae
1461 5029 1602 5086 illius
1628 5031 1910 5100 pervenire
1934 5048 2034 5102 po-

437 5099 662 5155 tuerunt
690 5119 702 5154 :
733 5100 829 5155 sed
857 5099 1040 5153 omnia
1071 5115 1191 5166 qua:
1217 5100 1424 5156 duabus
1467 5099 1686 5158 necesse
1729 5113 1810 5157 est
1859 5099 2036 5159 inesse

437 5173 722 5244 personis,
752 5170 1000 5244 proferre
1019 5170 1099 5244 _de
1123 5168 1345 5244 Christo
1375 5173 1660 5243 reperitur,
1690 5174 2036 5244 adoptionem

438 5240 585 5316 sicut
608 5251 665 5296 et
688 5240 1136 5316 vos_h‘i_im_au_itati
1164 5240 1460 5316 aset'ilx_eus,
1506 5251 1560 5316 et
1604 5240 1872 5298 divinitati
1908 5261 2037 5316 pro-

438 5313 731 5384 prietatem
785 5313 876 5384 ﬁlii
917 5311 1226 5384 designans.
1265 5333 1282 5363 υ
1318 5312 1386 5366 Ει
1421 5315 1578 5384 paulo
1619 5326 1740 5384 post
1781 5311 1932 5370 num'.
1973 5316 2034 5370 l4

443 5377 521 5437 ait
550 5401 562 5436 :
600 5402 618 5432 ι
661 5383 909 5436 Hortaris
953 5377 1052 5435 me,
1077 5381 1264 5454 Arium
1300 5377 1586 5448 non-esse,
1618 5377 1708 5454 qui
1743 5387 2031 5442 multormn

441 5469 540 5509 sua
573 5454 927 5523 perversitate
957 5452 1244 5507 maculavit
1273 5457 1437 5508 corda
1456 5496 1470 5518 ,
1499 5465 1558 5509 ut
1583 5452 1728 5511 recte
1771 5474 1876 5511 non
1915 5472 2035 5514 cre-

441 5524 652 5596 derent.
675 5524 806 5596 Ego,
833 5525 1000 5592 gloria
1033 5523 1140 5577 Deo
1165 5523 1312 5588 Jesu,
1340 5542 1614 5594 nunquam
1638 5527 1692 5580 in
1718 5527 2031 5584 barathrum

440 5595 554 5669 Arii
605 5595 854 5669 delapsus
882 5610 1034 5657 sum;
1072 5596 1164 5669 sed
1202 5603 1255 5669 tu
1289 5596 1373 5650 vel
1413 5596 1577 5650 Arius
1623 5612 1743 5669 esse
1770 5599 2028 5669 probabo-

376 5731 378 5734 τ
441 5666 653 5738 ris,_vel
685 5676 832 5738 tuam
857 5666 1181 5722 sententiam
1214 5667 1472 5738 damnare
1509 5667 1745 5738 cogeris;
1773 5666 1867 5737 qui
1889 5684 2037 5725 asse-

373 5745 381 5792 ξ
444 5736 533 5812 ris
552 5736 743 5812 Filium
774 5737 868 5792 Dei
897 5738 1136 5812 unicum.
1161 5736 1528 5812 unigenitum,
1555 5736 1822 5812 uniusque
1845 5741 2036 5812 procul

369 5819 377 5836 ε
443 5806 610 5882 dubio
639 5821 905 5877 personat,
933 5807 1246 5882 adoptivum
1269 5806 1422 5864 "esse.
1449 5807 1704 5882 l‘lunquid
1734 5806 1862 5866 hon'
1889 5820 1943 5882 _tu
1980 5813 2034 5868 in

441 5877 634 5932 eadem
658 5892 891 5948 persona
911 5877 1256 5950 adoptionem
1269 5893 1390 5938 esse
1409 5877 1677 5951 affirmas,
1693 5897 1857 5953 quam
1872 5880 2038 5942 Arius

2139 4681 2445 4750 episcopus,
2476 4681 2568 4750 qui
2597 4694 2758 4748 Super
2788 4680 3173 4735 candelabrum
3201 4689 3257 4736 ut
3279 4683 3456 4738 luceat
3487 4685 3540 4740 in
3569 4685 3742 4742 domo

2139 4751 2236 4805 Dei
2267 4751 2519 4805 omnibus
2545 4750 2752 4819 positus
2773 4759 2877 4826 est,
2909 4765 3158 4806 errorum
3201 4755 3441 4809 tenebris
3484 4754 3740 4811 obfusee—

2142 4831 2259 4894 tur,
2306 4836 2634 4894 gregemque
2680 4822 2898 4894 perdat,
2927 4836 3114 4894 quam
3162 4838 3384 4894 pascere
3436 4827 3737 4884 debuisset.

2141 4892 2295 4949 Unde
2317 4891 2411 4947 his
2434 4891 2682 4946 laudibus
2709 4892 3028 4963 Elipaudum
3059 4891 3240 4963 potius
3268 4897 3616 4954 admonuisse
3646 4899 3738 4954 sui

2141 4965 2402 5028 muneris,
2427 4979 2588 5034 quam
2617 4964 2772 5018 vanis
2805 4962 3203 5020 adulationibus
3241 4967 3566 5024 demulsisse
3608 4985 3741 5026 cen-

2141 5035 2341 5090 sendus
2368 5033 2754 5098 cstAlcuiuus,
2783 5042 2944 5104 prout
2977 5043 3032 5088 et
3070 5035 3271 5104 legenti
3298 5046 3616 5095 contextum
3655 5039 3740 5094 ci-

2140 5114 2266 5180 tata:
2291 5105 2533 5180 cpistola:
2564 5105 2911 5180 manifestum
2934 5107 3314 5180 eritLDemum
3341 5123 3451 5164 non
3485 5112 3588 5167 nisi
3609 5127 3743 5180 par-

2140 5177 2274 5252 tium
2304 5177 2481 5252 studio
2507 5175 2818 5252 tribuimus,
2845 5176 2990 5248 quod
3005 5176 3298 5252 _Walehius
3319 5195 3443 5252 pag.
3475 5180 3546 5236 62
3569 5175 3740 5238 histo-

2139 5246 2236 5302 τίω
2267 5263 2377 5302 suae
2420 5246 2706 5301 Alcuinum
2751 5246 2907 5302 vocet
2945 5265 2963 5297 ι
3005 5248 3281 5302 hominem
3319 5246 3613 5318 mobilem,
3645 5253 3740 5306 in-

2139 5325 2497 5393 constantem,
2527 5325 2639 5393 tum
2671 5318 2792 5382 hoc,
2827 5327 2938 5372 tum
2966 5318 3097 5393 illud
3126 5319 3430 5393 dicentem,
3452 5325 3583 5393 quid
3606 5339 3739 5379 vero

2139 5399 2351 5444 certum
2399 5391 2468 5443 sit
2495 5389 2848 5443 nescientem.
2891 5409 2909 5441 ι
2950 5389 3152 5445 Ansam
3192 5391 3296 5446 ista
3327 5389 3601 5450 scribendi
3636 5395 3738 5450 de-

2139 5461 2294 5548 derat
2320 5475 2637 5548 respoqsum
2653 5458 2959 5548 Alcuininad
2980 5471 3324 5548 ergurnenla,
3348 5480 3470 5534 qua:
3495 5465 3740 5548 episcopi

2139 5529 2752 5608 Hispaniieladoptionis
2785 5532 2836 5584 in
2865 5529 3093 5608 Christo,
3115 5529 3456 5592 fautores'ex
3494 5529 3742 5608 li'turgiis

2140 5602 2255 5658 suis
2284 5617 2383 5672 pro
2406 5603 2662 5681 dogmate
2688 5617 2828 5672 sazpe
2855 5603 2999 5681 dicto
3021 5605 3473 5681 deproutpserant
3496 5651 3510 5672 ,
3537 5602 3743 5681 pru'vo—

2139 5675 2826 5750 cantes‘atlauctoritatem
2855 5673 3107 5750 Eugenii,
3131 5673 3460 5750 lidepbousi,
3489 5673 3742 5740 tat-Julia-

2139 5744 2210 5820 ῐιίΔ
2227 5745 2371 5820 sedis
2400 5744 2675 5820 Toletana:
2713 5744 3054 5820 antistitum,
3101 5764 3166 5806 ac
3215 5744 3500 5820 dicentes,
3549 5767 3742 5808 vocem

2140 5815 2437 5887 adoptionis
2465 5818 2538 5894 ab
2560 5816 2941 5894 hisce_dudum
2966 5828 3399 5894 usurpatam,“
3423 5815 3580 5894 quasi
3607 5838 3744 5882 con-

2142 5885 2412 5945 secratam
2463 5885 2652 5946 fuisse.
2697 5886 2960 5959 Reposuit
3011 5885 3142 5948 vero
3176 5885 3460 5951 Alcuinus'
3487 5895 3546 5952 in
3591 5894 3746 5952 hunc
