  <div class='ocr_page' id='page_1' title='image "/cluster/home/n/w/nwhite01/storage/ocr_20150623/101/hvd.32044004824769/224.png"; bbox 0 0 4038 6336; ppageno 0'>
   <div class='ocr_carea' id='block_1_1' title="bbox 339 361 447 420">
    <p class='ocr_par' dir='ltr' id='par_1_1' title="bbox 339 361 447 420">
     <span class='ocr_line' id='line_1_1' title="bbox 339 361 447 420; baseline -0.037 0"><span class='ocrx_word' id='word_1_1' title='bbox 339 361 447 420; x_wconf 69' lang='grc'><strong>4⁵57</strong></span> 
     </span>
    </p>
   </div>
   <div class='ocr_carea' id='block_1_2' title="bbox 337 481 1914 554">
    <p class='ocr_par' dir='ltr' id='par_1_2' title="bbox 337 481 1914 554">
     <span class='ocr_line' id='line_1_2' title="bbox 337 481 1914 554; baseline -0.001 -15"><span class='ocrx_word' id='word_1_2' title='bbox 337 481 562 539; x_wconf 89' lang='lat' dir='ltr'><strong>modum</strong></span> <span class='ocrx_word' id='word_1_3' title='bbox 595 498 609 535; x_wconf 92' lang='lat'><strong>:</strong></span> <span class='ocrx_word' id='word_1_4' title='bbox 643 499 664 534; x_wconf 71' lang='grc' dir='ltr'>ι</span> <span class='ocrx_word' id='word_1_5' title='bbox 691 481 959 542; x_wconf 71' lang='lat' dir='ltr'><strong>Przesules</strong></span> <span class='ocrx_word' id='word_1_6' title='bbox 1004 499 1218 554; x_wconf 90' lang='lat' dir='ltr'><strong>quoque</strong></span> <span class='ocrx_word' id='word_1_7' title='bbox 1251 483 1630 554; x_wconf 84' lang='lat' dir='ltr'><strong>Hispaniarum</strong></span> <span class='ocrx_word' id='word_1_8' title='bbox 1651 553 1654 554; x_wconf 12' lang='grc' dir='ltr'><em>γ</em></span> <span class='ocrx_word' id='word_1_9' title='bbox 1675 481 1914 554; x_wconf 84' lang='lat' dir='ltr'><strong>inducis,</strong></span> 
     </span>
    </p>
   </div>
   <div class='ocr_carea' id='block_1_3' title="bbox 336 553 1918 624">
    <p class='ocr_par' dir='ltr' id='par_1_3' title="bbox 336 553 1918 624">
     <span class='ocr_line' id='line_1_3' title="bbox 336 553 1918 624; baseline 0 -16"><span class='ocrx_word' id='word_1_10' title='bbox 336 569 476 624; x_wconf 88' lang='lat' dir='ltr'><strong>quos</strong></span> <span class='ocrx_word' id='word_1_11' title='bbox 505 561 562 608; x_wconf 90' lang='lat' dir='ltr'><strong>tu</strong></span> <span class='ocrx_word' id='word_1_12' title='bbox 594 555 926 624; x_wconf 81' lang='lat' dir='ltr'><strong>orthodoxos</strong></span> <span class='ocrx_word' id='word_1_13' title='bbox 952 553 1090 611; x_wconf 80' lang='lat' dir='ltr'><strong>diois</strong></span> <span class='ocrx_word' id='word_1_14' title='bbox 1116 553 1208 609; x_wconf 61' lang='lat' dir='ltr'><strong>{in</strong></span> <span class='ocrx_word' id='word_1_15' title='bbox 1231 553 1484 624; x_wconf 34' lang='lat' dir='ltr'><strong>his,’qu:e</strong></span> <span class='ocrx_word' id='word_1_16' title='bbox 1507 553 1770 624; x_wconf 91' lang='lat' dir='ltr'><strong>posuisti,</strong></span> <span class='ocrx_word' id='word_1_17' title='bbox 1796 569 1918 608; x_wconf 83' lang='lat' dir='ltr'><strong>nra—</strong></span> 
     </span>
    </p>
   </div>
   <div class='ocr_carea' id='block_1_4' title="bbox 337 623 1921 695">
    <p class='ocr_par' dir='ltr' id='par_1_4' title="bbox 337 623 1921 695">
     <span class='ocr_line' id='line_1_4' title="bbox 337 623 1921 695; baseline -0.001 -16"><span class='ocrx_word' id='word_1_18' title='bbox 337 623 578 695; x_wconf 76' lang='lat' dir='ltr'><strong>tionibus</strong></span> <span class='ocrx_word' id='word_1_19' title='bbox 601 623 964 679; x_wconf 71' lang='lat' dir='ltr'><strong>indubitanter</strong></span> <span class='ocrx_word' id='word_1_20' title='bbox 981 627 1213 679; x_wconf 61' lang='lat' dir='ltr'><strong>haeretici</strong></span> <span class='ocrx_word' id='word_1_21' title='bbox 1236 641 1352 679; x_wconf 90' lang='lat' dir='ltr'><strong>esse</strong></span> <span class='ocrx_word' id='word_1_22' title='bbox 1375 623 1782 695; x_wconf 83' lang='lat' dir='ltr'><strong>dignoscuntur.</strong></span> <span class='ocrx_word' id='word_1_23' title='bbox 1806 624 1921 695; x_wconf 84' lang='lat' dir='ltr'><strong>Nisi</strong></span> 
     </span>
    </p>
   </div>
   <div class='ocr_carea' id='block_1_5' title="bbox 332 693 1923 760">
    <p class='ocr_par' dir='ltr' id='par_1_5' title="bbox 332 693 1923 760">
     <span class='ocr_line' id='line_1_5' title="bbox 332 693 1923 760; baseline 0 -12"><span class='ocrx_word' id='word_1_24' title='bbox 332 693 479 749; x_wconf 79' lang='lat' dir='ltr'><strong>forte</strong></span> <span class='ocrx_word' id='word_1_25' title='bbox 505 703 559 747; x_wconf 86' lang='lat' dir='ltr'><strong>et</strong></span> <span class='ocrx_word' id='word_1_26' title='bbox 578 709 763 748; x_wconf 87' lang='lat' dir='ltr'><strong>eorum</strong></span> <span class='ocrx_word' id='word_1_27' title='bbox 793 696 956 760; x_wconf 87' lang='lat' dir='ltr'><strong>dicta,</strong></span> <span class='ocrx_word' id='word_1_28' title='bbox 981 697 1119 750; x_wconf 90' lang='lat' dir='ltr'><strong>sicut</strong></span> <span class='ocrx_word' id='word_1_29' title='bbox 1149 703 1202 749; x_wconf 90' lang='lat' dir='ltr'><strong>et</strong></span> <span class='ocrx_word' id='word_1_30' title='bbox 1240 696 1291 749; x_wconf 91' lang='lat' dir='ltr'><strong>in</strong></span> <span class='ocrx_word' id='word_1_31' title='bbox 1324 693 1534 750; x_wconf 63' lang='lat' dir='ltr'><strong>caeteris</strong></span> <span class='ocrx_word' id='word_1_32' title='bbox 1560 695 1801 757; x_wconf 87' lang='lat' dir='ltr'><strong>solebas,</strong></span> <span class='ocrx_word' id='word_1_33' title='bbox 1832 694 1923 748; x_wconf 88' lang='lat' dir='ltr'><strong>de-</strong></span> 
     </span>
    </p>
   </div>
   <div class='ocr_carea' id='block_1_6' title="bbox 335 764 1922 835">
    <p class='ocr_par' dir='ltr' id='par_1_6' title="bbox 335 764 1922 835">
     <span class='ocr_line' id='line_1_6' title="bbox 335 764 1922 835; baseline 0.001 -17"><span class='ocrx_word' id='word_1_34' title='bbox 335 765 607 835; x_wconf 86' lang='lat' dir='ltr'><strong>pravaris,</strong></span> <span class='ocrx_word' id='word_1_35' title='bbox 631 764 856 830; x_wconf 87' lang='lat' dir='ltr'><strong>scilicet,</strong></span> <span class='ocrx_word' id='word_1_36' title='bbox 885 774 944 820; x_wconf 89' lang='lat' dir='ltr'><strong>ut</strong></span> <span class='ocrx_word' id='word_1_37' title='bbox 987 767 1128 835; x_wconf 92' lang='lat' dir='ltr'><strong>quod</strong></span> <span class='ocrx_word' id='word_1_38' title='bbox 1161 766 1233 819; x_wconf 89' lang='lat' dir='ltr'><strong>illi</strong></span> <span class='ocrx_word' id='word_1_39' title='bbox 1273 766 1409 819; x_wconf 87' lang='lat' dir='ltr'><strong>bene</strong></span> <span class='ocrx_word' id='word_1_40' title='bbox 1449 766 1740 828; x_wconf 85' lang='lat' dir='ltr'><strong>dixerunt,</strong></span> <span class='ocrx_word' id='word_1_41' title='bbox 1780 772 1836 835; x_wconf 85' lang='lat' dir='ltr'><strong>tu</strong></span> <span class='ocrx_word' id='word_1_42' title='bbox 1866 765 1922 819; x_wconf 91' lang='lat' dir='ltr'><strong>in</strong></span> 
     </span>
    </p>
   </div>
   <div class='ocr_carea' id='block_1_7' title="bbox 334 834 1922 904">
    <p class='ocr_par' dir='ltr' id='par_1_7' title="bbox 334 834 1922 904">
     <span class='ocr_line' id='line_1_7' title="bbox 334 834 1922 904; baseline 0 -14"><span class='ocrx_word' id='word_1_43' title='bbox 334 834 704 902; x_wconf 89' lang='lat' dir='ltr'><strong>adjumentum</strong></span> <span class='ocrx_word' id='word_1_44' title='bbox 726 837 927 891; x_wconf 91' lang='lat' dir='ltr'><strong>erroris</strong></span> <span class='ocrx_word' id='word_1_45' title='bbox 943 834 1016 889; x_wconf 90' lang='lat' dir='ltr'><strong>tui</strong></span> <span class='ocrx_word' id='word_1_46' title='bbox 1046 844 1274 900; x_wconf 85' lang='lat' dir='ltr'><strong>mutare,</strong></span> <span class='ocrx_word' id='word_1_47' title='bbox 1305 844 1357 890; x_wconf 91' lang='lat' dir='ltr'><strong>et</strong></span> <span class='ocrx_word' id='word_1_48' title='bbox 1379 835 1605 890; x_wconf 89' lang='lat' dir='ltr'><strong>alterum</strong></span> <span class='ocrx_word' id='word_1_49' title='bbox 1631 850 1728 904; x_wconf 84' lang='lat' dir='ltr'><strong>pro</strong></span> <span class='ocrx_word' id='word_1_50' title='bbox 1751 834 1922 890; x_wconf 91' lang='lat' dir='ltr'><strong>altero</strong></span> 
     </span>
    </p>
   </div>
   <div class='ocr_carea' id='block_1_8' title="bbox 333 903 1920 974">
    <p class='ocr_par' dir='ltr' id='par_1_8' title="bbox 333 903 1920 974">
     <span class='ocr_line' id='line_1_8' title="bbox 333 903 1920 974; baseline -0.001 -14"><span class='ocrx_word' id='word_1_51' title='bbox 333 907 556 960; x_wconf 75' lang='lat' dir='ltr'><strong>mittere</strong></span> <span class='ocrx_word' id='word_1_52' title='bbox 581 921 746 959; x_wconf 88' lang='lat' dir='ltr'><strong>ausus</strong></span> <span class='ocrx_word' id='word_1_53' title='bbox 781 908 874 960; x_wconf 90' lang='lat' dir='ltr'><strong>sis.</strong></span> <span class='ocrx_word' id='word_1_54' title='bbox 902 906 1164 960; x_wconf 88' lang='lat' dir='ltr'><strong>Asserunt</strong></span> <span class='ocrx_word' id='word_1_55' title='bbox 1189 907 1330 959; x_wconf 90' lang='lat' dir='ltr'><strong>enim</strong></span> <span class='ocrx_word' id='word_1_56' title='bbox 1359 906 1576 974; x_wconf 87' lang='lat' dir='ltr'><strong>quidam</strong></span> <span class='ocrx_word' id='word_1_57' title='bbox 1605 903 1670 960; x_wconf 81' lang='lat' dir='ltr'><strong>ex</strong></span> <span class='ocrx_word' id='word_1_58' title='bbox 1695 903 1802 958; x_wconf 86' lang='lat' dir='ltr'><strong>illis</strong></span> <span class='ocrx_word' id='word_1_59' title='bbox 1827 919 1920 974; x_wconf 86' lang='lat' dir='ltr'><strong>pa-</strong></span> 
     </span>
    </p>
   </div>
   <div class='ocr_carea' id='block_1_9' title="bbox 332 974 1923 1047">
    <p class='ocr_par' dir='ltr' id='par_1_9' title="bbox 332 974 1923 1047">
     <span class='ocr_line' id='line_1_9' title="bbox 332 974 1923 1047; baseline -0.001 -18"><span class='ocrx_word' id='word_1_60' title='bbox 332 977 514 1047; x_wconf 84' lang='lat' dir='ltr'><strong>tribus</strong></span> <span class='ocrx_word' id='word_1_61' title='bbox 539 974 724 1047; x_wconf 78' lang='lat' dir='ltr'><strong>(Forte</strong></span> <span class='ocrx_word' id='word_1_62' title='bbox 746 974 1020 1046; x_wconf 83' lang='lat' dir='ltr'><strong>legendum</strong></span> <span class='ocrx_word' id='word_1_63' title='bbox 1046 991 1063 1028; x_wconf 84' lang='lat'><strong>.&#39;</strong></span> <span class='ocrx_word' id='word_1_64' title='bbox 1089 976 1354 1046; x_wconf 87' lang='lat' dir='ltr'><strong>partibus)</strong></span> <span class='ocrx_word' id='word_1_65' title='bbox 1389 976 1480 1029; x_wconf 90' lang='lat' dir='ltr'><strong>ubi</strong></span> <span class='ocrx_word' id='word_1_66' title='bbox 1509 985 1562 1030; x_wconf 90' lang='lat' dir='ltr'><strong>tu</strong></span> <span class='ocrx_word' id='word_1_67' title='bbox 1592 976 1806 1047; x_wconf 80' lang='lat' dir='ltr'><strong>dixisti,</strong></span> <span class='ocrx_word' id='word_1_68' title='bbox 1835 974 1923 1028; x_wconf 88' lang='lat' dir='ltr'><strong>vel</strong></span> 
     </span>
    </p>
   </div>
   <div class='ocr_carea' id='block_1_10' title="bbox 331 1046 1922 1116">
    <p class='ocr_par' dir='ltr' id='par_1_10' title="bbox 331 1046 1922 1116">
     <span class='ocr_line' id='line_1_10' title="bbox 331 1046 1922 1116; baseline 0.001 -18"><span class='ocrx_word' id='word_1_69' title='bbox 331 1046 701 1114; x_wconf 76' lang='lat' dir='ltr'><strong>adoptionem,</strong></span> <span class='ocrx_word' id='word_1_70' title='bbox 736 1047 818 1100; x_wconf 79' lang='lat' dir='ltr'><strong>vel</strong></span> <span class='ocrx_word' id='word_1_71' title='bbox 865 1047 1093 1116; x_wconf 76' lang='lat' dir='ltr'><strong>adoptivi</strong></span> <span class='ocrx_word' id='word_1_72' title='bbox 1133 1047 1395 1112; x_wconf 78' lang='lat' dir='ltr'><strong>hominis,</strong></span> <span class='ocrx_word' id='word_1_73' title='bbox 1443 1059 1536 1100; x_wconf 88' lang='lat' dir='ltr'><strong>eos</strong></span> <span class='ocrx_word' id='word_1_74' title='bbox 1585 1046 1786 1100; x_wconf 82' lang='lat' dir='ltr'><strong>dixisse</strong></span> <span class='ocrx_word' id='word_1_75' title='bbox 1823 1060 1922 1114; x_wconf 90' lang='lat' dir='ltr'><strong>pro</strong></span> 
     </span>
    </p>
   </div>
   <div class='ocr_carea' id='block_1_11' title="bbox 330 1116 1924 1188">
    <p class='ocr_par' dir='ltr' id='par_1_11' title="bbox 330 1116 1924 1188">
     <span class='ocr_line' id='line_1_11' title="bbox 330 1116 1924 1188; baseline 0.001 -20"><span class='ocrx_word' id='word_1_76' title='bbox 330 1116 614 1188; x_wconf 65' lang='lat' dir='ltr'><strong>adoptione</strong></span> <span class='ocrx_word' id='word_1_77' title='bbox 641 1118 1070 1188; x_wconf 81' lang='lat' dir='ltr'><strong>assumptionem,</strong></span> <span class='ocrx_word' id='word_1_78' title='bbox 1093 1126 1147 1172; x_wconf 91' lang='lat' dir='ltr'><strong>et</strong></span> <span class='ocrx_word' id='word_1_79' title='bbox 1171 1133 1268 1186; x_wconf 86' lang='lat' dir='ltr'><strong>pro</strong></span> <span class='ocrx_word' id='word_1_80' title='bbox 1293 1117 1526 1188; x_wconf 80' lang='lat' dir='ltr'><strong>adoptivi</strong></span> <span class='ocrx_word' id='word_1_81' title='bbox 1546 1117 1842 1188; x_wconf 76' lang='lat' dir='ltr'><strong>assumpti:</strong></span> <span class='ocrx_word' id='word_1_82' title='bbox 1869 1124 1924 1172; x_wconf 87' lang='lat' dir='ltr'><strong>et</strong></span> 
     </span>
    </p>
   </div>
   <div class='ocr_carea' id='block_1_12' title="bbox 331 1185 1916 1257">
    <p class='ocr_par' dir='ltr' id='par_1_12' title="bbox 331 1185 1916 1257">
     <span class='ocr_line' id='line_1_12' title="bbox 331 1185 1916 1257; baseline 0.001 -19"><span class='ocrx_word' id='word_1_83' title='bbox 331 1185 386 1257; x_wconf 82' lang='lat' dir='ltr'><strong>i_n</strong></span> <span class='ocrx_word' id='word_1_84' title='bbox 420 1187 524 1240; x_wconf 91' lang='lat' dir='ltr'><strong>hoc</strong></span> <span class='ocrx_word' id='word_1_85' title='bbox 571 1201 786 1255; x_wconf 90' lang='lat' dir='ltr'><strong>quoque</strong></span> <span class='ocrx_word' id='word_1_86' title='bbox 828 1194 916 1239; x_wconf 88' lang='lat' dir='ltr'><strong>tua</strong></span> <span class='ocrx_word' id='word_1_87' title='bbox 962 1185 1224 1240; x_wconf 81' lang='lat' dir='ltr'><strong>malevola</strong></span> <span class='ocrx_word' id='word_1_88' title='bbox 1266 1187 1508 1257; x_wconf 87' lang='lat' dir='ltr'><strong>arguitur</strong></span> <span class='ocrx_word' id='word_1_89' title='bbox 1551 1185 1916 1256; x_wconf 74' lang='lat' dir='ltr'><strong>pertinacia...</strong></span> 
     </span>
    </p>
   </div>
   <div class='ocr_carea' id='block_1_13' title="bbox 330 1254 1920 1324">
    <p class='ocr_par' dir='ltr' id='par_1_13' title="bbox 330 1254 1920 1324">
     <span class='ocr_line' id='line_1_13' title="bbox 330 1254 1920 1324; baseline 0.001 -15"><span class='ocrx_word' id='word_1_90' title='bbox 330 1254 438 1310; x_wconf 88' lang='lat' dir='ltr'><strong>Sed</strong></span> <span class='ocrx_word' id='word_1_91' title='bbox 471 1254 844 1324; x_wconf 34' lang='lat' dir='ltr'><strong>sive&#39;mutata,</strong></span> <span class='ocrx_word' id='word_1_92' title='bbox 875 1257 986 1311; x_wconf 90' lang='lat' dir='ltr'><strong>sive</strong></span> <span class='ocrx_word' id='word_1_93' title='bbox 1014 1266 1074 1310; x_wconf 94' lang='lat' dir='ltr'><strong>ut</strong></span> <span class='ocrx_word' id='word_1_94' title='bbox 1101 1259 1168 1311; x_wconf 89' lang='lat' dir='ltr'><strong>ab</strong></span> <span class='ocrx_word' id='word_1_95' title='bbox 1206 1258 1283 1312; x_wconf 91' lang='lat' dir='ltr'><strong>eis</strong></span> <span class='ocrx_word' id='word_1_96' title='bbox 1310 1254 1434 1310; x_wconf 75' lang='lat' dir='ltr'><strong>sunt</strong></span> <span class='ocrx_word' id='word_1_97' title='bbox 1472 1254 1643 1319; x_wconf 39' lang='lat' dir='ltr'><strong>dic—ta,</strong></span> <span class='ocrx_word' id='word_1_98' title='bbox 1679 1257 1792 1312; x_wconf 74' lang='lat' dir='ltr'><strong>hzec</strong></span> <span class='ocrx_word' id='word_1_99' title='bbox 1831 1273 1920 1310; x_wconf 92' lang='lat' dir='ltr'><strong>ea-</strong></span> 
     </span>
    </p>
   </div>
   <div class='ocr_carea' id='block_1_14' title="bbox 327 1325 1923 1397">
    <p class='ocr_par' dir='ltr' id='par_1_14' title="bbox 327 1325 1923 1397">
     <span class='ocr_line' id='line_1_14' title="bbox 327 1325 1923 1397; baseline 0.001 -19"><span class='ocrx_word' id='word_1_100' title='bbox 327 1326 451 1379; x_wconf 86' lang='lat' dir='ltr'><strong>dem</strong></span> <span class='ocrx_word' id='word_1_101' title='bbox 496 1326 802 1380; x_wconf 85' lang='lat' dir='ltr'><strong>testimonia</strong></span> <span class='ocrx_word' id='word_1_102' title='bbox 831 1341 861 1380; x_wconf 92' lang='lat' dir='ltr'><strong>a</strong></span> <span class='ocrx_word' id='word_1_103' title='bbox 891 1335 940 1380; x_wconf 89' lang='lat' dir='ltr'><strong>te</strong></span> <span class='ocrx_word' id='word_1_104' title='bbox 967 1328 1076 1380; x_wconf 90' lang='lat' dir='ltr'><strong>sint</strong></span> <span class='ocrx_word' id='word_1_105' title='bbox 1104 1327 1296 1397; x_wconf 78' lang='lat' dir='ltr'><strong>posita,</strong></span> <span class='ocrx_word' id='word_1_106' title='bbox 1331 1343 1435 1380; x_wconf 92' lang='lat' dir='ltr'><strong>non</strong></span> <span class='ocrx_word' id='word_1_107' title='bbox 1475 1341 1797 1396; x_wconf 77' lang='lat' dir='ltr'><strong>magnopere</strong></span> <span class='ocrx_word' id='word_1_108' title='bbox 1829 1325 1923 1380; x_wconf 82' lang='lat' dir='ltr'><strong>cu-</strong></span> 
     </span>
    </p>
   </div>
   <div class='ocr_carea' id='block_1_15' title="bbox 328 1397 1964 1468">
    <p class='ocr_par' dir='ltr' id='par_1_15' title="bbox 328 1397 1964 1468">
     <span class='ocr_line' id='line_1_15' title="bbox 328 1397 1964 1468; baseline 0.003 -21"><span class='ocrx_word' id='word_1_109' title='bbox 328 1397 566 1468; x_wconf 69' lang='lat' dir='ltr'><strong>randum</strong></span> <span class='ocrx_word' id='word_1_110' title='bbox 587 1403 696 1462; x_wconf 89' lang='lat' dir='ltr'><strong>est;</strong></span> <span class='ocrx_word' id='word_1_111' title='bbox 721 1412 819 1451; x_wconf 87' lang='lat' dir='ltr'><strong>nos</strong></span> <span class='ocrx_word' id='word_1_112' title='bbox 847 1397 990 1452; x_wconf 88' lang='lat' dir='ltr'><strong>enim</strong></span> <span class='ocrx_word' id='word_1_113' title='bbox 1011 1397 1248 1454; x_wconf 80' lang='lat' dir='ltr'><strong>Romana</strong></span> <span class='ocrx_word' id='word_1_114' title='bbox 1269 1398 1386 1468; x_wconf 88' lang='lat' dir='ltr'><strong>plus</strong></span> <span class='ocrx_word' id='word_1_115' title='bbox 1401 1399 1742 1468; x_wconf 85' lang='lat' dir='ltr'><strong>auctoritate,</strong></span> <span class='ocrx_word' id='word_1_116' title='bbox 1760 1413 1920 1466; x_wconf 88' lang='lat' dir='ltr'><strong>quam</strong></span> <span class='ocrx_word' id='word_1_117' title='bbox 1957 1447 1964 1452; x_wconf 94' lang='lat'><strong>.</strong></span> 
     </span>
    </p>
   </div>
   <div class='ocr_carea' id='block_1_16' title="bbox 327 1465 1924 1536">
    <p class='ocr_par' dir='ltr' id='par_1_16' title="bbox 327 1465 1924 1536">
     <span class='ocr_line' id='line_1_16' title="bbox 327 1465 1924 1536; baseline 0.002 -18"><span class='ocrx_word' id='word_1_118' title='bbox 327 1465 590 1536; x_wconf 79' lang='lat' dir='ltr'><strong>Hispana,</strong></span> <span class='ocrx_word' id='word_1_119' title='bbox 609 1468 833 1522; x_wconf 88' lang='lat' dir='ltr'><strong>veritate</strong></span> <span class='ocrx_word' id='word_1_120' title='bbox 846 1470 1159 1521; x_wconf 85' lang='lat' dir='ltr'><strong>assertionis</strong></span> <span class='ocrx_word' id='word_1_121' title='bbox 1183 1477 1236 1522; x_wconf 92' lang='lat' dir='ltr'><strong>et</strong></span> <span class='ocrx_word' id='word_1_122' title='bbox 1261 1465 1381 1522; x_wconf 86' lang='lat' dir='ltr'><strong>fidei</strong></span> <span class='ocrx_word' id='word_1_123' title='bbox 1409 1477 1604 1521; x_wconf 66' lang='lat' dir='ltr'><strong>nostrae</strong></span> <span class='ocrx_word' id='word_1_124' title='bbox 1630 1465 1802 1522; x_wconf 83' lang='lat' dir='ltr'><strong>fulciri</strong></span> <span class='ocrx_word' id='word_1_125' title='bbox 1831 1468 1924 1521; x_wconf 91' lang='lat' dir='ltr'><strong>de-</strong></span> 
     </span>
    </p>
   </div>
   <div class='ocr_carea' id='block_1_17' title="bbox 326 1537 1916 1606">
    <p class='ocr_par' dir='ltr' id='par_1_17' title="bbox 326 1537 1916 1606">
     <span class='ocr_line' id='line_1_17' title="bbox 326 1537 1916 1606; baseline 0.001 -17"><span class='ocrx_word' id='word_1_126' title='bbox 326 1537 666 1599; x_wconf 87' lang='lat' dir='ltr'><strong>sideramus;</strong></span> <span class='ocrx_word' id='word_1_127' title='bbox 703 1538 829 1592; x_wconf 92' lang='lat' dir='ltr'><strong>licet</strong></span> <span class='ocrx_word' id='word_1_128' title='bbox 856 1553 956 1592; x_wconf 89' lang='lat' dir='ltr'><strong>nec</strong></span> <span class='ocrx_word' id='word_1_129' title='bbox 989 1539 1078 1592; x_wconf 88' lang='lat' dir='ltr'><strong>illa</strong></span> <span class='ocrx_word' id='word_1_130' title='bbox 1109 1539 1458 1606; x_wconf 90' lang='lat' dir='ltr'><strong>reprobemus</strong></span> <span class='ocrx_word' id='word_1_131' title='bbox 1477 1579 1491 1602; x_wconf 95' lang='lat'><strong>,</strong></span> <span class='ocrx_word' id='word_1_132' title='bbox 1516 1538 1569 1592; x_wconf 90' lang='lat' dir='ltr'><strong>in</strong></span> <span class='ocrx_word' id='word_1_133' title='bbox 1596 1539 1680 1592; x_wconf 90' lang='lat' dir='ltr'><strong>his</strong></span> <span class='ocrx_word' id='word_1_134' title='bbox 1708 1547 1916 1600; x_wconf 87' lang='lat' dir='ltr'><strong>tamen,</strong></span> 
     </span>
    </p>
   </div>
   <div class='ocr_carea' id='block_1_18' title="bbox 324 1607 1919 1675">
    <p class='ocr_par' dir='ltr' id='par_1_18' title="bbox 324 1607 1919 1675">
     <span class='ocr_line' id='line_1_18' title="bbox 324 1607 1919 1675; baseline 0.003 -18"><span class='ocrx_word' id='word_1_135' title='bbox 324 1621 451 1675; x_wconf 68' lang='lat' dir='ltr'><strong>quae</strong></span> <span class='ocrx_word' id='word_1_136' title='bbox 497 1607 762 1662; x_wconf 89' lang='lat' dir='ltr'><strong>catholice</strong></span> <span class='ocrx_word' id='word_1_137' title='bbox 809 1609 1081 1662; x_wconf 88' lang='lat' dir='ltr'><strong>dicuntur.</strong></span> <span class='ocrx_word' id='word_1_138' title='bbox 1121 1629 1138 1659; x_wconf 72' lang='grc' dir='ltr'><strong>ι</strong></span> <span class='ocrx_word' id='word_1_139' title='bbox 1165 1609 1282 1664; x_wconf 89' lang='lat' dir='ltr'><strong>Lib.</strong></span> <span class='ocrx_word' id='word_1_140' title='bbox 1330 1624 1403 1662; x_wconf 85' lang='lat' dir='ltr'><strong>vn</strong></span> <span class='ocrx_word' id='word_1_141' title='bbox 1449 1617 1637 1664; x_wconf 86' lang='lat' dir='ltr'><strong>contra</strong></span> <span class='ocrx_word' id='word_1_142' title='bbox 1659 1609 1919 1671; x_wconf 82' lang='lat' dir='ltr'><strong>Felicem,</strong></span> 
     </span>
    </p>
   </div>
   <div class='ocr_carea' id='block_1_19' title="bbox 322 1677 1922 1748">
    <p class='ocr_par' dir='ltr' id='par_1_19' title="bbox 322 1677 1922 1748">
     <span class='ocr_line' id='line_1_19' title="bbox 322 1677 1922 1748; baseline 0 -18"><span class='ocrx_word' id='word_1_143' title='bbox 322 1692 479 1730; x_wconf 88' lang='lat' dir='ltr'><strong>num.</strong></span> <span class='ocrx_word' id='word_1_144' title='bbox 510 1678 596 1732; x_wconf 81' lang='grc'><strong>15.</strong></span> <span class='ocrx_word' id='word_1_145' title='bbox 620 1677 690 1731; x_wconf 84' lang='grc' dir='ltr'><strong>Αι</strong></span> <span class='ocrx_word' id='word_1_146' title='bbox 711 1693 862 1742; x_wconf 90' lang='lat' dir='ltr'><strong>vero,</strong></span> <span class='ocrx_word' id='word_1_147' title='bbox 887 1679 1017 1746; x_wconf 89' lang='lat' dir='ltr'><strong>quid</strong></span> <span class='ocrx_word' id='word_1_148' title='bbox 1048 1680 1102 1732; x_wconf 91' lang='lat' dir='ltr'><strong>in</strong></span> <span class='ocrx_word' id='word_1_149' title='bbox 1134 1681 1236 1734; x_wconf 89' lang='lat' dir='ltr'><strong>hac</strong></span> <span class='ocrx_word' id='word_1_150' title='bbox 1273 1681 1620 1748; x_wconf 84' lang='lat' dir='ltr'><strong>responsione</strong></span> <span class='ocrx_word' id='word_1_151' title='bbox 1651 1679 1922 1732; x_wconf 89' lang='lat' dir='ltr'><strong>mobilita-</strong></span> 
     </span>
    </p>
   </div>
   <div class='ocr_carea' id='block_1_20' title="bbox 323 1748 1920 1818">
    <p class='ocr_par' dir='ltr' id='par_1_20' title="bbox 323 1748 1920 1818">
     <span class='ocr_line' id='line_1_20' title="bbox 323 1748 1920 1818; baseline 0.001 -18"><span class='ocrx_word' id='word_1_152' title='bbox 323 1748 427 1818; x_wconf 80' lang='lat' dir='ltr'><strong>tis,</strong></span> <span class='ocrx_word' id='word_1_153' title='bbox 462 1748 592 1816; x_wconf 92' lang='lat' dir='ltr'><strong>quid</strong></span> <span class='ocrx_word' id='word_1_154' title='bbox 637 1749 984 1818; x_wconf 55' lang='lat' dir='ltr'><strong>ignorantur,</strong></span> <span class='ocrx_word' id='word_1_155' title='bbox 1034 1750 1162 1818; x_wconf 91' lang='lat' dir='ltr'><strong>quid</strong></span> <span class='ocrx_word' id='word_1_156' title='bbox 1213 1750 1590 1803; x_wconf 54' lang='lat' dir='ltr'><strong>inconstantia)</strong></span> <span class='ocrx_word' id='word_1_157' title='bbox 1631 1757 1920 1818; x_wconf 85' lang='lat' dir='ltr'><strong>appareat,</strong></span> 
     </span>
    </p>
   </div>
   <div class='ocr_carea' id='block_1_21' title="bbox 321 1817 1918 1888">
    <p class='ocr_par' dir='ltr' id='par_1_21' title="bbox 321 1817 1918 1888">
     <span class='ocr_line' id='line_1_21' title="bbox 321 1817 1918 1888; baseline 0.001 -18"><span class='ocrx_word' id='word_1_158' title='bbox 321 1817 488 1888; x_wconf 86' lang='lat' dir='ltr'><strong>plane</strong></span> <span class='ocrx_word' id='word_1_159' title='bbox 518 1834 624 1872; x_wconf 89' lang='lat' dir='ltr'><strong>non</strong></span> <span class='ocrx_word' id='word_1_160' title='bbox 653 1817 915 1873; x_wconf 90' lang='lat' dir='ltr'><strong>videmus.</strong></span> <span class='ocrx_word' id='word_1_161' title='bbox 943 1817 1256 1888; x_wconf 84' lang='lat' dir='ltr'><strong>Colligimus</strong></span> <span class='ocrx_word' id='word_1_162' title='bbox 1282 1821 1530 1888; x_wconf 84' lang='lat' dir='ltr'><strong>equidem</strong></span> <span class='ocrx_word' id='word_1_163' title='bbox 1561 1835 1628 1873; x_wconf 76' lang='lat' dir='ltr'><strong>ex</strong></span> <span class='ocrx_word' id='word_1_164' title='bbox 1650 1817 1754 1873; x_wconf 77' lang='lat' dir='ltr'><strong>hoc</strong></span> <span class='ocrx_word' id='word_1_165' title='bbox 1783 1821 1918 1883; x_wconf 66' lang='lat' dir='ltr'><strong>loco,</strong></span> 
     </span>
    </p>
   </div>
   <div class='ocr_carea' id='block_1_22' title="bbox 321 1888 2325 1960">
    <p class='ocr_par' dir='ltr' id='par_1_22' title="bbox 321 1888 2325 1960">
     <span class='ocr_line' id='line_1_22' title="bbox 321 1888 2325 1960; baseline -0.001 -17"><span class='ocrx_word' id='word_1_166' title='bbox 321 1895 380 1943; x_wconf 85' lang='lat' dir='ltr'><strong>et</strong></span> <span class='ocrx_word' id='word_1_167' title='bbox 401 1889 626 1958; x_wconf 86' lang='lat' dir='ltr'><strong>insuper</strong></span> <span class='ocrx_word' id='word_1_168' title='bbox 644 1903 707 1942; x_wconf 83' lang='lat' dir='ltr'><strong>ex</strong></span> <span class='ocrx_word' id='word_1_169' title='bbox 728 1888 950 1959; x_wconf 86' lang='lat' dir='ltr'><strong>epistola</strong></span> <span class='ocrx_word' id='word_1_170' title='bbox 975 1889 1184 1943; x_wconf 81' lang='lat' dir='ltr'><strong>Alcuini</strong></span> <span class='ocrx_word' id='word_1_171' title='bbox 1213 1890 1279 1943; x_wconf 90' lang='lat' dir='ltr'><strong>ad</strong></span> <span class='ocrx_word' id='word_1_172' title='bbox 1298 1889 1637 1960; x_wconf 86' lang='lat' dir='ltr'><strong>Elipandnm,</strong></span> <span class='ocrx_word' id='word_1_173' title='bbox 1660 1905 1805 1942; x_wconf 92' lang='lat' dir='ltr'><strong>num.</strong></span> <span class='ocrx_word' id='word_1_174' title='bbox 1835 1891 1922 1954; x_wconf 90' lang='grc'><strong>11,</strong></span> <span class='ocrx_word' id='word_1_175' title='bbox 1958 1889 2001 1953; x_wconf 75' lang='grc' dir='ltr'><strong>Β</strong></span> <span class='ocrx_word' id='word_1_176' title='bbox 2029 1903 2215 1960; x_wconf 85' lang='lat' dir='ltr'><strong>carere</strong></span> <span class='ocrx_word' id='word_1_177' title='bbox 2243 1904 2325 1950; x_wconf 88' lang='lat' dir='ltr'><strong>ea,</strong></span> 
     </span>
    </p>
   </div>
   <div class='ocr_carea' id='block_1_23' title="bbox 319 1960 1918 2023">
    <p class='ocr_par' dir='ltr' id='par_1_23' title="bbox 319 1960 1918 2023">
     <span class='ocr_line' id='line_1_23' title="bbox 319 1960 1918 2023; baseline 0 -10"><span class='ocrx_word' id='word_1_178' title='bbox 319 1973 474 2022; x_wconf 83' lang='lat' dir='ltr'><strong>eum,</strong></span> <span class='ocrx_word' id='word_1_179' title='bbox 520 1974 643 2012; x_wconf 88' lang='lat' dir='ltr'><strong>cum</strong></span> <span class='ocrx_word' id='word_1_180' title='bbox 680 1960 796 2013; x_wconf 69' lang='lat' dir='ltr'><strong>haec</strong></span> <span class='ocrx_word' id='word_1_181' title='bbox 839 1960 1131 2023; x_wconf 86' lang='lat' dir='ltr'><strong>scriberet,</strong></span> <span class='ocrx_word' id='word_1_182' title='bbox 1187 1961 1420 2014; x_wconf 87' lang='lat' dir='ltr'><strong>nondum</strong></span> <span class='ocrx_word' id='word_1_183' title='bbox 1454 1961 1506 2013; x_wconf 91' lang='lat' dir='ltr'><strong>in</strong></span> <span class='ocrx_word' id='word_1_184' title='bbox 1548 1960 1794 2014; x_wconf 86' lang='lat' dir='ltr'><strong>manibus</strong></span> <span class='ocrx_word' id='word_1_185' title='bbox 1822 1961 1918 2013; x_wconf 90' lang='lat' dir='ltr'><strong>ha—</strong></span> 
     </span>
    </p>
   </div>
   <div class='ocr_carea' id='block_1_24' title="bbox 318 2028 1912 2100">
    <p class='ocr_par' dir='ltr' id='par_1_24' title="bbox 318 2028 1912 2100">
     <span class='ocr_line' id='line_1_24' title="bbox 318 2028 1912 2100; baseline 0 -16"><span class='ocrx_word' id='word_1_186' title='bbox 318 2028 530 2094; x_wconf 87' lang='lat' dir='ltr'><strong>buisse,</strong></span> <span class='ocrx_word' id='word_1_187' title='bbox 555 2037 647 2083; x_wconf 90' lang='lat' dir='ltr'><strong>aut</strong></span> <span class='ocrx_word' id='word_1_188' title='bbox 670 2029 927 2085; x_wconf 90' lang='lat' dir='ltr'><strong>lustrasse</strong></span> <span class='ocrx_word' id='word_1_189' title='bbox 949 2030 1282 2100; x_wconf 46' lang='lat' dir='ltr'><strong>exemplaria,</strong></span> <span class='ocrx_word' id='word_1_190' title='bbox 1300 2031 1556 2098; x_wconf 67' lang='lat' dir='ltr'><strong>Lilurgiae</strong></span> <span class='ocrx_word' id='word_1_191' title='bbox 1580 2031 1912 2099; x_wconf 73' lang='lat' dir='ltr'><strong>Hispanicae;</strong></span> 
     </span>
    </p>
   </div>
   <div class='ocr_carea' id='block_1_25' title="bbox 319 2100 1915 2172">
    <p class='ocr_par' dir='ltr' id='par_1_25' title="bbox 319 2100 1915 2172">
     <span class='ocr_line' id='line_1_25' title="bbox 319 2100 1915 2172; baseline 0.001 -19"><span class='ocrx_word' id='word_1_192' title='bbox 319 2101 469 2172; x_wconf 71' lang='lat' dir='ltr'><strong>quod</strong></span> <span class='ocrx_word' id='word_1_193' title='bbox 499 2107 677 2154; x_wconf 86' lang='lat' dir='ltr'><strong>tamen</strong></span> <span class='ocrx_word' id='word_1_194' title='bbox 716 2116 874 2172; x_wconf 86' lang='lat' dir='ltr'><strong>nemo</strong></span> <span class='ocrx_word' id='word_1_195' title='bbox 903 2101 952 2155; x_wconf 90' lang='lat' dir='ltr'><strong>ei</strong></span> <span class='ocrx_word' id='word_1_196' title='bbox 985 2101 1109 2172; x_wconf 88' lang='lat' dir='ltr'><strong>jure</strong></span> <span class='ocrx_word' id='word_1_197' title='bbox 1147 2103 1578 2172; x_wconf 77' lang='lat' dir='ltr'><strong>exprobraverit.</strong></span> <span class='ocrx_word' id='word_1_198' title='bbox 1611 2100 1915 2172; x_wconf 8' lang='lat' dir='ltr'><strong>Hincghene</strong></span> 
     </span>
    </p>
   </div>
   <div class='ocr_carea' id='block_1_26' title="bbox 319 2169 1918 2240">
    <p class='ocr_par' dir='ltr' id='par_1_26' title="bbox 319 2169 1918 2240">
     <span class='ocr_line' id='line_1_26' title="bbox 319 2169 1918 2240; baseline 0.003 -18"><span class='ocrx_word' id='word_1_199' title='bbox 319 2169 518 2240; x_wconf 83' lang='lat' dir='ltr'><strong>utique</strong></span> <span class='ocrx_word' id='word_1_200' title='bbox 539 2170 835 2240; x_wconf 86' lang='lat' dir='ltr'><strong>respondit,</strong></span> <span class='ocrx_word' id='word_1_201' title='bbox 863 2179 957 2224; x_wconf 91' lang='lat' dir='ltr'><strong>aut</strong></span> <span class='ocrx_word' id='word_1_202' title='bbox 982 2169 1168 2225; x_wconf 83' lang='lat' dir='ltr'><strong>eadem</strong></span> <span class='ocrx_word' id='word_1_203' title='bbox 1195 2169 1390 2226; x_wconf 72' lang='lat' dir='ltr'><strong>hmresi</strong></span> <span class='ocrx_word' id='word_1_204' title='bbox 1419 2171 1728 2240; x_wconf 85' lang='lat' dir='ltr'><strong>inquinatos</strong></span> <span class='ocrx_word' id='word_1_205' title='bbox 1751 2170 1918 2226; x_wconf 89' lang='lat' dir='ltr'><strong>fuisse</strong></span> 
     </span>
    </p>
   </div>
   <div class='ocr_carea' id='block_1_27' title="bbox 317 2239 1919 2310">
    <p class='ocr_par' dir='ltr' id='par_1_27' title="bbox 317 2239 1919 2310">
     <span class='ocr_line' id='line_1_27' title="bbox 317 2239 1919 2310; baseline 0.001 -16"><span class='ocrx_word' id='word_1_206' title='bbox 317 2239 607 2310; x_wconf 71' lang='lat' dir='ltr'><strong>episcopos</strong></span> <span class='ocrx_word' id='word_1_207' title='bbox 632 2239 772 2304; x_wconf 84' lang='lat' dir='ltr'><strong>illos,</strong></span> <span class='ocrx_word' id='word_1_208' title='bbox 805 2256 1036 2310; x_wconf 90' lang='lat' dir='ltr'><strong>quorum</strong></span> <span class='ocrx_word' id='word_1_209' title='bbox 1068 2241 1393 2297; x_wconf 87' lang='lat' dir='ltr'><strong>testimoniis</strong></span> <span class='ocrx_word' id='word_1_210' title='bbox 1419 2239 1569 2296; x_wconf 83' lang='lat' dir='ltr'><strong>suam</strong></span> <span class='ocrx_word' id='word_1_211' title='bbox 1595 2241 1812 2294; x_wconf 85' lang='lat' dir='ltr'><strong>firmare</strong></span> <span class='ocrx_word' id='word_1_212' title='bbox 1839 2244 1919 2296; x_wconf 91' lang='lat' dir='ltr'><strong>ni-</strong></span> 
     </span>
    </p>
   </div>
   <div class='ocr_carea' id='block_1_28' title="bbox 320 2311 1916 2382">
    <p class='ocr_par' dir='ltr' id='par_1_28' title="bbox 320 2311 1916 2382">
     <span class='ocr_line' id='line_1_28' title="bbox 320 2311 1916 2382; baseline 0.001 -18"><span class='ocrx_word' id='word_1_213' title='bbox 320 2311 584 2382; x_wconf 84' lang='lat' dir='ltr'><strong>tebantur</strong></span> <span class='ocrx_word' id='word_1_214' title='bbox 621 2311 772 2367; x_wconf 86' lang='lat' dir='ltr'><strong>Felix</strong></span> <span class='ocrx_word' id='word_1_215' title='bbox 812 2320 867 2365; x_wconf 90' lang='lat' dir='ltr'><strong>et</strong></span> <span class='ocrx_word' id='word_1_216' title='bbox 904 2313 1232 2382; x_wconf 86' lang='lat' dir='ltr'><strong>Elipandus,</strong></span> <span class='ocrx_word' id='word_1_217' title='bbox 1265 2313 1370 2367; x_wconf 91' lang='lat' dir='ltr'><strong>nisi</strong></span> <span class='ocrx_word' id='word_1_218' title='bbox 1406 2329 1426 2363; x_wconf 73' lang='grc' dir='ltr'>ι</span> <span class='ocrx_word' id='word_1_219' title='bbox 1463 2312 1599 2366; x_wconf 89' lang='lat' dir='ltr'><strong>forte</strong></span> <span class='ocrx_word' id='word_1_220' title='bbox 1641 2311 1722 2382; x_wconf 93' lang='lat' dir='ltr'><strong>(ut</strong></span> <span class='ocrx_word' id='word_1_221' title='bbox 1757 2313 1832 2364; x_wconf 89' lang='lat' dir='ltr'><strong>ait</strong></span> <span class='ocrx_word' id='word_1_222' title='bbox 1861 2313 1916 2366; x_wconf 90' lang='lat' dir='ltr'><strong>in</strong></span> 
     </span>
    </p>
   </div>
   <div class='ocr_carea' id='block_1_29' title="bbox 316 2381 1916 2454">
    <p class='ocr_par' dir='ltr' id='par_1_29' title="bbox 316 2381 1916 2454">
     <span class='ocr_line' id='line_1_29' title="bbox 316 2381 1916 2454; baseline 0.003 -21"><span class='ocrx_word' id='word_1_223' title='bbox 316 2381 552 2454; x_wconf 73' lang='lat' dir='ltr'><strong>epistoia</strong></span> <span class='ocrx_word' id='word_1_224' title='bbox 584 2383 744 2438; x_wconf 87' lang='lat' dir='ltr'><strong>modo</strong></span> <span class='ocrx_word' id='word_1_225' title='bbox 770 2383 1004 2453; x_wconf 89' lang='lat' dir='ltr'><strong>primum</strong></span> <span class='ocrx_word' id='word_1_226' title='bbox 1035 2381 1200 2454; x_wconf 87' lang='lat' dir='ltr'><strong>dicta)</strong></span> <span class='ocrx_word' id='word_1_227' title='bbox 1225 2382 1451 2452; x_wconf 80' lang='lat' dir='ltr'><strong>simplex</strong></span> <span class='ocrx_word' id='word_1_228' title='bbox 1481 2383 1784 2454; x_wconf 80' lang='lat' dir='ltr'><strong>ignorantia</strong></span> <span class='ocrx_word' id='word_1_229' title='bbox 1823 2398 1916 2437; x_wconf 89' lang='lat' dir='ltr'><strong>eos</strong></span> 
     </span>
    </p>
   </div>
   <div class='ocr_carea' id='block_1_30' title="bbox 316 2450 1918 2522">
    <p class='ocr_par' dir='ltr' id='par_1_30' title="bbox 316 2450 1918 2522">
     <span class='ocr_line' id='line_1_30' title="bbox 316 2450 1918 2522; baseline 0.002 -18"><span class='ocrx_word' id='word_1_230' title='bbox 316 2450 568 2522; x_wconf 78' lang='lat' dir='ltr'><strong>defendit</strong></span> <span class='ocrx_word' id='word_1_231' title='bbox 593 2468 624 2506; x_wconf 88' lang='lat' dir='ltr'><strong>a</strong></span> <span class='ocrx_word' id='word_1_232' title='bbox 655 2450 913 2507; x_wconf 66' lang='lat' dir='ltr'><strong>mucrone</strong></span> <span class='ocrx_word' id='word_1_233' title='bbox 939 2450 1464 2519; x_wconf 46' lang='lat' dir='ltr'><strong>anathematisfnon</strong></span> <span class='ocrx_word' id='word_1_234' title='bbox 1495 2450 1744 2522; x_wconf 81' lang='lat' dir='ltr'><strong>pertinax</strong></span> <span class='ocrx_word' id='word_1_235' title='bbox 1767 2469 1918 2507; x_wconf 86' lang='lat' dir='ltr'><strong>erro-</strong></span> 
     </span>
    </p>
   </div>
   <div class='ocr_carea' id='block_1_31' title="bbox 315 2520 1910 2593">
    <p class='ocr_par' dir='ltr' id='par_1_31' title="bbox 315 2520 1910 2593">
     <span class='ocr_line' id='line_1_31' title="bbox 315 2520 1910 2593; baseline 0 -18"><span class='ocrx_word' id='word_1_236' title='bbox 315 2520 396 2575; x_wconf 83' lang='lat' dir='ltr'><strong>ris</strong></span> <span class='ocrx_word' id='word_1_237' title='bbox 446 2521 694 2577; x_wconf 83' lang='lat' dir='ltr'><strong>defensio</strong></span> <span class='ocrx_word' id='word_1_238' title='bbox 734 2524 1313 2579; x_wconf 83' lang='lat' dir='ltr'><strong>excommunicationis</strong></span> <span class='ocrx_word' id='word_1_239' title='bbox 1355 2520 1590 2592; x_wconf 67' lang='lat' dir='ltr'><strong>percidit</strong></span> <span class='ocrx_word' id='word_1_240' title='bbox 1638 2522 1849 2593; x_wconf 86' lang='lat' dir='ltr'><strong>gladio:</strong></span> <span class='ocrx_word' id='word_1_241' title='bbox 1892 2542 1910 2575; x_wconf 76' lang='grc' dir='ltr'><strong><em>ι</em></strong></span> 
     </span>
    </p>
   </div>
   <div class='ocr_carea' id='block_1_32' title="bbox 317 2593 1920 2664">
    <p class='ocr_par' dir='ltr' id='par_1_32' title="bbox 317 2593 1920 2664">
     <span class='ocr_line' id='line_1_32' title="bbox 317 2593 1920 2664; baseline 0.001 -20"><span class='ocrx_word' id='word_1_242' title='bbox 317 2600 418 2645; x_wconf 89' lang='lat' dir='ltr'><strong>aut</strong></span> <span class='ocrx_word' id='word_1_243' title='bbox 462 2607 650 2647; x_wconf 86' lang='lat' dir='ltr'><strong>eorum</strong></span> <span class='ocrx_word' id='word_1_244' title='bbox 691 2595 892 2664; x_wconf 89' lang='lat' dir='ltr'><strong>scripta</strong></span> <span class='ocrx_word' id='word_1_245' title='bbox 916 2595 1005 2664; x_wconf 78' lang='lat' dir='ltr'><strong>ab</strong></span> <span class='ocrx_word' id='word_1_246' title='bbox 1039 2594 1352 2664; x_wconf 86' lang='lat' dir='ltr'><strong>adversario</strong></span> <span class='ocrx_word' id='word_1_247' title='bbox 1392 2609 1492 2649; x_wconf 93' lang='lat' dir='ltr'><strong>suo</strong></span> <span class='ocrx_word' id='word_1_248' title='bbox 1521 2593 1686 2647; x_wconf 88' lang='lat' dir='ltr'><strong>fuisse</strong></span> <span class='ocrx_word' id='word_1_249' title='bbox 1731 2594 1920 2664; x_wconf 86' lang='lat' dir='ltr'><strong>depra-</strong></span> 
     </span>
    </p>
   </div>
   <div class='ocr_carea' id='block_1_33' title="bbox 315 2662 1912 2744">
    <p class='ocr_par' dir='ltr' id='par_1_33' title="bbox 315 2662 1912 2744">
     <span class='ocr_line' id='line_1_33' title="bbox 315 2662 1912 2744; baseline 0.002 -29"><span class='ocrx_word' id='word_1_250' title='bbox 315 2672 466 2726; x_wconf 73' lang='lat' dir='ltr'><strong>vata,</strong></span> <span class='ocrx_word' id='word_1_251' title='bbox 497 2673 778 2744; x_wconf 81' lang='lat' dir='ltr'><strong>qua__certe</strong></span> <span class='ocrx_word' id='word_1_252' title='bbox 801 2662 1118 2744; x_wconf 56' lang='lat' dir='ltr'><strong>conjectura</strong></span> <span class='ocrx_word' id='word_1_253' title='bbox 1147 2663 1471 2744; x_wconf 69' lang='lat' dir='ltr'><strong>injuriamei</strong></span> <span class='ocrx_word' id='word_1_254' title='bbox 1497 2664 1697 2744; x_wconf 66' lang='lat' dir='ltr'><strong>nullam</strong></span> <span class='ocrx_word' id='word_1_255' title='bbox 1728 2662 1912 2744; x_wconf 73' lang='lat' dir='ltr'><strong>infert,</strong></span> 
     </span>
    </p>
   </div>
   <div class='ocr_carea' id='block_1_34' title="bbox 316 2733 1919 2804">
    <p class='ocr_par' dir='ltr' id='par_1_34' title="bbox 316 2733 1919 2804">
     <span class='ocr_line' id='line_1_34' title="bbox 316 2733 1919 2804; baseline 0.001 -18"><span class='ocrx_word' id='word_1_256' title='bbox 316 2747 445 2786; x_wconf 88' lang='lat' dir='ltr'><strong>cum</strong></span> <span class='ocrx_word' id='word_1_257' title='bbox 478 2733 671 2789; x_wconf 85' lang='lat' dir='ltr'><strong>similis</strong></span> <span class='ocrx_word' id='word_1_258' title='bbox 700 2735 938 2804; x_wconf 71' lang='lat' dir='ltr'><strong>perfidia:</strong></span> <span class='ocrx_word' id='word_1_259' title='bbox 969 2735 1024 2788; x_wconf 93' lang='lat' dir='ltr'><strong>in</strong></span> <span class='ocrx_word' id='word_1_260' title='bbox 1066 2735 1474 2804; x_wconf 87' lang='lat' dir='ltr'><strong>corrumpendis</strong></span> <span class='ocrx_word' id='word_1_261' title='bbox 1519 2733 1739 2788; x_wconf 88' lang='lat' dir='ltr'><strong>Patrum</strong></span> <span class='ocrx_word' id='word_1_262' title='bbox 1783 2735 1919 2788; x_wconf 90' lang='lat' dir='ltr'><strong>anti-</strong></span> 
     </span>
    </p>
   </div>
   <div class='ocr_carea' id='block_1_35' title="bbox 315 2804 1916 2874">
    <p class='ocr_par' dir='ltr' id='par_1_35' title="bbox 315 2804 1916 2874">
     <span class='ocr_line' id='line_1_35' title="bbox 315 2804 1916 2874; baseline 0.002 -19"><span class='ocrx_word' id='word_1_263' title='bbox 315 2818 553 2872; x_wconf 87' lang='lat' dir='ltr'><strong>quorum</strong></span> <span class='ocrx_word' id='word_1_264' title='bbox 587 2805 823 2859; x_wconf 64' lang='lat' dir='ltr'><strong>testibus</strong></span> <span class='ocrx_word' id='word_1_265' title='bbox 846 2805 972 2859; x_wconf 88' lang='lat' dir='ltr'><strong>alibi</strong></span> <span class='ocrx_word' id='word_1_266' title='bbox 1002 2813 1058 2858; x_wconf 91' lang='lat' dir='ltr'><strong>et</strong></span> <span class='ocrx_word' id='word_1_267' title='bbox 1086 2804 1340 2869; x_wconf 87' lang='lat' dir='ltr'><strong>Felicem,</strong></span> <span class='ocrx_word' id='word_1_268' title='bbox 1373 2813 1427 2858; x_wconf 89' lang='lat' dir='ltr'><strong>et</strong></span> <span class='ocrx_word' id='word_1_269' title='bbox 1463 2804 1782 2874; x_wconf 84' lang='lat' dir='ltr'><strong>Elipandnm</strong></span> <span class='ocrx_word' id='word_1_270' title='bbox 1815 2821 1916 2858; x_wconf 74' lang='lat' dir='ltr'><strong>sae-</strong></span> 
     </span>
    </p>
   </div>
   <div class='ocr_carea' id='block_1_36' title="bbox 313 2873 1916 2945">
    <p class='ocr_par' dir='ltr' id='par_1_36' title="bbox 313 2873 1916 2945">
     <span class='ocr_line' id='line_1_36' title="bbox 313 2873 1916 2945; baseline 0.002 -19"><span class='ocrx_word' id='word_1_271' title='bbox 313 2873 441 2942; x_wconf 83' lang='lat' dir='ltr'><strong>pius</strong></span> <span class='ocrx_word' id='word_1_272' title='bbox 492 2875 702 2945; x_wconf 79' lang='lat'><strong>1003</strong></span> <span class='ocrx_word' id='word_1_273' title='bbox 752 2876 1070 2930; x_wconf 84' lang='lat' dir='ltr'><strong>convicerit.</strong></span> <span class='ocrx_word' id='word_1_274' title='bbox 1120 2875 1189 2930; x_wconf 87' lang='lat' dir='ltr'><strong>Et</strong></span> <span class='ocrx_word' id='word_1_275' title='bbox 1235 2877 1337 2929; x_wconf 91' lang='lat' dir='ltr'><strong>hoc</strong></span> <span class='ocrx_word' id='word_1_276' title='bbox 1379 2873 1593 2944; x_wconf 82' lang='lat' dir='ltr'><strong>quidem</strong></span> <span class='ocrx_word' id='word_1_277' title='bbox 1645 2875 1916 2944; x_wconf 87' lang='lat' dir='ltr'><strong>posterius</strong></span> 
     </span>
    </p>
   </div>
   <div class='ocr_carea' id='block_1_37' title="bbox 357 2945 1914 3015">
    <p class='ocr_par' dir='ltr' id='par_1_37' title="bbox 357 2945 1914 3015">
     <span class='ocr_line' id='line_1_37' title="bbox 357 2945 1914 3015; baseline 0.001 -17"><span class='ocrx_word' id='word_1_278' title='bbox 357 2945 490 3015; x_wconf 83' lang='lat' dir='ltr'><strong>riori</strong></span> <span class='ocrx_word' id='word_1_279' title='bbox 535 2945 900 3000; x_wconf 88' lang='lat' dir='ltr'><strong>verosimilius</strong></span> <span class='ocrx_word' id='word_1_280' title='bbox 939 2945 1173 3015; x_wconf 84' lang='lat' dir='ltr'><strong>judicat,</strong></span> <span class='ocrx_word' id='word_1_281' title='bbox 1218 2945 1428 3010; x_wconf 90' lang='lat' dir='ltr'><strong>dicens,</strong></span> <span class='ocrx_word' id='word_1_282' title='bbox 1463 2945 1552 2998; x_wconf 90' lang='lat' dir='ltr'><strong>lib.</strong></span> <span class='ocrx_word' id='word_1_283' title='bbox 1586 2961 1624 2999; x_wconf 82' lang='grc' dir='ltr'>ιι</span> <span class='ocrx_word' id='word_1_284' title='bbox 1656 2945 1914 2999; x_wconf 89' lang='lat' dir='ltr'><strong>adversus</strong></span> 
     </span>
    </p>
   </div>
   <div class='ocr_carea' id='block_1_38' title="bbox 367 3013 1917 3087">
    <p class='ocr_par' dir='ltr' id='par_1_38' title="bbox 367 3013 1917 3087">
     <span class='ocr_line' id='line_1_38' title="bbox 367 3013 1917 3087; baseline 0.003 -21"><span class='ocrx_word' id='word_1_285' title='bbox 367 3013 669 3084; x_wconf 84' lang='lat' dir='ltr'><strong>lipandum,</strong></span> <span class='ocrx_word' id='word_1_286' title='bbox 695 3031 844 3070; x_wconf 86' lang='lat' dir='ltr'><strong>num.</strong></span> <span class='ocrx_word' id='word_1_287' title='bbox 883 3013 986 3087; x_wconf 60' lang='grc' dir='ltr'><strong>1ος</strong></span> <span class='ocrx_word' id='word_1_288' title='bbox 1026 3033 1044 3065; x_wconf 84' lang='grc'><strong><em>‹</em></strong></span> <span class='ocrx_word' id='word_1_289' title='bbox 1071 3015 1197 3070; x_wconf 90' lang='lat' dir='ltr'><strong>Ideo</strong></span> <span class='ocrx_word' id='word_1_290' title='bbox 1222 3017 1398 3087; x_wconf 86' lang='lat' dir='ltr'><strong>magis</strong></span> <span class='ocrx_word' id='word_1_291' title='bbox 1427 3015 1804 3087; x_wconf 75' lang='lat' dir='ltr'><strong>aestimandum</strong></span> <span class='ocrx_word' id='word_1_292' title='bbox 1833 3022 1917 3087; x_wconf 80' lang='lat' dir='ltr'><strong>est</strong></span> 
     </span>
    </p>
   </div>
   <div class='ocr_carea' id='block_1_39' title="bbox 307 3083 1915 3208">
    <p class='ocr_par' dir='ltr' id='par_1_39' title="bbox 307 3083 1915 3208">
     <span class='ocr_line' id='line_1_39' title="bbox 307 3083 1915 3208; baseline 0.001 -72"><span class='ocrx_word' id='word_1_293' title='bbox 307 3083 563 3208; x_wconf 58' lang='lat' dir='ltr'><strong>iuniores</strong></span> <span class='ocrx_word' id='word_1_294' title='bbox 587 3087 856 3208; x_wconf 56' lang='lat' dir='ltr'><strong>quoslibet</strong></span> <span class='ocrx_word' id='word_1_295' title='bbox 876 3085 1034 3154; x_wconf 88' lang='lat' dir='ltr'><strong>hujus</strong></span> <span class='ocrx_word' id='word_1_296' title='bbox 1054 3103 1206 3141; x_wconf 65' lang='lat' dir='ltr'><strong>novae</strong></span> <span class='ocrx_word' id='word_1_297' title='bbox 1225 3083 1556 3140; x_wconf 76' lang='lat' dir='ltr'><strong>infidelitatis</strong></span> <span class='ocrx_word' id='word_1_298' title='bbox 1578 3087 1786 3139; x_wconf 88' lang='lat' dir='ltr'><strong>catenis</strong></span> <span class='ocrx_word' id='word_1_299' title='bbox 1811 3085 1915 3140; x_wconf 89' lang='lat' dir='ltr'><strong>col-</strong></span> 
     </span>
     <span class='ocr_line' id='line_1_40' title="bbox 337 3155 1914 3208; baseline 0 0"><span class='ocrx_word' id='word_1_300' title='bbox 337 3155 532 3208; x_wconf 67' lang='lat' dir='ltr'><strong>iaatos.</strong></span> <span class='ocrx_word' id='word_1_301' title='bbox 557 3171 587 3208; x_wconf 88' lang='lat' dir='ltr'><strong>a</strong></span> <span class='ocrx_word' id='word_1_302' title='bbox 650 3157 1008 3208; x_wconf 74' lang='lat' dir='ltr'><strong>perditionem</strong></span> <span class='ocrx_word' id='word_1_303' title='bbox 1040 3157 1122 3208; x_wconf 88' lang='lat' dir='ltr'><strong>sui</strong></span> <span class='ocrx_word' id='word_1_304' title='bbox 1153 3158 1395 3208; x_wconf 89' lang='lat' dir='ltr'><strong>insorum</strong></span> <span class='ocrx_word' id='word_1_305' title='bbox 1425 3157 1567 3208; x_wconf 89' lang='lat' dir='ltr'><strong>dicta</strong></span> <span class='ocrx_word' id='word_1_306' title='bbox 1603 3165 1914 3208; x_wconf 89' lang='lat' dir='ltr'><strong>sanctorum</strong></span> 
     </span>
    </p>
   </div>
   <div class='ocr_carea' id='block_1_40' title="bbox 337 3155 1914 3227">
    <p class='ocr_par' dir='ltr' id='par_1_40' title="bbox 337 3155 1914 3227">
     <span class='ocr_line' id='line_1_41' title="bbox 337 3155 1914 3227; baseline 0.002 -20"><span class='ocrx_word' id='word_1_307' title='bbox 337 3155 532 3225; x_wconf 86' lang='lat' dir='ltr'><strong>igatos,</strong></span> <span class='ocrx_word' id='word_1_308' title='bbox 557 3155 624 3210; x_wconf 90' lang='lat' dir='ltr'><strong>ad</strong></span> <span class='ocrx_word' id='word_1_309' title='bbox 650 3157 1008 3225; x_wconf 87' lang='lat' dir='ltr'><strong>perditionem</strong></span> <span class='ocrx_word' id='word_1_310' title='bbox 1040 3157 1122 3212; x_wconf 90' lang='lat' dir='ltr'><strong>sui</strong></span> <span class='ocrx_word' id='word_1_311' title='bbox 1153 3158 1395 3227; x_wconf 89' lang='lat' dir='ltr'><strong>ipsorum</strong></span> <span class='ocrx_word' id='word_1_312' title='bbox 1425 3157 1567 3211; x_wconf 89' lang='lat' dir='ltr'><strong>dicta</strong></span> <span class='ocrx_word' id='word_1_313' title='bbox 1603 3165 1914 3210; x_wconf 88' lang='lat' dir='ltr'><strong>sanctorum</strong></span> 
     </span>
    </p>
   </div>
   <div class='ocr_carea' id='block_1_41' title="bbox 313 3227 1910 3298">
    <p class='ocr_par' dir='ltr' id='par_1_41' title="bbox 313 3227 1910 3298">
     <span class='ocr_line' id='line_1_42' title="bbox 313 3227 1910 3298; baseline 0.003 -20"><span class='ocrx_word' id='word_1_314' title='bbox 313 3240 671 3298; x_wconf 82' lang='lat' dir='ltr'><strong>corrumpere</strong></span> <span class='ocrx_word' id='word_1_315' title='bbox 699 3228 1002 3291; x_wconf 88' lang='lat' dir='ltr'><strong>doctorum,</strong></span> <span class='ocrx_word' id='word_1_316' title='bbox 1029 3236 1084 3281; x_wconf 90' lang='lat' dir='ltr'><strong>et</strong></span> <span class='ocrx_word' id='word_1_317' title='bbox 1103 3243 1324 3281; x_wconf 88' lang='lat' dir='ltr'><strong>suorum</strong></span> <span class='ocrx_word' id='word_1_318' title='bbox 1351 3227 1588 3296; x_wconf 84' lang='lat' dir='ltr'><strong>pessima</strong></span> <span class='ocrx_word' id='word_1_319' title='bbox 1609 3227 1910 3298; x_wconf 83' lang='lat' dir='ltr'><strong>pertinacia</strong></span> 
     </span>
    </p>
   </div>
   <div class='ocr_carea' id='block_1_42' title="bbox 312 3295 1909 3366">
    <p class='ocr_par' dir='ltr' id='par_1_42' title="bbox 312 3295 1909 3366">
     <span class='ocr_line' id='line_1_43' title="bbox 312 3295 1909 3366; baseline 0.001 -16"><span class='ocrx_word' id='word_1_320' title='bbox 312 3295 594 3351; x_wconf 79' lang='lat' dir='ltr'><strong>maculare</strong></span> <span class='ocrx_word' id='word_1_321' title='bbox 624 3313 820 3352; x_wconf 91' lang='lat' dir='ltr'><strong>nomen</strong></span> <span class='ocrx_word' id='word_1_322' title='bbox 852 3303 1157 3366; x_wconf 86' lang='lat' dir='ltr'><strong>parentum,</strong></span> <span class='ocrx_word' id='word_1_323' title='bbox 1203 3298 1292 3352; x_wconf 93' lang='lat' dir='ltr'><strong>cui</strong></span> <span class='ocrx_word' id='word_1_324' title='bbox 1332 3295 1574 3352; x_wconf 63' lang='lat' dir='ltr'><strong>audaciae</strong></span> <span class='ocrx_word' id='word_1_325' title='bbox 1610 3295 1686 3350; x_wconf 79' lang='lat' dir='ltr'><strong>nil</strong></span> <span class='ocrx_word' id='word_1_326' title='bbox 1737 3298 1909 3352; x_wconf 91' lang='lat' dir='ltr'><strong>scele-</strong></span> 
     </span>
    </p>
   </div>
   <div class='ocr_carea' id='block_1_43' title="bbox 312 3367 1910 3437">
    <p class='ocr_par' dir='ltr' id='par_1_43' title="bbox 312 3367 1910 3437">
     <span class='ocr_line' id='line_1_44' title="bbox 312 3367 1910 3437; baseline 0.003 -17"><span class='ocrx_word' id='word_1_327' title='bbox 312 3367 477 3431; x_wconf 89' lang='lat' dir='ltr'><strong>stius,</strong></span> <span class='ocrx_word' id='word_1_328' title='bbox 507 3367 589 3420; x_wconf 90' lang='lat' dir='ltr'><strong>vel</strong></span> <span class='ocrx_word' id='word_1_329' title='bbox 621 3369 858 3422; x_wconf 87' lang='lat' dir='ltr'><strong>atrocius</strong></span> <span class='ocrx_word' id='word_1_330' title='bbox 886 3383 1008 3422; x_wconf 89' lang='lat' dir='ltr'><strong>esse</strong></span> <span class='ocrx_word' id='word_1_331' title='bbox 1051 3369 1267 3437; x_wconf 88' lang='lat' dir='ltr'><strong>poterit.</strong></span> <span class='ocrx_word' id='word_1_332' title='bbox 1314 3369 1382 3422; x_wconf 85' lang='lat' dir='ltr'><strong>Et</strong></span> <span class='ocrx_word' id='word_1_333' title='bbox 1427 3369 1529 3422; x_wconf 93' lang='lat' dir='ltr'><strong>hoc</strong></span> <span class='ocrx_word' id='word_1_334' title='bbox 1577 3383 1644 3423; x_wconf 79' lang='lat' dir='ltr'><strong>ex</strong></span> <span class='ocrx_word' id='word_1_335' title='bbox 1685 3383 1752 3421; x_wconf 92' lang='lat' dir='ltr'><strong>eo</strong></span> <span class='ocrx_word' id='word_1_336' title='bbox 1793 3370 1910 3424; x_wconf 84' lang='lat' dir='ltr'><strong>veri</strong></span> 
     </span>
    </p>
   </div>
   <div class='ocr_carea' id='block_1_44' title="bbox 312 3437 1912 3508">
    <p class='ocr_par' dir='ltr' id='par_1_44' title="bbox 312 3437 1912 3508">
     <span class='ocr_line' id='line_1_45' title="bbox 312 3437 1912 3508; baseline 0.003 -18"><span class='ocrx_word' id='word_1_337' title='bbox 312 3451 442 3508; x_wconf 60' lang='lat' dir='ltr'><strong>esse</strong></span> <span class='ocrx_word' id='word_1_338' title='bbox 472 3437 648 3491; x_wconf 83' lang='lat' dir='ltr'><strong>simile</strong></span> <span class='ocrx_word' id='word_1_339' title='bbox 671 3438 902 3503; x_wconf 83' lang='lat' dir='ltr'><strong>videtur,</strong></span> <span class='ocrx_word' id='word_1_340' title='bbox 936 3440 1062 3507; x_wconf 87' lang='lat' dir='ltr'><strong>quia</strong></span> <span class='ocrx_word' id='word_1_341' title='bbox 1093 3439 1596 3508; x_wconf 87' lang='lat' dir='ltr'><strong>probatissimorum</strong></span> <span class='ocrx_word' id='word_1_342' title='bbox 1626 3439 1679 3491; x_wconf 94' lang='lat' dir='ltr'><strong>in</strong></span> <span class='ocrx_word' id='word_1_343' title='bbox 1711 3440 1912 3494; x_wconf 83' lang='lat' dir='ltr'><strong>Christi</strong></span> 
     </span>
    </p>
   </div>
   <div class='ocr_carea' id='block_1_45' title="bbox 311 3503 1910 3578">
    <p class='ocr_par' dir='ltr' id='par_1_45' title="bbox 311 3503 1910 3578">
     <span class='ocr_line' id='line_1_46' title="bbox 311 3503 1910 3578; baseline 0.001 -16"><span class='ocrx_word' id='word_1_344' title='bbox 311 3503 564 3562; x_wconf 83' lang='lat' dir='ltr'><strong>Ecclesia</strong></span> <span class='ocrx_word' id='word_1_345' title='bbox 579 3508 880 3572; x_wconf 86' lang='lat' dir='ltr'><strong>doctorum,</strong></span> <span class='ocrx_word' id='word_1_346' title='bbox 898 3503 1224 3563; x_wconf 56' lang='lat' dir='ltr'><strong>efomn&#39;ibus</strong></span> <span class='ocrx_word' id='word_1_347' title='bbox 1249 3509 1666 3578; x_wconf 86' lang='lat' dir='ltr'><strong>acceptabilium</strong></span> <span class='ocrx_word' id='word_1_348' title='bbox 1683 3509 1910 3563; x_wconf 89' lang='lat' dir='ltr'><strong>catholi-</strong></span> 
     </span>
    </p>
   </div>
   <div class='ocr_carea' id='block_1_46' title="bbox 311 3579 1909 3649">
    <p class='ocr_par' dir='ltr' id='par_1_46' title="bbox 311 3579 1909 3649">
     <span class='ocr_line' id='line_1_47' title="bbox 311 3579 1909 3649; baseline 0.001 -18"><span class='ocrx_word' id='word_1_349' title='bbox 311 3592 410 3631; x_wconf 87' lang='lat' dir='ltr'><strong>cas</strong></span> <span class='ocrx_word' id='word_1_350' title='bbox 433 3579 762 3649; x_wconf 85' lang='lat' dir='ltr'><strong>sententias,</strong></span> <span class='ocrx_word' id='word_1_351' title='bbox 793 3579 876 3631; x_wconf 86' lang='lat' dir='ltr'><strong>vel</strong></span> <span class='ocrx_word' id='word_1_352' title='bbox 905 3593 1161 3648; x_wconf 86' lang='lat' dir='ltr'><strong>perverso</strong></span> <span class='ocrx_word' id='word_1_353' title='bbox 1205 3581 1550 3649; x_wconf 84' lang='lat' dir='ltr'><strong>interpretari</strong></span> <span class='ocrx_word' id='word_1_354' title='bbox 1596 3595 1788 3644; x_wconf 86' lang='lat' dir='ltr'><strong>sensu,</strong></span> <span class='ocrx_word' id='word_1_355' title='bbox 1827 3582 1909 3633; x_wconf 77' lang='lat' dir='ltr'><strong>vel</strong></span> 
     </span>
    </p>
   </div>
   <div class='ocr_carea' id='block_1_47' title="bbox 310 3646 1910 3721">
    <p class='ocr_par' dir='ltr' id='par_1_47' title="bbox 310 3646 1910 3721">
     <span class='ocr_line' id='line_1_48' title="bbox 310 3646 1910 3721; baseline 0.003 -21"><span class='ocrx_word' id='word_1_356' title='bbox 310 3646 524 3721; x_wconf 78' lang='lat' dir='ltr'><strong>perfida</strong></span> <span class='ocrx_word' id='word_1_357' title='bbox 559 3664 661 3721; x_wconf 74' lang='lat' dir='ltr'><strong>vos</strong></span> <span class='ocrx_word' id='word_1_358' title='bbox 699 3646 986 3721; x_wconf 78' lang='lat' dir='ltr'><strong>immutare</strong></span> <span class='ocrx_word' id='word_1_359' title='bbox 1023 3650 1326 3706; x_wconf 88' lang='lat' dir='ltr'><strong>temeritate</strong></span> <span class='ocrx_word' id='word_1_360' title='bbox 1350 3646 1715 3721; x_wconf 71' lang='lat' dir='ltr'><strong>agnovimus:</strong></span> <span class='ocrx_word' id='word_1_361' title='bbox 1747 3651 1910 3705; x_wconf 87' lang='lat' dir='ltr'><strong>veluti</strong></span> 
     </span>
    </p>
   </div>
   <div class='ocr_carea' id='block_1_48' title="bbox 313 3718 1912 3790">
    <p class='ocr_par' dir='ltr' id='par_1_48' title="bbox 313 3718 1912 3790">
     <span class='ocr_line' id='line_1_49' title="bbox 313 3718 1912 3790; baseline 0.002 -18"><span class='ocrx_word' id='word_1_362' title='bbox 313 3719 374 3772; x_wconf 89' lang='lat' dir='ltr'><strong>in</strong></span> <span class='ocrx_word' id='word_1_363' title='bbox 401 3718 676 3790; x_wconf 80' lang='lat' dir='ltr'><strong>aliquibus</strong></span> <span class='ocrx_word' id='word_1_364' title='bbox 699 3720 1047 3788; x_wconf 88' lang='lat' dir='ltr'><strong>probavimus</strong></span> <span class='ocrx_word' id='word_1_365' title='bbox 1076 3721 1208 3774; x_wconf 85' lang='lat' dir='ltr'><strong>locis</strong></span> <span class='ocrx_word' id='word_1_366' title='bbox 1227 3762 1241 3785; x_wconf 95' lang='lat'><strong>,</strong></span> <span class='ocrx_word' id='word_1_367' title='bbox 1265 3721 1390 3774; x_wconf 90' lang='lat' dir='ltr'><strong>dum</strong></span> <span class='ocrx_word' id='word_1_368' title='bbox 1405 3718 1482 3775; x_wconf 74' lang='lat' dir='ltr'><strong>ad</strong></span> <span class='ocrx_word' id='word_1_369' title='bbox 1525 3735 1622 3774; x_wconf 92' lang='lat' dir='ltr'><strong>nos</strong></span> <span class='ocrx_word' id='word_1_370' title='bbox 1651 3736 1748 3790; x_wconf 90' lang='lat' dir='ltr'><strong>per</strong></span> <span class='ocrx_word' id='word_1_371' title='bbox 1772 3721 1912 3776; x_wconf 85' lang='lat' dir='ltr'><strong>Feli-</strong></span> 
     </span>
    </p>
   </div>
   <div class='ocr_carea' id='block_1_49' title="bbox 312 3789 1910 3854">
    <p class='ocr_par' dir='ltr' id='par_1_49' title="bbox 312 3789 1910 3854">
     <span class='ocr_line' id='line_1_50' title="bbox 312 3789 1910 3854; baseline 0.003 -12"><span class='ocrx_word' id='word_1_372' title='bbox 312 3802 436 3842; x_wconf 83' lang='lat' dir='ltr'><strong>cem</strong></span> <span class='ocrx_word' id='word_1_373' title='bbox 460 3789 593 3843; x_wconf 89' lang='lat' dir='ltr'><strong>olim</strong></span> <span class='ocrx_word' id='word_1_374' title='bbox 619 3798 880 3854; x_wconf 87' lang='lat' dir='ltr'><strong>vestrum,</strong></span> <span class='ocrx_word' id='word_1_375' title='bbox 915 3807 1059 3845; x_wconf 92' lang='lat' dir='ltr'><strong>nunc</strong></span> <span class='ocrx_word' id='word_1_376' title='bbox 1089 3799 1268 3844; x_wconf 87' lang='lat' dir='ltr'><strong>autem</strong></span> <span class='ocrx_word' id='word_1_377' title='bbox 1306 3801 1550 3846; x_wconf 88' lang='lat' dir='ltr'><strong>nostrum</strong></span> <span class='ocrx_word' id='word_1_378' title='bbox 1587 3789 1910 3846; x_wconf 87' lang='lat' dir='ltr'><strong>commilito-</strong></span> 
     </span>
    </p>
   </div>
   <div class='ocr_carea' id='block_1_50' title="bbox 313 3859 1910 3930">
    <p class='ocr_par' dir='ltr' id='par_1_50' title="bbox 313 3859 1910 3930">
     <span class='ocr_line' id='line_1_51' title="bbox 313 3859 1910 3930; baseline 0.002 -17"><span class='ocrx_word' id='word_1_379' title='bbox 313 3874 442 3913; x_wconf 87' lang='lat' dir='ltr'><strong>nem</strong></span> <span class='ocrx_word' id='word_1_380' title='bbox 472 3859 655 3929; x_wconf 86' lang='lat' dir='ltr'><strong>plures</strong></span> <span class='ocrx_word' id='word_1_381' title='bbox 684 3861 850 3914; x_wconf 87' lang='lat' dir='ltr'><strong>vestri</strong></span> <span class='ocrx_word' id='word_1_382' title='bbox 879 3863 1082 3915; x_wconf 88' lang='lat' dir='ltr'><strong>erroris</strong></span> <span class='ocrx_word' id='word_1_383' title='bbox 1104 3861 1753 3930; x_wconf 72' lang='lat' dir='ltr'><strong>perveneruntlitterulm.</strong></span> <span class='ocrx_word' id='word_1_384' title='bbox 1792 3882 1808 3914; x_wconf 75' lang='grc' dir='ltr'><strong>ι</strong></span> <span class='ocrx_word' id='word_1_385' title='bbox 1842 3863 1910 3916; x_wconf 85' lang='lat' dir='ltr'><strong>At</strong></span> 
     </span>
    </p>
   </div>
   <div class='ocr_carea' id='block_1_51' title="bbox 313 3930 1909 4004">
    <p class='ocr_par' dir='ltr' id='par_1_51' title="bbox 313 3930 1909 4004">
     <span class='ocr_line' id='line_1_52' title="bbox 313 3930 1909 4004; baseline 0.001 -20"><span class='ocrx_word' id='word_1_386' title='bbox 313 3930 779 4004; x_wconf 80' lang='lat' dir='ltr'><strong>supersedendum</strong></span> <span class='ocrx_word' id='word_1_387' title='bbox 801 3932 1127 4004; x_wconf 87' lang='lat' dir='ltr'><strong>arbitramur</strong></span> <span class='ocrx_word' id='word_1_388' title='bbox 1145 3932 1232 3985; x_wconf 90' lang='lat' dir='ltr'><strong>his</strong></span> <span class='ocrx_word' id='word_1_389' title='bbox 1253 3931 1479 4001; x_wconf 87' lang='lat' dir='ltr'><strong>aliisque</strong></span> <span class='ocrx_word' id='word_1_390' title='bbox 1499 3933 1746 4004; x_wconf 83' lang='lat' dir='ltr'><strong>argutiis,</strong></span> <span class='ocrx_word' id='word_1_391' title='bbox 1773 3949 1909 4002; x_wconf 89' lang='lat' dir='ltr'><strong>quas</strong></span> 
     </span>
    </p>
   </div>
   <div class='ocr_carea' id='block_1_52' title="bbox 315 3999 1908 4072">
    <p class='ocr_par' dir='ltr' id='par_1_52' title="bbox 315 3999 1908 4072">
     <span class='ocr_line' id='line_1_53' title="bbox 315 3999 1908 4072; baseline 0.004 -20"><span class='ocrx_word' id='word_1_392' title='bbox 315 4011 520 4072; x_wconf 53' lang='lat' dir='ltr'><strong>eontra</strong></span> <span class='ocrx_word' id='word_1_393' title='bbox 547 3999 835 4072; x_wconf 84' lang='lat' dir='ltr'><strong>Alcuinum</strong></span> <span class='ocrx_word' id='word_1_394' title='bbox 869 4003 932 4072; x_wconf 84' lang='lat' dir='ltr'><strong>in</strong></span> <span class='ocrx_word' id='word_1_395' title='bbox 970 4017 1113 4072; x_wconf 66' lang='lat' dir='ltr'><strong>saepe</strong></span> <span class='ocrx_word' id='word_1_396' title='bbox 1157 3999 1452 4059; x_wconf 77' lang='lat' dir='ltr'><strong>memorata</strong></span> <span class='ocrx_word' id='word_1_397' title='bbox 1481 3999 1908 4072; x_wconf 76' lang='lat' dir='ltr'><strong>Adoptianoruin</strong></span> 
     </span>
    </p>
   </div>
   <div class='ocr_carea' id='block_1_53' title="bbox 313 4068 1912 4143">
    <p class='ocr_par' dir='ltr' id='par_1_53' title="bbox 313 4068 1912 4143">
     <span class='ocr_line' id='line_1_54' title="bbox 313 4068 1912 4143; baseline 0.003 -20"><span class='ocrx_word' id='word_1_398' title='bbox 313 4068 561 4124; x_wconf 80' lang='lat' dir='ltr'><strong>Historia</strong></span> <span class='ocrx_word' id='word_1_399' title='bbox 586 4071 766 4141; x_wconf 88' lang='lat' dir='ltr'><strong>legere</strong></span> <span class='ocrx_word' id='word_1_400' title='bbox 783 4080 886 4126; x_wconf 89' lang='lat' dir='ltr'><strong>est.</strong></span> <span class='ocrx_word' id='word_1_401' title='bbox 913 4068 1064 4126; x_wconf 75' lang='lat' dir='ltr'><strong>Satis</strong></span> <span class='ocrx_word' id='word_1_402' title='bbox 1085 4073 1227 4128; x_wconf 89' lang='lat' dir='ltr'><strong>enim</strong></span> <span class='ocrx_word' id='word_1_403' title='bbox 1256 4089 1554 4143; x_wconf 90' lang='lat' dir='ltr'><strong>superque,</strong></span> <span class='ocrx_word' id='word_1_404' title='bbox 1587 4068 1664 4126; x_wconf 82' lang='lat' dir='ltr'><strong>uti</strong></span> <span class='ocrx_word' id='word_1_405' title='bbox 1695 4073 1912 4128; x_wconf 85' lang='lat' dir='ltr'><strong>confidi-</strong></span> 
     </span>
    </p>
   </div>
   <div class='ocr_carea' id='block_1_54' title="bbox 312 4143 1912 4212">
    <p class='ocr_par' dir='ltr' id='par_1_54' title="bbox 312 4143 1912 4212">
     <span class='ocr_line' id='line_1_55' title="bbox 312 4143 1912 4212; baseline 0.004 -20"><span class='ocrx_word' id='word_1_406' title='bbox 312 4155 444 4212; x_wconf 70' lang='lat' dir='ltr'><strong>mus</strong></span> <span class='ocrx_word' id='word_1_407' title='bbox 473 4157 502 4192; x_wconf 91' lang='lat' dir='ltr'><strong>a</strong></span> <span class='ocrx_word' id='word_1_408' title='bbox 531 4143 798 4211; x_wconf 86' lang='lat' dir='ltr'><strong>scriptore</strong></span> <span class='ocrx_word' id='word_1_409' title='bbox 841 4143 976 4207; x_wconf 90' lang='lat' dir='ltr'><strong>hoc,</strong></span> <span class='ocrx_word' id='word_1_410' title='bbox 1017 4158 1178 4212; x_wconf 89' lang='lat' dir='ltr'><strong>quem</strong></span> <span class='ocrx_word' id='word_1_411' title='bbox 1208 4159 1416 4198; x_wconf 87' lang='lat' dir='ltr'><strong>summa</strong></span> <span class='ocrx_word' id='word_1_412' title='bbox 1447 4144 1704 4198; x_wconf 70' lang='lat' dir='ltr'><strong>doctrina:</strong></span> <span class='ocrx_word' id='word_1_413' title='bbox 1735 4146 1912 4200; x_wconf 85' lang='lat' dir='ltr'><strong>omnis</strong></span> 
     </span>
    </p>
   </div>
   <div class='ocr_carea' id='block_1_55' title="bbox 313 4209 1912 4284">
    <p class='ocr_par' dir='ltr' id='par_1_55' title="bbox 313 4209 1912 4284">
     <span class='ocr_line' id='line_1_56' title="bbox 313 4209 1912 4284; baseline 0.003 -20"><span class='ocrx_word' id='word_1_414' title='bbox 313 4209 484 4284; x_wconf 64' lang='lat' dir='ltr'><strong>laude</strong></span> <span class='ocrx_word' id='word_1_415' title='bbox 504 4226 604 4284; x_wconf 79' lang='lat' dir='ltr'><strong>suo</strong></span> <span class='ocrx_word' id='word_1_416' title='bbox 626 4209 870 4284; x_wconf 72' lang='lat' dir='ltr'><strong>tetnpore</strong></span> <span class='ocrx_word' id='word_1_417' title='bbox 896 4209 1165 4284; x_wconf 81' lang='lat' dir='ltr'><strong>floruisse,</strong></span> <span class='ocrx_word' id='word_1_418' title='bbox 1190 4223 1353 4283; x_wconf 90' lang='lat' dir='ltr'><strong>atque</strong></span> <span class='ocrx_word' id='word_1_419' title='bbox 1378 4215 1580 4269; x_wconf 90' lang='lat' dir='ltr'><strong>idcirco</strong></span> <span class='ocrx_word' id='word_1_420' title='bbox 1608 4215 1912 4284; x_wconf 82' lang='lat' dir='ltr'><strong>insignibus</strong></span> 
     </span>
    </p>
   </div>
   <div class='ocr_carea' id='block_1_56' title="bbox 314 4279 1914 4355">
    <p class='ocr_par' dir='ltr' id='par_1_56' title="bbox 314 4279 1914 4355">
     <span class='ocr_line' id='line_1_57' title="bbox 314 4279 1914 4355; baseline 0.004 -21"><span class='ocrx_word' id='word_1_421' title='bbox 314 4279 584 4355; x_wconf 45' lang='lat' dir='ltr'><strong>{Carolo</strong></span> <span class='ocrx_word' id='word_1_422' title='bbox 602 4279 814 4355; x_wconf 67' lang='lat' dir='ltr'><strong>_!_tiagiio</strong></span> <span class='ocrx_word' id='word_1_423' title='bbox 856 4283 1133 4338; x_wconf 84' lang='lat' dir='ltr'><strong>beneficiis</strong></span> <span class='ocrx_word' id='word_1_424' title='bbox 1179 4279 1430 4338; x_wconf 80' lang='lat' dir='ltr'><strong>ornatum</strong></span> <span class='ocrx_word' id='word_1_425' title='bbox 1461 4286 1628 4343; x_wconf 80' lang='lat' dir='ltr'><strong>fuisse</strong></span> <span class='ocrx_word' id='word_1_426' title='bbox 1664 4279 1764 4340; x_wconf 68' lang='lat' dir='ltr'><strong>nec</strong></span> <span class='ocrx_word' id='word_1_427' title='bbox 1800 4287 1914 4355; x_wconf 86' lang='lat' dir='ltr'><strong>ipse</strong></span> 
     </span>
    </p>
   </div>
   <div class='ocr_carea' id='block_1_57' title="bbox 315 4350 1911 4426">
    <p class='ocr_par' dir='ltr' id='par_1_57' title="bbox 315 4350 1911 4426">
     <span class='ocr_line' id='line_1_58' title="bbox 315 4350 1911 4426; baseline 0.003 -20"><span class='ocrx_word' id='word_1_428' title='bbox 315 4350 576 4426; x_wconf 58' lang='lat' dir='ltr'><strong>(Imitetur</strong></span> <span class='ocrx_word' id='word_1_429' title='bbox 602 4350 904 4418; x_wconf 84' lang='lat' dir='ltr'><strong>Walchius,</strong></span> <span class='ocrx_word' id='word_1_430' title='bbox 941 4355 1211 4424; x_wconf 60' lang='lat' dir='ltr'><strong>priecipua</strong></span> <span class='ocrx_word' id='word_1_431' title='bbox 1254 4355 1695 4426; x_wconf 87' lang='lat' dir='ltr'><strong>reprehensionis</strong></span> <span class='ocrx_word' id='word_1_432' title='bbox 1734 4350 1911 4426; x_wconf 84' lang='lat' dir='ltr'><strong>capita</strong></span> 
     </span>
    </p>
   </div>
   <div class='ocr_carea' id='block_1_58' title="bbox 315 4421 1912 4496">
    <p class='ocr_par' dir='ltr' id='par_1_58' title="bbox 315 4421 1912 4496">
     <span class='ocr_line' id='line_1_59' title="bbox 315 4421 1912 4496; baseline 0.005 -22"><span class='ocrx_word' id='word_1_433' title='bbox 315 4421 531 4496; x_wconf 69' lang='lat' dir='ltr'><strong>amoliti</strong></span> <span class='ocrx_word' id='word_1_434' title='bbox 579 4438 786 4496; x_wconf 81' lang='lat' dir='ltr'><strong>sumus,</strong></span> <span class='ocrx_word' id='word_1_435' title='bbox 834 4421 1182 4496; x_wconf 71' lang='lat' dir='ltr'><strong>ostendentes</strong></span> <span class='ocrx_word' id='word_1_436' title='bbox 1228 4421 1352 4480; x_wconf 81' lang='lat' dir='ltr'><strong>eum</strong></span> <span class='ocrx_word' id='word_1_437' title='bbox 1390 4435 1446 4481; x_wconf 92' lang='lat' dir='ltr'><strong>et</strong></span> <span class='ocrx_word' id='word_1_438' title='bbox 1484 4425 1607 4495; x_wconf 89' lang='lat' dir='ltr'><strong>jure</strong></span> <span class='ocrx_word' id='word_1_439' title='bbox 1646 4421 1912 4496; x_wconf 70' lang='lat' dir='ltr'><strong>Hispanos</strong></span> 
     </span>
    </p>
   </div>
   <div class='ocr_carea' id='block_1_59' title="bbox 313 4491 1912 4565">
    <p class='ocr_par' dir='ltr' id='par_1_59' title="bbox 313 4491 1912 4565">
     <span class='ocr_line' id='line_1_60' title="bbox 313 4491 1912 4565; baseline 0.004 -19"><span class='ocrx_word' id='word_1_440' title='bbox 313 4491 736 4565; x_wconf 50' lang='lat' dir='ltr'><strong>ﬁesmrianismi</strong></span> <span class='ocrx_word' id='word_1_441' title='bbox 781 4495 1053 4565; x_wconf 82' lang='lat' dir='ltr'><strong>arguisse,</strong></span> <span class='ocrx_word' id='word_1_442' title='bbox 1084 4504 1138 4550; x_wconf 92' lang='lat' dir='ltr'><strong>et</strong></span> <span class='ocrx_word' id='word_1_443' title='bbox 1183 4496 1420 4565; x_wconf 87' lang='lat' dir='ltr'><strong>legitima</strong></span> <span class='ocrx_word' id='word_1_444' title='bbox 1461 4491 1675 4552; x_wconf 74' lang='lat' dir='ltr'><strong>ratione</strong></span> <span class='ocrx_word' id='word_1_445' title='bbox 1721 4491 1912 4552; x_wconf 73' lang='lat' dir='ltr'><strong>contra</strong></span> 
     </span>
    </p>
   </div>
   <div class='ocr_carea' id='block_1_60' title="bbox 313 4513 1913 4640">
    <p class='ocr_par' dir='ltr' id='par_1_60' title="bbox 313 4513 1913 4640">
     <span class='ocr_line' id='line_1_61' title="bbox 313 4513 1912 4565; baseline 0.003 -18"><span class='ocrx_word' id='word_1_446' title='bbox 313 4513 736 4548; x_wconf 76' lang='lat' dir='ltr'><strong>nesmrlantsml</strong></span> <span class='ocrx_word' id='word_1_447' title='bbox 781 4513 1053 4565; x_wconf 81' lang='lat' dir='ltr'><strong>arguisse,</strong></span> <span class='ocrx_word' id='word_1_448' title='bbox 1084 4513 1138 4550; x_wconf 83' lang='lat' dir='ltr'><strong>et</strong></span> <span class='ocrx_word' id='word_1_449' title='bbox 1184 4513 1233 4552; x_wconf 80' lang='lat' dir='ltr'><strong>le</strong></span> <span class='ocrx_word' id='word_1_450' title='bbox 1274 4513 1420 4551; x_wconf 72' lang='lat' dir='ltr'><strong>lllma</strong></span> <span class='ocrx_word' id='word_1_451' title='bbox 1461 4513 1675 4552; x_wconf 79' lang='lat' dir='ltr'><strong>ratione</strong></span> <span class='ocrx_word' id='word_1_452' title='bbox 1721 4513 1912 4552; x_wconf 88' lang='lat' dir='ltr'><strong>contra</strong></span> 
     </span>
     <span class='ocr_line' id='line_1_62' title="bbox 313 4513 1913 4640; baseline 0.004 -21"><span class='ocrx_word' id='word_1_453' title='bbox 313 4562 444 4622; x_wconf 72' lang='lat' dir='ltr'><strong>illas</strong></span> <span class='ocrx_word' id='word_1_454' title='bbox 472 4563 810 4635; x_wconf 81' lang='lat' dir='ltr'><strong>disputasse;</strong></span> <span class='ocrx_word' id='word_1_455' title='bbox 841 4573 904 4621; x_wconf 89' lang='lat' dir='ltr'><strong>ut</strong></span> <span class='ocrx_word' id='word_1_456' title='bbox 936 4567 1094 4638; x_wconf 86' lang='lat' dir='ltr'><strong>proin</strong></span> <span class='ocrx_word' id='word_1_457' title='bbox 1129 4513 1343 4625; x_wconf 40' lang='lat' dir='ltr'><strong>laniem</strong></span> <span class='ocrx_word' id='word_1_458' title='bbox 1376 4569 1556 4640; x_wconf 89' lang='lat' dir='ltr'><strong>potius</strong></span> <span class='ocrx_word' id='word_1_459' title='bbox 1585 4584 1750 4640; x_wconf 89' lang='lat' dir='ltr'><strong>quam</strong></span> <span class='ocrx_word' id='word_1_460' title='bbox 1775 4569 1913 4625; x_wconf 86' lang='lat' dir='ltr'><strong>vitu-</strong></span> 
     </span>
    </p>
   </div>
   <div class='ocr_carea' id='block_1_61' title="bbox 1009 334 2970 422">
    <p class='ocr_par' dir='ltr' id='par_1_61' title="bbox 1009 334 2970 422">
     <span class='ocr_line' id='line_1_63' title="bbox 1009 334 2970 422; baseline 0.002 -4"><span class='ocrx_word' id='word_1_461' title='bbox 1009 357 1377 419; x_wconf 83' lang='lat' dir='ltr'><strong>ENHUEBER</strong></span> <span class='ocrx_word' id='word_1_462' title='bbox 1413 358 1726 417; x_wconf 84' lang='lat' dir='ltr'><strong>DISSERT.</strong></span> <span class='ocrx_word' id='word_1_463' title='bbox 1766 359 1855 414; x_wconf 86' lang='lat' dir='ltr'><strong>DE</strong></span> <span class='ocrx_word' id='word_1_464' title='bbox 1891 358 2171 415; x_wconf 64' lang='lat' dir='ltr'><strong>HmnESI</strong></span> <span class='ocrx_word' id='word_1_465' title='bbox 2210 361 2524 420; x_wconf 84' lang='lat' dir='ltr'><strong>ELIPANDI</strong></span> <span class='ocrx_word' id='word_1_466' title='bbox 2560 361 2652 422; x_wconf 84' lang='lat' dir='ltr'><strong>ET</strong></span> <span class='ocrx_word' id='word_1_467' title='bbox 2687 334 2970 422; x_wconf 70' lang='lat' dir='ltr'><strong>ramus.</strong></span> 
     </span>
    </p>
   </div>
   <div class='ocr_carea' id='block_1_62' title="bbox 1945 461 3610 568">
    <p class='ocr_par' dir='ltr' id='par_1_62' title="bbox 1945 461 3610 568">
     <span class='ocr_line' id='line_1_64' title="bbox 1945 461 3610 568; baseline 0 -32"><span class='ocrx_word' id='word_1_468' title='bbox 1945 509 2000 568; x_wconf 60' lang='grc' dir='ltr'><strong>Δ</strong></span> <span class='ocrx_word' id='word_1_469' title='bbox 2021 483 2236 568; x_wconf 71' lang='lat' dir='ltr'><strong>perium</strong></span> <span class='ocrx_word' id='word_1_470' title='bbox 2261 493 2554 549; x_wconf 86' lang='lat' dir='ltr'><strong>mereatur,</strong></span> <span class='ocrx_word' id='word_1_471' title='bbox 2581 493 2647 568; x_wconf 79' lang='lat' dir='ltr'><strong>_ut</strong></span> <span class='ocrx_word' id='word_1_472' title='bbox 2670 493 2796 568; x_wconf 68' lang='lat' dir='ltr'><strong>pote</strong></span> <span class='ocrx_word' id='word_1_473' title='bbox 2823 481 2970 544; x_wconf 80' lang='lat' dir='ltr'><strong>sanae</strong></span> <span class='ocrx_word' id='word_1_474' title='bbox 2997 480 3120 568; x_wconf 67' lang='lat' dir='ltr'><strong>fidei</strong></span> <span class='ocrx_word' id='word_1_475' title='bbox 3165 461 3610 568; x_wconf 71' lang='lat' dir='ltr'><strong>defensoracer-</strong></span> 
     </span>
    </p>
   </div>
   <div class='ocr_carea' id='block_1_63' title="bbox 3503 358 3608 428">
    <p class='ocr_par' dir='ltr' id='par_1_63' title="bbox 3503 358 3608 428">
     <span class='ocr_line' id='line_1_65' title="bbox 3503 358 3608 428; baseline 0 -9"><span class='ocrx_word' id='word_1_476' title='bbox 3503 358 3608 428; x_wconf 66' lang='lat'><strong>438</strong></span> 
     </span>
    </p>
   </div>
   <div class='ocr_carea' id='block_1_64' title="bbox 2025 553 3610 622">
    <p class='ocr_par' dir='ltr' id='par_1_64' title="bbox 2025 553 3610 622">
     <span class='ocr_line' id='line_1_66' title="bbox 2025 553 3610 622; baseline -0.001 -14"><span class='ocrx_word' id='word_1_477' title='bbox 2025 555 2194 608; x_wconf 88' lang='lat' dir='ltr'><strong>rimus</strong></span> <span class='ocrx_word' id='word_1_478' title='bbox 2230 569 2382 622; x_wconf 70' lang='lat' dir='ltr'><strong>mque</strong></span> <span class='ocrx_word' id='word_1_479' title='bbox 2417 571 2478 609; x_wconf 89' lang='lat' dir='ltr'><strong>ac</strong></span> <span class='ocrx_word' id='word_1_480' title='bbox 2520 553 2934 619; x_wconf 73' lang='lat' dir='ltr'><strong>solertissimus;</strong></span> <span class='ocrx_word' id='word_1_481' title='bbox 2979 553 3033 608; x_wconf 82' lang='lat' dir='ltr'><strong>et</strong></span> <span class='ocrx_word' id='word_1_482' title='bbox 3077 553 3455 619; x_wconf 79' lang='lat' dir='ltr'><strong>temeritatem,</strong></span> <span class='ocrx_word' id='word_1_483' title='bbox 3499 569 3610 607; x_wconf 91' lang='lat' dir='ltr'><strong>non</strong></span> 
     </span>
    </p>
   </div>
   <div class='ocr_carea' id='block_1_65' title="bbox 2027 624 3612 694">
    <p class='ocr_par' dir='ltr' id='par_1_65' title="bbox 2027 624 3612 694">
     <span class='ocr_line' id='line_1_67' title="bbox 2027 624 3612 694; baseline 0.001 -17"><span class='ocrx_word' id='word_1_484' title='bbox 2027 624 2367 694; x_wconf 89' lang='lat' dir='ltr'><strong>prudentiam</strong></span> <span class='ocrx_word' id='word_1_485' title='bbox 2403 641 2523 678; x_wconf 85' lang='lat' dir='ltr'><strong>esse</strong></span> <span class='ocrx_word' id='word_1_486' title='bbox 2570 643 2914 691; x_wconf 83' lang='lat' dir='ltr'><strong>censeamus,</strong></span> <span class='ocrx_word' id='word_1_487' title='bbox 2967 625 3012 678; x_wconf 90' lang='lat' dir='ltr'><strong>si</strong></span> <span class='ocrx_word' id='word_1_488' title='bbox 3053 631 3177 693; x_wconf 91' lang='lat' dir='ltr'><strong>post</strong></span> <span class='ocrx_word' id='word_1_489' title='bbox 3219 635 3520 692; x_wconf 79' lang='lat' dir='ltr'><strong>nongentos</strong></span> <span class='ocrx_word' id='word_1_490' title='bbox 3554 630 3612 678; x_wconf 85' lang='lat' dir='ltr'><strong>et</strong></span> 
     </span>
    </p>
   </div>
   <div class='ocr_carea' id='block_1_66' title="bbox 2025 693 3612 776">
    <p class='ocr_par' dir='ltr' id='par_1_66' title="bbox 2025 693 3612 776">
     <span class='ocr_line' id='line_1_68' title="bbox 2025 693 3612 776; baseline -0.001 -28"><span class='ocrx_word' id='word_1_491' title='bbox 2025 694 2254 762; x_wconf 89' lang='lat' dir='ltr'><strong>amplius</strong></span> <span class='ocrx_word' id='word_1_492' title='bbox 2297 710 2470 749; x_wconf 87' lang='lat' dir='ltr'><strong>annos</strong></span> <span class='ocrx_word' id='word_1_493' title='bbox 2509 697 2724 776; x_wconf 75' lang='lat' dir='ltr'><strong>quidam</strong></span> <span class='ocrx_word' id='word_1_494' title='bbox 2753 713 2817 749; x_wconf 84' lang='lat' dir='ltr'><strong>ex</strong></span> <span class='ocrx_word' id='word_1_495' title='bbox 2846 695 3061 764; x_wconf 89' lang='lat' dir='ltr'><strong>paucis,</strong></span> <span class='ocrx_word' id='word_1_496' title='bbox 3097 709 3216 776; x_wconf 63' lang='lat' dir='ltr'><strong>qua:</strong></span> <span class='ocrx_word' id='word_1_497' title='bbox 3241 693 3612 776; x_wconf 46' lang='lat' dir='ltr'><strong>nobis.su_per-</strong></span> 
     </span>
    </p>
   </div>
   <div class='ocr_carea' id='block_1_67' title="bbox 2024 761 3608 834">
    <p class='ocr_par' dir='ltr' id='par_1_67' title="bbox 2024 761 3608 834">
     <span class='ocr_line' id='line_1_69' title="bbox 2024 761 3608 834; baseline 0 -16"><span class='ocrx_word' id='word_1_498' title='bbox 2024 761 2181 828; x_wconf 83' lang='lat' dir='ltr'><strong>sunt,</strong></span> <span class='ocrx_word' id='word_1_499' title='bbox 2232 761 2594 819; x_wconf 78' lang='lat' dir='ltr'><strong>monumentis</strong></span> <span class='ocrx_word' id='word_1_500' title='bbox 2641 761 2952 834; x_wconf 81' lang='lat' dir='ltr'><strong>obstrepere</strong></span> <span class='ocrx_word' id='word_1_501' title='bbox 3004 761 3130 819; x_wconf 80' lang='lat' dir='ltr'><strong>ausi</strong></span> <span class='ocrx_word' id='word_1_502' title='bbox 3164 763 3365 817; x_wconf 88' lang='lat' dir='ltr'><strong>fuerint</strong></span> <span class='ocrx_word' id='word_1_503' title='bbox 3399 761 3608 834; x_wconf 77' lang='lat' dir='ltr'><strong>judicio</strong></span> 
     </span>
    </p>
   </div>
   <div class='ocr_carea' id='block_1_68' title="bbox 2022 833 3609 904">
    <p class='ocr_par' dir='ltr' id='par_1_68' title="bbox 2022 833 3609 904">
     <span class='ocr_line' id='line_1_70' title="bbox 2022 833 3609 904; baseline 0 -15"><span class='ocrx_word' id='word_1_504' title='bbox 2022 835 2261 894; x_wconf 87' lang='lat' dir='ltr'><strong>virorum</strong></span> <span class='ocrx_word' id='word_1_505' title='bbox 2287 875 2302 898; x_wconf 93' lang='lat'><strong>,</strong></span> <span class='ocrx_word' id='word_1_506' title='bbox 2352 850 2487 902; x_wconf 91' lang='lat' dir='ltr'><strong>quos</strong></span> <span class='ocrx_word' id='word_1_507' title='bbox 2531 836 2632 904; x_wconf 84' lang='lat' dir='ltr'><strong>ipsi</strong></span> <span class='ocrx_word' id='word_1_508' title='bbox 2676 833 3059 889; x_wconf 83' lang='lat' dir='ltr'><strong>controversiae</strong></span> <span class='ocrx_word' id='word_1_509' title='bbox 3087 842 3381 904; x_wconf 67' lang='lat' dir='ltr'><strong>prmsentes</strong></span> <span class='ocrx_word' id='word_1_510' title='bbox 3407 833 3609 903; x_wconf 84' lang='lat' dir='ltr'><strong>fuisse,</strong></span> 
     </span>
    </p>
   </div>
   <div class='ocr_carea' id='block_1_69' title="bbox 2024 904 3607 985">
    <p class='ocr_par' dir='ltr' id='par_1_69' title="bbox 2024 904 3607 985">
     <span class='ocr_line' id='line_1_71' title="bbox 2024 904 3607 985; baseline 0.001 -26"><span class='ocrx_word' id='word_1_511' title='bbox 2024 919 2149 959; x_wconf 90' lang='lat' dir='ltr'><strong>cum</strong></span> <span class='ocrx_word' id='word_1_512' title='bbox 2190 905 2515 960; x_wconf 86' lang='lat' dir='ltr'><strong>adversariis</strong></span> <span class='ocrx_word' id='word_1_513' title='bbox 2559 906 2672 958; x_wconf 83' lang='lat' dir='ltr'><strong>suis</strong></span> <span class='ocrx_word' id='word_1_514' title='bbox 2719 921 2824 958; x_wconf 90' lang='lat' dir='ltr'><strong>non</strong></span> <span class='ocrx_word' id='word_1_515' title='bbox 2871 920 2997 985; x_wconf 85' lang='lat' dir='ltr'><strong>raro</strong></span> <span class='ocrx_word' id='word_1_516' title='bbox 3045 920 3228 960; x_wconf 90' lang='lat' dir='ltr'><strong>coram</strong></span> <span class='ocrx_word' id='word_1_517' title='bbox 3264 904 3607 985; x_wconf 77' lang='lat' dir='ltr'><strong>disputasse,</strong></span> 
     </span>
    </p>
   </div>
   <div class='ocr_carea' id='block_1_70' title="bbox 2023 974 3613 1044">
    <p class='ocr_par' dir='ltr' id='par_1_70' title="bbox 2023 974 3613 1044">
     <span class='ocr_line' id='line_1_72' title="bbox 2023 974 3613 1044; baseline 0.001 -15"><span class='ocrx_word' id='word_1_518' title='bbox 2023 989 2214 1030; x_wconf 87' lang='lat' dir='ltr'><strong>eorum</strong></span> <span class='ocrx_word' id='word_1_519' title='bbox 2234 983 2468 1030; x_wconf 86' lang='lat' dir='ltr'><strong>mentem</strong></span> <span class='ocrx_word' id='word_1_520' title='bbox 2493 983 2586 1028; x_wconf 91' lang='lat' dir='ltr'><strong>aut</strong></span> <span class='ocrx_word' id='word_1_521' title='bbox 2608 991 2676 1028; x_wconf 83' lang='lat' dir='ltr'><strong>ex</strong></span> <span class='ocrx_word' id='word_1_522' title='bbox 2699 991 2792 1030; x_wconf 88' lang='lat' dir='ltr'><strong>ore</strong></span> <span class='ocrx_word' id='word_1_523' title='bbox 2814 976 3050 1044; x_wconf 90' lang='lat' dir='ltr'><strong>proprio,</strong></span> <span class='ocrx_word' id='word_1_524' title='bbox 3068 983 3161 1030; x_wconf 89' lang='lat' dir='ltr'><strong>aut</strong></span> <span class='ocrx_word' id='word_1_525' title='bbox 3181 974 3398 1044; x_wconf 90' lang='lat' dir='ltr'><strong>scriptis</strong></span> <span class='ocrx_word' id='word_1_526' title='bbox 3419 974 3613 1030; x_wconf 87' lang='lat' dir='ltr'><strong>saltem</strong></span> 
     </span>
    </p>
   </div>
   <div class='ocr_carea' id='block_1_71' title="bbox 2023 1044 3608 1112">
    <p class='ocr_par' dir='ltr' id='par_1_71' title="bbox 2023 1044 3608 1112">
     <span class='ocr_line' id='line_1_73' title="bbox 2023 1044 3608 1112; baseline 0.001 -13"><span class='ocrx_word' id='word_1_527' title='bbox 2023 1044 2078 1100; x_wconf 89' lang='lat' dir='ltr'><strong>in</strong></span> <span class='ocrx_word' id='word_1_528' title='bbox 2103 1045 2342 1099; x_wconf 90' lang='lat' dir='ltr'><strong>omnium</strong></span> <span class='ocrx_word' id='word_1_529' title='bbox 2370 1061 2532 1098; x_wconf 86' lang='lat' dir='ltr'><strong>manu</strong></span> <span class='ocrx_word' id='word_1_530' title='bbox 2554 1055 2668 1098; x_wconf 88' lang='lat' dir='ltr'><strong>tum</strong></span> <span class='ocrx_word' id='word_1_531' title='bbox 2690 1045 2864 1098; x_wconf 87' lang='lat' dir='ltr'><strong>adlmc</strong></span> <span class='ocrx_word' id='word_1_532' title='bbox 2887 1046 3230 1099; x_wconf 86' lang='lat' dir='ltr'><strong>versantibus</strong></span> <span class='ocrx_word' id='word_1_533' title='bbox 3253 1045 3608 1112; x_wconf 82' lang='lat' dir='ltr'><strong>intellexisse,</strong></span> 
     </span>
    </p>
   </div>
   <div class='ocr_carea' id='block_1_72' title="bbox 2024 1116 3614 1186">
    <p class='ocr_par' dir='ltr' id='par_1_72' title="bbox 2024 1116 3614 1186">
     <span class='ocr_line' id='line_1_74' title="bbox 2024 1116 3614 1186; baseline 0.003 -18"><span class='ocrx_word' id='word_1_534' title='bbox 2024 1116 2224 1186; x_wconf 81' lang='lat' dir='ltr'><strong>talique</strong></span> <span class='ocrx_word' id='word_1_535' title='bbox 2245 1116 2457 1186; x_wconf 80' lang='lat' dir='ltr'><strong>ratione</strong></span> <span class='ocrx_word' id='word_1_536' title='bbox 2477 1130 2690 1186; x_wconf 85' lang='lat' dir='ltr'><strong>errores</strong></span> <span class='ocrx_word' id='word_1_537' title='bbox 2716 1116 3060 1185; x_wconf 82' lang='lat' dir='ltr'><strong>impugnasse</strong></span> <span class='ocrx_word' id='word_1_538' title='bbox 3075 1117 3344 1180; x_wconf 89' lang='lat' dir='ltr'><strong>novimus,</strong></span> <span class='ocrx_word' id='word_1_539' title='bbox 3367 1126 3430 1171; x_wconf 89' lang='lat' dir='ltr'><strong>ut</strong></span> <span class='ocrx_word' id='word_1_540' title='bbox 3451 1130 3614 1173; x_wconf 91' lang='lat' dir='ltr'><strong>nemo</strong></span> 
     </span>
    </p>
   </div>
   <div class='ocr_carea' id='block_1_73' title="bbox 2024 1184 3612 1255">
    <p class='ocr_par' dir='ltr' id='par_1_73' title="bbox 2024 1184 3612 1255">
     <span class='ocr_line' id='line_1_75' title="bbox 2024 1184 3612 1255; baseline 0.001 -15"><span class='ocrx_word' id='word_1_541' title='bbox 2024 1184 2167 1241; x_wconf 78' lang='lat' dir='ltr'><strong>illius</strong></span> <span class='ocrx_word' id='word_1_542' title='bbox 2192 1184 2291 1239; x_wconf 67' lang='lat' dir='ltr'><strong>aavi</strong></span> <span class='ocrx_word' id='word_1_543' title='bbox 2319 1194 2484 1250; x_wconf 88' lang='lat' dir='ltr'><strong>esset,</strong></span> <span class='ocrx_word' id='word_1_544' title='bbox 2513 1185 2603 1254; x_wconf 92' lang='lat' dir='ltr'><strong>qui</strong></span> <span class='ocrx_word' id='word_1_545' title='bbox 2631 1187 2682 1239; x_wconf 93' lang='lat' dir='ltr'><strong>in</strong></span> <span class='ocrx_word' id='word_1_546' title='bbox 2714 1186 2817 1238; x_wconf 90' lang='lat' dir='ltr'><strong>hac</strong></span> <span class='ocrx_word' id='word_1_547' title='bbox 2841 1184 3017 1255; x_wconf 83' lang='lat' dir='ltr'><strong>pugna</strong></span> <span class='ocrx_word' id='word_1_548' title='bbox 3043 1186 3334 1255; x_wconf 89' lang='lat' dir='ltr'><strong>quidquam</strong></span> <span class='ocrx_word' id='word_1_549' title='bbox 3365 1186 3612 1244; x_wconf 89' lang='lat' dir='ltr'><strong>animad-</strong></span> 
     </span>
    </p>
   </div>
   <div class='ocr_carea' id='block_1_74' title="bbox 1987 1255 3614 1325">
    <p class='ocr_par' dir='ltr' id='par_1_74' title="bbox 1987 1255 3614 1325">
     <span class='ocr_line' id='line_1_76' title="bbox 1987 1255 3614 1325; baseline -0.001 -10"><span class='ocrx_word' id='word_1_550' title='bbox 1987 1311 1990 1316; x_wconf 91' lang='lat'><strong>.</strong></span> <span class='ocrx_word' id='word_1_551' title='bbox 2022 1259 2276 1312; x_wconf 87' lang='lat' dir='ltr'><strong>versione</strong></span> <span class='ocrx_word' id='word_1_552' title='bbox 2303 1257 2522 1325; x_wconf 88' lang='lat' dir='ltr'><strong>dignum</strong></span> <span class='ocrx_word' id='word_1_553' title='bbox 2552 1255 3164 1325; x_wconf 15' lang='lat' dir='ltr'><strong>deprchenderet.iAut,</strong></span> <span class='ocrx_word' id='word_1_554' title='bbox 3195 1255 3243 1311; x_wconf 91' lang='lat' dir='ltr'><strong>si</strong></span> <span class='ocrx_word' id='word_1_555' title='bbox 3263 1255 3482 1325; x_wconf 87' lang='lat' dir='ltr'><strong>quidem</strong></span> <span class='ocrx_word' id='word_1_556' title='bbox 3523 1271 3614 1314; x_wconf 86' lang='lat' dir='ltr'><strong>ca-</strong></span> 
     </span>
    </p>
   </div>
   <div class='ocr_carea' id='block_1_75' title="bbox 2021 1324 3609 1398">
    <p class='ocr_par' dir='ltr' id='par_1_75' title="bbox 2021 1324 3609 1398">
     <span class='ocr_line' id='line_1_77' title="bbox 2021 1324 3609 1398; baseline 0.001 -18"><span class='ocrx_word' id='word_1_557' title='bbox 2021 1324 2415 1381; x_wconf 84' lang='lat' dir='ltr'><strong>lumniamsibi</strong></span> <span class='ocrx_word' id='word_1_558' title='bbox 2444 1325 2560 1380; x_wconf 80' lang='lat' dir='ltr'><strong>fieri</strong></span> <span class='ocrx_word' id='word_1_559' title='bbox 2587 1324 3154 1398; x_wconf 26' lang='lat' dir='ltr'><strong>existimamiat‘Feli;</strong></span> <span class='ocrx_word' id='word_1_560' title='bbox 3194 1334 3249 1379; x_wconf 90' lang='lat' dir='ltr'><strong>et</strong></span> <span class='ocrx_word' id='word_1_561' title='bbox 3282 1324 3609 1398; x_wconf 74' lang='lat' dir='ltr'><strong>Elipandhs,</strong></span> 
     </span>
    </p>
   </div>
   <div class='ocr_carea' id='block_1_76' title="bbox 2023 1393 3614 1466">
    <p class='ocr_par' dir='ltr' id='par_1_76' title="bbox 2023 1393 3614 1466">
     <span class='ocr_line' id='line_1_78' title="bbox 2023 1393 3614 1466; baseline 0.004 -18"><span class='ocrx_word' id='word_1_562' title='bbox 2023 1413 2120 1458; x_wconf 85' lang='lat' dir='ltr'><strong>cur</strong></span> <span class='ocrx_word' id='word_1_563' title='bbox 2145 1397 2211 1450; x_wconf 89' lang='lat' dir='ltr'><strong>de</strong></span> <span class='ocrx_word' id='word_1_564' title='bbox 2237 1411 2302 1451; x_wconf 90' lang='lat' dir='ltr'><strong>ea</strong></span> <span class='ocrx_word' id='word_1_565' title='bbox 2331 1396 2614 1466; x_wconf 89' lang='lat' dir='ltr'><strong>conquesti</strong></span> <span class='ocrx_word' id='word_1_566' title='bbox 2642 1411 2752 1452; x_wconf 89' lang='lat' dir='ltr'><strong>non</strong></span> <span class='ocrx_word' id='word_1_567' title='bbox 2778 1395 2939 1450; x_wconf 82' lang='lat' dir='ltr'><strong>sunt?</strong></span> <span class='ocrx_word' id='word_1_568' title='bbox 2961 1394 3071 1450; x_wconf 88' lang='lat' dir='ltr'><strong>Cur</strong></span> <span class='ocrx_word' id='word_1_569' title='bbox 3095 1393 3412 1451; x_wconf 76' lang='lat' dir='ltr'><strong>Nestorium</strong></span> <span class='ocrx_word' id='word_1_570' title='bbox 3437 1398 3614 1454; x_wconf 57' lang='lat' dir='ltr'><strong>uomit-</strong></span> 
     </span>
    </p>
   </div>
   <div class='ocr_carea' id='block_1_77' title="bbox 2023 1466 3614 1528">
    <p class='ocr_par' dir='ltr' id='par_1_77' title="bbox 2023 1466 3614 1528">
     <span class='ocr_line' id='line_1_79' title="bbox 2023 1466 3614 1528; baseline 0 -7"><span class='ocrx_word' id='word_1_571' title='bbox 2023 1467 2192 1521; x_wconf 89' lang='lat' dir='ltr'><strong>natim</strong></span> <span class='ocrx_word' id='word_1_572' title='bbox 2237 1467 2378 1520; x_wconf 90' lang='lat' dir='ltr'><strong>haud</strong></span> <span class='ocrx_word' id='word_1_573' title='bbox 2409 1467 2766 1528; x_wconf 88' lang='lat' dir='ltr'><strong>damnarunt,</strong></span> <span class='ocrx_word' id='word_1_574' title='bbox 2801 1482 2924 1520; x_wconf 91' lang='lat' dir='ltr'><strong>cum</strong></span> <span class='ocrx_word' id='word_1_575' title='bbox 2963 1466 3189 1520; x_wconf 87' lang='lat' dir='ltr'><strong>aliorum</strong></span> <span class='ocrx_word' id='word_1_576' title='bbox 3235 1466 3614 1522; x_wconf 81' lang='lat' dir='ltr'><strong>haereticorum</strong></span> 
     </span>
    </p>
   </div>
   <div class='ocr_carea' id='block_1_78' title="bbox 2023 1535 3616 1606">
    <p class='ocr_par' dir='ltr' id='par_1_78' title="bbox 2023 1535 3616 1606">
     <span class='ocr_line' id='line_1_80' title="bbox 2023 1535 3616 1606; baseline 0 -15"><span class='ocrx_word' id='word_1_577' title='bbox 2023 1553 2338 1606; x_wconf 80' lang='lat' dir='ltr'><strong>expressam</strong></span> <span class='ocrx_word' id='word_1_578' title='bbox 2386 1538 2716 1591; x_wconf 90' lang='lat' dir='ltr'><strong>mentionem</strong></span> <span class='ocrx_word' id='word_1_579' title='bbox 2765 1535 3062 1601; x_wconf 89' lang='lat' dir='ltr'><strong>fecissent,</strong></span> <span class='ocrx_word' id='word_1_580' title='bbox 3111 1550 3408 1604; x_wconf 86' lang='lat' dir='ltr'><strong>eorumque</strong></span> <span class='ocrx_word' id='word_1_581' title='bbox 3450 1552 3616 1592; x_wconf 85' lang='lat' dir='ltr'><strong>sensa</strong></span> 
     </span>
    </p>
   </div>
   <div class='ocr_carea' id='block_1_79' title="bbox 2025 1606 3611 1662">
    <p class='ocr_par' dir='ltr' id='par_1_79' title="bbox 2025 1606 3611 1662">
     <span class='ocr_line' id='line_1_81' title="bbox 2025 1606 3611 1662; baseline -0.001 0"><span class='ocrx_word' id='word_1_582' title='bbox 2025 1607 2616 1662; x_wconf 80' lang='lat' dir='ltr'><strong>anathematizassent?</strong></span> <span class='ocrx_word' id='word_1_583' title='bbox 2641 1607 2752 1660; x_wconf 85' lang='lat' dir='ltr'><strong>Cur</strong></span> <span class='ocrx_word' id='word_1_584' title='bbox 2778 1606 3093 1661; x_wconf 87' lang='lat' dir='ltr'><strong>adversario</strong></span> <span class='ocrx_word' id='word_1_585' title='bbox 3127 1623 3228 1662; x_wconf 90' lang='lat' dir='ltr'><strong>suo</strong></span> <span class='ocrx_word' id='word_1_586' title='bbox 3256 1606 3486 1660; x_wconf 85' lang='lat' dir='ltr'><strong>Alcuino</strong></span> <span class='ocrx_word' id='word_1_587' title='bbox 3512 1607 3611 1661; x_wconf 88' lang='lat' dir='ltr'><strong>mi-</strong></span> 
     </span>
    </p>
   </div>
   <div class='ocr_carea' id='block_1_80' title="bbox 2025 1677 3614 1747">
    <p class='ocr_par' dir='ltr' id='par_1_80' title="bbox 2025 1677 3614 1747">
     <span class='ocr_line' id='line_1_82' title="bbox 2025 1677 3614 1747; baseline 0 -15"><span class='ocrx_word' id='word_1_588' title='bbox 2025 1691 2129 1732; x_wconf 89' lang='lat' dir='ltr'><strong>nus</strong></span> <span class='ocrx_word' id='word_1_589' title='bbox 2178 1687 2382 1731; x_wconf 88' lang='lat' dir='ltr'><strong>rectam</strong></span> <span class='ocrx_word' id='word_1_590' title='bbox 2433 1677 2845 1747; x_wconf 87' lang='lat' dir='ltr'><strong>argumentandi</strong></span> <span class='ocrx_word' id='word_1_591' title='bbox 2894 1678 3188 1747; x_wconf 84' lang='lat' dir='ltr'><strong>rationem,</strong></span> <span class='ocrx_word' id='word_1_592' title='bbox 3217 1677 3614 1747; x_wconf 86' lang='lat' dir='ltr'><strong>imperitiamve</strong></span> 
     </span>
    </p>
   </div>
   <div class='ocr_carea' id='block_1_81' title="bbox 2025 1745 3699 1817">
    <p class='ocr_par' dir='ltr' id='par_1_81' title="bbox 2025 1745 3699 1817">
     <span class='ocr_line' id='line_1_83' title="bbox 2025 1745 3699 1817; baseline 0.002 -15"><span class='ocrx_word' id='word_1_593' title='bbox 2025 1763 2134 1802; x_wconf 90' lang='lat' dir='ltr'><strong>non</strong></span> <span class='ocrx_word' id='word_1_594' title='bbox 2165 1748 2430 1815; x_wconf 85' lang='lat' dir='ltr'><strong>objecere,</strong></span> <span class='ocrx_word' id='word_1_595' title='bbox 2457 1745 2590 1802; x_wconf 79' lang='lat' dir='ltr'><strong>alias</strong></span> <span class='ocrx_word' id='word_1_596' title='bbox 2626 1748 2679 1801; x_wconf 93' lang='lat' dir='ltr'><strong>in</strong></span> <span class='ocrx_word' id='word_1_597' title='bbox 2703 1748 2972 1817; x_wconf 91' lang='lat' dir='ltr'><strong>carpenda</strong></span> <span class='ocrx_word' id='word_1_598' title='bbox 3004 1745 3120 1814; x_wconf 88' lang='lat' dir='ltr'><strong>ejus</strong></span> <span class='ocrx_word' id='word_1_599' title='bbox 3159 1749 3268 1803; x_wconf 82' lang='lat' dir='ltr'><strong>vita</strong></span> <span class='ocrx_word' id='word_1_600' title='bbox 3294 1745 3374 1802; x_wconf 33' lang='lat' dir='ltr'><strong>“ad</strong></span> <span class='ocrx_word' id='word_1_601' title='bbox 3422 1762 3614 1802; x_wconf 81' lang='lat' dir='ltr'><strong>exces-</strong></span> <span class='ocrx_word' id='word_1_602' title='bbox 3695 1799 3699 1806; x_wconf 93' lang='lat'><strong>.</strong></span> 
     </span>
    </p>
   </div>
   <div class='ocr_carea' id='block_1_82' title="bbox 2015 1817 3612 1888">
    <p class='ocr_par' dir='ltr' id='par_1_82' title="bbox 2015 1817 3612 1888">
     <span class='ocr_line' id='line_1_84' title="bbox 2015 1817 3612 1888; baseline 0 -16"><span class='ocrx_word' id='word_1_603' title='bbox 2015 1817 2147 1872; x_wconf 50' lang='lat' dir='ltr'><strong>&quot;sum</strong></span> <span class='ocrx_word' id='word_1_604' title='bbox 2173 1834 2341 1888; x_wconf 87' lang='lat' dir='ltr'><strong>usque</strong></span> <span class='ocrx_word' id='word_1_605' title='bbox 2364 1819 2624 1873; x_wconf 88' lang='lat' dir='ltr'><strong>studiosi?</strong></span> <span class='ocrx_word' id='word_1_606' title='bbox 2648 1818 2814 1887; x_wconf 86' lang='lat' dir='ltr'><strong>Igitur</strong></span> <span class='ocrx_word' id='word_1_607' title='bbox 2838 1819 3232 1888; x_wconf 85' lang='lat' dir='ltr'><strong>autdicendum</strong></span> <span class='ocrx_word' id='word_1_608' title='bbox 3260 1817 3612 1888; x_wconf 85' lang='lat' dir='ltr'><strong>fundamento</strong></span> 
     </span>
    </p>
   </div>
   <div class='ocr_carea' id='block_1_83' title="bbox 2353 1886 3613 2010">
    <p class='ocr_par' dir='ltr' id='par_1_83' title="bbox 2353 1886 3613 2010">
     <span class='ocr_line' id='line_1_85' title="bbox 2353 1886 3613 2010; baseline 0.002 -71"><span class='ocrx_word' id='word_1_609' title='bbox 2353 1904 2472 2010; x_wconf 63' lang='lat' dir='ltr'><strong>quae</strong></span> <span class='ocrx_word' id='word_1_610' title='bbox 2495 1903 2595 1958; x_wconf 88' lang='lat' dir='ltr'><strong>pro</strong></span> <span class='ocrx_word' id='word_1_611' title='bbox 2635 1886 2902 1958; x_wconf 86' lang='lat' dir='ltr'><strong>episcopis</strong></span> <span class='ocrx_word' id='word_1_612' title='bbox 2929 1887 3077 1942; x_wconf 86' lang='lat' dir='ltr'><strong>hisce</strong></span> <span class='ocrx_word' id='word_1_613' title='bbox 3105 1898 3292 1942; x_wconf 88' lang='lat' dir='ltr'><strong>contra</strong></span> <span class='ocrx_word' id='word_1_614' title='bbox 3322 1886 3613 1942; x_wconf 79' lang='lat' dir='ltr'><strong>Alcuinum</strong></span> 
     </span>
     <span class='ocr_line' id='line_1_86' title="bbox 2353 1956 3613 2010; baseline 0 0"><span class='ocrx_word' id='word_1_615' title='bbox 2353 1976 2370 2010; x_wconf 62' lang='grc' dir='ltr'>ω</span> <span class='ocrx_word' id='word_1_616' title='bbox 2395 1960 2579 2010; x_wconf 87' lang='lat' dir='ltr'><strong>chius:</strong></span> <span class='ocrx_word' id='word_1_617' title='bbox 2613 1967 2705 2010; x_wconf 90' lang='lat' dir='ltr'><strong>aut</strong></span> <span class='ocrx_word' id='word_1_618' title='bbox 2739 1958 2999 2010; x_wconf 76' lang='lat' dir='ltr'><strong>denique.</strong></span> <span class='ocrx_word' id='word_1_619' title='bbox 3028 1961 3300 2010; x_wconf 87' lang='lat' dir='ltr'><strong>neminem</strong></span> <span class='ocrx_word' id='word_1_620' title='bbox 3330 1956 3439 2010; x_wconf 88' lang='lat' dir='ltr'><strong>iam</strong></span> <span class='ocrx_word' id='word_1_621' title='bbox 3465 1965 3613 2010; x_wconf 86' lang='lat' dir='ltr'><strong>vete-</strong></span> 
     </span>
    </p>
   </div>
   <div class='ocr_carea' id='block_1_84' title="bbox 2027 1956 3616 2028">
    <p class='ocr_par' dir='ltr' id='par_1_84' title="bbox 2027 1956 3616 2028">
     <span class='ocr_line' id='line_1_87' title="bbox 2027 1956 3616 2028; baseline -0.001 -16"><span class='ocrx_word' id='word_1_622' title='bbox 2027 1959 2248 2028; x_wconf 79' lang='lat' dir='ltr'><strong>scripsit</strong></span> <span class='ocrx_word' id='word_1_623' title='bbox 2273 1956 2579 2025; x_wconf 76' lang='lat' dir='ltr'><strong>Walchius;</strong></span> <span class='ocrx_word' id='word_1_624' title='bbox 2613 1956 2705 2012; x_wconf 86' lang='lat' dir='ltr'><strong>aut</strong></span> <span class='ocrx_word' id='word_1_625' title='bbox 2739 1956 2999 2028; x_wconf 78' lang='lat' dir='ltr'><strong>denique,</strong></span> <span class='ocrx_word' id='word_1_626' title='bbox 3028 1961 3300 2013; x_wconf 90' lang='lat' dir='ltr'><strong>neminem</strong></span> <span class='ocrx_word' id='word_1_627' title='bbox 3325 1956 3439 2024; x_wconf 89' lang='lat' dir='ltr'><strong>jam</strong></span> <span class='ocrx_word' id='word_1_628' title='bbox 3465 1965 3616 2012; x_wconf 87' lang='lat' dir='ltr'><strong>vete-</strong></span> 
     </span>
    </p>
   </div>
   <div class='ocr_carea' id='block_1_85' title="bbox 2020 2025 3615 2096">
    <p class='ocr_par' dir='ltr' id='par_1_85' title="bbox 2020 2025 3615 2096">
     <span class='ocr_line' id='line_1_88' title="bbox 2020 2025 3615 2096; baseline 0 -15"><span class='ocrx_word' id='word_1_629' title='bbox 2020 2025 2154 2082; x_wconf 81' lang='lat' dir='ltr'><strong>rum</strong></span> <span class='ocrx_word' id='word_1_630' title='bbox 2169 2025 2542 2084; x_wconf 63' lang='lat' dir='ltr'><strong>haereticorum</strong></span> <span class='ocrx_word' id='word_1_631' title='bbox 2567 2045 2707 2090; x_wconf 88' lang='lat' dir='ltr'><strong>esse,</strong></span> <span class='ocrx_word' id='word_1_632' title='bbox 2733 2027 2887 2096; x_wconf 80' lang='lat' dir='ltr'><strong>cuius</strong></span> <span class='ocrx_word' id='word_1_633' title='bbox 2916 2030 3427 2084; x_wconf 88' lang='lat' dir='ltr'><strong>condemnationem</strong></span> <span class='ocrx_word' id='word_1_634' title='bbox 3451 2028 3615 2081; x_wconf 89' lang='lat' dir='ltr'><strong>insci-</strong></span> 
     </span>
    </p>
   </div>
   <div class='ocr_carea' id='block_1_86' title="bbox 2021 2098 3608 2169">
    <p class='ocr_par' dir='ltr' id='par_1_86' title="bbox 2021 2098 3608 2169">
     <span class='ocr_line' id='line_1_89' title="bbox 2021 2098 3608 2169; baseline -0.001 -17"><span class='ocrx_word' id='word_1_635' title='bbox 2021 2099 2108 2152; x_wconf 76' lang='lat' dir='ltr'><strong>tize</strong></span> <span class='ocrx_word' id='word_1_636' title='bbox 2137 2109 2297 2169; x_wconf 91' lang='lat' dir='ltr'><strong>atque</strong></span> <span class='ocrx_word' id='word_1_637' title='bbox 2329 2100 2701 2168; x_wconf 74' lang='lat' dir='ltr'><strong>imprudentiae</strong></span> <span class='ocrx_word' id='word_1_638' title='bbox 2727 2098 2948 2154; x_wconf 87' lang='lat' dir='ltr'><strong>Patrum</strong></span> <span class='ocrx_word' id='word_1_639' title='bbox 2986 2100 3254 2169; x_wconf 87' lang='lat' dir='ltr'><strong>imputare</strong></span> <span class='ocrx_word' id='word_1_640' title='bbox 3280 2115 3387 2153; x_wconf 89' lang='lat' dir='ltr'><strong>non</strong></span> <span class='ocrx_word' id='word_1_641' title='bbox 3428 2099 3608 2152; x_wconf 89' lang='lat' dir='ltr'><strong>liceat.</strong></span> 
     </span>
    </p>
   </div>
   <div class='ocr_carea' id='block_1_87' title="bbox 2020 2169 3614 2240">
    <p class='ocr_par' dir='ltr' id='par_1_87' title="bbox 2020 2169 3614 2240">
     <span class='ocr_line' id='line_1_90' title="bbox 2020 2169 3614 2240; baseline -0.001 -18"><span class='ocrx_word' id='word_1_642' title='bbox 2020 2169 2089 2222; x_wconf 89' lang='lat' dir='ltr'><strong>Et</strong></span> <span class='ocrx_word' id='word_1_643' title='bbox 2115 2171 2218 2222; x_wconf 91' lang='lat' dir='ltr'><strong>hoc</strong></span> <span class='ocrx_word' id='word_1_644' title='bbox 2244 2171 2460 2239; x_wconf 83' lang='lat' dir='ltr'><strong>quidem</strong></span> <span class='ocrx_word' id='word_1_645' title='bbox 2483 2171 2751 2238; x_wconf 82' lang='lat' dir='ltr'><strong>posterius</strong></span> <span class='ocrx_word' id='word_1_646' title='bbox 2779 2169 3024 2240; x_wconf 85' lang='lat' dir='ltr'><strong>lubenter</strong></span> <span class='ocrx_word' id='word_1_647' title='bbox 3047 2169 3185 2224; x_wconf 82' lang='lat' dir='ltr'><strong>ferte</strong></span> <span class='ocrx_word' id='word_1_648' title='bbox 3207 2171 3388 2240; x_wconf 90' lang='lat' dir='ltr'><strong>plures</strong></span> <span class='ocrx_word' id='word_1_649' title='bbox 3419 2183 3614 2223; x_wconf 89' lang='lat' dir='ltr'><strong>eorum.</strong></span> 
     </span>
    </p>
   </div>
   <div class='ocr_carea' id='block_1_88' title="bbox 2021 2239 3614 2309">
    <p class='ocr_par' dir='ltr' id='par_1_88' title="bbox 2021 2239 3614 2309">
     <span class='ocr_line' id='line_1_91' title="bbox 2021 2239 3614 2309; baseline -0.001 -15"><span class='ocrx_word' id='word_1_650' title='bbox 2021 2242 2350 2304; x_wconf 88' lang='lat' dir='ltr'><strong>&#39;concedent,</strong></span> <span class='ocrx_word' id='word_1_651' title='bbox 2379 2241 2468 2309; x_wconf 92' lang='lat' dir='ltr'><strong>qui</strong></span> <span class='ocrx_word' id='word_1_652' title='bbox 2497 2249 2623 2294; x_wconf 92' lang='lat' dir='ltr'><strong>sunt</strong></span> <span class='ocrx_word' id='word_1_653' title='bbox 2652 2241 2717 2294; x_wconf 90' lang='lat' dir='ltr'><strong>de</strong></span> <span class='ocrx_word' id='word_1_654' title='bbox 2746 2239 3156 2305; x_wconf 64' lang='lat' dir='ltr'><strong>coetuWalchii,</strong></span> <span class='ocrx_word' id='word_1_655' title='bbox 3180 2239 3403 2295; x_wconf 82' lang='lat' dir='ltr'><strong>minime</strong></span> <span class='ocrx_word' id='word_1_656' title='bbox 3431 2246 3614 2309; x_wconf 84' lang='lat' dir='ltr'><strong>atten-</strong></span> 
     </span>
    </p>
   </div>
   <div class='ocr_carea' id='block_1_89' title="bbox 2021 2308 3613 2380">
    <p class='ocr_par' dir='ltr' id='par_1_89' title="bbox 2021 2308 3613 2380">
     <span class='ocr_line' id='line_1_92' title="bbox 2021 2308 3613 2380; baseline -0.003 -15"><span class='ocrx_word' id='word_1_657' title='bbox 2021 2310 2230 2375; x_wconf 87' lang='lat' dir='ltr'><strong>dentes,</strong></span> <span class='ocrx_word' id='word_1_658' title='bbox 2261 2313 2319 2364; x_wconf 81' lang='lat' dir='ltr'><strong>Se</strong></span> <span class='ocrx_word' id='word_1_659' title='bbox 2346 2308 2580 2378; x_wconf 79' lang='lat' dir='ltr'><strong>partium</strong></span> <span class='ocrx_word' id='word_1_660' title='bbox 2609 2311 2789 2364; x_wconf 89' lang='lat' dir='ltr'><strong>studio</strong></span> <span class='ocrx_word' id='word_1_661' title='bbox 2819 2327 2882 2364; x_wconf 91' lang='lat' dir='ltr'><strong>ac</strong></span> <span class='ocrx_word' id='word_1_662' title='bbox 2918 2311 3306 2380; x_wconf 65' lang='lat' dir='ltr'><strong>praeconceptis</strong></span> <span class='ocrx_word' id='word_1_663' title='bbox 3343 2308 3613 2380; x_wconf 85' lang='lat' dir='ltr'><strong>opinioni-</strong></span> 
     </span>
    </p>
   </div>
   <div class='ocr_carea' id='block_1_90' title="bbox 2019 2378 3612 2450">
    <p class='ocr_par' dir='ltr' id='par_1_90' title="bbox 2019 2378 3612 2450">
     <span class='ocr_line' id='line_1_93' title="bbox 2019 2378 3612 2450; baseline -0.001 -15"><span class='ocrx_word' id='word_1_664' title='bbox 2019 2381 2120 2435; x_wconf 79' lang='lat' dir='ltr'><strong>bus</strong></span> <span class='ocrx_word' id='word_1_665' title='bbox 2169 2381 2221 2434; x_wconf 94' lang='lat' dir='ltr'><strong>in</strong></span> <span class='ocrx_word' id='word_1_666' title='bbox 2263 2389 2472 2435; x_wconf 85' lang='lat' dir='ltr'><strong>tantum</strong></span> <span class='ocrx_word' id='word_1_667' title='bbox 2527 2381 2756 2435; x_wconf 90' lang='lat' dir='ltr'><strong>subinde</strong></span> <span class='ocrx_word' id='word_1_668' title='bbox 2800 2378 3014 2450; x_wconf 81' lang='lat' dir='ltr'><strong>abripi,</strong></span> <span class='ocrx_word' id='word_1_669' title='bbox 3063 2390 3125 2435; x_wconf 88' lang='lat' dir='ltr'><strong>ut</strong></span> <span class='ocrx_word' id='word_1_670' title='bbox 3171 2378 3334 2436; x_wconf 81' lang='lat' dir='ltr'><strong>etiam</strong></span> <span class='ocrx_word' id='word_1_671' title='bbox 3377 2378 3612 2434; x_wconf 82' lang='lat' dir='ltr'><strong>sanioris</strong></span> 
     </span>
    </p>
   </div>
   <div class='ocr_carea' id='block_1_91' title="bbox 2019 2450 3610 2522">
    <p class='ocr_par' dir='ltr' id='par_1_91' title="bbox 2019 2450 3610 2522">
     <span class='ocr_line' id='line_1_94' title="bbox 2019 2450 3610 2522; baseline -0.001 -18"><span class='ocrx_word' id='word_1_672' title='bbox 2019 2451 2220 2522; x_wconf 69' lang='lat' dir='ltr'><strong>critica:</strong></span> <span class='ocrx_word' id='word_1_673' title='bbox 2241 2453 2453 2522; x_wconf 86' lang='lat' dir='ltr'><strong>regulas</strong></span> <span class='ocrx_word' id='word_1_674' title='bbox 2477 2452 2528 2504; x_wconf 90' lang='lat' dir='ltr'><strong>in</strong></span> <span class='ocrx_word' id='word_1_675' title='bbox 2559 2450 2916 2519; x_wconf 85' lang='lat' dir='ltr'><strong>dijudicandis</strong></span> <span class='ocrx_word' id='word_1_676' title='bbox 2939 2460 3242 2522; x_wconf 89' lang='lat' dir='ltr'><strong>temporum</strong></span> <span class='ocrx_word' id='word_1_677' title='bbox 3265 2451 3610 2521; x_wconf 86' lang='lat' dir='ltr'><strong>antiquorum</strong></span> 
     </span>
    </p>
   </div>
   <div class='ocr_carea' id='block_1_92' title="bbox 2020 2521 3614 2593">
    <p class='ocr_par' dir='ltr' id='par_1_92' title="bbox 2020 2521 3614 2593">
     <span class='ocr_line' id='line_1_95' title="bbox 2020 2521 3614 2593; baseline 0 -19"><span class='ocrx_word' id='word_1_678' title='bbox 2020 2521 2197 2585; x_wconf 84' lang='lat' dir='ltr'><strong>factis,</strong></span> <span class='ocrx_word' id='word_1_679' title='bbox 2223 2537 2286 2575; x_wconf 88' lang='lat' dir='ltr'><strong>ac</strong></span> <span class='ocrx_word' id='word_1_680' title='bbox 2311 2521 2696 2576; x_wconf 86' lang='lat' dir='ltr'><strong>controversiis</strong></span> <span class='ocrx_word' id='word_1_681' title='bbox 2718 2523 3251 2593; x_wconf 75' lang='lat' dir='ltr'><strong>pnetergrediantur.</strong></span> <span class='ocrx_word' id='word_1_682' title='bbox 3293 2523 3431 2578; x_wconf 90' lang='lat' dir='ltr'><strong>Dent</strong></span> <span class='ocrx_word' id='word_1_683' title='bbox 3457 2535 3614 2593; x_wconf 86' lang='lat' dir='ltr'><strong>supe-</strong></span> 
     </span>
    </p>
   </div>
   <div class='ocr_carea' id='block_1_93' title="bbox 2019 2592 3615 2662">
    <p class='ocr_par' dir='ltr' id='par_1_93' title="bbox 2019 2592 3615 2662">
     <span class='ocr_line' id='line_1_96' title="bbox 2019 2592 3615 2662; baseline -0.001 -17"><span class='ocrx_word' id='word_1_684' title='bbox 2019 2593 2096 2654; x_wconf 88' lang='lat' dir='ltr'><strong>ri,</strong></span> <span class='ocrx_word' id='word_1_685' title='bbox 2139 2601 2197 2646; x_wconf 94' lang='lat' dir='ltr'><strong>ut</strong></span> <span class='ocrx_word' id='word_1_686' title='bbox 2241 2593 2456 2646; x_wconf 88' lang='lat' dir='ltr'><strong>tandem</strong></span> <span class='ocrx_word' id='word_1_687' title='bbox 2492 2593 2826 2662; x_wconf 89' lang='lat' dir='ltr'><strong>dissipentur</strong></span> <span class='ocrx_word' id='word_1_688' title='bbox 2870 2592 3179 2662; x_wconf 60' lang='lat' dir='ltr'><strong>pricjudicia</strong></span> <span class='ocrx_word' id='word_1_689' title='bbox 3220 2594 3356 2659; x_wconf 88' lang='lat' dir='ltr'><strong>ista,</strong></span> <span class='ocrx_word' id='word_1_690' title='bbox 3401 2592 3521 2662; x_wconf 85' lang='lat' dir='ltr'><strong>paci</strong></span> <span class='ocrx_word' id='word_1_691' title='bbox 3557 2597 3615 2646; x_wconf 85' lang='lat' dir='ltr'><strong>et</strong></span> 
     </span>
    </p>
   </div>
   <div class='ocr_carea' id='block_1_94' title="bbox 2018 2663 3614 2735">
    <p class='ocr_par' dir='ltr' id='par_1_94' title="bbox 2018 2663 3614 2735">
     <span class='ocr_line' id='line_1_97' title="bbox 2018 2663 3614 2735; baseline -0.001 -19"><span class='ocrx_word' id='word_1_692' title='bbox 2018 2663 2229 2735; x_wconf 73' lang='lat' dir='ltr'><strong>veritati</strong></span> <span class='ocrx_word' id='word_1_693' title='bbox 2259 2664 2396 2716; x_wconf 91' lang='lat' dir='ltr'><strong>adeo</strong></span> <span class='ocrx_word' id='word_1_694' title='bbox 2420 2663 2658 2725; x_wconf 86' lang='lat' dir='ltr'><strong>inimica,</strong></span> <span class='ocrx_word' id='word_1_695' title='bbox 2684 2678 2767 2728; x_wconf 87' lang='lat' dir='ltr'><strong>ac,</strong></span> <span class='ocrx_word' id='word_1_696' title='bbox 2796 2665 2938 2732; x_wconf 88' lang='lat' dir='ltr'><strong>quod</strong></span> <span class='ocrx_word' id='word_1_697' title='bbox 2965 2665 3136 2735; x_wconf 85' lang='lat' dir='ltr'><strong>magis</strong></span> <span class='ocrx_word' id='word_1_698' title='bbox 3153 2663 3328 2718; x_wconf 91' lang='lat' dir='ltr'><strong>adhuc</strong></span> <span class='ocrx_word' id='word_1_699' title='bbox 3349 2670 3614 2735; x_wconf 80' lang='lat' dir='ltr'><strong>exoptan-</strong></span> 
     </span>
    </p>
   </div>
   <div class='ocr_carea' id='block_1_95' title="bbox 2019 2732 3613 2803">
    <p class='ocr_par' dir='ltr' id='par_1_95' title="bbox 2019 2732 3613 2803">
     <span class='ocr_line' id='line_1_98' title="bbox 2019 2732 3613 2803; baseline 0.001 -18"><span class='ocrx_word' id='word_1_700' title='bbox 2019 2732 2167 2794; x_wconf 90' lang='lat' dir='ltr'><strong>dum,</strong></span> <span class='ocrx_word' id='word_1_701' title='bbox 2200 2742 2259 2786; x_wconf 90' lang='lat' dir='ltr'><strong>ut</strong></span> <span class='ocrx_word' id='word_1_702' title='bbox 2287 2735 2478 2803; x_wconf 88' lang='lat' dir='ltr'><strong>modus</strong></span> <span class='ocrx_word' id='word_1_703' title='bbox 2507 2742 2742 2803; x_wconf 77' lang='lat' dir='ltr'><strong>portatur</strong></span> <span class='ocrx_word' id='word_1_704' title='bbox 2771 2732 3078 2802; x_wconf 57' lang='lat' dir='ltr'><strong>depravata;</strong></span> <span class='ocrx_word' id='word_1_705' title='bbox 3119 2735 3318 2787; x_wconf 90' lang='lat' dir='ltr'><strong>mentis</strong></span> <span class='ocrx_word' id='word_1_706' title='bbox 3361 2733 3613 2786; x_wconf 67' lang='lat' dir='ltr'><strong>humanae</strong></span> 
     </span>
    </p>
   </div>
   <div class='ocr_carea' id='block_1_96' title="bbox 2019 2802 3611 2873">
    <p class='ocr_par' dir='ltr' id='par_1_96' title="bbox 2019 2802 3611 2873">
     <span class='ocr_line' id='line_1_99' title="bbox 2019 2802 3611 2873; baseline -0.001 -17"><span class='ocrx_word' id='word_1_707' title='bbox 2019 2803 2186 2856; x_wconf 91' lang='lat' dir='ltr'><strong>indoli</strong></span> <span class='ocrx_word' id='word_1_708' title='bbox 2231 2820 2294 2858; x_wconf 93' lang='lat' dir='ltr'><strong>ac</strong></span> <span class='ocrx_word' id='word_1_709' title='bbox 2330 2802 2608 2858; x_wconf 70' lang='lat' dir='ltr'><strong>ell‘rcnata:</strong></span> <span class='ocrx_word' id='word_1_710' title='bbox 2653 2804 2934 2873; x_wconf 87' lang='lat' dir='ltr'><strong>cupiditati</strong></span> <span class='ocrx_word' id='word_1_711' title='bbox 2971 2819 3060 2858; x_wconf 91' lang='lat' dir='ltr'><strong>res</strong></span> <span class='ocrx_word' id='word_1_712' title='bbox 3092 2803 3334 2858; x_wconf 90' lang='lat' dir='ltr'><strong>occultas</strong></span> <span class='ocrx_word' id='word_1_713' title='bbox 3365 2810 3420 2856; x_wconf 91' lang='lat' dir='ltr'><strong>et</strong></span> <span class='ocrx_word' id='word_1_714' title='bbox 3448 2818 3611 2873; x_wconf 88' lang='lat' dir='ltr'><strong>supra</strong></span> 
     </span>
    </p>
   </div>
   <div class='ocr_carea' id='block_1_97' title="bbox 2018 2871 3610 2944">
    <p class='ocr_par' dir='ltr' id='par_1_97' title="bbox 2018 2871 3610 2944">
     <span class='ocr_line' id='line_1_100' title="bbox 2018 2871 3610 2944; baseline -0.001 -17"><span class='ocrx_word' id='word_1_715' title='bbox 2018 2873 2219 2942; x_wconf 76' lang='lat' dir='ltr'><strong>ingenii</strong></span> <span class='ocrx_word' id='word_1_716' title='bbox 2253 2875 2421 2928; x_wconf 86' lang='lat' dir='ltr'><strong>nostri</strong></span> <span class='ocrx_word' id='word_1_717' title='bbox 2448 2873 2590 2929; x_wconf 89' lang='lat' dir='ltr'><strong>vires</strong></span> <span class='ocrx_word' id='word_1_718' title='bbox 2616 2871 2822 2944; x_wconf 83' lang='lat' dir='ltr'><strong>positas</strong></span> <span class='ocrx_word' id='word_1_719' title='bbox 2849 2873 3232 2944; x_wconf 82' lang='lat' dir='ltr'><strong>investigandi,</strong></span> <span class='ocrx_word' id='word_1_720' title='bbox 3261 2889 3327 2927; x_wconf 82' lang='lat' dir='ltr'><strong>ex</strong></span> <span class='ocrx_word' id='word_1_721' title='bbox 3358 2887 3463 2942; x_wconf 89' lang='lat' dir='ltr'><strong>qua</strong></span> <span class='ocrx_word' id='word_1_722' title='bbox 3495 2871 3610 2944; x_wconf 80' lang='lat' dir='ltr'><strong>sola</strong></span> 
     </span>
    </p>
   </div>
   <div class='ocr_carea' id='block_1_98' title="bbox 2019 2942 3612 3015">
    <p class='ocr_par' dir='ltr' id='par_1_98' title="bbox 2019 2942 3612 3015">
     <span class='ocr_line' id='line_1_101' title="bbox 2019 2942 3612 3015; baseline -0.001 -17"><span class='ocrx_word' id='word_1_723' title='bbox 2019 2947 2445 2999; x_wconf 85' lang='lat' dir='ltr'><strong>controversiam</strong></span> <span class='ocrx_word' id='word_1_724' title='bbox 2478 2942 2632 2998; x_wconf 73' lang='lat' dir='ltr'><strong>illam</strong></span> <span class='ocrx_word' id='word_1_725' title='bbox 2653 2945 2720 2999; x_wconf 90' lang='lat' dir='ltr'><strong>de</strong></span> <span class='ocrx_word' id='word_1_726' title='bbox 2747 2942 3128 3015; x_wconf 49' lang='lat' dir='ltr'><strong>Adoptioneﬂn</strong></span> <span class='ocrx_word' id='word_1_727' title='bbox 3155 2942 3372 3015; x_wconf 86' lang='lat' dir='ltr'><strong>Christo</strong></span> <span class='ocrx_word' id='word_1_728' title='bbox 3407 2942 3612 3015; x_wconf 48' lang='lat' dir='ltr'><strong>sarculo</strong></span> 
     </span>
    </p>
   </div>
   <div class='ocr_carea' id='block_1_99' title="bbox 2017 3013 3606 3083">
    <p class='ocr_par' dir='ltr' id='par_1_99' title="bbox 2017 3013 3606 3083">
     <span class='ocr_line' id='line_1_102' title="bbox 2017 3013 3606 3083; baseline -0.001 -15"><span class='ocrx_word' id='word_1_729' title='bbox 2017 3023 2211 3068; x_wconf 89' lang='lat' dir='ltr'><strong>octavo</strong></span> <span class='ocrx_word' id='word_1_730' title='bbox 2265 3016 2442 3070; x_wconf 90' lang='lat' dir='ltr'><strong>denuo</strong></span> <span class='ocrx_word' id='word_1_731' title='bbox 2491 3025 2735 3070; x_wconf 88' lang='lat' dir='ltr'><strong>renatam</strong></span> <span class='ocrx_word' id='word_1_732' title='bbox 2787 3013 2950 3069; x_wconf 80' lang='lat' dir='ltr'><strong>etiam</strong></span> <span class='ocrx_word' id='word_1_733' title='bbox 3000 3013 3280 3068; x_wconf 89' lang='lat' dir='ltr'><strong>Walchius</strong></span> <span class='ocrx_word' id='word_1_734' title='bbox 3323 3013 3606 3083; x_wconf 87' lang='lat' dir='ltr'><strong>judicavit.</strong></span> 
     </span>
    </p>
   </div>
   <div class='ocr_carea' id='block_1_100' title="bbox 2017 3085 3604 3156">
    <p class='ocr_par' dir='ltr' id='par_1_100' title="bbox 2017 3085 3604 3156">
     <span class='ocr_line' id='line_1_103' title="bbox 2017 3085 3604 3156; baseline -0.001 -18"><span class='ocrx_word' id='word_1_735' title='bbox 2017 3085 2302 3156; x_wconf 87' lang='lat' dir='ltr'><strong>Egregium</strong></span> <span class='ocrx_word' id='word_1_736' title='bbox 2357 3088 2481 3141; x_wconf 92' lang='lat' dir='ltr'><strong>huic</strong></span> <span class='ocrx_word' id='word_1_737' title='bbox 2522 3087 2664 3140; x_wconf 89' lang='lat' dir='ltr'><strong>malo</strong></span> <span class='ocrx_word' id='word_1_738' title='bbox 2710 3085 3006 3140; x_wconf 87' lang='lat' dir='ltr'><strong>remedium</strong></span> <span class='ocrx_word' id='word_1_739' title='bbox 3050 3085 3472 3156; x_wconf 76' lang='lat' dir='ltr'><strong>deprehendisse</strong></span> <span class='ocrx_word' id='word_1_740' title='bbox 3520 3099 3604 3137; x_wconf 86' lang='lat' dir='ltr'><strong>au-</strong></span> 
     </span>
    </p>
   </div>
   <div class='ocr_carea' id='block_1_101' title="bbox 2019 3154 3610 3212">
    <p class='ocr_par' dir='ltr' id='par_1_101' title="bbox 2019 3154 3610 3212">
     <span class='ocr_line' id='line_1_104' title="bbox 2019 3154 3610 3212; baseline -0.001 -3"><span class='ocrx_word' id='word_1_741' title='bbox 2019 3154 2137 3209; x_wconf 79' lang='lat' dir='ltr'><strong>ctor</strong></span> <span class='ocrx_word' id='word_1_742' title='bbox 2167 3154 2267 3211; x_wconf 85' lang='lat' dir='ltr'><strong>iste</strong></span> <span class='ocrx_word' id='word_1_743' title='bbox 2295 3157 2396 3211; x_wconf 90' lang='lat' dir='ltr'><strong>sibi</strong></span> <span class='ocrx_word' id='word_1_744' title='bbox 2425 3173 2533 3212; x_wconf 91' lang='lat' dir='ltr'><strong>non</strong></span> <span class='ocrx_word' id='word_1_745' title='bbox 2562 3159 2657 3211; x_wconf 85' lang='lat' dir='ltr'><strong>abs</strong></span> <span class='ocrx_word' id='word_1_746' title='bbox 2687 3172 2747 3211; x_wconf 89' lang='lat' dir='ltr'><strong>re</strong></span> <span class='ocrx_word' id='word_1_747' title='bbox 2775 3158 2924 3211; x_wconf 88' lang='lat' dir='ltr'><strong>visus</strong></span> <span class='ocrx_word' id='word_1_748' title='bbox 2951 3164 3037 3210; x_wconf 90' lang='lat' dir='ltr'><strong>est</strong></span> <span class='ocrx_word' id='word_1_749' title='bbox 3062 3156 3113 3210; x_wconf 90' lang='lat' dir='ltr'><strong>in</strong></span> <span class='ocrx_word' id='word_1_750' title='bbox 3147 3155 3354 3210; x_wconf 87' lang='lat' dir='ltr'><strong>monito</strong></span> <span class='ocrx_word' id='word_1_751' title='bbox 3393 3154 3482 3209; x_wconf 93' lang='lat' dir='ltr'><strong>illo</strong></span> <span class='ocrx_word' id='word_1_752' title='bbox 3522 3170 3610 3208; x_wconf 88' lang='lat' dir='ltr'><strong>sa—</strong></span> 
     </span>
    </p>
   </div>
   <div class='ocr_carea' id='block_1_102' title="bbox 2017 3226 3610 3350">
    <p class='ocr_par' dir='ltr' id='par_1_102' title="bbox 2017 3226 3610 3350">
     <span class='ocr_line' id='line_1_105' title="bbox 2017 3226 3610 3350; baseline -0.001 -70"><span class='ocrx_word' id='word_1_753' title='bbox 2017 3226 2236 3350; x_wconf 68' lang='lat' dir='ltr'><strong>plicntia:</strong></span> <span class='ocrx_word' id='word_1_754' title='bbox 2281 3228 2472 3296; x_wconf 93' lang='lat' dir='ltr'><strong>pleno,</strong></span> <span class='ocrx_word' id='word_1_755' title='bbox 2507 3228 2647 3350; x_wconf 78' lang='lat' dir='ltr'><strong>quod</strong></span> <span class='ocrx_word' id='word_1_756' title='bbox 2691 3227 2918 3282; x_wconf 85' lang='lat' dir='ltr'><strong>Carolus</strong></span> <span class='ocrx_word' id='word_1_757' title='bbox 2968 3226 3192 3298; x_wconf 84' lang='lat' dir='ltr'><strong>Magnus</strong></span> <span class='ocrx_word' id='word_1_758' title='bbox 3230 3227 3298 3280; x_wconf 88' lang='lat' dir='ltr'><strong>ad</strong></span> <span class='ocrx_word' id='word_1_759' title='bbox 3325 3226 3610 3296; x_wconf 89' lang='lat' dir='ltr'><strong>episcopos</strong></span> 
     </span>
     <span class='ocr_line' id='line_1_106' title="bbox 2067 3296 3610 3350; baseline 0 0"><span class='ocrx_word' id='word_1_760' title='bbox 2067 3298 2286 3350; x_wconf 69' lang='lat' dir='ltr'><strong>isnaniaz</strong></span> <span class='ocrx_word' id='word_1_761' title='bbox 2317 3308 2468 3350; x_wconf 86' lang='lat' dir='ltr'><strong>tanta</strong></span> <span class='ocrx_word' id='word_1_762' title='bbox 2505 3315 2569 3350; x_wconf 67' lang='lat' dir='ltr'><strong>re</strong></span> <span class='ocrx_word' id='word_1_763' title='bbox 2597 3298 2735 3350; x_wconf 89' lang='lat' dir='ltr'><strong>Filio</strong></span> <span class='ocrx_word' id='word_1_764' title='bbox 2768 3298 3020 3350; x_wconf 87' lang='lat' dir='ltr'><strong>adootivo</strong></span> <span class='ocrx_word' id='word_1_765' title='bbox 3081 3296 3408 3350; x_wconf 87' lang='lat' dir='ltr'><strong>altercantes</strong></span> <span class='ocrx_word' id='word_1_766' title='bbox 3466 3305 3610 3350; x_wconf 87' lang='lat' dir='ltr'><strong>tran-</strong></span> 
     </span>
    </p>
   </div>
   <div class='ocr_carea' id='block_1_103' title="bbox 2067 3296 3612 3368">
    <p class='ocr_par' dir='ltr' id='par_1_103' title="bbox 2067 3296 3612 3368">
     <span class='ocr_line' id='line_1_107' title="bbox 2067 3296 3612 3368; baseline -0.001 -18"><span class='ocrx_word' id='word_1_767' title='bbox 2067 3298 2286 3366; x_wconf 69' lang='lat' dir='ltr'><strong>ispaniaz</strong></span> <span class='ocrx_word' id='word_1_768' title='bbox 2317 3308 2468 3354; x_wconf 87' lang='lat' dir='ltr'><strong>tanta</strong></span> <span class='ocrx_word' id='word_1_769' title='bbox 2505 3296 2569 3353; x_wconf 88' lang='lat' dir='ltr'><strong>de</strong></span> <span class='ocrx_word' id='word_1_770' title='bbox 2597 3298 2735 3352; x_wconf 88' lang='lat' dir='ltr'><strong>Filio</strong></span> <span class='ocrx_word' id='word_1_771' title='bbox 2768 3298 3020 3368; x_wconf 88' lang='lat' dir='ltr'><strong>adoptivo</strong></span> <span class='ocrx_word' id='word_1_772' title='bbox 3061 3296 3408 3354; x_wconf 67' lang='lat' dir='ltr'><strong>altercantes</strong></span> <span class='ocrx_word' id='word_1_773' title='bbox 3466 3305 3612 3350; x_wconf 84' lang='lat' dir='ltr'><strong>tran-</strong></span> 
     </span>
    </p>
   </div>
   <div class='ocr_carea' id='block_1_104' title="bbox 2018 3368 3612 3439">
    <p class='ocr_par' dir='ltr' id='par_1_104' title="bbox 2018 3368 3612 3439">
     <span class='ocr_line' id='line_1_108' title="bbox 2018 3368 3612 3439; baseline -0.001 -18"><span class='ocrx_word' id='word_1_774' title='bbox 2018 3369 2256 3438; x_wconf 86' lang='lat' dir='ltr'><strong>scripsit,</strong></span> <span class='ocrx_word' id='word_1_775' title='bbox 2294 3370 2542 3439; x_wconf 89' lang='lat' dir='ltr'><strong>quodque</strong></span> <span class='ocrx_word' id='word_1_776' title='bbox 2574 3370 2661 3423; x_wconf 91' lang='lat' dir='ltr'><strong>hic</strong></span> <span class='ocrx_word' id='word_1_777' title='bbox 2689 3368 2964 3423; x_wconf 89' lang='lat' dir='ltr'><strong>coronidis</strong></span> <span class='ocrx_word' id='word_1_778' title='bbox 2991 3369 3110 3423; x_wconf 91' lang='lat' dir='ltr'><strong>loco</strong></span> <span class='ocrx_word' id='word_1_779' title='bbox 3143 3368 3612 3439; x_wconf 82' lang='lat' dir='ltr'><strong>apponimus,in—</strong></span> 
     </span>
    </p>
   </div>
   <div class='ocr_carea' id='block_1_105' title="bbox 2017 3438 3612 3509">
    <p class='ocr_par' dir='ltr' id='par_1_105' title="bbox 2017 3438 3612 3509">
     <span class='ocr_line' id='line_1_109' title="bbox 2017 3438 3612 3509; baseline 0.001 -17"><span class='ocrx_word' id='word_1_780' title='bbox 2017 3445 2230 3509; x_wconf 82' lang='lat' dir='ltr'><strong>tegrum</strong></span> <span class='ocrx_word' id='word_1_781' title='bbox 2259 3438 2470 3506; x_wconf 70' lang='lat' dir='ltr'><strong>tamen,</strong></span> <span class='ocrx_word' id='word_1_782' title='bbox 2492 3455 2617 3494; x_wconf 90' lang='lat' dir='ltr'><strong>cum</strong></span> <span class='ocrx_word' id='word_1_783' title='bbox 2644 3439 2922 3495; x_wconf 87' lang='lat' dir='ltr'><strong>Walchius</strong></span> <span class='ocrx_word' id='word_1_784' title='bbox 2958 3440 3123 3494; x_wconf 88' lang='lat' dir='ltr'><strong>verba</strong></span> <span class='ocrx_word' id='word_1_785' title='bbox 3164 3440 3378 3509; x_wconf 89' lang='lat' dir='ltr'><strong>priora,</strong></span> <span class='ocrx_word' id='word_1_786' title='bbox 3411 3438 3612 3509; x_wconf 84' lang='lat' dir='ltr'><strong>quibus</strong></span> 
     </span>
    </p>
   </div>
   <div class='ocr_carea' id='block_1_106' title="bbox 2016 3508 3613 3581">
    <p class='ocr_par' dir='ltr' id='par_1_106' title="bbox 2016 3508 3613 3581">
     <span class='ocr_line' id='line_1_110' title="bbox 2016 3508 3613 3581; baseline -0.001 -18"><span class='ocrx_word' id='word_1_787' title='bbox 2016 3508 2240 3563; x_wconf 85' lang='lat' dir='ltr'><strong>Carolus</strong></span> <span class='ocrx_word' id='word_1_788' title='bbox 2275 3511 2549 3573; x_wconf 63' lang='lat' dir='ltr'><strong>Ecclesiae,</strong></span> <span class='ocrx_word' id='word_1_789' title='bbox 2579 3511 2909 3581; x_wconf 89' lang='lat' dir='ltr'><strong>Patrumque</strong></span> <span class='ocrx_word' id='word_1_790' title='bbox 2947 3508 3338 3565; x_wconf 81' lang='lat' dir='ltr'><strong>catholicorum</strong></span> <span class='ocrx_word' id='word_1_791' title='bbox 3375 3508 3613 3581; x_wconf 79' lang='lat' dir='ltr'><strong>auctori—</strong></span> 
     </span>
    </p>
   </div>
   <div class='ocr_carea' id='block_1_107' title="bbox 2016 3579 3602 3652">
    <p class='ocr_par' dir='ltr' id='par_1_107' title="bbox 2016 3579 3602 3652">
     <span class='ocr_line' id='line_1_111' title="bbox 2016 3579 3602 3652; baseline -0.001 -19"><span class='ocrx_word' id='word_1_792' title='bbox 2016 3587 2183 3634; x_wconf 85' lang='lat' dir='ltr'><strong>tatem</strong></span> <span class='ocrx_word' id='word_1_793' title='bbox 2209 3583 2477 3652; x_wconf 84' lang='lat' dir='ltr'><strong>episcopis</strong></span> <span class='ocrx_word' id='word_1_794' title='bbox 2508 3581 2614 3635; x_wconf 89' lang='lat' dir='ltr'><strong>illis</strong></span> <span class='ocrx_word' id='word_1_795' title='bbox 2641 3579 3008 3646; x_wconf 78' lang='lat' dir='ltr'><strong>commendat,</strong></span> <span class='ocrx_word' id='word_1_796' title='bbox 3034 3581 3274 3635; x_wconf 87' lang='lat' dir='ltr'><strong>studiose</strong></span> <span class='ocrx_word' id='word_1_797' title='bbox 3296 3581 3392 3652; x_wconf 85' lang='lat' dir='ltr'><strong>abs</strong></span> <span class='ocrx_word' id='word_1_798' title='bbox 3421 3579 3602 3652; x_wconf 83' lang='lat' dir='ltr'><strong>dubio,</strong></span> 
     </span>
    </p>
   </div>
   <div class='ocr_carea' id='block_1_108' title="bbox 2017 3649 3609 3722">
    <p class='ocr_par' dir='ltr' id='par_1_108' title="bbox 2017 3649 3609 3722">
     <span class='ocr_line' id='line_1_112' title="bbox 2017 3649 3609 3722; baseline 0.001 -21"><span class='ocrx_word' id='word_1_799' title='bbox 2017 3652 2158 3719; x_wconf 91' lang='lat' dir='ltr'><strong>quod</strong></span> <span class='ocrx_word' id='word_1_800' title='bbox 2207 3649 2488 3722; x_wconf 77' lang='lat' dir='ltr'><strong>systeniati</strong></span> <span class='ocrx_word' id='word_1_801' title='bbox 2537 3667 2636 3706; x_wconf 90' lang='lat' dir='ltr'><strong>suo</strong></span> <span class='ocrx_word' id='word_1_802' title='bbox 2680 3662 2866 3707; x_wconf 89' lang='lat' dir='ltr'><strong>essent</strong></span> <span class='ocrx_word' id='word_1_803' title='bbox 2907 3652 3211 3722; x_wconf 80' lang='lat' dir='ltr'><strong>contraria,</strong></span> <span class='ocrx_word' id='word_1_804' title='bbox 3238 3650 3502 3705; x_wconf 90' lang='lat' dir='ltr'><strong>omiserit.</strong></span> <span class='ocrx_word' id='word_1_805' title='bbox 3530 3649 3609 3703; x_wconf 87' lang='lat' dir='ltr'><strong>Ita</strong></span> 
     </span>
    </p>
   </div>
   <div class='ocr_carea' id='block_1_109' title="bbox 2016 3721 3616 3789">
    <p class='ocr_par' dir='ltr' id='par_1_109' title="bbox 2016 3721 3616 3789">
     <span class='ocr_line' id='line_1_113' title="bbox 2016 3721 3616 3789; baseline -0.001 -15"><span class='ocrx_word' id='word_1_806' title='bbox 2016 3737 2148 3777; x_wconf 89' lang='lat' dir='ltr'><strong>vero</strong></span> <span class='ocrx_word' id='word_1_807' title='bbox 2194 3721 2270 3775; x_wconf 87' lang='lat' dir='ltr'><strong>ait</strong></span> <span class='ocrx_word' id='word_1_808' title='bbox 2309 3740 2402 3778; x_wconf 79' lang='lat' dir='ltr'><strong>rex</strong></span> <span class='ocrx_word' id='word_1_809' title='bbox 2445 3723 2983 3778; x_wconf 84' lang='lat' dir='ltr'><strong>Christianissimus:</strong></span> <span class='ocrx_word' id='word_1_810' title='bbox 3021 3741 3040 3770; x_wconf 88' lang='grc'><em>‹</em></span> <span class='ocrx_word' id='word_1_811' title='bbox 3076 3721 3276 3776; x_wconf 88' lang='lat' dir='ltr'><strong>lterum</strong></span> <span class='ocrx_word' id='word_1_812' title='bbox 3305 3722 3616 3789; x_wconf 85' lang='lat' dir='ltr'><strong>iterumque</strong></span> 
     </span>
    </p>
   </div>
   <div class='ocr_carea' id='block_1_110' title="bbox 2017 3791 3607 3863">
    <p class='ocr_par' dir='ltr' id='par_1_110' title="bbox 2017 3791 3607 3863">
     <span class='ocr_line' id='line_1_114' title="bbox 2017 3791 3607 3863; baseline 0 -19"><span class='ocrx_word' id='word_1_813' title='bbox 2017 3792 2278 3863; x_wconf 80' lang='lat' dir='ltr'><strong>obtestor,</strong></span> <span class='ocrx_word' id='word_1_814' title='bbox 2309 3794 2451 3846; x_wconf 88' lang='lat' dir='ltr'><strong>utin</strong></span> <span class='ocrx_word' id='word_1_815' title='bbox 2499 3793 2725 3863; x_wconf 85' lang='lat' dir='ltr'><strong>pacifica</strong></span> <span class='ocrx_word' id='word_1_816' title='bbox 2776 3793 3165 3858; x_wconf 88' lang='lat' dir='ltr'><strong>unanimitate,</strong></span> <span class='ocrx_word' id='word_1_817' title='bbox 3222 3799 3278 3846; x_wconf 87' lang='lat' dir='ltr'><strong>et</strong></span> <span class='ocrx_word' id='word_1_818' title='bbox 3323 3791 3607 3846; x_wconf 66' lang='lat' dir='ltr'><strong>catholica:</strong></span> 
     </span>
    </p>
   </div>
   <div class='ocr_carea' id='block_1_111' title="bbox 2019 3862 3616 3932">
    <p class='ocr_par' dir='ltr' id='par_1_111' title="bbox 2019 3862 3616 3932">
     <span class='ocr_line' id='line_1_115' title="bbox 2019 3862 3616 3932; baseline 0 -18"><span class='ocrx_word' id='word_1_819' title='bbox 2019 3862 2142 3916; x_wconf 79' lang='lat' dir='ltr'><strong>fidei</strong></span> <span class='ocrx_word' id='word_1_820' title='bbox 2179 3862 2516 3932; x_wconf 82' lang='lat' dir='ltr'><strong>professione</strong></span> <span class='ocrx_word' id='word_1_821' title='bbox 2559 3864 2838 3918; x_wconf 87' lang='lat' dir='ltr'><strong>nobiscum</strong></span> <span class='ocrx_word' id='word_1_822' title='bbox 2889 3863 3117 3916; x_wconf 84' lang='lat' dir='ltr'><strong>firmiter</strong></span> <span class='ocrx_word' id='word_1_823' title='bbox 3160 3863 3470 3916; x_wconf 89' lang='lat' dir='ltr'><strong>maneatis:</strong></span> <span class='ocrx_word' id='word_1_824' title='bbox 3505 3867 3616 3932; x_wconf 82' lang='lat' dir='ltr'><strong>nec</strong></span> 
     </span>
    </p>
   </div>
   <div class='ocr_carea' id='block_1_112' title="bbox 2015 3930 3610 3989">
    <p class='ocr_par' dir='ltr' id='par_1_112' title="bbox 2015 3930 3610 3989">
     <span class='ocr_line' id='line_1_116' title="bbox 2015 3930 3610 3989; baseline 0 -4"><span class='ocrx_word' id='word_1_825' title='bbox 2015 3947 2112 3986; x_wconf 84' lang='lat' dir='ltr'><strong>vos</strong></span> <span class='ocrx_word' id='word_1_826' title='bbox 2138 3930 2409 3988; x_wconf 78' lang='lat' dir='ltr'><strong>doctiores</strong></span> <span class='ocrx_word' id='word_1_827' title='bbox 2437 3933 2717 3989; x_wconf 78' lang='lat' dir='ltr'><strong>:estimetis</strong></span> <span class='ocrx_word' id='word_1_828' title='bbox 2749 3932 3036 3986; x_wconf 89' lang='lat' dir='ltr'><strong>universali</strong></span> <span class='ocrx_word' id='word_1_829' title='bbox 3067 3942 3254 3986; x_wconf 85' lang='lat' dir='ltr'><strong>sancta</strong></span> <span class='ocrx_word' id='word_1_830' title='bbox 3291 3933 3384 3985; x_wconf 91' lang='lat' dir='ltr'><strong>Dei</strong></span> <span class='ocrx_word' id='word_1_831' title='bbox 3423 3930 3610 3985; x_wconf 88' lang='lat' dir='ltr'><strong>Eccle-</strong></span> 
     </span>
    </p>
   </div>
   <div class='ocr_carea' id='block_1_113' title="bbox 2017 4001 3608 4073">
    <p class='ocr_par' dir='ltr' id='par_1_113' title="bbox 2017 4001 3608 4073">
     <span class='ocr_line' id='line_1_117' title="bbox 2017 4001 3608 4073; baseline -0.001 -16"><span class='ocrx_word' id='word_1_832' title='bbox 2017 4003 2117 4057; x_wconf 88' lang='lat' dir='ltr'><strong>sia.</strong></span> <span class='ocrx_word' id='word_1_833' title='bbox 2147 4004 2278 4058; x_wconf 88' lang='lat' dir='ltr'><strong>Eam</strong></span> <span class='ocrx_word' id='word_1_834' title='bbox 2310 4005 2464 4058; x_wconf 84' lang='lat' dir='ltr'><strong>fidem</strong></span> <span class='ocrx_word' id='word_1_835' title='bbox 2495 4013 2671 4059; x_wconf 91' lang='lat' dir='ltr'><strong>tenete</strong></span> <span class='ocrx_word' id='word_1_836' title='bbox 2700 4019 2862 4073; x_wconf 89' lang='lat' dir='ltr'><strong>quam</strong></span> <span class='ocrx_word' id='word_1_837' title='bbox 2893 4003 3177 4058; x_wconf 83' lang='lat' dir='ltr'><strong>orthodoxi</strong></span> <span class='ocrx_word' id='word_1_838' title='bbox 3200 4001 3464 4073; x_wconf 82' lang='lat' dir='ltr'><strong>Patresin</strong></span> <span class='ocrx_word' id='word_1_839' title='bbox 3492 4003 3608 4073; x_wconf 87' lang='lat' dir='ltr'><strong>suis</strong></span> 
     </span>
    </p>
   </div>
   <div class='ocr_carea' id='block_1_114' title="bbox 2013 4070 3608 4152">
    <p class='ocr_par' dir='ltr' id='par_1_114' title="bbox 2013 4070 3608 4152">
     <span class='ocr_line' id='line_1_118' title="bbox 2013 4070 3608 4152; baseline -0.002 -25"><span class='ocrx_word' id='word_1_840' title='bbox 2013 4074 2170 4128; x_wconf 89' lang='lat' dir='ltr'><strong>nobis</strong></span> <span class='ocrx_word' id='word_1_841' title='bbox 2199 4077 2456 4145; x_wconf 88' lang='lat' dir='ltr'><strong>symbolis</strong></span> <span class='ocrx_word' id='word_1_842' title='bbox 2486 4070 2742 4146; x_wconf 81' lang='lat' dir='ltr'><strong>scriptam</strong></span> <span class='ocrx_word' id='word_1_843' title='bbox 2784 4075 3119 4152; x_wconf 83' lang='lat' dir='ltr'><strong>reliquerunt</strong></span> <span class='ocrx_word' id='word_1_844' title='bbox 3151 4091 3162 4126; x_wconf 93' lang='lat'><strong>:</strong></span> <span class='ocrx_word' id='word_1_845' title='bbox 3196 4072 3264 4126; x_wconf 84' lang='lat' dir='ltr'><strong>Et</strong></span> <span class='ocrx_word' id='word_1_846' title='bbox 3298 4072 3458 4152; x_wconf 64' lang='lat' dir='ltr'><strong>nolite</strong></span> <span class='ocrx_word' id='word_1_847' title='bbox 3478 4070 3608 4152; x_wconf 68' lang='lat' dir='ltr'><strong>plus</strong></span> 
     </span>
    </p>
   </div>
   <div class='ocr_carea' id='block_1_115' title="bbox 2007 4142 3604 4216">
    <p class='ocr_par' dir='ltr' id='par_1_115' title="bbox 2007 4142 3604 4216">
     <span class='ocr_line' id='line_1_119' title="bbox 2007 4142 3604 4216; baseline -0.001 -20"><span class='ocrx_word' id='word_1_848' title='bbox 2007 4142 2414 4216; x_wconf 10' lang='lat' dir='ltr'><strong>saperer,&#39;qumn</strong></span> <span class='ocrx_word' id='word_1_849' title='bbox 2444 4142 2644 4216; x_wconf 66' lang='lat' dir='ltr'><strong>oportet</strong></span> <span class='ocrx_word' id='word_1_850' title='bbox 2683 4142 3012 4215; x_wconf 21' lang='lat' dir='ltr'><strong>sapere,ﬁsed</strong></span> <span class='ocrx_word' id='word_1_851' title='bbox 3035 4161 3223 4216; x_wconf 70' lang='lat' dir='ltr'><strong>sapere</strong></span> <span class='ocrx_word' id='word_1_852' title='bbox 3249 4143 3318 4196; x_wconf 85' lang='lat' dir='ltr'><strong>ad</strong></span> <span class='ocrx_word' id='word_1_853' title='bbox 3348 4142 3604 4216; x_wconf 59' lang='lat' dir='ltr'><strong>sobrieta-</strong></span> 
     </span>
    </p>
   </div>
   <div class='ocr_carea' id='block_1_116' title="bbox 2009 4213 3605 4286">
    <p class='ocr_par' dir='ltr' id='par_1_116' title="bbox 2009 4213 3605 4286">
     <span class='ocr_line' id='line_1_120' title="bbox 2009 4213 3605 4286; baseline -0.001 -20"><span class='ocrx_word' id='word_1_854' title='bbox 2009 4213 2110 4286; x_wconf 65' lang='lat' dir='ltr'><strong>tem</strong></span> <span class='ocrx_word' id='word_1_855' title='bbox 2143 4213 2314 4286; x_wconf 69' lang='lat' dir='ltr'><strong>(Rapit.</strong></span> <span class='ocrx_word' id='word_1_856' title='bbox 2347 4234 2444 4281; x_wconf 77' lang='lat' dir='ltr'><strong>xu,</strong></span> <span class='ocrx_word' id='word_1_857' title='bbox 2470 4213 2545 4286; x_wconf 79' lang='lat'><strong>5),</strong></span> <span class='ocrx_word' id='word_1_858' title='bbox 2575 4232 2677 4271; x_wconf 90' lang='lat' dir='ltr'><strong>nec</strong></span> <span class='ocrx_word' id='word_1_859' title='bbox 2705 4213 3081 4270; x_wconf 84' lang='lat' dir='ltr'><strong>ratiocinando</strong></span> <span class='ocrx_word' id='word_1_860' title='bbox 3104 4213 3342 4286; x_wconf 81' lang='lat' dir='ltr'><strong>humano</strong></span> <span class='ocrx_word' id='word_1_861' title='bbox 3381 4213 3605 4286; x_wconf 82' lang='lat' dir='ltr'><strong>ingenio</strong></span> 
     </span>
    </p>
   </div>
   <div class='ocr_carea' id='block_1_117' title="bbox 2011 4283 3614 4358">
    <p class='ocr_par' dir='ltr' id='par_1_117' title="bbox 2011 4283 3614 4358">
     <span class='ocr_line' id='line_1_121' title="bbox 2011 4283 3614 4358; baseline 0 -22"><span class='ocrx_word' id='word_1_862' title='bbox 2011 4283 2191 4358; x_wconf 87' lang='lat' dir='ltr'><strong>divina</strong></span> <span class='ocrx_word' id='word_1_863' title='bbox 2215 4303 2311 4342; x_wconf 87' lang='lat' dir='ltr'><strong>vos</strong></span> <span class='ocrx_word' id='word_1_864' title='bbox 2334 4283 2589 4358; x_wconf 81' lang='lat' dir='ltr'><strong>mysteria</strong></span> <span class='ocrx_word' id='word_1_865' title='bbox 2620 4287 2943 4358; x_wconf 87' lang='lat' dir='ltr'><strong>investigare</strong></span> <span class='ocrx_word' id='word_1_866' title='bbox 2967 4284 3314 4358; x_wconf 79' lang='lat' dir='ltr'><strong>arbitremini</strong></span> <span class='ocrx_word' id='word_1_867' title='bbox 3335 4302 3347 4336; x_wconf 89' lang='lat'><strong>:</strong></span> <span class='ocrx_word' id='word_1_868' title='bbox 3373 4283 3468 4337; x_wconf 89' lang='lat' dir='ltr'><strong>sed</strong></span> <span class='ocrx_word' id='word_1_869' title='bbox 3491 4297 3614 4336; x_wconf 84' lang='lat' dir='ltr'><strong>ma-&#39;</strong></span> 
     </span>
    </p>
   </div>
   <div class='ocr_carea' id='block_1_118' title="bbox 2010 4355 3606 4427">
    <p class='ocr_par' dir='ltr' id='par_1_118' title="bbox 2010 4355 3606 4427">
     <span class='ocr_line' id='line_1_122' title="bbox 2010 4355 3606 4427; baseline 0 -20"><span class='ocrx_word' id='word_1_870' title='bbox 2010 4355 2094 4424; x_wconf 80' lang='lat' dir='ltr'><strong>gis</strong></span> <span class='ocrx_word' id='word_1_871' title='bbox 2125 4355 2401 4412; x_wconf 76' lang='lat' dir='ltr'><strong>credendo</strong></span> <span class='ocrx_word' id='word_1_872' title='bbox 2421 4359 2702 4421; x_wconf 88' lang='lat' dir='ltr'><strong>honorate,</strong></span> <span class='ocrx_word' id='word_1_873' title='bbox 2734 4355 2854 4427; x_wconf 62' lang='lat' dir='ltr'><strong>quae</strong></span> <span class='ocrx_word' id='word_1_874' title='bbox 2881 4369 3117 4427; x_wconf 89' lang='lat' dir='ltr'><strong>numana</strong></span> <span class='ocrx_word' id='word_1_875' title='bbox 3143 4355 3408 4427; x_wconf 80' lang='lat' dir='ltr'><strong>fragilitas</strong></span> <span class='ocrx_word' id='word_1_876' title='bbox 3433 4361 3606 4427; x_wconf 55' lang='lat' dir='ltr'><strong>teme:</strong></span> 
     </span>
    </p>
   </div>
   <div class='ocr_carea' id='block_1_119' title="bbox 2011 4423 3604 4496">
    <p class='ocr_par' dir='ltr' id='par_1_119' title="bbox 2011 4423 3604 4496">
     <span class='ocr_line' id='line_1_123' title="bbox 2011 4423 3604 4496; baseline -0.002 -14"><span class='ocrx_word' id='word_1_877' title='bbox 2011 4423 2071 4496; x_wconf 57' lang='lat' dir='ltr'><strong>re</strong></span> <span class='ocrx_word' id='word_1_878' title='bbox 2100 4431 2493 4496; x_wconf 87' lang='lat' dir='ltr'><strong>perscrutando</strong></span> <span class='ocrx_word' id='word_1_879' title='bbox 2541 4423 2785 4483; x_wconf 77' lang='lat' dir='ltr'><strong>invenire</strong></span> <span class='ocrx_word' id='word_1_880' title='bbox 2837 4443 2944 4482; x_wconf 91' lang='lat' dir='ltr'><strong>non</strong></span> <span class='ocrx_word' id='word_1_881' title='bbox 2980 4426 3145 4480; x_wconf 91' lang='lat' dir='ltr'><strong>valet.</strong></span> <span class='ocrx_word' id='word_1_882' title='bbox 3175 4446 3194 4478; x_wconf 74' lang='grc' dir='ltr'><strong><em>ι</em></strong></span> <span class='ocrx_word' id='word_1_883' title='bbox 3223 4423 3397 4496; x_wconf 85' lang='lat' dir='ltr'><strong>Epist.</strong></span> <span class='ocrx_word' id='word_1_884' title='bbox 3423 4423 3604 4479; x_wconf 81' lang='lat' dir='ltr'><strong>Caroli</strong></span> 
     </span>
    </p>
   </div>
   <div class='ocr_carea' id='block_1_120' title="bbox 2013 4493 3606 4570">
    <p class='ocr_par' dir='ltr' id='par_1_120' title="bbox 2013 4493 3606 4570">
     <span class='ocr_line' id='line_1_124' title="bbox 2013 4493 3606 4570; baseline 0.003 -22"><span class='ocrx_word' id='word_1_885' title='bbox 2013 4493 2191 4568; x_wconf 78' lang='lat' dir='ltr'><strong>Magni</strong></span> <span class='ocrx_word' id='word_1_886' title='bbox 2220 4501 2286 4554; x_wconf 90' lang='lat' dir='ltr'><strong>ad</strong></span> <span class='ocrx_word' id='word_1_887' title='bbox 2315 4501 2633 4570; x_wconf 89' lang='lat' dir='ltr'><strong>Elipandnm</strong></span> <span class='ocrx_word' id='word_1_888' title='bbox 2660 4508 2715 4556; x_wconf 87' lang='lat' dir='ltr'><strong>et</strong></span> <span class='ocrx_word' id='word_1_889' title='bbox 2742 4493 3286 4570; x_wconf 17' lang='lat' dir='ltr'><strong>caeterosiﬂispanige</strong></span> <span class='ocrx_word' id='word_1_890' title='bbox 3307 4495 3606 4570; x_wconf 74' lang='lat' dir='ltr'><strong>episcopos</strong></span> 
     </span>
    </p>
   </div>
   <div class='ocr_carea' id='block_1_121' title="bbox 1937 4565 3352 4644">
    <p class='ocr_par' dir='ltr' id='par_1_121' title="bbox 1937 4565 3352 4644">
     <span class='ocr_line' id='line_1_125' title="bbox 1937 4565 3352 4644; baseline -0.004 -18"><span class='ocrx_word' id='word_1_891' title='bbox 1937 4565 1992 4626; x_wconf 82' lang='lat' dir='ltr'><strong>D</strong></span> <span class='ocrx_word' id='word_1_892' title='bbox 2015 4565 2165 4624; x_wconf 81' lang='lat' dir='ltr'><strong>num.</strong></span> <span class='ocrx_word' id='word_1_893' title='bbox 2200 4571 2288 4638; x_wconf 80' lang='grc'><strong>15,</strong></span> <span class='ocrx_word' id='word_1_894' title='bbox 2321 4565 2639 4644; x_wconf 73' lang='lat' dir='ltr'><strong>Patrologize</strong></span> <span class='ocrx_word' id='word_1_895' title='bbox 2671 4580 2802 4628; x_wconf 90' lang='lat' dir='ltr'><strong>tom.</strong></span> <span class='ocrx_word' id='word_1_896' title='bbox 2834 4567 3062 4638; x_wconf 80' lang='lat' dir='ltr'><strong>XCVIII,</strong></span> <span class='ocrx_word' id='word_1_897' title='bbox 3094 4565 3198 4625; x_wconf 77' lang='lat' dir='ltr'><strong>col.</strong></span> <span class='ocrx_word' id='word_1_898' title='bbox 3227 4566 3352 4625; x_wconf 87' lang='lat'><strong>899.</strong></span> 
     </span>
    </p>
   </div>
  </div>
