4038 6336
436 255 544 312 459

1285 260 1344 315 Β.
1384 259 1448 314 F.
1488 258 1715 317 ALBINI
1754 258 1885 317 SEU
1921 258 2197 315 ALCUINI
2238 256 2522 318 UPERUM
2560 260 2738 316 PARS
2772 260 2850 317 1V.
3606 260 3701 310 4.0

442 375 3691 420 Ἢ

1008 474 1089 548 (⁸)
1122 492 1696 610 REATE
1766 493 2412 611 PLACGI
2487 495 3134 613 Ali-BIN!

1465 1096 1808 1161 CAROLI
1850 1098 2164 1162 MAGNI
2205 1097 2696 1174 MAGISTRI,

431 1256 902 1434 0PERUM
921 1268 1222 1429 PARS
1258 1269 1757 1450 QUARTA.
1807 1336 1926 1457 ἡ·
1968 1269 2228 1430 0PP.
2268 1273 2899 1431 LITURGIGA
2954 1277 3100 1435 ET
3138 1278 3688 1446 MORALIA.

1472 1579 1516 1649 ι
1571 1590 2065 1674 MONITUM
2141 1593 2655 1676 PRxEVIUM.

498 1837 733 1895 Intentio
781 1836 997 1907 quidem
1042 1841 1229 1892 nostra
1270 1837 1509 1908 primum
1544 1838 1677 1905 fuit,
1708 1840 1826 1895 hmo
1862 1839 2017 1895 litur-
2042 1847 2092 1906 Α
2122 1836 2295 1905 lectis,
2349 1836 2592 1901 secretis,
2630 1834 3037 1961 Erae-rationibus
3078 1851 3143 1892 ac
3182 1842 3707 1908 postcommunioni-

498 1927 551 1961 aa
578 1918 739 1961 atauo
778 1908 1003 1961 moralia
1024 1908 1283 1961 onuscula
1320 1910 1496 1961 nrimo
1521 1908 1758 1961 Onerum
1789 1911 2014 1961 istorum
2118 1908 2239 1961 bus.
2273 1925 2396 1961 cum
2439 1906 2595 1961 initio
2680 1906 2995 1961 nistolarum
3041 1916 3095 1961 et
3125 1908 3540 1961 Evangelinrum
3578 1931 3707 1961 mn-

426 1910 551 1980 gica
578 1918 739 1980 atquc
778 1908 1003 1963 moralia
1024 1908 1283 1977 opuscula
1320 1910 1496 1979 primo
1521 1908 1759 1979 Operum
1789 1911 2015 1966 istorum

426 1980 687 2036 volumini
737 1986 1083 2044 connectere,
1127 1980 1410 2035 consilium
1458 1988 1641 2035 tamen
1676 1989 1885 2035 mutare
1924 1997 2017 2036 ne-

427 2067 581 2108 cesse
632 2050 753 2116 fuit,
799 2066 921 2104 cum
963 2051 1310 2114 advertimus,
1356 2051 1604 2105 volumen
1653 2052 1829 2106 isthoc
1882 2053 2016 2107 adeo

424 2121 646 2194 jamjam
689 2137 784 2194 sua
834 2121 974 2194 mole
1020 2122 1347 2194 excrevisse,
1402 2128 1463 2174 ut
1502 2121 1706 2194 absque
1739 2122 2015 2194 flectorum

428 2190 675 2248 molestia
709 2192 853 2270 haud
882 2192 1065 2259 augeri
1109 2193 1338 2314 amplius
1382 2201 1581 2260 posset.
1622 2190 1704 2246 Ab
1734 2192 1819 2246 his
1853 2194 2015 2265 igitur

428 2270 635 2314 tomum
672 2264 832 2314 huius
875 2261 1126 2314 editionis
1162 2277 1192 2314 a
1218 2272 1391 2314 terum
1426 2261 1779 2314 inchoamus:
1822 2279 2015 2314 nemne

426 2270 635 2317 tomum
672 2259 832 2328 hujus
875 2261 1126 2332 editionis
1162 2259 1391 2332 alterum
1426 2261 1779 2324 inchoamus;
1822 2259 2015 2332 nempe

427 2335 498 2387 ab
530 2333 598 2386 iis
628 2347 748 2400 quae
777 2332 844 2386 ad
872 2331 1144 2401 litui-gica,
1176 2331 1243 2385 ad
1273 2331 1454 2387 varias
1476 2333 1729 2401 precandi
1755 2331 2015 2389 formulas

426 2411 484 2457 et
508 2404 575 2456 ad
596 2403 899 2455 doctrinam
939 2400 1155 2455 demum
1186 2401 1444 2456 moralem
1478 2400 1778 2471 pertinent.
1831 2404 2017 2457 Enim-

424 2487 557 2527 vero
597 2473 788 2525 beatus
822 2471 1083 2525 Alcuinus
1114 2486 1221 2542 non
1254 2474 1320 2527 ad
1350 2472 1518 2526 solam
1565 2474 1617 2542 2
1640 2489 1813 2529 sacrae
1863 2474 2013 2529 Scri-

424 2553 600 2614 pturae
629 2542 907 2606 notitiam,
937 2550 1031 2614 aut
1057 2541 1225 2596 solam
1268 2558 1545 2598 sacrorum
1571 2541 1891 2614 "dogmatum
1921 2559 2014 2600 ex-

463 2613 786 2668 lanationem
830 2628 894 2668 ac
925 2611 1323 2676 defensionem,
1370 2623 1461 2667 aut
1492 2611 1770 2683 profanam
1817 2616 2016 2683 liberas

448 2686 556 2739 ium
598 2685 797 2738 artium
848 2684 1128 2739 scientiam
1176 2684 1353 2738 studia
1403 2678 1507 2738 sua'
1540 2685 1780 2746 contulit,
1824 2678 2019 2740 verum'

422 2755 587 2826 etiam
614 2754 681 2808 ad
696 2755 908 2826 cultum
941 2754 1059 2818 Dei,
1111 2754 1177 2808 ad
1210 2754 1471 2826 exercitia
1504 2755 1719 2826 pietatis
1753 2772 1819 2810 ac
1847 2757 2013 2811 devo-

424 2825 609 2897 tionis,
643 2825 707 2878 ad
739 2842 917 2880 mores
944 2826 1176 2893 optimos
1200 2824 1728 2897 forinandosmagno
1750 2826 2014 2897 ﬂagrabat

423 2895 621 2950 ardore
651 2910 715 2949 ac
740 2897 1034 2959 desiderio;
1070 2904 1131 2950 ut
1165 2896 1421 2950 nimirum
1454 2895 1710 2965 tanquam
1756 2895 2014 2965 magister

423 2966 647 3037 integric
676 2968 911 3020 nationis
940 2981 1043 3019 non
1070 2967 1255 3021 doctos
1282 2968 1459 3031 modo,
1503 2966 1597 3021 sed
1627 2975 1680 3021 et
1708 2967 1827 3036 pios
1853 2966 2014 3022 bene-

423 3036 813 3105 qne’moratos
852 3037 1098 3091 homines
1127 3036 1403 3099 formaret,
1437 3044 1599 3105 atque
1644 3052 1859 3091 omnem
1889 3039 2012 3091 bar-

423 3106 651 3166 bariem,
692 3122 811 3174 qua:
853 3122 950 3161 suo
984 3118 1223 3175 tempore
1251 3108 1489 3161 omnium
1528 3107 1736 3161 animos
1779 3115 2013 3162 mentes-

424 3192 546 3257 q-ne.
564 3180 881 3257 occupabat,
919 3186 1271 3257 expugnaret.
1303 3176 1479 3257 Plena:
1504 3177 1773 3257 sunt_viri.
1799 3179 2013 3257 religio-

423 3247 625 3318 sissimi
662 3263 733 3318 ac
782 3247 1008 3316 piissimi
1062 3248 1301 3315 epistolae
1344 3247 1682 3302 documentis
1728 3247 2012 3318 ejusmodi,

425 3317 624 3387 quibus
660 3317 833 3386 ipsum
867 3318 1270 3386 imperatorem,
1302 3332 1475 3386 reges,
1511 3317 2015 3385 reginas,summos

425 3402 701 3470 proceres,
741 3393 1044 3470 episcopos,
1099 3388 1412 3470 monachos,
1438 3387 2011 3470 "monialesninstruit,

426 3457 643 3528 illisque
690 3459 893 3513 cultum
925 3457 1038 3523 Dei,
1097 3459 1373 3527 pietatem,
1434 3457 1626 3521 fidem,
1676 3458 2011 3528 religionem,

424 3529 656 3585 virtutes
687 3544 878 3585 omnes
924 3528 1186 3584 instillare
1233 3543 1444 3583 summo
1489 3530 1667 3583 studio
1704 3530 2013 3594 contendit,

428 3616 549 3670 quae
605 3600 694 3655 hic
730 3609 972 3669 repetere
1014 3600 1428 3669 inopportunum
1469 3598 1627 3665 foret,
1670 3608 1725 3654 et
1771 3615 1837 3655 ex
1884 3600 2016 3670 ipsis

426 3671 672 3741 epistolis
699 3670 854 3725 faetle
884 3670 993 3741 peti
1023 3680 1267 3740 possunt.

501 3741 679 3796 Pauca
702 3756 833 3796 vero
874 3739 999 3795 sunt
1026 3739 1162 3811 quae
1188 3749 1387 3811 praeter
1415 3756 1478 3795 ea
1522 3741 1588 3795 de
1616 3739 1778 3810 hujus
1800 3742 2016 3810 generis

426 3811 671 3883 scriptis;
699 3812 957 3883 singulari
998 3828 1061 3867 ac
1107 3811 1413 3883 doctrinalir
1448 3813 1698 3883 metholo
1737 3812 2016 3881 dispositis

425 3880 572 3936 beati
611 3880 822 3937 Alcuini
860 3890 1167 3952 supersunt,
1210 3898 1329 3953 quae
1360 3880 1451 3936 hic
1480 3897 1543 3936 eo
1577 3882 1765 3953 ordine
1793 3880 2017 3937 exhibe-

426 3968 551 4008 mus
601 3962 661 4007 ut
694 3951 936 4023 primum,
976 3955 1153 4009 locum
1195 3951 1433 4007 habeant
1469 3967 1589 4023 qua:
1630 3952 1698 4005 ad
1743 3951 2015 4023 liturgiam

468 4021 731 4088 ertinent,
769 4026 1033 4091 alterum,
1072 4039 1192 4094 quae
1234 4038 1442 4078 morum
1483 4021 1521 4077 C

453 4104 663 4149 ustrant
688 4097 1011 4151 doctrinam.

503 4165 583 4220 Ad
628 4165 899 4237 liturgiam
930 4183 1023 4221 seu
1064 4165 1309 4237 ordinem
1344 4163 1511 4219 divini
1545 4162 1704 4220 officii
1744 4164 2018 4237 pertinere

428 4250 716 4306 censemus
759 4234 933 4306 primo
978 4238 1172 4291 librum
1218 4235 1726 4306 Sacramentorum;
1781 4234 2018 4306 secundo

429 4305 631 4389 librum
654 4308 719 4389 de
740 4304 1071 4389 psalmorum
1090 4306 1246 4389 ysu;
1290 4306 1449 4361 tertio
1476 4304 1660 4389 Ofﬁcia
1692 4321 1789 4375 per
1807 4304 2013 4389 ferias;

432 4385 628 4446 quarto
655 4376 947 4445 Epistolam
977 4379 1043 4431 ad
1086 4377 1357 4432 Oduinum
1385 4383 1760 4447 presbyterum
1790 4376 1855 4430 de
1896 4376 2017 4430 Ca3-

432 4447 694 4501 remoniis
737 4448 1009 4515 baptismi.
1053 4448 1344 4516 Epistolam
1384 4448 1528 4501 enim
1564 4448 1787 4500 alteram
1826 4447 2018 4501 similis

432 4518 761 4597 argumenti,
791 4527 973 4597 ratque
1003 4517 1199 4597 librum
1228 4518 1294 4597 de
1320 4517 1500 4597 divino
1537 4516 1723 4597 Officio
1750 4532 1872 4597 cum
1897 4516 2018 4597 aliis

432 4586 756 4656 quibusdam
787 4586 1128 4657 fragmentis,
1171 4588 1271 4641 sub
1316 4587 1530 4657 nomine
1562 4587 1772 4641 Alcuini
1808 4587 1860 4640 in
1892 4588 2011 4641 cod.

433 4675 537 4713 ms.
568 4656 907 4713 bibliotheca:
938 4658 1059 4712 Vat.
1090 4656 1426 4713 exstantibus
1456 4657 1595 4711 inter
1621 4657 1783 4727 dubia
1810 4665 1864 4711 et
1892 4672 2018 4727 sup-

432 4728 672 4799 posititia
702 4730 1015 4799 ablegamus
1042 4745 1107 4784 ex
1139 4728 1436 4799 rationibus
1465 4726 1923 4799 ibiproferendis.

510 4800 653 4853 Inter
681 4797 903 4854 moralia
932 4815 1299 4863 numeramus,
1329 4799 1384 4852 1ο
1414 4797 1678 4852 Libellum
1706 4800 1772 4852 de
1794 4797 2017 4852 Virtuti-

433 4873 536 4928 bus
563 4878 617 4925 et
648 4868 801 4925 Vitiis
856 4872 920 4924 ad
959 4871 1243 4925 Widonem
1288 4870 1574 4934 comitem;
1629 4870 1686 4923 2°
1722 4868 2016 4938 Epistulam

432 4943 501 4997 ad
530 4956 726 5010 pueros
779 4941 836 4995 S.
881 4941 1094 4995 Martini
1134 4943 1199 4995 de
1247 4940 1595 4996 Confessione
1636 4948 2013 5010 peccatorum;

433 5016 494 5070 5°
529 5008 819 5081 Epistolam
845 5014 913 5067 ad
958 5013 1221 5066 Eulaliam
1251 5014 1317 5066 de
1347 5012 1573 5066 Ratione
1612 5008 1823 5065 animm.
1853 5008 2017 5081 Equi-

435 5079 586 5141 dem‘
614 5083 702 5137 hic
745 5083 921 5137 locum
962 5084 1064 5137 snbi
1109 5084 1302 5137 merito
1347 5090 1698 5151 exposcerent
1744 5079 2014 5134 nonnullae

435 5154 671 5212 homilia‘.
692 5162 747 5209 et
774 5154 1006 5209 morales
1043 5155 1467 5216 exhortationes,
1513 5153 1776 5222 siquidem
1801 5158 2017 5205 consta-

435 5235 518 5281 ret
545 5225 663 5279 illas
689 5240 720 5279 e
741 5241 916 5295 penna
943 5224 1161 5279 fluxisse
1190 5224 1334 5295 beati
1364 5223 1574 5279 Alcuini
1600 5241 1614 5287 ;
1636 5224 1708 5295 id
1733 5237 1863 5295 vero
1891 5236 2015 5295 cum

434 5297 660 5352 minime
700 5291 916 5367 probari
948 5295 1134 5367 possit,
1178 5294 1375 5367 partim
1405 5310 1499 5367 eas
1524 5294 1737 5367 penitus
1762 5291 2014 5367 rejicien-

436 5368 574 5433 das,
630 5362 827 5437 partim
888 5362 1064 5421 dubiis
1124 5362 1396 5435 opusculis
1456 5362 1771 5421 inScrcndas
1831 5362 2018 5417 existi-

438 5453 672 5493 luamus.

510 5510 655 5584 lnte_r
686 5508 939 5580 liturgica
965 5507 1132 5577 igitur
1168 5506 1400 5584 primum
1428 5505 1531 5584 sibi
1567 5504 1743 5559 locum
1782 5502 2026 5584 vindicat

438 5578 581 5635 liber
604 5574 1104 5643 Sacramentorum,
1146 5574 1238 5647 qui
1277 5577 1638 5647 componitur,
1667 5589 1734 5647 ex
1762 5574 2024 5647 orationi-

440 5648 543 5706 bus
569 5650 874 5705 missalibus
902 5664 999 5719 per
1022 5649 1138 5704 dies
1160 5643 1510 5705 hebdomadas
1540 5644 1876 5709 distributis;
1912 5643 2021 5697 col-

1529 4023 1915 4078 bristianorum
1953 4023 2018 4077 il-

2118 1908 2239 1973 bus,
2273 1925 2396 1981 cum
2439 1906 2595 1963 initio
2632 1906 2995 1978 Epistolarum
3041 1916 3095 1964 et
3125 1906 3542 1981 Evangeliorum
3578 1931 3709 1971 oon-

2117 1980 2468 2035 venientium.

2170 2052 2245 2123 De
2258 2052 2360 2105 hoc
2374 2059 2467 2123 aut
2478 2050 2636 2123 plane
2648 2050 3265 2123 similiSacramentario
3276 2052 3505 2123 ipsemet
3515 2054 3707 2114 beatus

2116 2120 2376 2177 Alcuinus
2402 2120 2640 2191 loquitur
2665 2122 2719 2175 in
2742 2121 2899 2190 epist.
2919 2121 3007 2185 5|,
3038 2122 3105 2175 ad
3132 2120 3427 2179 monachos
3454 2126 3706 2184 Vedasti-

2117 2208 2237 2266 nos,
2266 2202 2321 2248 et
2334 2192 2402 2266 in
2438 2192 2580 2266 epist
2593 2191 2727 2266 142,
2760 2192 2826 2245 ad
2850 2191 3167 2266 Fuldenses.
3196 2193 3254 2247 In
3280 2196 3448 2263 priori
3484 2198 3706 2266 quidem

2118 2262 2193 2332 ita
2241 2262 2473 2318 scribit:
2509 2281 2527 2312 α
2562 2262 2751 2317 Missas
2794 2278 3008 2332 quoque
3032 2262 3240 2332 aliquas
3275 2262 3341 2320 de
3380 2262 3572 2323 nost'ro
3610 2270 3708 2325 tuli

2118 2331 2336 2392 Missali,
2358 2333 2437 2401 ad
2466 2333 2776 2401 quotidiana
2814 2340 2868 2387 et
2889 2331 3269 2389 ecclesiastica:
3297 2338 3708 2396 consuetudinis

2116 2402 2317 2458 officia.
2350 2400 2533 2458 Primo
2560 2404 2615 2457 in
2644 2404 2849 2458 honore
2896 2419 3121 2459 summa:
3152 2405 3462 2473 Trinitatis;
3510 2407 3710 2467 deinde

2116 2473 2183 2527 ad
2228 2473 2994 2544 sanctorumuintercessiones
3022 2475 3421 2544 deprecandas;
3458 2479 3623 2534 etiam
3652 2490 3711 2536 et

2118 2544 2435 2613 angelorum
2464 2541 2719 2614 suffragia
2746 2541 3232 2614 postulanda-qua:
3260 2548 3491 2602 multum
3521 2566 3710 2607 neces.

2116 2614 2260 2669 saria
2327 2620 2451 2668 sunt
2512 2615 2566 2667 in
2619 2615 2735 2686 _hac
2787 2615 3223 2686 peregrinatione
3288 2617 3707 2676 laborantibus:

2153 2692 2304 2761 pstea
2372 2692 2574 2761 sancta:
2618 2683 2713 2738 Dei
2767 2683 3045 2761 genitricis
3098 2702 3419 2761 semperque
3442 2690 3706 2761 “virginis

2171 2754 2308 2829 ariae
2344 2753 2565 2829 missam
2610 2753 3077 2829 superaddidimus
3122 2753 3364 2827 per'die's
3405 2753 3630 2829 aliquot,
3662 2763 3709 2817 si

2117 2825 2202 2879 cui
2258 2824 2551 2894 placuerit,
2601 2824 3011 2893 deoantandam,
3061 2824 3270 2881 necnon
3324 2838 3376 2884 et
3429 2824 3711 2887 δενδαλ-

2117 2896 2302 2973 sti.._...
2354 2895 2677 2973 dictavimus
2727 2897 3011 2973 missam...
3041 2897 3159 2973 Pro
3197 2900 3443 2973 peccatis
3487 2918 3708 2973 quoque

2116 2974 2172 3036 et
2206 2965 2601 3036 eleemosynam
2638 2965 2958 3023 facientibus
2990 2965 3332 3036 adjunximus
3363 2965 3659 3029 orationes.
3682 2994 3702 3026 ι

2116 3034 2368 3109 [_naltera
2409 3034 2637 3109 epistola
2685 3038 2752 3109 ad
2798 3034 3091 3109 Fuldenses
3139 3055 3311 3109 nuper
3355 3056 3385 3096 e
3426 3042 3547 3097 cod.
3602 3060 3704 3098 ms.

2117 3105 2255 3179 Bibl.
2295 3105 2595 3179 Harleiante
2625 3106 2687 3179 in?
2717 3107 2906 3179 Anglia
2948 3118 3136 3175 eruta,
3168 3105 3330 3165 simili
3369 3114 3531 3168 modo
3566 3115 3704 3169 scri-

2121 3176 2197 3229 bit
2229 3196 2240 3230 :
2276 3195 2295 3226 ‹
2332 3176 2447 3231 Misi
2480 3178 2782 3232 chartulam
2812 3176 3084 3233 inissalem
3119 3182 3337 3237 vobis...
3377 3191 3436 3236 ut
3460 3184 3707 3240 habeatis

2119 3246 2348 3323 singulis
2378 3246 2587 3314 diebus,
2606 3319 2616 3323 _
2635 3250 2831 3323 quibus
2857 3264 3048 3318 preti-es
3070 3250 3180 3305 Deo
3208 3251 3441 3323 dirigere
3481 3256 3710 3310 cuilibet

2119 3317 2367 3387 placeat,
2438 3317 2667 3387 quando
2707 3320 2761 3373 in
2813 3321 3071 3375 honorem
3123 3317 3342 3378 sanctze'
3378 3323 3701 3389 Trinitatis,

2120 3389 2341 3464 quando
2372 3389 2439 3443 de
2477 3403 2663 3464 amore
2693 3390 2993 3464 sapientiae,
3024 3393 3238 3464 quando
3281 3394 3348 3449 de
3370 3395 3707 3464 pamitentize

2119 3456 2393 3535 lacryrrris,
2419 3456 2772 3535 _quandode'
2790 3456 3061 3535 charitate
3077 3461 3339 3535 perfecta,
3370 3456 3465 3518 'vel
3487 3468 3706 3535 quando

2120 3527 2188 3583 ad
2214 3527 2480 3600 suffragia
2510 3530 2748 3600 angelica
2783 3527 3119 3600 postulanda,
3167 3533 3251 3588 vel
3291 3527 3533 3589 omnium
3579 3552 3707 3590 san-

2120 3605 2331 3653 ctorum
2360 3599 2898 3677 cuilibetlpostulare
2934 3602 3154 3677 placet“:
3186 3604 3269 3658 vel
3302 3604 3465 3677 etiam
3504 3607 3553 3677 si
3583 3608 3707 3677 quis

2119 3684 2219 3743 pro
2263 3669 2500 3743 peccatis
2540 3669 2685 3743 suis,
2723 3671 2809 3743 vel
2849 3669 2950 3742 pro
2982 3674 3223 3741 quolibet
3251 3674 3427 3729 amico
3464 3669 3704 3743 vivente,

2117 3739 2203 3811 vel
2223 3740 2388 3793 etiam
2415 3756 2512 3811 pro
2541 3742 2731 3797 amicis
2757 3739 3025 3811 plurimis,
3054 3744 3136 3798 vel
3162 3746 3327 3799 etiam
3353 3743 3619 3803 fratribus
3640 3739 3707 3803 de

2118 3809 2223 3865 hoc
2267 3809 2464 3865 saeculo
2508 3809 2884 3869 recedentibus
2911 3812 3088 3869 faCere
3114 3815 3244 3869 velit
3271 3817 3584 3880 orationes;
3619 3819 3703 3873 vel

2118 3881 2335 3954 quando
2375 3881 2679 3954 specialiter
2704 3884 2880 3939 beatae
2905 3883 3089 3939 Mariae
3114 3886 3393 3954 genitricis
3416 3886 3511 3941 Dei
3540 3888 3709 3952 virgi-

2118 3951 2203 4031 nis
2256 3960 2531 4031 perpetua:
2571 3953 2867 4031 deprecari
2929 3954 3058 4008 velit
3092 3951 3561 4031 _inrercessiones;
3622 3951 3707 4013 Vel

2117 4022 2285 4076 etiam
2336 4022 2661 4077 sanctissimi
2718 4024 2895 4080 Patris
2938 4024 3105 4080 vestri
3166 4025 3424 4082 Bouifacii
3477 4038 3707 4085 cantare

2117 4092 2415 4177 quis'velit,
2446 4094 3058 4177 eLprzesentiam-illius
3090 4096 3391 4177 piissimam
3438 4098 3706 4177 advocare

2117 4161 2389 4230 precibus.
2427 4182 2445 4214 ι
2477 4162 2652 4219 Μίδεω
2683 4167 2854 4221 sancti
2886 4161 3110 4221 Vedasti
3139 4174 3194 4220 et
3222 4168 3394 4222 sancti
3440 4168 3705 4224 Bonifacii

2118 4232 2175 4286 in
2206 4233 2308 4317 hoc
2341 4242 2530 4317 nostro
2563 4236 2821 4317 opusculo
2857 4236 3133 4317 deficiunt,
3172 4238 3409 4317 omissar
3430 4239 3636 4294 scilicet
3672 4255 3707 4294 a

2120 4304 2500 4379 scriptoribus
2526 4304 2619 4379 qui
2661 4304 3156 4379 Sacramentarium
3199 4308 3411 4363 Alcuini
3459 4324 3559 4379 pro
3601 4326 3705 4365 usu

2119 4372 2345 4448 aliarum
2390 4372 2777 4448 eccleéiarum,
2829 4393 3058 4447 quarum
3099 4378 3191 4432 alii
3232 4387 3412 4433 essent
3459 4372 3703 4448 patroni,

2121 4443 2543 4518 descripserunt.
2607 4443 2873 4518 Deficiunt
2917 4464 3131 4518 quoque
3181 4448 3381 4504 ibidem
3427 4443 3708 4505 orationes

2122 4528 2222 4590 pro
2251 4513 3021 4590 facientibuseleemOsynam,
3043 4513 3219 4590 'cujus
3245 4520 3491 4575 meminit
3512 4522 3707 4576 beatus

2040 4566 2089 4629 c
2121 4566 2382 4639 memmi;
2392 4566 3232 4655 ii.”gestans}?vastatas:
3246 4566 3705 4647 "amissaa:

2119 4655 2403 4725 periuntur
2430 4656 2484 4711 in
2512 4658 2678 4713 hocce
2707 4659 2846 4713 libro
2875 4658 3350 4714 Sacramentorum
3377 4660 3495 4715 alia;
3521 4661 3702 4717 missae

2119 4733 2175 4779 et
2199 4727 2489 4800 orationes,
2521 4744 2750 4797 quarum
2775 4730 2835 4782 Β.
2876 4728 3134 4800 Alcuinus
3182 4729 3384 4785 nullam
3413 4732 3468 4785 in
3509 4733 3703 4800 praci-

2119 4795 2517 4872 ratisrepistons
2540 4795 2890 4872 :mentionem
2935 4799 3096 4872 facit;
3136 4809 3195 4854 ut
3220 4801 3389 4855 missa
3417 4802 3484 4856 de
3510 4795 3700 4872 'gratia

2121 4865 2355 4941 Spiritus
2383 4869 2553 4923 sancti
2585 4870 2939 4941 postulanda;
2990 4870 3155 4941 missa
3192 4886 3289 4941 pro
3313 4865 3702 4927 tentatio'nibus

2119 4937 2543 5016 cogitationum;
2590 4940 2754 5016 missa
2784 4939 2850 4993 ad
2887 4937 3260 5016 postulandam
3301 4941 3696 5016 humilitatem;

2119 5011 2287 5061 missa
2325 5017 2510 5062 contra
2561 5011 2885 5065 tentationes
2922 5012 3129 5077 carnis;
3176 5011 3343 5066 missa
3393 5012 3459 5066 de
3510 5022 3701 5067 sancta

2122 5092 2304 5143 cruce,
2333 5086 2386 5132 et
2413 5078 2518 5133 alia
2546 5080 2611 5134 de
2637 5081 2981 5136 tribulatione
3026 5090 3082 5137 et
3121 5082 3472 5147 necessitate;
3523 5083 3700 5137 missa:

2108 5147 2179 5207 in
2236 5149 2496 5204 honorem
2550 5159 2889 5223 sanctorum,
2929 5152 3316 5222 apostolorum,
3376 5160 3696 5223 martyrum,

2122 5226 2464 5305 sarrctorum,
2491 5221 2665 5305 qui‘in
2702 5222 2929 5305 ecclesia
2959 5221 3332 5305 requiescunt,
3355 5222 3439 5303 vel
3457 5221 3698 5303 _quorum

2123 5287 2364 5363 reliquiae
2393 5290 2465 5344 ibi
2492 5287 2619 5344 sunt
2642 5293 2950 5359 reconditae,
2989 5287 3152 5348 missa
3197 5307 3296 5362 pro
3318 5287 3569 5363 inimicis,
3600 5309 3699 5363 pro

2125 5362 2415 5430 conﬁtente
2462 5369 2684 5430 peccata
2735 5378 2852 5429 sua,
2900 5377 2962 5419 ac
3011 5365 3227 5419 demum
3278 5362 3697 5429 benedictioues,

2127 5444 2246 5500 quae
2273 5429 2361 5486 hic
2386 5429 2678 5498 adduntur,
2703 5449 2827 5489 cum
2849 5434 3017 5490 variis
3039 5434 3158 5488 aliis
3178 5432 3535 5487 orationibus.

2194 5499 2417 5573 Beatum
2469 5501 2755 5558 Alcuinum
2800 5504 2994 5560 missas
3038 5521 3145 5560 non
3171 5504 3238 5559 de
3290 5518 3430 5559 novo
3482 5518 3703 5573 compo-

2123 5572 2317 5637 suisse,
2368 5574 2461 5628 sed
2505 5589 2571 5628 ex
2613 5574 2817 5629 Missali
2859 5575 2941 5629 sui
2982 5574 3316 5639 monasterii,
3369 5572 3709 5631 Turonensis

2123 5643 2306 5708 credo,
2351 5643 2569 5712 tulisse;
2619 5652 2781 5718 atque
2829 5645 2886 5702 in
2920 5645 3159 5719 singulos
3190 5644 3549 5721 hebdomadas
3587 5644 3709 5701 dies

516 5736 592 5810 (α)
618 5731 716 5795 Hic
744 5739 800 5797 in
828 5736 1063 5795 editione
1082 5736 1338 5795 Frobenii
1362 5735 1548 5807 incipit
1573 5743 1749 5792 tomus
1768 5732 2056 5792 secundus.
2090 5731 2249 5791 Ευιτ.
