  <div class='ocr_page' id='page_1' title='image "/cluster/home/n/w/nwhite01/storage/ocr_20150623/101/hvd.32044004824769/226.png"; bbox 0 0 4038 6336; ppageno 0'>
   <div class='ocr_carea' id='block_1_1' title="bbox 236 358 335 421">
    <p class='ocr_par' dir='ltr' id='par_1_1' title="bbox 236 358 335 421">
     <span class='ocr_line' id='line_1_1' title="bbox 236 358 335 421; baseline -0.04 0"><span class='ocrx_word' id='word_1_1' title='bbox 236 358 335 421; x_wconf 67' lang='lat' dir='ltr'><strong>Ml</strong></span> 
     </span>
    </p>
   </div>
   <div class='ocr_carea' id='block_1_2' title="bbox 1004 348 2712 413">
    <p class='ocr_par' dir='ltr' id='par_1_2' title="bbox 1004 348 2712 413">
     <span class='ocr_line' id='line_1_2' title="bbox 1004 348 2712 413; baseline -0.003 -1"><span class='ocrx_word' id='word_1_2' title='bbox 1004 348 1373 413; x_wconf 79' lang='lat' dir='ltr'><strong>LITURGICA</strong></span> <span class='ocrx_word' id='word_1_3' title='bbox 1406 348 1498 409; x_wconf 85' lang='lat' dir='ltr'><strong>ET</strong></span> <span class='ocrx_word' id='word_1_4' title='bbox 1530 348 1862 410; x_wconf 83' lang='lat' dir='ltr'><strong>MORALIA.</strong></span> <span class='ocrx_word' id='word_1_5' title='bbox 1899 377 1971 394; x_wconf 84' lang='lat'><strong>--</strong></span> <span class='ocrx_word' id='word_1_6' title='bbox 2008 348 2328 413; x_wconf 78' lang='lat' dir='ltr'><strong>MONITUM</strong></span> <span class='ocrx_word' id='word_1_7' title='bbox 2356 349 2712 412; x_wconf 67' lang='lat' dir='ltr'><strong>PREVIUM.</strong></span> 
     </span>
    </p>
   </div>
   <div class='ocr_carea' id='block_1_3' title="bbox 3398 349 3507 407">
    <p class='ocr_par' dir='ltr' id='par_1_3' title="bbox 3398 349 3507 407">
     <span class='ocr_line' id='line_1_3' title="bbox 3398 349 3507 407; baseline 0.009 -1"><span class='ocrx_word' id='word_1_8' title='bbox 3398 349 3507 407; x_wconf 68' lang='lat' dir='ltr'><strong>M2</strong></span> 
     </span>
    </p>
   </div>
   <div class='ocr_carea' id='block_1_4' title="bbox 236 464 3504 545">
    <p class='ocr_par' dir='ltr' id='par_1_4' title="bbox 236 464 3504 545">
     <span class='ocr_line' id='line_1_4' title="bbox 236 464 3504 545; baseline -0.004 -8"><span class='ocrx_word' id='word_1_9' title='bbox 236 475 602 544; x_wconf 79' lang='lat' dir='ltr'><strong>distribuisse,</strong></span> <span class='ocrx_word' id='word_1_10' title='bbox 630 490 699 533; x_wconf 80' lang='lat' dir='ltr'><strong>ex</strong></span> <span class='ocrx_word' id='word_1_11' title='bbox 726 475 910 533; x_wconf 80' lang='lat' dir='ltr'><strong>verbis</strong></span> <span class='ocrx_word' id='word_1_12' title='bbox 950 474 1190 545; x_wconf 70' lang='lat' dir='ltr'><strong>epistola:</strong></span> <span class='ocrx_word' id='word_1_13' title='bbox 1226 475 1292 529; x_wconf 88' lang='lat' dir='ltr'><strong>ad</strong></span> <span class='ocrx_word' id='word_1_14' title='bbox 1319 473 1640 531; x_wconf 89' lang='lat' dir='ltr'><strong>Vedastinos</strong></span> <span class='ocrx_word' id='word_1_15' title='bbox 1674 470 1823 545; x_wconf 70' lang='lat' dir='ltr'><strong>colli-</strong></span> <span class='ocrx_word' id='word_1_16' title='bbox 1846 475 1901 537; x_wconf 75' lang='grc' dir='ltr'>Α</span> <span class='ocrx_word' id='word_1_17' title='bbox 1924 470 2273 545; x_wconf 78' lang='lat' dir='ltr'><strong>Centulensis</strong></span> <span class='ocrx_word' id='word_1_18' title='bbox 2286 472 2562 545; x_wconf 77' lang='lat' dir='ltr'><strong>exstabat_</strong></span> <span class='ocrx_word' id='word_1_19' title='bbox 2569 485 2711 526; x_wconf 92' lang='lat' dir='ltr'><strong>anno</strong></span> <span class='ocrx_word' id='word_1_20' title='bbox 2727 466 2838 545; x_wconf 77' lang='lat' dir='ltr'><strong>_85l</strong></span> <span class='ocrx_word' id='word_1_21' title='bbox 2866 464 3197 545; x_wconf 60' lang='lat' dir='ltr'><strong>liMrhocce</strong></span> <span class='ocrx_word' id='word_1_22' title='bbox 3234 464 3390 524; x_wconf 88' lang='lat' dir='ltr'><strong>titulo</strong></span> <span class='ocrx_word' id='word_1_23' title='bbox 3418 467 3504 525; x_wconf 87' lang='lat' dir='ltr'><strong>in-</strong></span> 
     </span>
    </p>
   </div>
   <div class='ocr_carea' id='block_1_5' title="bbox 237 541 1824 629">
    <p class='ocr_par' dir='ltr' id='par_1_5' title="bbox 237 541 1824 629">
     <span class='ocr_line' id='line_1_5' title="bbox 237 541 1824 629; baseline -0.006 -23"><span class='ocrx_word' id='word_1_24' title='bbox 237 549 401 625; x_wconf 86' lang='lat' dir='ltr'><strong>gitur.</strong></span> <span class='ocrx_word' id='word_1_25' title='bbox 429 550 514 604; x_wconf 85' lang='lat' dir='ltr'><strong>An</strong></span> <span class='ocrx_word' id='word_1_26' title='bbox 542 541 671 629; x_wconf 73' lang='lat' dir='ltr'><strong>vero</strong></span> <span class='ocrx_word' id='word_1_27' title='bbox 700 564 765 604; x_wconf 90' lang='lat' dir='ltr'><strong>eo</strong></span> <span class='ocrx_word' id='word_1_28' title='bbox 788 541 1117 629; x_wconf 48' lang='lat' dir='ltr'><strong>ordine—quo</strong></span> <span class='ocrx_word' id='word_1_29' title='bbox 1137 561 1280 629; x_wconf 64' lang='lat' dir='ltr'><strong>nunc</strong></span> <span class='ocrx_word' id='word_1_30' title='bbox 1302 545 1357 599; x_wconf 92' lang='lat' dir='ltr'><strong>in</strong></span> <span class='ocrx_word' id='word_1_31' title='bbox 1385 541 1824 629; x_wconf 39' lang='lat' dir='ltr'><strong>hoc‘no‘stroﬁaf-</strong></span> 
     </span>
    </p>
   </div>
   <div class='ocr_carea' id='block_1_6' title="bbox 236 614 1825 687">
    <p class='ocr_par' dir='ltr' id='par_1_6' title="bbox 236 614 1825 687">
     <span class='ocr_line' id='line_1_6' title="bbox 236 614 1825 687; baseline -0.007 -7"><span class='ocrx_word' id='word_1_32' title='bbox 236 614 600 680; x_wconf 71' lang='lat' dir='ltr'><strong>Eramentario</strong></span> <span class='ocrx_word' id='word_1_33' title='bbox 647 625 983 687; x_wconf 85' lang='lat' dir='ltr'><strong>comparent,</strong></span> <span class='ocrx_word' id='word_1_34' title='bbox 1025 614 1161 687; x_wconf 84' lang='lat' dir='ltr'><strong>illas</strong></span> <span class='ocrx_word' id='word_1_35' title='bbox 1190 616 1534 687; x_wconf 88' lang='lat' dir='ltr'><strong>disposuerit,</strong></span> <span class='ocrx_word' id='word_1_36' title='bbox 1571 614 1715 670; x_wconf 85' lang='lat' dir='ltr'><strong>haud</strong></span> <span class='ocrx_word' id='word_1_37' title='bbox 1748 614 1825 687; x_wconf 78' lang='lat' dir='ltr'><strong>ita</strong></span> 
     </span>
    </p>
   </div>
   <div class='ocr_carea' id='block_1_7' title="bbox 236 684 1825 757">
    <p class='ocr_par' dir='ltr' id='par_1_7' title="bbox 236 684 1825 757">
     <span class='ocr_line' id='line_1_7' title="bbox 236 684 1825 757; baseline -0.007 -8"><span class='ocrx_word' id='word_1_38' title='bbox 236 700 470 749; x_wconf 87' lang='lat' dir='ltr'><strong>constat.</strong></span> <span class='ocrx_word' id='word_1_39' title='bbox 500 691 706 747; x_wconf 80' lang='lat' dir='ltr'><strong>Auctor</strong></span> <span class='ocrx_word' id='word_1_40' title='bbox 748 684 1023 757; x_wconf 79' lang='lat' dir='ltr'><strong>Micrologi</strong></span> <span class='ocrx_word' id='word_1_41' title='bbox 1051 688 1106 742; x_wconf 92' lang='lat' dir='ltr'><strong>in</strong></span> <span class='ocrx_word' id='word_1_42' title='bbox 1135 684 1611 757; x_wconf 70' lang='lat' dir='ltr'><strong>observationibus</strong></span> <span class='ocrx_word' id='word_1_43' title='bbox 1637 684 1825 757; x_wconf 21' lang='lat' dir='ltr'><strong>geccle-</strong></span> 
     </span>
    </p>
   </div>
   <div class='ocr_carea' id='block_1_8' title="bbox 236 754 1826 832">
    <p class='ocr_par' dir='ltr' id='par_1_8' title="bbox 236 754 1826 832">
     <span class='ocr_line' id='line_1_8' title="bbox 236 754 1826 832; baseline -0.006 -13"><span class='ocrx_word' id='word_1_44' title='bbox 236 764 491 823; x_wconf 86' lang='lat' dir='ltr'><strong>siasticis.</strong></span> <span class='ocrx_word' id='word_1_45' title='bbox 527 777 647 832; x_wconf 91' lang='lat' dir='ltr'><strong>cap.</strong></span> <span class='ocrx_word' id='word_1_46' title='bbox 682 761 772 826; x_wconf 86' lang='lat'><strong>60,</strong></span> <span class='ocrx_word' id='word_1_47' title='bbox 808 754 1084 827; x_wconf 77' lang='lat' dir='ltr'><strong>exemplar</strong></span> <span class='ocrx_word' id='word_1_48' title='bbox 1108 755 1269 832; x_wconf 83' lang='lat' dir='ltr'><strong>hujus</strong></span> <span class='ocrx_word' id='word_1_49' title='bbox 1298 756 1601 832; x_wconf 81' lang='lat' dir='ltr'><strong>Alcuiniani</strong></span> <span class='ocrx_word' id='word_1_50' title='bbox 1630 754 1826 811; x_wconf 90' lang='lat' dir='ltr'><strong>Sacra-</strong></span> 
     </span>
    </p>
   </div>
   <div class='ocr_carea' id='block_1_9' title="bbox 234 828 1825 896">
    <p class='ocr_par' dir='ltr' id='par_1_9' title="bbox 234 828 1825 896">
     <span class='ocr_line' id='line_1_9' title="bbox 234 828 1825 896; baseline -0.006 -7"><span class='ocrx_word' id='word_1_51' title='bbox 234 833 488 890; x_wconf 89' lang='lat' dir='ltr'><strong>mentarii</strong></span> <span class='ocrx_word' id='word_1_52' title='bbox 518 828 786 896; x_wconf 76' lang='lat' dir='ltr'><strong>recenset,</strong></span> <span class='ocrx_word' id='word_1_53' title='bbox 832 846 864 885; x_wconf 90' lang='lat' dir='ltr'><strong>a</strong></span> <span class='ocrx_word' id='word_1_54' title='bbox 904 836 1089 884; x_wconf 81' lang='lat' dir='ltr'><strong>nostro</strong></span> <span class='ocrx_word' id='word_1_55' title='bbox 1118 829 1258 883; x_wconf 90' lang='lat' dir='ltr'><strong>sicut</strong></span> <span class='ocrx_word' id='word_1_56' title='bbox 1284 842 1529 895; x_wconf 91' lang='lat' dir='ltr'><strong>numero,</strong></span> <span class='ocrx_word' id='word_1_57' title='bbox 1558 828 1632 881; x_wconf 88' lang='lat' dir='ltr'><strong>ita</strong></span> <span class='ocrx_word' id='word_1_58' title='bbox 1658 834 1714 881; x_wconf 90' lang='lat' dir='ltr'><strong>et</strong></span> <span class='ocrx_word' id='word_1_59' title='bbox 1736 842 1825 881; x_wconf 83' lang='lat' dir='ltr'><strong>or—</strong></span> 
     </span>
    </p>
   </div>
   <div class='ocr_carea' id='block_1_10' title="bbox 234 897 1825 981">
    <p class='ocr_par' dir='ltr' id='par_1_10' title="bbox 234 897 1825 981">
     <span class='ocr_line' id='line_1_10' title="bbox 234 897 1825 981; baseline -0.006 -21"><span class='ocrx_word' id='word_1_60' title='bbox 234 906 361 960; x_wconf 88' lang='lat' dir='ltr'><strong>dine</strong></span> <span class='ocrx_word' id='word_1_61' title='bbox 399 904 698 981; x_wconf 82' lang='lat' dir='ltr'><strong>diversum.</strong></span> <span class='ocrx_word' id='word_1_62' title='bbox 739 901 1015 981; x_wconf 77' lang='lat' dir='ltr'><strong>Ita__euim</strong></span> <span class='ocrx_word' id='word_1_63' title='bbox 1046 900 1120 955; x_wconf 90' lang='lat' dir='ltr'><strong>ibi</strong></span> <span class='ocrx_word' id='word_1_64' title='bbox 1150 899 1392 981; x_wconf 82' lang='lat' dir='ltr'><strong>loquitur</strong></span> <span class='ocrx_word' id='word_1_65' title='bbox 1425 916 1437 952; x_wconf 89' lang='lat'>:</span> <span class='ocrx_word' id='word_1_66' title='bbox 1460 917 1495 981; x_wconf 41' lang='lat' dir='ltr'><strong>fg</strong></span> <span class='ocrx_word' id='word_1_67' title='bbox 1530 897 1825 981; x_wconf 62' lang='lat' dir='ltr'><strong>Sciendum</strong></span> 
     </span>
    </p>
   </div>
   <div class='ocr_carea' id='block_1_11' title="bbox 233 968 1820 1041">
    <p class='ocr_par' dir='ltr' id='par_1_11' title="bbox 233 968 1820 1041">
     <span class='ocr_line' id='line_1_11' title="bbox 233 968 1820 1041; baseline -0.005 -12"><span class='ocrx_word' id='word_1_68' title='bbox 233 984 418 1032; x_wconf 86' lang='lat' dir='ltr'><strong>autem</strong></span> <span class='ocrx_word' id='word_1_69' title='bbox 465 974 752 1041; x_wconf 84' lang='lat' dir='ltr'><strong>quemdam</strong></span> <span class='ocrx_word' id='word_1_70' title='bbox 773 972 1063 1026; x_wconf 86' lang='lat' dir='ltr'><strong>Alboinum</strong></span> <span class='ocrx_word' id='word_1_71' title='bbox 1100 968 1418 1041; x_wconf 84' lang='lat' dir='ltr'><strong>magistrum</strong></span> <span class='ocrx_word' id='word_1_72' title='bbox 1455 968 1820 1041; x_wconf 85' lang='lat' dir='ltr'><strong>Caroli_imp.,</strong></span> 
     </span>
    </p>
   </div>
   <div class='ocr_carea' id='block_1_12' title="bbox 231 1037 1823 1118">
    <p class='ocr_par' dir='ltr' id='par_1_12' title="bbox 231 1037 1823 1118">
     <span class='ocr_line' id='line_1_12' title="bbox 231 1037 1823 1118; baseline -0.004 -18"><span class='ocrx_word' id='word_1_73' title='bbox 231 1054 429 1118; x_wconf 87' lang='lat' dir='ltr'><strong>rogatu</strong></span> <span class='ocrx_word' id='word_1_74' title='bbox 470 1037 731 1118; x_wconf 82' lang='lat' dir='ltr'><strong>Bonifacii</strong></span> <span class='ocrx_word' id='word_1_75' title='bbox 783 1037 1215 1118; x_wconf 58' lang='lat' dir='ltr'><strong>archiepiswpi,</strong></span> <span class='ocrx_word' id='word_1_76' title='bbox 1246 1049 1305 1095; x_wconf 92' lang='lat' dir='ltr'><strong>ut</strong></span> <span class='ocrx_word' id='word_1_77' title='bbox 1353 1042 1533 1118; x_wconf 78' lang='lat' dir='ltr'><strong>aiunt,</strong></span> <span class='ocrx_word' id='word_1_78' title='bbox 1577 1037 1823 1118; x_wconf 76' lang='lat' dir='ltr'><strong>missales</strong></span> 
     </span>
    </p>
   </div>
   <div class='ocr_carea' id='block_1_13' title="bbox 231 1109 1826 1182">
    <p class='ocr_par' dir='ltr' id='par_1_13' title="bbox 231 1109 1826 1182">
     <span class='ocr_line' id='line_1_13' title="bbox 231 1109 1826 1182; baseline -0.004 -11"><span class='ocrx_word' id='word_1_79' title='bbox 231 1109 511 1171; x_wconf 69' lang='lat' dir='ltr'><strong>orationes</strong></span> <span class='ocrx_word' id='word_1_80' title='bbox 540 1116 604 1171; x_wconf 93' lang='lat' dir='ltr'><strong>de</strong></span> <span class='ocrx_word' id='word_1_81' title='bbox 632 1123 816 1170; x_wconf 89' lang='lat' dir='ltr'><strong>sancta</strong></span> <span class='ocrx_word' id='word_1_82' title='bbox 849 1109 1509 1182; x_wconf 57' lang='lat' dir='ltr'><strong>Trinitate&#39;composuisse</strong></span> <span class='ocrx_word' id='word_1_83' title='bbox 1534 1127 1547 1177; x_wconf 95' lang='lat'><strong>;</strong></span> <span class='ocrx_word' id='word_1_84' title='bbox 1577 1119 1631 1164; x_wconf 85' lang='lat' dir='ltr'><strong>et</strong></span> <span class='ocrx_word' id='word_1_85' title='bbox 1662 1109 1716 1162; x_wconf 92' lang='lat' dir='ltr'><strong>in</strong></span> <span class='ocrx_word' id='word_1_86' title='bbox 1739 1124 1826 1164; x_wconf 81' lang='lat' dir='ltr'><strong>se-</strong></span> 
     </span>
    </p>
   </div>
   <div class='ocr_carea' id='block_1_14' title="bbox 232 1181 1820 1255">
    <p class='ocr_par' dir='ltr' id='par_1_14' title="bbox 232 1181 1820 1255">
     <span class='ocr_line' id='line_1_14' title="bbox 232 1181 1820 1255; baseline -0.005 -14"><span class='ocrx_word' id='word_1_87' title='bbox 232 1189 410 1242; x_wconf 89' lang='lat' dir='ltr'><strong>cunda</strong></span> <span class='ocrx_word' id='word_1_88' title='bbox 434 1186 568 1242; x_wconf 84' lang='lat' dir='ltr'><strong>feria</strong></span> <span class='ocrx_word' id='word_1_89' title='bbox 598 1185 663 1240; x_wconf 89' lang='lat' dir='ltr'><strong>de</strong></span> <span class='ocrx_word' id='word_1_90' title='bbox 691 1184 987 1255; x_wconf 89' lang='lat' dir='ltr'><strong>sapientia;</strong></span> <span class='ocrx_word' id='word_1_91' title='bbox 1016 1183 1068 1255; x_wconf 91' lang='lat' dir='ltr'><strong>in</strong></span> <span class='ocrx_word' id='word_1_92' title='bbox 1092 1182 1250 1255; x_wconf 83' lang='lat' dir='ltr'><strong>tertia</strong></span> <span class='ocrx_word' id='word_1_93' title='bbox 1267 1181 1342 1235; x_wconf 53' lang='lat' dir='ltr'><strong>&quot;de</strong></span> <span class='ocrx_word' id='word_1_94' title='bbox 1368 1181 1574 1255; x_wconf 85' lang='lat' dir='ltr'><strong>Spiritu</strong></span> <span class='ocrx_word' id='word_1_95' title='bbox 1601 1189 1820 1255; x_wconf 81' lang='lat' dir='ltr'><strong>sancto;</strong></span> 
     </span>
    </p>
   </div>
   <div class='ocr_carea' id='block_1_15' title="bbox 232 1251 1823 1327">
    <p class='ocr_par' dir='ltr' id='par_1_15' title="bbox 232 1251 1823 1327">
     <span class='ocr_line' id='line_1_15' title="bbox 232 1251 1823 1327; baseline -0.004 -16"><span class='ocrx_word' id='word_1_96' title='bbox 232 1258 287 1312; x_wconf 91' lang='lat' dir='ltr'><strong>in</strong></span> <span class='ocrx_word' id='word_1_97' title='bbox 342 1266 537 1327; x_wconf 88' lang='lat' dir='ltr'><strong>quarta</strong></span> <span class='ocrx_word' id='word_1_98' title='bbox 587 1258 655 1311; x_wconf 90' lang='lat' dir='ltr'><strong>de</strong></span> <span class='ocrx_word' id='word_1_99' title='bbox 699 1251 997 1327; x_wconf 10' lang='lat' dir='ltr'><strong>charitﬁaﬁte;</strong></span> <span class='ocrx_word' id='word_1_100' title='bbox 1053 1254 1109 1327; x_wconf 82' lang='lat' dir='ltr'><strong>in</strong></span> <span class='ocrx_word' id='word_1_101' title='bbox 1157 1251 1730 1327; x_wconf 80' lang='lat' dir='ltr'><strong>quinta_(_le_angel_is,</strong></span> <span class='ocrx_word' id='word_1_102' title='bbox 1766 1252 1823 1327; x_wconf 82' lang='lat' dir='ltr'><strong>in</strong></span> 
     </span>
    </p>
   </div>
   <div class='ocr_carea' id='block_1_16' title="bbox 230 1321 1826 1391">
    <p class='ocr_par' dir='ltr' id='par_1_16' title="bbox 230 1321 1826 1391">
     <span class='ocr_line' id='line_1_16' title="bbox 230 1321 1826 1391; baseline -0.005 -8"><span class='ocrx_word' id='word_1_103' title='bbox 230 1321 388 1383; x_wconf 77' lang='lat' dir='ltr'><strong>sexta</strong></span> <span class='ocrx_word' id='word_1_104' title='bbox 407 1328 474 1382; x_wconf 92' lang='lat' dir='ltr'><strong>de</strong></span> <span class='ocrx_word' id='word_1_105' title='bbox 502 1341 697 1391; x_wconf 84' lang='lat' dir='ltr'><strong>cruce;</strong></span> <span class='ocrx_word' id='word_1_106' title='bbox 732 1327 786 1381; x_wconf 92' lang='lat' dir='ltr'><strong>in</strong></span> <span class='ocrx_word' id='word_1_107' title='bbox 809 1326 1032 1380; x_wconf 89' lang='lat' dir='ltr'><strong>sabbato</strong></span> <span class='ocrx_word' id='word_1_108' title='bbox 1058 1324 1122 1378; x_wconf 90' lang='lat' dir='ltr'><strong>de</strong></span> <span class='ocrx_word' id='word_1_109' title='bbox 1151 1332 1336 1377; x_wconf 90' lang='lat' dir='ltr'><strong>sancta</strong></span> <span class='ocrx_word' id='word_1_110' title='bbox 1362 1322 1545 1377; x_wconf 88' lang='lat' dir='ltr'><strong>Maria.</strong></span> <span class='ocrx_word' id='word_1_111' title='bbox 1583 1321 1604 1375; x_wconf 52' lang='grc' dir='ltr'><em>ᾧ</em></span> <span class='ocrx_word' id='word_1_112' title='bbox 1638 1321 1826 1391; x_wconf 86' lang='lat' dir='ltr'><strong>Suspi-</strong></span> 
     </span>
    </p>
   </div>
   <div class='ocr_carea' id='block_1_17' title="bbox 232 1393 1824 1467">
    <p class='ocr_par' dir='ltr' id='par_1_17' title="bbox 232 1393 1824 1467">
     <span class='ocr_line' id='line_1_17' title="bbox 232 1393 1824 1467; baseline -0.003 -16"><span class='ocrx_word' id='word_1_113' title='bbox 232 1414 327 1453; x_wconf 87' lang='lat' dir='ltr'><strong>cor</strong></span> <span class='ocrx_word' id='word_1_114' title='bbox 359 1400 504 1452; x_wconf 89' lang='lat' dir='ltr'><strong>hunc</strong></span> <span class='ocrx_word' id='word_1_115' title='bbox 531 1398 728 1453; x_wconf 89' lang='lat' dir='ltr'><strong>librum</strong></span> <span class='ocrx_word' id='word_1_116' title='bbox 765 1406 888 1467; x_wconf 88' lang='lat' dir='ltr'><strong>post</strong></span> <span class='ocrx_word' id='word_1_117' title='bbox 926 1394 1073 1450; x_wconf 91' lang='lat' dir='ltr'><strong>beati</strong></span> <span class='ocrx_word' id='word_1_118' title='bbox 1099 1393 1312 1449; x_wconf 90' lang='lat' dir='ltr'><strong>Alcuini</strong></span> <span class='ocrx_word' id='word_1_119' title='bbox 1352 1401 1633 1467; x_wconf 66' lang='lat' dir='ltr'><strong>tetatem_a</strong></span> <span class='ocrx_word' id='word_1_120' title='bbox 1658 1393 1824 1447; x_wconf 89' lang='lat' dir='ltr'><strong>variis</strong></span> 
     </span>
    </p>
   </div>
   <div class='ocr_carea' id='block_1_18' title="bbox 230 1463 1824 1523">
    <p class='ocr_par' dir='ltr' id='par_1_18' title="bbox 230 1463 1824 1523">
     <span class='ocr_line' id='line_1_18' title="bbox 230 1463 1824 1523; baseline -0.003 -1"><span class='ocrx_word' id='word_1_121' title='bbox 230 1470 383 1523; x_wconf 89' lang='lat' dir='ltr'><strong>varie</strong></span> <span class='ocrx_word' id='word_1_122' title='bbox 437 1468 607 1523; x_wconf 83' lang='lat' dir='ltr'><strong>fuisse</strong></span> <span class='ocrx_word' id='word_1_123' title='bbox 664 1463 1086 1522; x_wconf 81' lang='lat' dir='ltr'><strong>transmutatum</strong></span> <span class='ocrx_word' id='word_1_124' title='bbox 1136 1472 1191 1520; x_wconf 90' lang='lat' dir='ltr'><strong>et</strong></span> <span class='ocrx_word' id='word_1_125' title='bbox 1247 1472 1486 1520; x_wconf 90' lang='lat' dir='ltr'><strong>auctum.</strong></span> <span class='ocrx_word' id='word_1_126' title='bbox 1545 1463 1705 1519; x_wconf 83' lang='lat' dir='ltr'><strong>Certe</strong></span> <span class='ocrx_word' id='word_1_127' title='bbox 1756 1478 1824 1518; x_wconf 79' lang='lat' dir='ltr'><strong>ex</strong></span> 
     </span>
    </p>
   </div>
   <div class='ocr_carea' id='block_1_19' title="bbox 230 1534 1825 1606">
    <p class='ocr_par' dir='ltr' id='par_1_19' title="bbox 230 1534 1825 1606">
     <span class='ocr_line' id='line_1_19' title="bbox 230 1534 1825 1606; baseline -0.003 -14"><span class='ocrx_word' id='word_1_128' title='bbox 230 1539 408 1593; x_wconf 91' lang='lat' dir='ltr'><strong>aliena</strong></span> <span class='ocrx_word' id='word_1_129' title='bbox 459 1538 723 1594; x_wconf 86' lang='lat' dir='ltr'><strong>industria</strong></span> <span class='ocrx_word' id='word_1_130' title='bbox 758 1538 953 1593; x_wconf 78' lang='lat' dir='ltr'><strong>additae</strong></span> <span class='ocrx_word' id='word_1_131' title='bbox 993 1542 1118 1591; x_wconf 90' lang='lat' dir='ltr'><strong>sunt</strong></span> <span class='ocrx_word' id='word_1_132' title='bbox 1154 1535 1379 1606; x_wconf 78' lang='lat' dir='ltr'><strong>singulis</strong></span> <span class='ocrx_word' id='word_1_133' title='bbox 1417 1534 1605 1589; x_wconf 91' lang='lat' dir='ltr'><strong>diebus</strong></span> <span class='ocrx_word' id='word_1_134' title='bbox 1644 1534 1825 1606; x_wconf 66' lang='lat' dir='ltr'><strong>missae</strong></span> 
     </span>
    </p>
   </div>
   <div class='ocr_carea' id='block_1_20' title="bbox 228 1603 1823 1677">
    <p class='ocr_par' dir='ltr' id='par_1_20' title="bbox 228 1603 1823 1677">
     <span class='ocr_line' id='line_1_20' title="bbox 228 1603 1823 1677; baseline -0.004 -12"><span class='ocrx_word' id='word_1_135' title='bbox 228 1610 331 1665; x_wconf 87' lang='lat' dir='ltr'><strong>sub</strong></span> <span class='ocrx_word' id='word_1_136' title='bbox 362 1610 585 1665; x_wconf 87' lang='lat' dir='ltr'><strong>nomine</strong></span> <span class='ocrx_word' id='word_1_137' title='bbox 625 1609 798 1664; x_wconf 83' lang='lat' dir='ltr'><strong>sancti</strong></span> <span class='ocrx_word' id='word_1_138' title='bbox 843 1606 1158 1677; x_wconf 81' lang='lat' dir='ltr'><strong>Augustini,</strong></span> <span class='ocrx_word' id='word_1_139' title='bbox 1202 1603 1265 1676; x_wconf 44' lang='lat'><strong>3&#39;</strong></span> <span class='ocrx_word' id='word_1_140' title='bbox 1286 1607 1409 1661; x_wconf 86' lang='lat' dir='ltr'><strong>huic</strong></span> <span class='ocrx_word' id='word_1_141' title='bbox 1449 1603 1823 1677; x_wconf 83' lang='lat' dir='ltr'><strong>sanctoPatri</strong></span> 
     </span>
    </p>
   </div>
   <div class='ocr_carea' id='block_1_21' title="bbox 228 1675 1824 1749">
    <p class='ocr_par' dir='ltr' id='par_1_21' title="bbox 228 1675 1824 1749">
     <span class='ocr_line' id='line_1_21' title="bbox 228 1675 1824 1749; baseline -0.002 -16"><span class='ocrx_word' id='word_1_142' title='bbox 228 1681 327 1734; x_wconf 88' lang='lat' dir='ltr'><strong>abs</strong></span> <span class='ocrx_word' id='word_1_143' title='bbox 355 1678 521 1735; x_wconf 90' lang='lat' dir='ltr'><strong>dubio</strong></span> <span class='ocrx_word' id='word_1_144' title='bbox 547 1680 855 1749; x_wconf 64' lang='lat' dir='ltr'><strong>supposite.</strong></span> <span class='ocrx_word' id='word_1_145' title='bbox 880 1675 1117 1749; x_wconf 81' lang='lat' dir='ltr'><strong>Humani</strong></span> <span class='ocrx_word' id='word_1_146' title='bbox 1128 1675 1280 1749; x_wconf 78' lang='lat' dir='ltr'><strong>enim</strong></span> <span class='ocrx_word' id='word_1_147' title='bbox 1305 1676 1506 1749; x_wconf 76' lang='lat' dir='ltr'><strong>aliquid</strong></span> <span class='ocrx_word' id='word_1_148' title='bbox 1511 1675 1670 1749; x_wconf 78' lang='lat' dir='ltr'><strong>passi</strong></span> <span class='ocrx_word' id='word_1_149' title='bbox 1687 1683 1824 1749; x_wconf 81' lang='lat' dir='ltr'><strong>sunt</strong></span> 
     </span>
    </p>
   </div>
   <div class='ocr_carea' id='block_1_22' title="bbox 226 1746 1820 1816">
    <p class='ocr_par' dir='ltr' id='par_1_22' title="bbox 226 1746 1820 1816">
     <span class='ocr_line' id='line_1_22' title="bbox 226 1746 1820 1816; baseline -0.004 -11"><span class='ocrx_word' id='word_1_150' title='bbox 226 1750 333 1805; x_wconf 80' lang='lat' dir='ltr'><strong>viri</strong></span> <span class='ocrx_word' id='word_1_151' title='bbox 384 1746 749 1816; x_wconf 76' lang='lat' dir='ltr'><strong>celeberrimi,</strong></span> <span class='ocrx_word' id='word_1_152' title='bbox 807 1756 997 1803; x_wconf 83' lang='lat' dir='ltr'><strong>auctor</strong></span> <span class='ocrx_word' id='word_1_153' title='bbox 1046 1747 1255 1802; x_wconf 89' lang='lat' dir='ltr'><strong>scilicet</strong></span> <span class='ocrx_word' id='word_1_154' title='bbox 1310 1746 1452 1801; x_wconf 85' lang='lat' dir='ltr'><strong>Hist.</strong></span> <span class='ocrx_word' id='word_1_155' title='bbox 1500 1746 1605 1800; x_wconf 90' lang='lat' dir='ltr'><strong>Lit.</strong></span> <span class='ocrx_word' id='word_1_156' title='bbox 1663 1746 1727 1799; x_wconf 86' lang='lat' dir='ltr'><strong>de</strong></span> <span class='ocrx_word' id='word_1_157' title='bbox 1766 1746 1820 1800; x_wconf 84' lang='lat' dir='ltr'><strong>la</strong></span> 
     </span>
    </p>
   </div>
   <div class='ocr_carea' id='block_1_23' title="bbox 226 1816 1816 1891">
    <p class='ocr_par' dir='ltr' id='par_1_23' title="bbox 226 1816 1816 1891">
     <span class='ocr_line' id='line_1_23' title="bbox 226 1816 1816 1891; baseline -0.001 -19"><span class='ocrx_word' id='word_1_158' title='bbox 226 1818 465 1891; x_wconf 58' lang='lat' dir='ltr'><strong>Erance,</strong></span> <span class='ocrx_word' id='word_1_159' title='bbox 499 1829 628 1877; x_wconf 87' lang='lat' dir='ltr'><strong>tom.</strong></span> <span class='ocrx_word' id='word_1_160' title='bbox 651 1820 741 1884; x_wconf 93' lang='lat' dir='ltr'><strong>IV,</strong></span> <span class='ocrx_word' id='word_1_161' title='bbox 780 1834 903 1891; x_wconf 85' lang='lat' dir='ltr'><strong>pag.</strong></span> <span class='ocrx_word' id='word_1_162' title='bbox 936 1819 1059 1885; x_wconf 74' lang='lat' dir='ltr'><strong>5M,</strong></span> <span class='ocrx_word' id='word_1_163' title='bbox 1102 1817 1371 1891; x_wconf 26' lang='lat' dir='ltr'><strong>nuntii},</strong></span> <span class='ocrx_word' id='word_1_164' title='bbox 1401 1824 1455 1872; x_wconf 90' lang='lat' dir='ltr'><strong>et</strong></span> <span class='ocrx_word' id='word_1_165' title='bbox 1478 1817 1543 1871; x_wconf 93' lang='lat' dir='ltr'><strong>D.</strong></span> <span class='ocrx_word' id='word_1_166' title='bbox 1571 1816 1816 1891; x_wconf 56' lang='lat' dir='ltr'><strong>geillier,</strong></span> 
     </span>
    </p>
   </div>
   <div class='ocr_carea' id='block_1_24' title="bbox 226 1887 1819 1959">
    <p class='ocr_par' dir='ltr' id='par_1_24' title="bbox 226 1887 1819 1959">
     <span class='ocr_line' id='line_1_24' title="bbox 226 1887 1819 1959; baseline -0.002 -13"><span class='ocrx_word' id='word_1_167' title='bbox 226 1889 372 1946; x_wconf 83' lang='lat' dir='ltr'><strong>Hist.</strong></span> <span class='ocrx_word' id='word_1_168' title='bbox 406 1892 500 1945; x_wconf 86' lang='lat' dir='ltr'><strong>des</strong></span> <span class='ocrx_word' id='word_1_169' title='bbox 527 1891 754 1945; x_wconf 79' lang='lat' dir='ltr'><strong>Auteurs</strong></span> <span class='ocrx_word' id='word_1_170' title='bbox 781 1887 977 1955; x_wconf 58' lang='lat' dir='ltr'><strong>Satires,</strong></span> <span class='ocrx_word' id='word_1_171' title='bbox 1012 1899 1143 1944; x_wconf 88' lang='lat' dir='ltr'><strong>tom.</strong></span> <span class='ocrx_word' id='word_1_172' title='bbox 1175 1887 1369 1953; x_wconf 74' lang='lat' dir='ltr'><strong>XVIII,</strong></span> <span class='ocrx_word' id='word_1_173' title='bbox 1414 1903 1536 1959; x_wconf 86' lang='lat' dir='ltr'><strong>pag.</strong></span> <span class='ocrx_word' id='word_1_174' title='bbox 1569 1889 1705 1953; x_wconf 78' lang='grc'><strong>515,</strong></span> <span class='ocrx_word' id='word_1_175' title='bbox 1731 1903 1819 1943; x_wconf 86' lang='lat' dir='ltr'><strong>as-</strong></span> 
     </span>
    </p>
   </div>
   <div class='ocr_carea' id='block_1_25' title="bbox 226 1958 1821 2028">
    <p class='ocr_par' dir='ltr' id='par_1_25' title="bbox 226 1958 1821 2028">
     <span class='ocr_line' id='line_1_25' title="bbox 226 1958 1821 2028; baseline -0.001 -12"><span class='ocrx_word' id='word_1_176' title='bbox 226 1971 495 2026; x_wconf 76' lang='lat' dir='ltr'><strong>serentes,</strong></span> <span class='ocrx_word' id='word_1_177' title='bbox 543 1963 735 2017; x_wconf 86' lang='lat' dir='ltr'><strong>Missas</strong></span> <span class='ocrx_word' id='word_1_178' title='bbox 771 1960 890 2015; x_wconf 91' lang='lat' dir='ltr'><strong>illas</strong></span> <span class='ocrx_word' id='word_1_179' title='bbox 932 1974 962 2013; x_wconf 90' lang='lat' dir='ltr'><strong>a</strong></span> <span class='ocrx_word' id='word_1_180' title='bbox 1010 1961 1170 2015; x_wconf 89' lang='lat' dir='ltr'><strong>beato</strong></span> <span class='ocrx_word' id='word_1_181' title='bbox 1220 1958 1448 2013; x_wconf 87' lang='lat' dir='ltr'><strong>Alcuino</strong></span> <span class='ocrx_word' id='word_1_182' title='bbox 1494 1958 1821 2028; x_wconf 85' lang='lat' dir='ltr'><strong>compositas</strong></span> 
     </span>
    </p>
   </div>
   <div class='ocr_carea' id='block_1_26' title="bbox 227 2029 1822 2099">
    <p class='ocr_par' dir='ltr' id='par_1_26' title="bbox 227 2029 1822 2099">
     <span class='ocr_line' id='line_1_26' title="bbox 227 2029 1822 2099; baseline -0.002 -14"><span class='ocrx_word' id='word_1_183' title='bbox 227 2032 395 2088; x_wconf 82' lang='lat' dir='ltr'><strong>fuisse</strong></span> <span class='ocrx_word' id='word_1_184' title='bbox 420 2034 503 2095; x_wconf 66' lang='lat' dir='ltr'><strong>,in</strong></span> <span class='ocrx_word' id='word_1_185' title='bbox 545 2033 794 2087; x_wconf 81' lang='lat' dir='ltr'><strong>honorem</strong></span> <span class='ocrx_word' id='word_1_186' title='bbox 839 2032 1004 2084; x_wconf 79' lang='lat' dir='ltr'><strong>sancti</strong></span> <span class='ocrx_word' id='word_1_187' title='bbox 1040 2029 1358 2099; x_wconf 78' lang='lat' dir='ltr'><strong>Augustini;</strong></span> <span class='ocrx_word' id='word_1_188' title='bbox 1396 2030 1482 2084; x_wconf 90' lang='lat' dir='ltr'><strong>cui</strong></span> <span class='ocrx_word' id='word_1_189' title='bbox 1535 2029 1822 2084; x_wconf 87' lang='lat' dir='ltr'><strong>assertioni</strong></span> 
     </span>
    </p>
   </div>
   <div class='ocr_carea' id='block_1_27' title="bbox 227 2099 1781 2169">
    <p class='ocr_par' dir='ltr' id='par_1_27' title="bbox 227 2099 1781 2169">
     <span class='ocr_line' id='line_1_27' title="bbox 227 2099 1781 2169; baseline -0.002 -13"><span class='ocrx_word' id='word_1_190' title='bbox 227 2118 327 2157; x_wconf 90' lang='lat' dir='ltr'><strong>nec</strong></span> <span class='ocrx_word' id='word_1_191' title='bbox 357 2113 542 2159; x_wconf 85' lang='lat' dir='ltr'><strong>textus</strong></span> <span class='ocrx_word' id='word_1_192' title='bbox 569 2103 784 2157; x_wconf 88' lang='lat' dir='ltr'><strong>illarum</strong></span> <span class='ocrx_word' id='word_1_193' title='bbox 819 2103 1123 2156; x_wconf 84' lang='lat' dir='ltr'><strong>orationum</strong></span> <span class='ocrx_word' id='word_1_194' title='bbox 1154 2099 1316 2164; x_wconf 78' lang='lat' dir='ltr'><strong>favet,</strong></span> <span class='ocrx_word' id='word_1_195' title='bbox 1357 2114 1457 2154; x_wconf 91' lang='lat' dir='ltr'><strong>nec</strong></span> <span class='ocrx_word' id='word_1_196' title='bbox 1483 2100 1781 2169; x_wconf 89' lang='lat' dir='ltr'><strong>inscriptio.</strong></span> 
     </span>
    </p>
   </div>
   <div class='ocr_carea' id='block_1_28' title="bbox 297 2170 1821 2245">
    <p class='ocr_par' dir='ltr' id='par_1_28' title="bbox 297 2170 1821 2245">
     <span class='ocr_line' id='line_1_28' title="bbox 297 2170 1821 2245; baseline -0.003 -18"><span class='ocrx_word' id='word_1_197' title='bbox 297 2173 469 2245; x_wconf 82' lang='lat' dir='ltr'><strong>Magis</strong></span> <span class='ocrx_word' id='word_1_198' title='bbox 515 2190 547 2228; x_wconf 89' lang='lat' dir='ltr'><strong>a</strong></span> <span class='ocrx_word' id='word_1_199' title='bbox 590 2173 820 2228; x_wconf 83' lang='lat' dir='ltr'><strong>veritate</strong></span> <span class='ocrx_word' id='word_1_200' title='bbox 860 2171 992 2245; x_wconf 84' lang='lat' dir='ltr'><strong>abiit</strong></span> <span class='ocrx_word' id='word_1_201' title='bbox 1035 2172 1237 2245; x_wconf 78' lang='lat' dir='ltr'><strong>citatus</strong></span> <span class='ocrx_word' id='word_1_202' title='bbox 1286 2179 1476 2245; x_wconf 75' lang='lat' dir='ltr'><strong>auctor</strong></span> <span class='ocrx_word' id='word_1_203' title='bbox 1513 2170 1821 2245; x_wconf 80' lang='lat' dir='ltr'><strong>Micrologi,</strong></span> 
     </span>
    </p>
   </div>
   <div class='ocr_carea' id='block_1_29' title="bbox 227 2240 1821 2307">
    <p class='ocr_par' dir='ltr' id='par_1_29' title="bbox 227 2240 1821 2307">
     <span class='ocr_line' id='line_1_29' title="bbox 227 2240 1821 2307; baseline -0.001 -10"><span class='ocrx_word' id='word_1_204' title='bbox 227 2240 461 2299; x_wconf 73' lang='grc' dir='ltr'><strong>Διειιὶἦο</strong></span> <span class='ocrx_word' id='word_1_205' title='bbox 507 2245 678 2299; x_wconf 88' lang='lat' dir='ltr'><strong>multo</strong></span> <span class='ocrx_word' id='word_1_206' title='bbox 726 2243 1017 2307; x_wconf 87' lang='lat' dir='ltr'><strong>recentior,</strong></span> <span class='ocrx_word' id='word_1_207' title='bbox 1068 2241 1103 2294; x_wconf 92' lang='lat' dir='ltr'><strong>l.</strong></span> <span class='ocrx_word' id='word_1_208' title='bbox 1137 2242 1231 2296; x_wconf 91' lang='lat' dir='ltr'><strong>cit.</strong></span> <span class='ocrx_word' id='word_1_209' title='bbox 1277 2240 1553 2306; x_wconf 90' lang='lat' dir='ltr'><strong>scribens,</strong></span> <span class='ocrx_word' id='word_1_210' title='bbox 1601 2240 1821 2295; x_wconf 83' lang='lat' dir='ltr'><strong>beatum</strong></span> 
     </span>
    </p>
   </div>
   <div class='ocr_carea' id='block_1_30' title="bbox 228 2311 1819 2382">
    <p class='ocr_par' dir='ltr' id='par_1_30' title="bbox 228 2311 1819 2382">
     <span class='ocr_line' id='line_1_30' title="bbox 228 2311 1819 2382; baseline -0.001 -16"><span class='ocrx_word' id='word_1_211' title='bbox 228 2314 515 2369; x_wconf 82' lang='lat' dir='ltr'><strong>Alcuinum</strong></span> <span class='ocrx_word' id='word_1_212' title='bbox 544 2315 742 2369; x_wconf 85' lang='lat' dir='ltr'><strong>librum</strong></span> <span class='ocrx_word' id='word_1_213' title='bbox 776 2313 927 2367; x_wconf 91' lang='lat' dir='ltr'><strong>illum</strong></span> <span class='ocrx_word' id='word_1_214' title='bbox 957 2313 1325 2381; x_wconf 81' lang='lat' dir='ltr'><strong>composuisse</strong></span> <span class='ocrx_word' id='word_1_215' title='bbox 1354 2330 1373 2362; x_wconf 80' lang='grc' dir='ltr'><strong>ι</strong></span> <span class='ocrx_word' id='word_1_216' title='bbox 1406 2318 1596 2382; x_wconf 85' lang='lat' dir='ltr'><strong>rogatu</strong></span> <span class='ocrx_word' id='word_1_217' title='bbox 1617 2381 1621 2382; x_wconf 13' lang='grc' dir='ltr'>ί</span> <span class='ocrx_word' id='word_1_218' title='bbox 1643 2311 1819 2366; x_wconf 90' lang='lat' dir='ltr'><strong>sancti</strong></span> 
     </span>
    </p>
   </div>
   <div class='ocr_carea' id='block_1_31' title="bbox 229 2381 1822 2455">
    <p class='ocr_par' dir='ltr' id='par_1_31' title="bbox 229 2381 1822 2455">
     <span class='ocr_line' id='line_1_31' title="bbox 229 2381 1822 2455; baseline -0.003 -16"><span class='ocrx_word' id='word_1_219' title='bbox 229 2384 492 2441; x_wconf 79' lang='lat' dir='ltr'><strong>Bonifacii</strong></span> <span class='ocrx_word' id='word_1_220' title='bbox 540 2384 930 2455; x_wconf 85' lang='lat' dir='ltr'><strong>archiepiscopi</strong></span> <span class='ocrx_word' id='word_1_221' title='bbox 958 2382 1072 2453; x_wconf 87' lang='lat' dir='ltr'><strong>(Sc.</strong></span> <span class='ocrx_word' id='word_1_222' title='bbox 1105 2382 1425 2455; x_wconf 82' lang='lat' dir='ltr'><strong>Moguntiui)</strong></span> <span class='ocrx_word' id='word_1_223' title='bbox 1471 2381 1562 2447; x_wconf 87' lang='lat' dir='ltr'><strong>ut,</strong></span> <span class='ocrx_word' id='word_1_224' title='bbox 1611 2381 1822 2451; x_wconf 90' lang='lat' dir='ltr'><strong>inquit,</strong></span> 
     </span>
    </p>
   </div>
   <div class='ocr_carea' id='block_1_32' title="bbox 227 2453 1820 2526">
    <p class='ocr_par' dir='ltr' id='par_1_32' title="bbox 227 2453 1820 2526">
     <span class='ocr_line' id='line_1_32' title="bbox 227 2453 1820 2526; baseline -0.001 -17"><span class='ocrx_word' id='word_1_225' title='bbox 227 2457 535 2526; x_wconf 82' lang='lat' dir='ltr'><strong>presbyteri</strong></span> <span class='ocrx_word' id='word_1_226' title='bbox 568 2456 708 2510; x_wconf 90' lang='lat' dir='ltr'><strong>illius</strong></span> <span class='ocrx_word' id='word_1_227' title='bbox 729 2453 1023 2526; x_wconf 74' lang='lat' dir='ltr'><strong>temporis,</strong></span> <span class='ocrx_word' id='word_1_228' title='bbox 1039 2453 1227 2526; x_wconf 84' lang='lat' dir='ltr'><strong>nuper</strong></span> <span class='ocrx_word' id='word_1_229' title='bbox 1255 2454 1321 2507; x_wconf 89' lang='lat' dir='ltr'><strong>ad</strong></span> <span class='ocrx_word' id='word_1_230' title='bbox 1338 2453 1511 2526; x_wconf 71' lang='lat' dir='ltr'><strong>tidem</strong></span> <span class='ocrx_word' id='word_1_231' title='bbox 1525 2455 1820 2526; x_wconf 80' lang='lat' dir='ltr'><strong>conversi,</strong></span> 
     </span>
    </p>
   </div>
   <div class='ocr_carea' id='block_1_33' title="bbox 227 2523 1823 2589">
    <p class='ocr_par' dir='ltr' id='par_1_33' title="bbox 227 2523 1823 2589">
     <span class='ocr_line' id='line_1_33' title="bbox 227 2523 1823 2589; baseline -0.002 -9"><span class='ocrx_word' id='word_1_232' title='bbox 227 2523 468 2581; x_wconf 80' lang='lat' dir='ltr'><strong>nondum</strong></span> <span class='ocrx_word' id='word_1_233' title='bbox 488 2523 872 2582; x_wconf 82' lang='lat' dir='ltr'><strong>ecclesiasticis</strong></span> <span class='ocrx_word' id='word_1_234' title='bbox 890 2523 1082 2579; x_wconf 75' lang='lat' dir='ltr'><strong>ciliciis</strong></span> <span class='ocrx_word' id='word_1_235' title='bbox 1102 2524 1375 2589; x_wconf 84' lang='lat' dir='ltr'><strong>instructi,</strong></span> <span class='ocrx_word' id='word_1_236' title='bbox 1399 2523 1635 2578; x_wconf 91' lang='lat' dir='ltr'><strong>nondum</strong></span> <span class='ocrx_word' id='word_1_237' title='bbox 1656 2523 1823 2577; x_wconf 89' lang='lat' dir='ltr'><strong>etiam</strong></span> 
     </span>
    </p>
   </div>
   <div class='ocr_carea' id='block_1_34' title="bbox 225 2593 1822 2668">
    <p class='ocr_par' dir='ltr' id='par_1_34' title="bbox 225 2593 1822 2668">
     <span class='ocr_line' id='line_1_34' title="bbox 225 2593 1822 2668; baseline -0.001 -19"><span class='ocrx_word' id='word_1_238' title='bbox 225 2594 494 2668; x_wconf 84' lang='lat' dir='ltr'><strong>librorum</strong></span> <span class='ocrx_word' id='word_1_239' title='bbox 523 2599 675 2668; x_wconf 90' lang='lat' dir='ltr'><strong>copia</strong></span> <span class='ocrx_word' id='word_1_240' title='bbox 702 2596 970 2668; x_wconf 74' lang='lat' dir='ltr'><strong>pr:editi,_</strong></span> <span class='ocrx_word' id='word_1_241' title='bbox 982 2594 1072 2668; x_wconf 81' lang='lat' dir='ltr'><strong>vel</strong></span> <span class='ocrx_word' id='word_1_242' title='bbox 1114 2593 1317 2668; x_wconf 83' lang='lat' dir='ltr'><strong>aliquid</strong></span> <span class='ocrx_word' id='word_1_243' title='bbox 1359 2594 1655 2668; x_wconf 87' lang='lat' dir='ltr'><strong>haberent_,</strong></span> <span class='ocrx_word' id='word_1_244' title='bbox 1698 2608 1822 2648; x_wconf 92' lang='lat' dir='ltr'><strong>cum</strong></span> 
     </span>
    </p>
   </div>
   <div class='ocr_carea' id='block_1_35' title="bbox 264 2664 1817 2735">
    <p class='ocr_par' dir='ltr' id='par_1_35' title="bbox 264 2664 1817 2735">
     <span class='ocr_line' id='line_1_35' title="bbox 264 2664 1817 2735; baseline -0.002 -17"><span class='ocrx_word' id='word_1_245' title='bbox 264 2684 336 2721; x_wconf 90' lang='lat' dir='ltr'><strong>no</strong></span> <span class='ocrx_word' id='word_1_246' title='bbox 377 2664 612 2723; x_wconf 82' lang='lat' dir='ltr'><strong>oﬂicium</strong></span> <span class='ocrx_word' id='word_1_247' title='bbox 658 2664 815 2723; x_wconf 79' lang='lat' dir='ltr'><strong>suum</strong></span> <span class='ocrx_word' id='word_1_248' title='bbox 851 2665 1093 2735; x_wconf 87' lang='lat' dir='ltr'><strong>qualibet</strong></span> <span class='ocrx_word' id='word_1_249' title='bbox 1134 2665 1221 2721; x_wconf 91' lang='lat' dir='ltr'><strong>die</strong></span> <span class='ocrx_word' id='word_1_250' title='bbox 1262 2672 1483 2735; x_wconf 88' lang='lat' dir='ltr'><strong>possent</strong></span> <span class='ocrx_word' id='word_1_251' title='bbox 1522 2664 1758 2733; x_wconf 84' lang='lat' dir='ltr'><strong>explere.</strong></span> <span class='ocrx_word' id='word_1_252' title='bbox 1797 2683 1817 2715; x_wconf 72' lang='grc' dir='ltr'><strong>ι</strong></span> 
     </span>
    </p>
   </div>
   <div class='ocr_carea' id='block_1_36' title="bbox 225 2682 1825 2805">
    <p class='ocr_par' dir='ltr' id='par_1_36' title="bbox 225 2682 1825 2805">
     <span class='ocr_line' id='line_1_36' title="bbox 264 2682 1817 2735; baseline -0.002 -17"><span class='ocrx_word' id='word_1_253' title='bbox 264 2684 336 2721; x_wconf 90' lang='lat' dir='ltr'><strong>no</strong></span> <span class='ocrx_word' id='word_1_254' title='bbox 377 2682 612 2723; x_wconf 79' lang='lat' dir='ltr'><strong>omcium</strong></span> <span class='ocrx_word' id='word_1_255' title='bbox 658 2683 815 2723; x_wconf 90' lang='lat' dir='ltr'><strong>suum</strong></span> <span class='ocrx_word' id='word_1_256' title='bbox 851 2682 1093 2735; x_wconf 78' lang='lat' dir='ltr'><strong>qualibet</strong></span> <span class='ocrx_word' id='word_1_257' title='bbox 1134 2682 1221 2721; x_wconf 83' lang='lat' dir='ltr'><strong>me</strong></span> <span class='ocrx_word' id='word_1_258' title='bbox 1262 2682 1483 2735; x_wconf 80' lang='lat' dir='ltr'><strong>possent</strong></span> <span class='ocrx_word' id='word_1_259' title='bbox 1522 2682 1758 2733; x_wconf 78' lang='lat' dir='ltr'><strong>explere.</strong></span> <span class='ocrx_word' id='word_1_260' title='bbox 1797 2683 1817 2715; x_wconf 72' lang='grc' dir='ltr'><strong>ι</strong></span> 
     </span>
     <span class='ocr_line' id='line_1_37' title="bbox 225 2682 1825 2805; baseline -0.001 -15"><span class='ocrx_word' id='word_1_261' title='bbox 225 2682 402 2803; x_wconf 51' lang='lat' dir='ltr'><strong>gnam</strong></span> <span class='ocrx_word' id='word_1_262' title='bbox 430 2740 547 2793; x_wconf 74' lang='lat' dir='ltr'><strong>IIch</strong></span> <span class='ocrx_word' id='word_1_263' title='bbox 575 2753 606 2792; x_wconf 92' lang='lat' dir='ltr'><strong>a</strong></span> <span class='ocrx_word' id='word_1_264' title='bbox 626 2738 857 2793; x_wconf 80' lang='lat' dir='ltr'><strong>veritate</strong></span> <span class='ocrx_word' id='word_1_265' title='bbox 882 2736 1057 2793; x_wconf 88' lang='lat' dir='ltr'><strong>aliena</strong></span> <span class='ocrx_word' id='word_1_266' title='bbox 1083 2736 1214 2802; x_wconf 88' lang='lat' dir='ltr'><strong>sint,</strong></span> <span class='ocrx_word' id='word_1_267' title='bbox 1245 2736 1585 2790; x_wconf 90' lang='lat' dir='ltr'><strong>eruditorum</strong></span> <span class='ocrx_word' id='word_1_268' title='bbox 1611 2735 1825 2805; x_wconf 85' lang='lat' dir='ltr'><strong>ignorat</strong></span> 
     </span>
    </p>
   </div>
   <div class='ocr_carea' id='block_1_37' title="bbox 223 2804 1824 2864">
    <p class='ocr_par' dir='ltr' id='par_1_37' title="bbox 223 2804 1824 2864">
     <span class='ocr_line' id='line_1_38' title="bbox 223 2804 1824 2864; baseline -0.001 -3"><span class='ocrx_word' id='word_1_269' title='bbox 223 2823 407 2862; x_wconf 85' lang='lat' dir='ltr'><strong>nemo.</strong></span> <span class='ocrx_word' id='word_1_270' title='bbox 445 2808 672 2863; x_wconf 89' lang='lat' dir='ltr'><strong>Beatum</strong></span> <span class='ocrx_word' id='word_1_271' title='bbox 701 2809 847 2864; x_wconf 90' lang='lat' dir='ltr'><strong>enim</strong></span> <span class='ocrx_word' id='word_1_272' title='bbox 873 2807 1161 2862; x_wconf 86' lang='lat' dir='ltr'><strong>Alcuinum</strong></span> <span class='ocrx_word' id='word_1_273' title='bbox 1187 2821 1311 2862; x_wconf 90' lang='lat' dir='ltr'><strong>cum</strong></span> <span class='ocrx_word' id='word_1_274' title='bbox 1334 2813 1524 2860; x_wconf 89' lang='lat' dir='ltr'><strong>sancto</strong></span> <span class='ocrx_word' id='word_1_275' title='bbox 1546 2804 1824 2859; x_wconf 81' lang='lat' dir='ltr'><strong>Bonifacio</strong></span> 
     </span>
    </p>
   </div>
   <div class='ocr_carea' id='block_1_38' title="bbox 222 2874 1821 2949">
    <p class='ocr_par' dir='ltr' id='par_1_38' title="bbox 222 2874 1821 2949">
     <span class='ocr_line' id='line_1_39' title="bbox 222 2874 1821 2949; baseline -0.001 -17"><span class='ocrx_word' id='word_1_276' title='bbox 222 2878 394 2932; x_wconf 86' lang='lat' dir='ltr'><strong>ullam</strong></span> <span class='ocrx_word' id='word_1_277' title='bbox 427 2895 668 2949; x_wconf 90' lang='lat' dir='ltr'><strong>unquam</strong></span> <span class='ocrx_word' id='word_1_278' title='bbox 698 2878 1143 2949; x_wconf 85' lang='lat' dir='ltr'><strong>consuetudinem</strong></span> <span class='ocrx_word' id='word_1_279' title='bbox 1187 2877 1441 2932; x_wconf 88' lang='lat' dir='ltr'><strong>habuisse</strong></span> <span class='ocrx_word' id='word_1_280' title='bbox 1466 2874 1655 2949; x_wconf 80' lang='lat' dir='ltr'><strong>nullibi</strong></span> <span class='ocrx_word' id='word_1_281' title='bbox 1686 2875 1821 2949; x_wconf 78' lang='lat' dir='ltr'><strong>legi-</strong></span> 
     </span>
    </p>
   </div>
   <div class='ocr_carea' id='block_1_39' title="bbox 222 2944 1822 3020">
    <p class='ocr_par' dir='ltr' id='par_1_39' title="bbox 222 2944 1822 3020">
     <span class='ocr_line' id='line_1_40' title="bbox 222 2944 1822 3020; baseline -0.003 -17"><span class='ocrx_word' id='word_1_282' title='bbox 222 2956 350 3013; x_wconf 86' lang='lat' dir='ltr'><strong>tur;</strong></span> <span class='ocrx_word' id='word_1_283' title='bbox 407 2944 715 3020; x_wconf 51' lang='lat' dir='ltr'><strong>qui&#39;etiam</strong></span> <span class='ocrx_word' id='word_1_284' title='bbox 761 2964 903 3004; x_wconf 90' lang='lat' dir='ltr'><strong>anno</strong></span> <span class='ocrx_word' id='word_1_285' title='bbox 934 2947 1073 3012; x_wconf 72' lang='grc'><strong>754,</strong></span> <span class='ocrx_word' id='word_1_286' title='bbox 1123 2961 1231 3017; x_wconf 92' lang='lat' dir='ltr'><strong>quo</strong></span> <span class='ocrx_word' id='word_1_287' title='bbox 1275 2955 1494 3020; x_wconf 78' lang='lat' dir='ltr'><strong>sanctus</strong></span> <span class='ocrx_word' id='word_1_288' title='bbox 1523 2944 1611 2999; x_wconf 91' lang='lat' dir='ltr'><strong>ille</strong></span> <span class='ocrx_word' id='word_1_289' title='bbox 1640 2944 1822 2999; x_wconf 87' lang='lat' dir='ltr'><strong>archi-</strong></span> 
     </span>
    </p>
   </div>
   <div class='ocr_carea' id='block_1_40' title="bbox 223 3017 1824 3091">
    <p class='ocr_par' dir='ltr' id='par_1_40' title="bbox 223 3017 1824 3091">
     <span class='ocr_line' id='line_1_41' title="bbox 223 3017 1824 3091; baseline -0.002 -18"><span class='ocrx_word' id='word_1_290' title='bbox 223 3017 517 3090; x_wconf 81' lang='lat' dir='ltr'><strong>episcopus</strong></span> <span class='ocrx_word' id='word_1_291' title='bbox 546 3021 809 3091; x_wconf 82' lang='lat' dir='ltr'><strong>martyrio</strong></span> <span class='ocrx_word' id='word_1_292' title='bbox 838 3027 1128 3091; x_wconf 73' lang='lat' dir='ltr'><strong>coronatus</strong></span> <span class='ocrx_word' id='word_1_293' title='bbox 1156 3024 1272 3082; x_wconf 91' lang='lat' dir='ltr'><strong>est,</strong></span> <span class='ocrx_word' id='word_1_294' title='bbox 1309 3017 1543 3091; x_wconf 79' lang='lat' dir='ltr'><strong>necdum</strong></span> <span class='ocrx_word' id='word_1_295' title='bbox 1572 3030 1635 3070; x_wconf 91' lang='lat' dir='ltr'><strong>ea</strong></span> <span class='ocrx_word' id='word_1_296' title='bbox 1665 3024 1824 3070; x_wconf 69' lang='lat' dir='ltr'><strong>aetate</strong></span> 
     </span>
    </p>
   </div>
   <div class='ocr_carea' id='block_1_41' title="bbox 223 3087 1821 3156">
    <p class='ocr_par' dir='ltr' id='par_1_41' title="bbox 223 3087 1821 3156">
     <span class='ocr_line' id='line_1_42' title="bbox 223 3087 1821 3156; baseline -0.004 -11"><span class='ocrx_word' id='word_1_297' title='bbox 223 3087 279 3145; x_wconf 76' lang='lat' dir='ltr'><strong>et</strong></span> <span class='ocrx_word' id='word_1_298' title='bbox 306 3087 629 3146; x_wconf 77' lang='lat' dir='ltr'><strong>celebritate</strong></span> <span class='ocrx_word' id='word_1_299' title='bbox 657 3087 890 3145; x_wconf 84' lang='lat' dir='ltr'><strong>nominis</strong></span> <span class='ocrx_word' id='word_1_300' title='bbox 916 3088 1177 3153; x_wconf 84' lang='lat' dir='ltr'><strong>ﬂorebat,</strong></span> <span class='ocrx_word' id='word_1_301' title='bbox 1205 3096 1266 3144; x_wconf 91' lang='lat' dir='ltr'><strong>ut</strong></span> <span class='ocrx_word' id='word_1_302' title='bbox 1291 3087 1466 3143; x_wconf 90' lang='lat' dir='ltr'><strong>eidem</strong></span> <span class='ocrx_word' id='word_1_303' title='bbox 1493 3087 1578 3141; x_wconf 88' lang='lat' dir='ltr'><strong>vir</strong></span> <span class='ocrx_word' id='word_1_304' title='bbox 1605 3095 1821 3156; x_wconf 88' lang='lat' dir='ltr'><strong>aposto-</strong></span> 
     </span>
    </p>
   </div>
   <div class='ocr_carea' id='block_1_42' title="bbox 224 3156 1820 3231">
    <p class='ocr_par' dir='ltr' id='par_1_42' title="bbox 224 3156 1820 3231">
     <span class='ocr_line' id='line_1_43' title="bbox 224 3156 1820 3231; baseline -0.003 -17"><span class='ocrx_word' id='word_1_305' title='bbox 224 3160 364 3215; x_wconf 90' lang='lat' dir='ltr'><strong>licus</strong></span> <span class='ocrx_word' id='word_1_306' title='bbox 391 3161 658 3231; x_wconf 87' lang='lat' dir='ltr'><strong>ejusmodi</strong></span> <span class='ocrx_word' id='word_1_307' title='bbox 688 3160 1025 3231; x_wconf 82' lang='lat' dir='ltr'><strong>provinciam</strong></span> <span class='ocrx_word' id='word_1_308' title='bbox 1050 3157 1262 3231; x_wconf 61' lang='lat' dir='ltr'><strong>deferre</strong></span> <span class='ocrx_word' id='word_1_309' title='bbox 1282 3156 1372 3231; x_wconf 86' lang='lat' dir='ltr'><strong>vel</strong></span> <span class='ocrx_word' id='word_1_310' title='bbox 1399 3159 1693 3231; x_wconf 78' lang='lat' dir='ltr'><strong>potuisset,</strong></span> <span class='ocrx_word' id='word_1_311' title='bbox 1734 3157 1820 3211; x_wconf 85' lang='lat' dir='ltr'><strong>vel</strong></span> 
     </span>
    </p>
   </div>
   <div class='ocr_carea' id='block_1_43' title="bbox 224 3228 1822 3300">
    <p class='ocr_par' dir='ltr' id='par_1_43' title="bbox 224 3228 1822 3300">
     <span class='ocr_line' id='line_1_44' title="bbox 224 3228 1822 3300; baseline -0.003 -15"><span class='ocrx_word' id='word_1_312' title='bbox 224 3228 509 3286; x_wconf 81' lang='lat' dir='ltr'><strong>voluisset.</strong></span> <span class='ocrx_word' id='word_1_313' title='bbox 558 3231 629 3286; x_wconf 86' lang='lat' dir='ltr'><strong>Et</strong></span> <span class='ocrx_word' id='word_1_314' title='bbox 668 3228 737 3286; x_wconf 80' lang='lat' dir='ltr'><strong>ex</strong></span> <span class='ocrx_word' id='word_1_315' title='bbox 774 3231 1002 3300; x_wconf 90' lang='lat' dir='ltr'><strong>epistola</strong></span> <span class='ocrx_word' id='word_1_316' title='bbox 1046 3229 1114 3283; x_wconf 89' lang='lat' dir='ltr'><strong>ad</strong></span> <span class='ocrx_word' id='word_1_317' title='bbox 1157 3229 1452 3300; x_wconf 87' lang='lat' dir='ltr'><strong>Fuldenses</strong></span> <span class='ocrx_word' id='word_1_318' title='bbox 1495 3228 1656 3296; x_wconf 90' lang='lat' dir='ltr'><strong>paulo</strong></span> <span class='ocrx_word' id='word_1_319' title='bbox 1698 3236 1822 3281; x_wconf 90' lang='lat' dir='ltr'><strong>ante</strong></span> 
     </span>
    </p>
   </div>
   <div class='ocr_carea' id='block_1_44' title="bbox 225 3298 1824 3372">
    <p class='ocr_par' dir='ltr' id='par_1_44' title="bbox 225 3298 1824 3372">
     <span class='ocr_line' id='line_1_45' title="bbox 225 3298 1824 3372; baseline -0.003 -15"><span class='ocrx_word' id='word_1_320' title='bbox 225 3303 470 3357; x_wconf 77' lang='lat' dir='ltr'><strong>excitata</strong></span> <span class='ocrx_word' id='word_1_321' title='bbox 510 3310 697 3372; x_wconf 91' lang='lat' dir='ltr'><strong>patet,</strong></span> <span class='ocrx_word' id='word_1_322' title='bbox 746 3298 1036 3372; x_wconf 73' lang='lat' dir='ltr'><strong>Alcuinnm</strong></span> <span class='ocrx_word' id='word_1_323' title='bbox 1076 3300 1294 3372; x_wconf 83' lang='lat' dir='ltr'><strong>quidem</strong></span> <span class='ocrx_word' id='word_1_324' title='bbox 1338 3298 1559 3353; x_wconf 90' lang='lat' dir='ltr'><strong>missam</strong></span> <span class='ocrx_word' id='word_1_325' title='bbox 1604 3313 1824 3366; x_wconf 85' lang='lat' dir='ltr'><strong>compo-</strong></span> 
     </span>
    </p>
   </div>
   <div class='ocr_carea' id='block_1_45' title="bbox 225 3370 1823 3439">
    <p class='ocr_par' dir='ltr' id='par_1_45' title="bbox 225 3370 1823 3439">
     <span class='ocr_line' id='line_1_46' title="bbox 225 3370 1823 3439; baseline -0.003 -12"><span class='ocrx_word' id='word_1_326' title='bbox 225 3375 405 3428; x_wconf 86' lang='lat' dir='ltr'><strong>suisse</strong></span> <span class='ocrx_word' id='word_1_327' title='bbox 434 3373 487 3425; x_wconf 88' lang='lat' dir='ltr'><strong>in</strong></span> <span class='ocrx_word' id='word_1_328' title='bbox 510 3370 780 3428; x_wconf 80' lang='lat' dir='ltr'><strong>honorem</strong></span> <span class='ocrx_word' id='word_1_329' title='bbox 806 3372 979 3428; x_wconf 90' lang='lat' dir='ltr'><strong>sancti</strong></span> <span class='ocrx_word' id='word_1_330' title='bbox 1008 3370 1271 3425; x_wconf 80' lang='lat' dir='ltr'><strong>Bonifacii</strong></span> <span class='ocrx_word' id='word_1_331' title='bbox 1291 3410 1305 3435; x_wconf 93' lang='lat'><strong>,</strong></span> <span class='ocrx_word' id='word_1_332' title='bbox 1338 3384 1447 3423; x_wconf 90' lang='lat' dir='ltr'><strong>non</strong></span> <span class='ocrx_word' id='word_1_333' title='bbox 1473 3384 1603 3423; x_wconf 89' lang='lat' dir='ltr'><strong>vero</strong></span> <span class='ocrx_word' id='word_1_334' title='bbox 1632 3376 1823 3439; x_wconf 87' lang='lat' dir='ltr'><strong>rogatu</strong></span> 
     </span>
    </p>
   </div>
   <div class='ocr_carea' id='block_1_46' title="bbox 225 3440 1819 3508">
    <p class='ocr_par' dir='ltr' id='par_1_46' title="bbox 225 3440 1819 3508">
     <span class='ocr_line' id='line_1_47' title="bbox 225 3440 1819 3508; baseline -0.004 -10"><span class='ocrx_word' id='word_1_335' title='bbox 225 3444 390 3498; x_wconf 91' lang='lat' dir='ltr'><strong>illius.</strong></span> <span class='ocrx_word' id='word_1_336' title='bbox 435 3443 688 3497; x_wconf 86' lang='lat' dir='ltr'><strong>Errorem</strong></span> <span class='ocrx_word' id='word_1_337' title='bbox 718 3444 886 3508; x_wconf 90' lang='lat' dir='ltr'><strong>hunc,</strong></span> <span class='ocrx_word' id='word_1_338' title='bbox 915 3458 984 3497; x_wconf 80' lang='lat' dir='ltr'><strong>ex</strong></span> <span class='ocrx_word' id='word_1_339' title='bbox 1009 3441 1238 3495; x_wconf 88' lang='lat' dir='ltr'><strong>aliorum</strong></span> <span class='ocrx_word' id='word_1_340' title='bbox 1270 3440 1528 3495; x_wconf 89' lang='lat' dir='ltr'><strong>relatione</strong></span> <span class='ocrx_word' id='word_1_341' title='bbox 1552 3447 1784 3493; x_wconf 89' lang='lat' dir='ltr'><strong>tractum</strong></span> <span class='ocrx_word' id='word_1_342' title='bbox 1804 3479 1819 3504; x_wconf 88' lang='lat'><strong>,</strong></span> 
     </span>
    </p>
   </div>
   <div class='ocr_carea' id='block_1_47' title="bbox 226 3510 1821 3584">
    <p class='ocr_par' dir='ltr' id='par_1_47' title="bbox 226 3510 1821 3584">
     <span class='ocr_line' id='line_1_48' title="bbox 226 3510 1821 3584; baseline -0.003 -16"><span class='ocrx_word' id='word_1_343' title='bbox 226 3516 339 3568; x_wconf 87' lang='lat' dir='ltr'><strong>alio</strong></span> <span class='ocrx_word' id='word_1_344' title='bbox 383 3514 626 3568; x_wconf 87' lang='lat' dir='ltr'><strong>cumulat</strong></span> <span class='ocrx_word' id='word_1_345' title='bbox 664 3512 922 3584; x_wconf 65' lang='lat' dir='ltr'><strong>praefatus</strong></span> <span class='ocrx_word' id='word_1_346' title='bbox 962 3519 1151 3566; x_wconf 88' lang='lat' dir='ltr'><strong>auctor</strong></span> <span class='ocrx_word' id='word_1_347' title='bbox 1186 3510 1461 3584; x_wconf 77' lang='lat' dir='ltr'><strong>Micrologi</strong></span> <span class='ocrx_word' id='word_1_348' title='bbox 1488 3550 1503 3575; x_wconf 93' lang='lat'><strong>,</strong></span> <span class='ocrx_word' id='word_1_349' title='bbox 1552 3511 1821 3584; x_wconf 84' lang='lat' dir='ltr'><strong>rationem</strong></span> 
     </span>
    </p>
   </div>
   <div class='ocr_carea' id='block_1_48' title="bbox 223 3580 1821 3654">
    <p class='ocr_par' dir='ltr' id='par_1_48' title="bbox 223 3580 1821 3654">
     <span class='ocr_line' id='line_1_49' title="bbox 223 3580 1821 3654; baseline -0.004 -15"><span class='ocrx_word' id='word_1_350' title='bbox 223 3585 391 3653; x_wconf 84' lang='lat' dir='ltr'><strong>hujus</strong></span> <span class='ocrx_word' id='word_1_351' title='bbox 421 3580 731 3654; x_wconf 79' lang='lat' dir='ltr'><strong>scriptionis</strong></span> <span class='ocrx_word' id='word_1_352' title='bbox 757 3584 989 3647; x_wconf 89' lang='lat' dir='ltr'><strong>addens,</strong></span> <span class='ocrx_word' id='word_1_353' title='bbox 1021 3601 1039 3632; x_wconf 80' lang='grc' dir='ltr'><strong>ι</strong></span> <span class='ocrx_word' id='word_1_354' title='bbox 1067 3590 1160 3654; x_wconf 84' lang='grc' dir='ltr'>ιιι,</span> <span class='ocrx_word' id='word_1_355' title='bbox 1188 3582 1393 3651; x_wconf 87' lang='lat' dir='ltr'><strong>inquit,</strong></span> <span class='ocrx_word' id='word_1_356' title='bbox 1422 3580 1724 3654; x_wconf 69' lang='lat' dir='ltr'><strong>presbyteri</strong></span> <span class='ocrx_word' id='word_1_357' title='bbox 1742 3580 1821 3654; x_wconf 65' lang='grc' dir='ltr'><strong>ΔἱΙ-</strong></span> 
     </span>
    </p>
   </div>
   <div class='ocr_carea' id='block_1_49' title="bbox 225 3650 1822 3736">
    <p class='ocr_par' dir='ltr' id='par_1_49' title="bbox 225 3650 1822 3736">
     <span class='ocr_line' id='line_1_50' title="bbox 225 3650 1822 3736; baseline -0.003 -27"><span class='ocrx_word' id='word_1_358' title='bbox 225 3650 333 3709; x_wconf 86' lang='lat' dir='ltr'><strong>lius</strong></span> <span class='ocrx_word' id='word_1_359' title='bbox 384 3650 646 3736; x_wconf 74' lang='lat' dir='ltr'><strong>temporis</strong></span> <span class='ocrx_word' id='word_1_360' title='bbox 694 3674 712 3706; x_wconf 73' lang='grc' dir='ltr'><strong>ι</strong></span> <span class='ocrx_word' id='word_1_361' title='bbox 767 3657 898 3736; x_wconf 52' lang='lat' dir='ltr'><strong>(quo</strong></span> <span class='ocrx_word' id='word_1_362' title='bbox 945 3653 1201 3736; x_wconf 71' lang='lat' dir='ltr'><strong>nimirum</strong></span> <span class='ocrx_word' id='word_1_363' title='bbox 1247 3659 1467 3736; x_wconf 79' lang='lat' dir='ltr'><strong>sanctus</strong></span> <span class='ocrx_word' id='word_1_364' title='bbox 1495 3650 1822 3736; x_wconf 47' lang='lat' dir='ltr'><strong>&quot;Bonifacius</strong></span> 
     </span>
    </p>
   </div>
   <div class='ocr_carea' id='block_1_50' title="bbox 225 3720 1820 3796">
    <p class='ocr_par' dir='ltr' id='par_1_50' title="bbox 225 3720 1820 3796">
     <span class='ocr_line' id='line_1_51' title="bbox 225 3720 1820 3796; baseline -0.003 -17"><span class='ocrx_word' id='word_1_365' title='bbox 225 3720 531 3796; x_wconf 78' lang='lat' dir='ltr'><strong>apostolico</strong></span> <span class='ocrx_word' id='word_1_366' title='bbox 571 3720 785 3796; x_wconf 79' lang='lat' dir='ltr'><strong>muneri</strong></span> <span class='ocrx_word' id='word_1_367' title='bbox 808 3720 1116 3796; x_wconf 62' lang='lat' dir='ltr'><strong>insudavit)</strong></span> <span class='ocrx_word' id='word_1_368' title='bbox 1146 3741 1164 3773; x_wconf 82' lang='grc' dir='ltr'><strong>ι</strong></span> <span class='ocrx_word' id='word_1_369' title='bbox 1198 3737 1369 3792; x_wconf 88' lang='lat' dir='ltr'><strong>nuper</strong></span> <span class='ocrx_word' id='word_1_370' title='bbox 1394 3722 1461 3775; x_wconf 90' lang='lat' dir='ltr'><strong>ad</strong></span> <span class='ocrx_word' id='word_1_371' title='bbox 1492 3720 1820 3796; x_wconf 32' lang='lat' dir='ltr'><strong>ﬁdem‘con-</strong></span> 
     </span>
    </p>
   </div>
   <div class='ocr_carea' id='block_1_51' title="bbox 222 3790 1820 3865">
    <p class='ocr_par' dir='ltr' id='par_1_51' title="bbox 222 3790 1820 3865">
     <span class='ocr_line' id='line_1_52' title="bbox 222 3790 1820 3865; baseline -0.003 -16"><span class='ocrx_word' id='word_1_372' title='bbox 222 3790 394 3858; x_wconf 80' lang='lat' dir='ltr'><strong>versi,</strong></span> <span class='ocrx_word' id='word_1_373' title='bbox 424 3803 558 3859; x_wconf 90' lang='lat' dir='ltr'><strong>etc.,</strong></span> <span class='ocrx_word' id='word_1_374' title='bbox 590 3795 675 3850; x_wconf 81' lang='lat' dir='ltr'><strong>vel</strong></span> <span class='ocrx_word' id='word_1_375' title='bbox 704 3795 906 3865; x_wconf 90' lang='lat' dir='ltr'><strong>aliquid</strong></span> <span class='ocrx_word' id='word_1_376' title='bbox 936 3790 1231 3865; x_wconf 82' lang='lat' dir='ltr'><strong>haberent,</strong></span> <span class='ocrx_word' id='word_1_377' title='bbox 1276 3790 1544 3865; x_wconf 78' lang='lat' dir='ltr'><strong>cum__quo</strong></span> <span class='ocrx_word' id='word_1_378' title='bbox 1581 3790 1820 3865; x_wconf 56' lang='lat' dir='ltr'><strong>officium</strong></span> 
     </span>
    </p>
   </div>
   <div class='ocr_carea' id='block_1_52' title="bbox 225 3860 1823 3934">
    <p class='ocr_par' dir='ltr' id='par_1_52' title="bbox 225 3860 1823 3934">
     <span class='ocr_line' id='line_1_53' title="bbox 225 3860 1823 3934; baseline -0.002 -14"><span class='ocrx_word' id='word_1_379' title='bbox 225 3882 387 3920; x_wconf 90' lang='lat' dir='ltr'><strong>suum</strong></span> <span class='ocrx_word' id='word_1_380' title='bbox 417 3866 662 3934; x_wconf 87' lang='lat' dir='ltr'><strong>qualibet</strong></span> <span class='ocrx_word' id='word_1_381' title='bbox 690 3866 775 3920; x_wconf 91' lang='lat' dir='ltr'><strong>die</strong></span> <span class='ocrx_word' id='word_1_382' title='bbox 796 3860 1022 3934; x_wconf 83' lang='lat' dir='ltr'><strong>possent</strong></span> <span class='ocrx_word' id='word_1_383' title='bbox 1060 3864 1297 3934; x_wconf 81' lang='lat' dir='ltr'><strong>explere.</strong></span> <span class='ocrx_word' id='word_1_384' title='bbox 1332 3883 1350 3915; x_wconf 74' lang='grc' dir='ltr'><strong>ι</strong></span> <span class='ocrx_word' id='word_1_385' title='bbox 1402 3860 1520 3916; x_wconf 80' lang='lat' dir='ltr'><strong>Nan</strong></span> <span class='ocrx_word' id='word_1_386' title='bbox 1561 3863 1706 3916; x_wconf 90' lang='lat' dir='ltr'><strong>enim</strong></span> <span class='ocrx_word' id='word_1_387' title='bbox 1753 3863 1823 3917; x_wconf 90' lang='lat' dir='ltr'><strong>ad</strong></span> 
     </span>
    </p>
   </div>
   <div class='ocr_carea' id='block_1_53' title="bbox 222 3881 1818 4007">
    <p class='ocr_par' dir='ltr' id='par_1_53' title="bbox 222 3881 1818 4007">
     <span class='ocr_line' id='line_1_54' title="bbox 225 3881 1818 3934; baseline -0.003 -14"><span class='ocrx_word' id='word_1_388' title='bbox 225 3882 387 3920; x_wconf 90' lang='lat' dir='ltr'><strong>suum</strong></span> <span class='ocrx_word' id='word_1_389' title='bbox 417 3881 662 3934; x_wconf 74' lang='lat' dir='ltr'><strong>qualibet</strong></span> <span class='ocrx_word' id='word_1_390' title='bbox 690 3881 775 3920; x_wconf 83' lang='lat' dir='ltr'><strong>me</strong></span> <span class='ocrx_word' id='word_1_391' title='bbox 837 3881 1022 3920; x_wconf 81' lang='lat' dir='ltr'><strong>essent</strong></span> <span class='ocrx_word' id='word_1_392' title='bbox 1060 3881 1297 3934; x_wconf 73' lang='lat' dir='ltr'><strong>explere.</strong></span> <span class='ocrx_word' id='word_1_393' title='bbox 1332 3883 1350 3915; x_wconf 74' lang='grc' dir='ltr'><strong>ι</strong></span> <span class='ocrx_word' id='word_1_394' title='bbox 1404 3881 1520 3916; x_wconf 74' lang='lat' dir='ltr'><strong>non</strong></span> <span class='ocrx_word' id='word_1_395' title='bbox 1561 3881 1706 3916; x_wconf 78' lang='lat' dir='ltr'><strong>enim</strong></span> <span class='ocrx_word' id='word_1_396' title='bbox 1753 3881 1818 3917; x_wconf 87' lang='lat' dir='ltr'><strong>aa</strong></span> 
     </span>
     <span class='ocr_line' id='line_1_55' title="bbox 222 3881 1818 4007; baseline -0.002 -17"><span class='ocrx_word' id='word_1_397' title='bbox 222 3951 389 3991; x_wconf 84' lang='lat' dir='ltr'><strong>nsum</strong></span> <span class='ocrx_word' id='word_1_398' title='bbox 416 3936 680 4007; x_wconf 89' lang='lat' dir='ltr'><strong>ejusmodi</strong></span> <span class='ocrx_word' id='word_1_399' title='bbox 706 3881 978 4006; x_wconf 56' lang='lat' dir='ltr'><strong>publiicum</strong></span> <span class='ocrx_word' id='word_1_400' title='bbox 1007 3934 1093 3989; x_wconf 87' lang='lat' dir='ltr'><strong>vel</strong></span> <span class='ocrx_word' id='word_1_401' title='bbox 1118 3935 1189 4007; x_wconf 82' lang='lat' dir='ltr'><strong>ad</strong></span> <span class='ocrx_word' id='word_1_402' title='bbox 1216 3935 1818 4007; x_wconf 74' lang='lat' dir='ltr'><strong>presbyterornmneo-</strong></span> 
     </span>
    </p>
   </div>
   <div class='ocr_carea' id='block_1_54' title="bbox 224 4003 1820 4062">
    <p class='ocr_par' dir='ltr' id='par_1_54' title="bbox 224 4003 1820 4062">
     <span class='ocr_line' id='line_1_56' title="bbox 224 4003 1820 4062; baseline -0.003 0"><span class='ocrx_word' id='word_1_403' title='bbox 224 4003 619 4062; x_wconf 79' lang='lat' dir='ltr'><strong>conversomm</strong></span> <span class='ocrx_word' id='word_1_404' title='bbox 649 4003 1086 4061; x_wconf 74' lang='lat' dir='ltr'><strong>commoditatem</strong></span> <span class='ocrx_word' id='word_1_405' title='bbox 1117 4005 1308 4060; x_wconf 90' lang='lat' dir='ltr'><strong>beatus</strong></span> <span class='ocrx_word' id='word_1_406' title='bbox 1332 4003 1592 4060; x_wconf 83' lang='lat' dir='ltr'><strong>Alcuinus</strong></span> <span class='ocrx_word' id='word_1_407' title='bbox 1622 4003 1820 4058; x_wconf 87' lang='lat' dir='ltr'><strong>librum</strong></span> 
     </span>
    </p>
   </div>
   <div class='ocr_carea' id='block_1_55' title="bbox 224 4075 1821 4146">
    <p class='ocr_par' dir='ltr' id='par_1_55' title="bbox 224 4075 1821 4146">
     <span class='ocr_line' id='line_1_57' title="bbox 224 4075 1821 4146; baseline -0.003 -14"><span class='ocrx_word' id='word_1_408' title='bbox 224 4076 377 4132; x_wconf 86' lang='lat' dir='ltr'><strong>hunc</strong></span> <span class='ocrx_word' id='word_1_409' title='bbox 401 4076 875 4133; x_wconf 83' lang='lat' dir='ltr'><strong>Sacramentorum</strong></span> <span class='ocrx_word' id='word_1_410' title='bbox 902 4075 1137 4146; x_wconf 81' lang='lat' dir='ltr'><strong>collegit,</strong></span> <span class='ocrx_word' id='word_1_411' title='bbox 1162 4075 1258 4130; x_wconf 89' lang='lat' dir='ltr'><strong>sed</strong></span> <span class='ocrx_word' id='word_1_412' title='bbox 1277 4075 1345 4129; x_wconf 89' lang='lat' dir='ltr'><strong>ad</strong></span> <span class='ocrx_word' id='word_1_413' title='bbox 1368 4089 1527 4129; x_wconf 91' lang='lat' dir='ltr'><strong>usum</strong></span> <span class='ocrx_word' id='word_1_414' title='bbox 1550 4075 1821 4146; x_wconf 88' lang='lat' dir='ltr'><strong>privatum</strong></span> 
     </span>
    </p>
   </div>
   <div class='ocr_carea' id='block_1_56' title="bbox 227 4145 1824 4218">
    <p class='ocr_par' dir='ltr' id='par_1_56' title="bbox 227 4145 1824 4218">
     <span class='ocr_line' id='line_1_58' title="bbox 227 4145 1824 4218; baseline -0.001 -16"><span class='ocrx_word' id='word_1_415' title='bbox 227 4164 295 4203; x_wconf 89' lang='lat' dir='ltr'><strong>ac</strong></span> <span class='ocrx_word' id='word_1_416' title='bbox 315 4148 661 4203; x_wconf 85' lang='lat' dir='ltr'><strong>devotionem</strong></span> <span class='ocrx_word' id='word_1_417' title='bbox 684 4145 1065 4218; x_wconf 85' lang='lat' dir='ltr'><strong>presbyteroru</strong></span> <span class='ocrx_word' id='word_1_418' title='bbox 1075 4147 1557 4218; x_wconf 15' lang='lat' dir='ltr'><strong>m,gmo_nachorum</strong></span> <span class='ocrx_word' id='word_1_419' title='bbox 1580 4152 1636 4199; x_wconf 91' lang='lat' dir='ltr'><strong>et</strong></span> <span class='ocrx_word' id='word_1_420' title='bbox 1656 4145 1824 4218; x_wconf 78' lang='lat' dir='ltr'><strong>eccle-</strong></span> 
     </span>
    </p>
   </div>
   <div class='ocr_carea' id='block_1_57' title="bbox 228 4215 1822 4288">
    <p class='ocr_par' dir='ltr' id='par_1_57' title="bbox 228 4215 1822 4288">
     <span class='ocr_line' id='line_1_59' title="bbox 228 4215 1822 4288; baseline -0.002 -14"><span class='ocrx_word' id='word_1_421' title='bbox 228 4219 463 4284; x_wconf 79' lang='lat' dir='ltr'><strong>siarum,</strong></span> <span class='ocrx_word' id='word_1_422' title='bbox 510 4233 629 4288; x_wconf 62' lang='lat' dir='ltr'><strong>quae</strong></span> <span class='ocrx_word' id='word_1_423' title='bbox 674 4215 729 4272; x_wconf 81' lang='lat' dir='ltr'><strong>in</strong></span> <span class='ocrx_word' id='word_1_424' title='bbox 774 4215 938 4272; x_wconf 84' lang='lat' dir='ltr'><strong>rebus</strong></span> <span class='ocrx_word' id='word_1_425' title='bbox 977 4216 1358 4272; x_wconf 90' lang='lat' dir='ltr'><strong>ecclesiasticis</strong></span> <span class='ocrx_word' id='word_1_426' title='bbox 1404 4215 1547 4271; x_wconf 90' lang='lat' dir='ltr'><strong>haud</strong></span> <span class='ocrx_word' id='word_1_427' title='bbox 1591 4216 1822 4286; x_wconf 86' lang='lat' dir='ltr'><strong>amplius</strong></span> 
     </span>
    </p>
   </div>
   <div class='ocr_carea' id='block_1_58' title="bbox 226 4290 657 4345">
    <p class='ocr_par' dir='ltr' id='par_1_58' title="bbox 226 4290 657 4345">
     <span class='ocr_line' id='line_1_60' title="bbox 226 4290 657 4345; baseline -0.009 0"><span class='ocrx_word' id='word_1_428' title='bbox 226 4299 390 4345; x_wconf 87' lang='lat' dir='ltr'><strong>erant</strong></span> <span class='ocrx_word' id='word_1_429' title='bbox 420 4290 657 4345; x_wconf 69' lang='lat' dir='ltr'><strong>novitize.</strong></span> 
     </span>
    </p>
   </div>
   <div class='ocr_carea' id='block_1_59' title="bbox 300 4356 1817 4431">
    <p class='ocr_par' dir='ltr' id='par_1_59' title="bbox 300 4356 1817 4431">
     <span class='ocr_line' id='line_1_61' title="bbox 300 4356 1817 4431; baseline -0.001 -18"><span class='ocrx_word' id='word_1_430' title='bbox 300 4360 467 4415; x_wconf 81' lang='lat' dir='ltr'><strong>Aliud</strong></span> <span class='ocrx_word' id='word_1_431' title='bbox 488 4360 842 4431; x_wconf 21' lang='lat' dir='ltr'><strong>posteagidem</strong></span> <span class='ocrx_word' id='word_1_432' title='bbox 866 4360 1118 4430; x_wconf 86' lang='lat' dir='ltr'><strong>scriptor,</strong></span> <span class='ocrx_word' id='word_1_433' title='bbox 1138 4373 1330 4413; x_wconf 90' lang='lat' dir='ltr'><strong>rursus</strong></span> <span class='ocrx_word' id='word_1_434' title='bbox 1351 4356 1544 4431; x_wconf 65' lang='lat' dir='ltr'><strong>exlide</strong></span> <span class='ocrx_word' id='word_1_435' title='bbox 1565 4356 1817 4425; x_wconf 91' lang='lat' dir='ltr'><strong>aliorum,</strong></span> 
     </span>
    </p>
   </div>
   <div class='ocr_carea' id='block_1_60' title="bbox 228 4429 1819 4497">
    <p class='ocr_par' dir='ltr' id='par_1_60' title="bbox 228 4429 1819 4497">
     <span class='ocr_line' id='line_1_62' title="bbox 228 4429 1819 4497; baseline 0.001 -15"><span class='ocrx_word' id='word_1_436' title='bbox 228 4429 414 4484; x_wconf 80' lang='lat' dir='ltr'><strong>Albini</strong></span> <span class='ocrx_word' id='word_1_437' title='bbox 458 4429 516 4485; x_wconf 75' lang='lat' dir='ltr'><strong>in</strong></span> <span class='ocrx_word' id='word_1_438' title='bbox 552 4430 613 4485; x_wconf 93' lang='lat' dir='ltr'><strong>S.</strong></span> <span class='ocrx_word' id='word_1_439' title='bbox 642 4429 883 4484; x_wconf 78' lang='lat' dir='ltr'><strong>Ecclesia</strong></span> <span class='ocrx_word' id='word_1_440' title='bbox 923 4429 1066 4484; x_wconf 82' lang='lat' dir='ltr'><strong>haud</strong></span> <span class='ocrx_word' id='word_1_441' title='bbox 1097 4429 1529 4483; x_wconf 84' lang='lat' dir='ltr'><strong>contemnendum</strong></span> <span class='ocrx_word' id='word_1_442' title='bbox 1560 4445 1688 4497; x_wconf 85' lang='lat' dir='ltr'><strong>opus</strong></span> <span class='ocrx_word' id='word_1_443' title='bbox 1728 4444 1819 4484; x_wconf 89' lang='lat' dir='ltr'><strong>re-</strong></span> 
     </span>
    </p>
   </div>
   <div class='ocr_carea' id='block_1_61' title="bbox 228 4498 1819 4572">
    <p class='ocr_par' dir='ltr' id='par_1_61' title="bbox 228 4498 1819 4572">
     <span class='ocr_line' id='line_1_63' title="bbox 228 4498 1819 4572; baseline 0 -17"><span class='ocrx_word' id='word_1_444' title='bbox 228 4509 443 4572; x_wconf 80' lang='lat' dir='ltr'><strong>censet.</strong></span> <span class='ocrx_word' id='word_1_445' title='bbox 478 4520 496 4551; x_wconf 82' lang='grc' dir='ltr'><strong>ι</strong></span> <span class='ocrx_word' id='word_1_446' title='bbox 526 4500 680 4565; x_wconf 77' lang='lat' dir='ltr'><strong>Nam,</strong></span> <span class='ocrx_word' id='word_1_447' title='bbox 707 4501 900 4572; x_wconf 88' lang='lat' dir='ltr'><strong>inquit,</strong></span> <span class='ocrx_word' id='word_1_448' title='bbox 921 4499 1288 4572; x_wconf 85' lang='lat' dir='ltr'><strong>Gregorianas</strong></span> <span class='ocrx_word' id='word_1_449' title='bbox 1308 4500 1581 4572; x_wconf 87' lang='lat' dir='ltr'><strong>orationes</strong></span> <span class='ocrx_word' id='word_1_450' title='bbox 1604 4498 1819 4572; x_wconf 82' lang='lat' dir='ltr'><strong>inlibro</strong></span> 
     </span>
    </p>
   </div>
   <div class='ocr_carea' id='block_1_62' title="bbox 229 4570 1820 4642">
    <p class='ocr_par' dir='ltr' id='par_1_62' title="bbox 229 4570 1820 4642">
     <span class='ocr_line' id='line_1_64' title="bbox 229 4570 1820 4642; baseline 0 -17"><span class='ocrx_word' id='word_1_451' title='bbox 229 4570 713 4626; x_wconf 85' lang='lat' dir='ltr'><strong>Sacramentorum</strong></span> <span class='ocrx_word' id='word_1_452' title='bbox 741 4571 1022 4642; x_wconf 82' lang='lat' dir='ltr'><strong>collegisse</strong></span> <span class='ocrx_word' id='word_1_453' title='bbox 1042 4570 1333 4636; x_wconf 60' lang='lat' dir='ltr'><strong>&#39;asseritur,</strong></span> <span class='ocrx_word' id='word_1_454' title='bbox 1365 4570 1554 4640; x_wconf 87' lang='lat' dir='ltr'><strong>paucis</strong></span> <span class='ocrx_word' id='word_1_455' title='bbox 1582 4570 1702 4625; x_wconf 91' lang='lat' dir='ltr'><strong>aliis</strong></span> <span class='ocrx_word' id='word_1_456' title='bbox 1738 4571 1820 4625; x_wconf 92' lang='lat' dir='ltr'><strong>in-</strong></span> 
     </span>
    </p>
   </div>
   <div class='ocr_carea' id='block_1_63' title="bbox 228 4641 1819 4712">
    <p class='ocr_par' dir='ltr' id='par_1_63' title="bbox 228 4641 1819 4712">
     <span class='ocr_line' id='line_1_65' title="bbox 228 4641 1819 4712; baseline -0.001 -16"><span class='ocrx_word' id='word_1_457' title='bbox 228 4642 500 4710; x_wconf 76' lang='lat' dir='ltr'><strong>teriectis,</strong></span> <span class='ocrx_word' id='word_1_458' title='bbox 530 4658 666 4712; x_wconf 84' lang='lat' dir='ltr'><strong>quas</strong></span> <span class='ocrx_word' id='word_1_459' title='bbox 695 4641 899 4712; x_wconf 81' lang='lat' dir='ltr'><strong>tamen</strong></span> <span class='ocrx_word' id='word_1_460' title='bbox 918 4641 1019 4696; x_wconf 91' lang='lat' dir='ltr'><strong>sub</strong></span> <span class='ocrx_word' id='word_1_461' title='bbox 1053 4642 1210 4697; x_wconf 88' lang='lat' dir='ltr'><strong>obelo</strong></span> <span class='ocrx_word' id='word_1_462' title='bbox 1238 4642 1504 4712; x_wconf 88' lang='lat' dir='ltr'><strong>notandas</strong></span> <span class='ocrx_word' id='word_1_463' title='bbox 1531 4656 1652 4696; x_wconf 90' lang='lat' dir='ltr'><strong>esse</strong></span> <span class='ocrx_word' id='word_1_464' title='bbox 1680 4641 1819 4695; x_wconf 88' lang='lat' dir='ltr'><strong>indi-</strong></span> 
     </span>
    </p>
   </div>
   <div class='ocr_carea' id='block_1_64' title="bbox 228 4711 1818 4781">
    <p class='ocr_par' dir='ltr' id='par_1_64' title="bbox 228 4711 1818 4781">
     <span class='ocr_line' id='line_1_66' title="bbox 228 4711 1818 4781; baseline 0 -14"><span class='ocrx_word' id='word_1_465' title='bbox 228 4713 401 4767; x_wconf 85' lang='lat' dir='ltr'><strong>cavit.</strong></span> <span class='ocrx_word' id='word_1_466' title='bbox 450 4711 652 4767; x_wconf 87' lang='lat' dir='ltr'><strong>Deinde</strong></span> <span class='ocrx_word' id='word_1_467' title='bbox 682 4711 817 4766; x_wconf 91' lang='lat' dir='ltr'><strong>alias</strong></span> <span class='ocrx_word' id='word_1_468' title='bbox 840 4712 1133 4776; x_wconf 87' lang='lat' dir='ltr'><strong>orationes,</strong></span> <span class='ocrx_word' id='word_1_469' title='bbox 1180 4712 1292 4767; x_wconf 91' lang='lat' dir='ltr'><strong>sive</strong></span> <span class='ocrx_word' id='word_1_470' title='bbox 1325 4711 1685 4781; x_wconf 63' lang='lat' dir='ltr'><strong>praefationes,</strong></span> <span class='ocrx_word' id='word_1_471' title='bbox 1716 4714 1818 4767; x_wconf 90' lang='lat' dir='ltr'><strong>etsi</strong></span> 
     </span>
    </p>
   </div>
   <div class='ocr_carea' id='block_1_65' title="bbox 230 4782 1820 4854">
    <p class='ocr_par' dir='ltr' id='par_1_65' title="bbox 230 4782 1820 4854">
     <span class='ocr_line' id='line_1_67' title="bbox 230 4782 1820 4854; baseline 0.001 -18"><span class='ocrx_word' id='word_1_472' title='bbox 230 4798 342 4836; x_wconf 93' lang='lat' dir='ltr'><strong>non</strong></span> <span class='ocrx_word' id='word_1_473' title='bbox 400 4782 764 4854; x_wconf 86' lang='lat' dir='ltr'><strong>Gregorianas</strong></span> <span class='ocrx_word' id='word_1_474' title='bbox 787 4824 801 4846; x_wconf 92' lang='lat'><strong>,</strong></span> <span class='ocrx_word' id='word_1_475' title='bbox 857 4783 1233 4837; x_wconf 57' lang='lat' dir='ltr'><strong>ecclesiasticae</strong></span> <span class='ocrx_word' id='word_1_476' title='bbox 1286 4791 1463 4837; x_wconf 91' lang='lat' dir='ltr'><strong>tamen</strong></span> <span class='ocrx_word' id='word_1_477' title='bbox 1514 4783 1820 4838; x_wconf 89' lang='lat' dir='ltr'><strong>celebritati</strong></span> 
     </span>
    </p>
   </div>
   <div class='ocr_carea' id='block_1_66' title="bbox 229 4853 1819 4923">
    <p class='ocr_par' dir='ltr' id='par_1_66' title="bbox 229 4853 1819 4923">
     <span class='ocr_line' id='line_1_68' title="bbox 229 4853 1819 4923; baseline 0 -16"><span class='ocrx_word' id='word_1_478' title='bbox 229 4854 461 4908; x_wconf 88' lang='lat' dir='ltr'><strong>idoneas</strong></span> <span class='ocrx_word' id='word_1_479' title='bbox 490 4853 723 4923; x_wconf 80' lang='lat' dir='ltr'><strong>cbllegit,</strong></span> <span class='ocrx_word' id='word_1_480' title='bbox 755 4854 894 4909; x_wconf 88' lang='lat' dir='ltr'><strong>sicut</strong></span> <span class='ocrx_word' id='word_1_481' title='bbox 921 4854 1175 4923; x_wconf 85' lang='lat' dir='ltr'><strong>prologns</strong></span> <span class='ocrx_word' id='word_1_482' title='bbox 1202 4861 1452 4918; x_wconf 88' lang='lat' dir='ltr'><strong>testatur,</strong></span> <span class='ocrx_word' id='word_1_483' title='bbox 1498 4868 1657 4920; x_wconf 88' lang='lat' dir='ltr'><strong>quem</strong></span> <span class='ocrx_word' id='word_1_484' title='bbox 1698 4860 1819 4922; x_wconf 87' lang='lat' dir='ltr'><strong>post</strong></span> 
     </span>
    </p>
   </div>
   <div class='ocr_carea' id='block_1_67' title="bbox 227 4923 1820 4994">
    <p class='ocr_par' dir='ltr' id='par_1_67' title="bbox 227 4923 1820 4994">
     <span class='ocr_line' id='line_1_69' title="bbox 227 4923 1820 4994; baseline 0.001 -16"><span class='ocrx_word' id='word_1_485' title='bbox 227 4923 602 4993; x_wconf 85' lang='lat' dir='ltr'><strong>Gregorianas</strong></span> <span class='ocrx_word' id='word_1_486' title='bbox 628 4924 901 4979; x_wconf 88' lang='lat' dir='ltr'><strong>orationes</strong></span> <span class='ocrx_word' id='word_1_487' title='bbox 930 4924 981 4977; x_wconf 93' lang='lat' dir='ltr'><strong>in</strong></span> <span class='ocrx_word' id='word_1_488' title='bbox 1022 4925 1197 4979; x_wconf 90' lang='lat' dir='ltr'><strong>medio</strong></span> <span class='ocrx_word' id='word_1_489' title='bbox 1220 4924 1460 4994; x_wconf 84' lang='lat' dir='ltr'><strong>ejusdem</strong></span> <span class='ocrx_word' id='word_1_490' title='bbox 1496 4924 1620 4978; x_wconf 88' lang='lat' dir='ltr'><strong>libri</strong></span> <span class='ocrx_word' id='word_1_491' title='bbox 1656 4923 1820 4979; x_wconf 85' lang='lat' dir='ltr'><strong>collo-</strong></span> 
     </span>
    </p>
   </div>
   <div class='ocr_carea' id='block_1_68' title="bbox 228 4994 1819 5066">
    <p class='ocr_par' dir='ltr' id='par_1_68' title="bbox 228 4994 1819 5066">
     <span class='ocr_line' id='line_1_70' title="bbox 228 4994 1819 5066; baseline -0.001 -16"><span class='ocrx_word' id='word_1_492' title='bbox 228 4996 401 5066; x_wconf 81' lang='lat' dir='ltr'><strong>cavit.</strong></span> <span class='ocrx_word' id='word_1_493' title='bbox 438 5016 458 5046; x_wconf 74' lang='grc' dir='ltr'><strong>ι</strong></span> <span class='ocrx_word' id='word_1_494' title='bbox 495 5014 513 5045; x_wconf 82' lang='grc' dir='ltr'><strong>ι</strong></span> <span class='ocrx_word' id='word_1_495' title='bbox 547 4995 675 5066; x_wconf 63' lang='lat' dir='ltr'><strong>Quae</strong></span> <span class='ocrx_word' id='word_1_496' title='bbox 714 4996 878 5066; x_wconf 77' lang='lat' dir='ltr'><strong>verba</strong></span> <span class='ocrx_word' id='word_1_497' title='bbox 930 4994 1145 5066; x_wconf 90' lang='lat' dir='ltr'><strong>(inquit</strong></span> <span class='ocrx_word' id='word_1_498' title='bbox 1204 4994 1354 5066; x_wconf 82' lang='lat' dir='ltr'><strong>Ilugo</strong></span> <span class='ocrx_word' id='word_1_499' title='bbox 1418 4994 1721 5066; x_wconf 81' lang='lat' dir='ltr'><strong>Menardus,</strong></span> <span class='ocrx_word' id='word_1_500' title='bbox 1763 4996 1819 5049; x_wconf 92' lang='lat' dir='ltr'><strong>in</strong></span> 
     </span>
    </p>
   </div>
   <div class='ocr_carea' id='block_1_69' title="bbox 267 5064 1819 5136">
    <p class='ocr_par' dir='ltr' id='par_1_69' title="bbox 267 5064 1819 5136">
     <span class='ocr_line' id='line_1_71' title="bbox 267 5064 1819 5136; baseline 0.001 -17"><span class='ocrx_word' id='word_1_501' title='bbox 267 5065 446 5119; x_wconf 73' lang='lat' dir='ltr'><strong>rrefat.</strong></span> <span class='ocrx_word' id='word_1_502' title='bbox 478 5068 545 5120; x_wconf 87' lang='lat' dir='ltr'><strong>ad</strong></span> <span class='ocrx_word' id='word_1_503' title='bbox 577 5065 697 5119; x_wconf 88' lang='lat' dir='ltr'><strong>libr.</strong></span> <span class='ocrx_word' id='word_1_504' title='bbox 729 5064 1063 5123; x_wconf 79' lang='lat' dir='ltr'><strong>Sacranient.</strong></span> <span class='ocrx_word' id='word_1_505' title='bbox 1088 5066 1259 5119; x_wconf 89' lang='lat' dir='ltr'><strong>sancti</strong></span> <span class='ocrx_word' id='word_1_506' title='bbox 1284 5064 1553 5136; x_wconf 79' lang='lat' dir='ltr'><strong>Gregorii,</strong></span> <span class='ocrx_word' id='word_1_507' title='bbox 1584 5064 1819 5133; x_wconf 90' lang='lat' dir='ltr'><strong>Opernm</strong></span> 
     </span>
    </p>
   </div>
   <div class='ocr_carea' id='block_1_70' title="bbox 270 5134 1821 5207">
    <p class='ocr_par' dir='ltr' id='par_1_70' title="bbox 270 5134 1821 5207">
     <span class='ocr_line' id='line_1_72' title="bbox 270 5134 1821 5207; baseline -0.001 -16"><span class='ocrx_word' id='word_1_508' title='bbox 270 5138 400 5207; x_wconf 89' lang='lat' dir='ltr'><strong>ujus</strong></span> <span class='ocrx_word' id='word_1_509' title='bbox 429 5139 602 5207; x_wconf 84' lang='lat' dir='ltr'><strong>sancti</strong></span> <span class='ocrx_word' id='word_1_510' title='bbox 631 5136 1075 5207; x_wconf 17' lang='lat' dir='ltr'><strong>pontiﬁcisgtom.</strong></span> <span class='ocrx_word' id='word_1_511' title='bbox 1108 5136 1196 5202; x_wconf 90' lang='lat' dir='ltr'><strong>Ill,</strong></span> <span class='ocrx_word' id='word_1_512' title='bbox 1222 5151 1343 5207; x_wconf 80' lang='lat' dir='ltr'><strong>pag.</strong></span> <span class='ocrx_word' id='word_1_513' title='bbox 1376 5134 1444 5189; x_wconf 68' lang='lat'><strong>{‘2</strong></span> <span class='ocrx_word' id='word_1_514' title='bbox 1471 5134 1821 5206; x_wconf 72' lang='lat' dir='ltr'><strong>[Patrologite</strong></span> 
     </span>
    </p>
   </div>
   <div class='ocr_carea' id='block_1_71' title="bbox 225 5205 1821 5278">
    <p class='ocr_par' dir='ltr' id='par_1_71' title="bbox 225 5205 1821 5278">
     <span class='ocr_line' id='line_1_73' title="bbox 225 5205 1821 5278; baseline 0.001 -18"><span class='ocrx_word' id='word_1_515' title='bbox 225 5205 385 5278; x_wconf 71' lang='lat' dir='ltr'><strong>torno</strong></span> <span class='ocrx_word' id='word_1_516' title='bbox 417 5206 811 5278; x_wconf 75' lang='lat' dir='ltr'><strong>LXXVlll,col.</strong></span> <span class='ocrx_word' id='word_1_517' title='bbox 841 5205 957 5278; x_wconf 72' lang='grc'><strong>24])</strong></span> <span class='ocrx_word' id='word_1_518' title='bbox 981 5207 1238 5278; x_wconf 83' lang='lat' dir='ltr'><strong>indicant,</strong></span> <span class='ocrx_word' id='word_1_519' title='bbox 1255 5205 1509 5261; x_wconf 84' lang='lat' dir='ltr'><strong>Albinum</strong></span> <span class='ocrx_word' id='word_1_520' title='bbox 1539 5206 1821 5278; x_wconf 80' lang='lat' dir='ltr'><strong>scripsisse</strong></span> 
     </span>
    </p>
   </div>
   <div class='ocr_carea' id='block_1_72' title="bbox 225 5276 1821 5333">
    <p class='ocr_par' dir='ltr' id='par_1_72' title="bbox 225 5276 1821 5333">
     <span class='ocr_line' id='line_1_74' title="bbox 225 5276 1821 5333; baseline 0 0"><span class='ocrx_word' id='word_1_521' title='bbox 225 5276 437 5333; x_wconf 83' lang='lat' dir='ltr'><strong>librum</strong></span> <span class='ocrx_word' id='word_1_522' title='bbox 466 5276 944 5332; x_wconf 39' lang='lat' dir='ltr'><strong>Sacramentorum&#39;</strong></span> <span class='ocrx_word' id='word_1_523' title='bbox 967 5277 1196 5332; x_wconf 90' lang='lat' dir='ltr'><strong>similem</strong></span> <span class='ocrx_word' id='word_1_524' title='bbox 1224 5277 1459 5331; x_wconf 81' lang='lat' dir='ltr'><strong>Rodradi</strong></span> <span class='ocrx_word' id='word_1_525' title='bbox 1485 5284 1538 5330; x_wconf 90' lang='lat' dir='ltr'><strong>et</strong></span> <span class='ocrx_word' id='word_1_526' title='bbox 1557 5276 1821 5333; x_wconf 89' lang='lat' dir='ltr'><strong>Grimoldi</strong></span> 
     </span>
    </p>
   </div>
   <div class='ocr_carea' id='block_1_73' title="bbox 226 5348 1821 5418">
    <p class='ocr_par' dir='ltr' id='par_1_73' title="bbox 226 5348 1821 5418">
     <span class='ocr_line' id='line_1_75' title="bbox 226 5348 1821 5418; baseline -0.001 -15"><span class='ocrx_word' id='word_1_527' title='bbox 226 5348 543 5403; x_wconf 88' lang='lat' dir='ltr'><strong>codicibus.</strong></span> <span class='ocrx_word' id='word_1_528' title='bbox 576 5368 595 5401; x_wconf 73' lang='grc' dir='ltr'><strong>ι</strong></span> <span class='ocrx_word' id='word_1_529' title='bbox 642 5348 698 5402; x_wconf 87' lang='grc' dir='ltr'><strong>1η</strong></span> <span class='ocrx_word' id='word_1_530' title='bbox 726 5348 922 5418; x_wconf 89' lang='lat' dir='ltr'><strong>quibus</strong></span> <span class='ocrx_word' id='word_1_531' title='bbox 948 5348 1204 5402; x_wconf 90' lang='lat' dir='ltr'><strong>nimirum</strong></span> <span class='ocrx_word' id='word_1_532' title='bbox 1231 5348 1424 5403; x_wconf 89' lang='lat' dir='ltr'><strong>similis</strong></span> <span class='ocrx_word' id='word_1_533' title='bbox 1453 5348 1694 5418; x_wconf 62' lang='lat' dir='ltr'><strong>prtefatio</strong></span> <span class='ocrx_word' id='word_1_534' title='bbox 1724 5349 1821 5401; x_wconf 90' lang='lat' dir='ltr'><strong>ha-</strong></span> 
     </span>
    </p>
   </div>
   <div class='ocr_carea' id='block_1_74' title="bbox 225 5418 1824 5489">
    <p class='ocr_par' dir='ltr' id='par_1_74' title="bbox 225 5418 1824 5489">
     <span class='ocr_line' id='line_1_76' title="bbox 225 5418 1824 5489; baseline -0.001 -14"><span class='ocrx_word' id='word_1_535' title='bbox 225 5421 399 5475; x_wconf 85' lang='lat' dir='ltr'><strong>betur</strong></span> <span class='ocrx_word' id='word_1_536' title='bbox 446 5420 622 5474; x_wconf 90' lang='lat' dir='ltr'><strong>media</strong></span> <span class='ocrx_word' id='word_1_537' title='bbox 669 5419 812 5473; x_wconf 90' lang='lat' dir='ltr'><strong>inter</strong></span> <span class='ocrx_word' id='word_1_538' title='bbox 852 5418 1213 5489; x_wconf 82' lang='lat' dir='ltr'><strong>Gregorianas</strong></span> <span class='ocrx_word' id='word_1_539' title='bbox 1252 5426 1307 5473; x_wconf 89' lang='lat' dir='ltr'><strong>et</strong></span> <span class='ocrx_word' id='word_1_540' title='bbox 1343 5419 1555 5489; x_wconf 85' lang='lat' dir='ltr'><strong>additas</strong></span> <span class='ocrx_word' id='word_1_541' title='bbox 1595 5419 1661 5470; x_wconf 88' lang='lat' dir='ltr'><strong>ab</strong></span> <span class='ocrx_word' id='word_1_542' title='bbox 1704 5418 1824 5473; x_wconf 89' lang='lat' dir='ltr'><strong>aliis</strong></span> 
     </span>
    </p>
   </div>
   <div class='ocr_carea' id='block_1_75' title="bbox 224 5488 1821 5560">
    <p class='ocr_par' dir='ltr' id='par_1_75' title="bbox 224 5488 1821 5560">
     <span class='ocr_line' id='line_1_77' title="bbox 224 5488 1821 5560; baseline -0.003 -13"><span class='ocrx_word' id='word_1_543' title='bbox 224 5492 532 5547; x_wconf 75' lang='lat' dir='ltr'><strong>orationes.</strong></span> <span class='ocrx_word' id='word_1_544' title='bbox 567 5490 674 5545; x_wconf 86' lang='lat' dir='ltr'><strong>Nec</strong></span> <span class='ocrx_word' id='word_1_545' title='bbox 694 5496 888 5559; x_wconf 88' lang='lat' dir='ltr'><strong>potest,</strong></span> <span class='ocrx_word' id='word_1_546' title='bbox 914 5488 1088 5560; x_wconf 77' lang='lat' dir='ltr'><strong>inquit</strong></span> <span class='ocrx_word' id='word_1_547' title='bbox 1106 5490 1352 5544; x_wconf 88' lang='lat' dir='ltr'><strong>laudatus</strong></span> <span class='ocrx_word' id='word_1_548' title='bbox 1372 5488 1821 5560; x_wconf 82' lang='lat' dir='ltr'><strong>Menardus,_esse</strong></span> 
     </span>
    </p>
   </div>
   <div class='ocr_carea' id='block_1_76' title="bbox 223 5558 1821 5629">
    <p class='ocr_par' dir='ltr' id='par_1_76' title="bbox 223 5558 1821 5629">
     <span class='ocr_line' id='line_1_78' title="bbox 223 5558 1821 5629; baseline -0.003 -12"><span class='ocrx_word' id='word_1_549' title='bbox 223 5577 394 5617; x_wconf 88' lang='lat' dir='ltr'><strong>error</strong></span> <span class='ocrx_word' id='word_1_550' title='bbox 420 5561 656 5624; x_wconf 90' lang='lat' dir='ltr'><strong>librarii,</strong></span> <span class='ocrx_word' id='word_1_551' title='bbox 689 5558 749 5614; x_wconf 83' lang='lat' dir='ltr'><strong>ut</strong></span> <span class='ocrx_word' id='word_1_552' title='bbox 771 5560 884 5614; x_wconf 91' lang='lat' dir='ltr'><strong>vult</strong></span> <span class='ocrx_word' id='word_1_553' title='bbox 912 5558 1209 5625; x_wconf 80' lang='lat' dir='ltr'><strong>Painelius,</strong></span> <span class='ocrx_word' id='word_1_554' title='bbox 1248 5560 1340 5629; x_wconf 91' lang='lat' dir='ltr'><strong>qui</strong></span> <span class='ocrx_word' id='word_1_555' title='bbox 1369 5560 1646 5629; x_wconf 88' lang='lat' dir='ltr'><strong>scripserit</strong></span> <span class='ocrx_word' id='word_1_556' title='bbox 1673 5558 1821 5613; x_wconf 80' lang='lat' dir='ltr'><strong>Albi—</strong></span> 
     </span>
    </p>
   </div>
   <div class='ocr_carea' id='block_1_77' title="bbox 224 5630 1820 5702">
    <p class='ocr_par' dir='ltr' id='par_1_77' title="bbox 224 5630 1820 5702">
     <span class='ocr_line' id='line_1_79' title="bbox 224 5630 1820 5702; baseline -0.002 -15"><span class='ocrx_word' id='word_1_557' title='bbox 224 5648 339 5687; x_wconf 86' lang='lat' dir='ltr'><strong>nus</strong></span> <span class='ocrx_word' id='word_1_558' title='bbox 392 5647 492 5702; x_wconf 90' lang='lat' dir='ltr'><strong>pro</strong></span> <span class='ocrx_word' id='word_1_559' title='bbox 538 5631 868 5697; x_wconf 88' lang='lat' dir='ltr'><strong>Grimoldus,</strong></span> <span class='ocrx_word' id='word_1_560' title='bbox 897 5639 1027 5698; x_wconf 89' lang='lat' dir='ltr'><strong>etc.,</strong></span> <span class='ocrx_word' id='word_1_561' title='bbox 1056 5632 1185 5687; x_wconf 91' lang='lat' dir='ltr'><strong>ibid.</strong></span> <span class='ocrx_word' id='word_1_562' title='bbox 1238 5630 1298 5685; x_wconf 92' lang='lat' dir='ltr'><strong>In</strong></span> <span class='ocrx_word' id='word_1_563' title='bbox 1336 5630 1469 5685; x_wconf 90' lang='lat' dir='ltr'><strong>bibl.</strong></span> <span class='ocrx_word' id='word_1_564' title='bbox 1506 5630 1820 5685; x_wconf 89' lang='lat' dir='ltr'><strong>monasterii</strong></span> 
     </span>
    </p>
   </div>
   <div class='ocr_carea' id='block_1_78' title="bbox 1924 535 3504 613">
    <p class='ocr_par' dir='ltr' id='par_1_78' title="bbox 1924 535 3504 613">
     <span class='ocr_line' id='line_1_80' title="bbox 1924 535 3504 613; baseline -0.001 -14"><span class='ocrx_word' id='word_1_565' title='bbox 1924 542 2196 613; x_wconf 86' lang='lat' dir='ltr'><strong>scriptus:</strong></span> <span class='ocrx_word' id='word_1_566' title='bbox 2246 542 2480 597; x_wconf 82' lang='lat' dir='ltr'><strong>Missalis</strong></span> <span class='ocrx_word' id='word_1_567' title='bbox 2520 540 2891 613; x_wconf 61' lang='lat' dir='ltr'><strong>Gregorianus</strong></span> <span class='ocrx_word' id='word_1_568' title='bbox 2920 548 2968 594; x_wconf 90' lang='lat' dir='ltr'><strong>et</strong></span> <span class='ocrx_word' id='word_1_569' title='bbox 3006 535 3504 613; x_wconf 30' lang='lat' dir='ltr'><strong>Gelqsianustmo-</strong></span> 
     </span>
    </p>
   </div>
   <div class='ocr_carea' id='block_1_79' title="bbox 1925 609 3508 684">
    <p class='ocr_par' dir='ltr' id='par_1_79' title="bbox 1925 609 3508 684">
     <span class='ocr_line' id='line_1_81' title="bbox 1925 609 3508 684; baseline -0.001 -15"><span class='ocrx_word' id='word_1_570' title='bbox 1925 609 2101 684; x_wconf 76' lang='lat' dir='ltr'><strong>dernis</strong></span> <span class='ocrx_word' id='word_1_571' title='bbox 2131 614 2447 684; x_wconf 83' lang='lat' dir='ltr'><strong>temporibus</strong></span> <span class='ocrx_word' id='word_1_572' title='bbox 2474 609 2750 684; x_wconf 15' lang='lat' dir='ltr'><strong>abhAt&#39;bino</strong></span> <span class='ocrx_word' id='word_1_573' title='bbox 2777 609 3071 684; x_wconf 67' lang='lat' dir='ltr'><strong>ordinatus.</strong></span> <span class='ocrx_word' id='word_1_574' title='bbox 3089 609 3335 684; x_wconf 82' lang='lat' dir='ltr'><strong>_L_ibrum</strong></span> <span class='ocrx_word' id='word_1_575' title='bbox 3360 612 3508 669; x_wconf 87' lang='lat' dir='ltr'><strong>hunc</strong></span> 
     </span>
    </p>
   </div>
   <div class='ocr_carea' id='block_1_80' title="bbox 1924 680 3506 754">
    <p class='ocr_par' dir='ltr' id='par_1_80' title="bbox 1924 680 3506 754">
     <span class='ocr_line' id='line_1_82' title="bbox 1924 680 3506 754; baseline -0.001 -15"><span class='ocrx_word' id='word_1_576' title='bbox 1924 684 1989 740; x_wconf 90' lang='lat' dir='ltr'><strong>D.</strong></span> <span class='ocrx_word' id='word_1_577' title='bbox 2003 680 2267 754; x_wconf 70' lang='lat' dir='ltr'><strong>d’Acbery</strong></span> <span class='ocrx_word' id='word_1_578' title='bbox 2283 682 2389 739; x_wconf 90' lang='lat' dir='ltr'><strong>luci</strong></span> <span class='ocrx_word' id='word_1_579' title='bbox 2415 683 2643 754; x_wconf 64' lang='lat' dir='ltr'><strong>publica:</strong></span> <span class='ocrx_word' id='word_1_580' title='bbox 2662 680 3298 754; x_wconf 39' lang='lat' dir='ltr'><strong>committerevoluitia),</strong></span> <span class='ocrx_word' id='word_1_581' title='bbox 3316 691 3506 752; x_wconf 89' lang='lat' dir='ltr'><strong>postea</strong></span> 
     </span>
    </p>
   </div>
   <div class='ocr_carea' id='block_1_81' title="bbox 1923 752 3507 822">
    <p class='ocr_par' dir='ltr' id='par_1_81' title="bbox 1923 752 3507 822">
     <span class='ocr_line' id='line_1_83' title="bbox 1923 752 3507 822; baseline -0.001 -11"><span class='ocrx_word' id='word_1_582' title='bbox 1923 771 2055 811; x_wconf 90' lang='lat' dir='ltr'><strong>vero</strong></span> <span class='ocrx_word' id='word_1_583' title='bbox 2081 752 2349 819; x_wconf 89' lang='lat' dir='ltr'><strong>eumdem,</strong></span> <span class='ocrx_word' id='word_1_584' title='bbox 2372 752 2497 809; x_wconf 82' lang='lat' dir='ltr'><strong>cum</strong></span> <span class='ocrx_word' id='word_1_585' title='bbox 2516 752 2581 806; x_wconf 92' lang='lat' dir='ltr'><strong>D.</strong></span> <span class='ocrx_word' id='word_1_586' title='bbox 2604 753 2671 807; x_wconf 92' lang='lat' dir='ltr'><strong>de</strong></span> <span class='ocrx_word' id='word_1_587' title='bbox 2690 752 2899 817; x_wconf 83' lang='lat' dir='ltr'><strong>Voisin,</strong></span> <span class='ocrx_word' id='word_1_588' title='bbox 2924 753 3017 822; x_wconf 90' lang='lat' dir='ltr'><strong>qui</strong></span> <span class='ocrx_word' id='word_1_589' title='bbox 3044 753 3168 807; x_wconf 87' lang='lat' dir='ltr'><strong>inde</strong></span> <span class='ocrx_word' id='word_1_590' title='bbox 3193 752 3507 809; x_wconf 86' lang='lat' dir='ltr'><strong>Tractatum</strong></span> 
     </span>
    </p>
   </div>
   <div class='ocr_carea' id='block_1_82' title="bbox 1925 823 3508 894">
    <p class='ocr_par' dir='ltr' id='par_1_82' title="bbox 1925 823 3508 894">
     <span class='ocr_line' id='line_1_84' title="bbox 1925 823 3508 894; baseline -0.002 -12"><span class='ocrx_word' id='word_1_591' title='bbox 1925 842 2081 883; x_wconf 91' lang='lat' dir='ltr'><strong>suum</strong></span> <span class='ocrx_word' id='word_1_592' title='bbox 2106 825 2173 881; x_wconf 89' lang='lat' dir='ltr'><strong>de</strong></span> <span class='ocrx_word' id='word_1_593' title='bbox 2197 824 2364 880; x_wconf 90' lang='lat' dir='ltr'><strong>missa</strong></span> <span class='ocrx_word' id='word_1_594' title='bbox 2386 823 2713 894; x_wconf 89' lang='lat' dir='ltr'><strong>locupletare</strong></span> <span class='ocrx_word' id='word_1_595' title='bbox 2730 823 2920 894; x_wconf 82' lang='lat' dir='ltr'><strong>voluit,</strong></span> <span class='ocrx_word' id='word_1_596' title='bbox 2944 823 3403 879; x_wconf 87' lang='lat' dir='ltr'><strong>communicavit:</strong></span> <span class='ocrx_word' id='word_1_597' title='bbox 3437 825 3508 879; x_wconf 86' lang='lat' dir='ltr'><strong>ab</strong></span> 
     </span>
    </p>
   </div>
   <div class='ocr_carea' id='block_1_83' title="bbox 1924 892 3509 967">
    <p class='ocr_par' dir='ltr' id='par_1_83' title="bbox 1924 892 3509 967">
     <span class='ocr_line' id='line_1_85' title="bbox 1924 892 3509 967; baseline -0.002 -14"><span class='ocrx_word' id='word_1_598' title='bbox 1924 897 2029 953; x_wconf 87' lang='lat' dir='ltr'><strong>hoc</strong></span> <span class='ocrx_word' id='word_1_599' title='bbox 2072 906 2314 967; x_wconf 89' lang='lat' dir='ltr'><strong>tempore</strong></span> <span class='ocrx_word' id='word_1_600' title='bbox 2357 892 2694 967; x_wconf 60' lang='lat' dir='ltr'><strong>iteruinubi</strong></span> <span class='ocrx_word' id='word_1_601' title='bbox 2734 892 3053 967; x_wconf 79' lang='lat' dir='ltr'><strong>delitescat,</strong></span> <span class='ocrx_word' id='word_1_602' title='bbox 3102 894 3402 967; x_wconf 79' lang='lat' dir='ltr'><strong>ignoratur,</strong></span> <span class='ocrx_word' id='word_1_603' title='bbox 3447 903 3509 950; x_wconf 88' lang='lat' dir='ltr'><strong>ut</strong></span> 
     </span>
    </p>
   </div>
   <div class='ocr_carea' id='block_1_84' title="bbox 1925 964 3506 1093">
    <p class='ocr_par' dir='ltr' id='par_1_84' title="bbox 1925 964 3506 1093">
     <span class='ocr_line' id='line_1_86' title="bbox 1925 964 3506 1093; baseline -0.001 -70"><span class='ocrx_word' id='word_1_604' title='bbox 1925 969 2135 1093; x_wconf 80' lang='lat' dir='ltr'><strong>scribit6</strong></span> <span class='ocrx_word' id='word_1_605' title='bbox 2139 964 2329 1023; x_wconf 81' lang='lat' dir='ltr'><strong>auctor</strong></span> <span class='ocrx_word' id='word_1_606' title='bbox 2356 964 2496 1021; x_wconf 84' lang='lat' dir='ltr'><strong>Hist.</strong></span> <span class='ocrx_word' id='word_1_607' title='bbox 2523 964 2629 1020; x_wconf 90' lang='lat' dir='ltr'><strong>Lit.</strong></span> <span class='ocrx_word' id='word_1_608' title='bbox 2654 964 2919 1031; x_wconf 74' lang='lat' dir='ltr'><strong>Francize,</strong></span> <span class='ocrx_word' id='word_1_609' title='bbox 2948 974 3081 1021; x_wconf 92' lang='lat' dir='ltr'><strong>tom.</strong></span> <span class='ocrx_word' id='word_1_610' title='bbox 3107 965 3197 1031; x_wconf 87' lang='lat' dir='ltr'><strong>IV,</strong></span> <span class='ocrx_word' id='word_1_611' title='bbox 3225 980 3350 1037; x_wconf 87' lang='lat' dir='ltr'><strong>pag.</strong></span> <span class='ocrx_word' id='word_1_612' title='bbox 3375 967 3506 1035; x_wconf 80' lang='grc'><strong>558,</strong></span> 
     </span>
     <span class='ocr_line' id='line_1_87' title="bbox 1925 1055 2155 1093; baseline -0.004 0"><span class='ocrx_word' id='word_1_613' title='bbox 1925 1055 2074 1093; x_wconf 89' lang='lat' dir='ltr'><strong>num.</strong></span> <span class='ocrx_word' id='word_1_614' title='bbox 2142 1079 2155 1092; x_wconf 95' lang='lat'><strong>.</strong></span> 
     </span>
    </p>
   </div>
   <div class='ocr_carea' id='block_1_85' title="bbox 1924 1055 2155 1095">
    <p class='ocr_par' dir='ltr' id='par_1_85' title="bbox 1924 1055 2155 1095">
     <span class='ocr_line' id='line_1_88' title="bbox 1924 1055 2155 1095; baseline -0.013 0"><span class='ocrx_word' id='word_1_615' title='bbox 1924 1055 2074 1095; x_wconf 88' lang='lat' dir='ltr'><strong>num.</strong></span> <span class='ocrx_word' id='word_1_616' title='bbox 2102 1055 2155 1093; x_wconf 77' lang='grc' dir='ltr'><strong>υ.</strong></span> 
     </span>
    </p>
   </div>
   <div class='ocr_carea' id='block_1_86' title="bbox 1995 1107 3505 1178">
    <p class='ocr_par' dir='ltr' id='par_1_86' title="bbox 1995 1107 3505 1178">
     <span class='ocr_line' id='line_1_89' title="bbox 1995 1107 3505 1178; baseline -0.001 -13"><span class='ocrx_word' id='word_1_617' title='bbox 1995 1111 2159 1166; x_wconf 90' lang='lat' dir='ltr'><strong>Liber</strong></span> <span class='ocrx_word' id='word_1_618' title='bbox 2189 1108 2685 1175; x_wconf 88' lang='lat' dir='ltr'><strong>Sacramentorum,</strong></span> <span class='ocrx_word' id='word_1_619' title='bbox 2716 1122 2881 1176; x_wconf 90' lang='lat' dir='ltr'><strong>quem</strong></span> <span class='ocrx_word' id='word_1_620' title='bbox 2908 1108 2997 1163; x_wconf 88' lang='lat' dir='ltr'><strong>hic</strong></span> <span class='ocrx_word' id='word_1_621' title='bbox 3023 1108 3249 1178; x_wconf 91' lang='lat' dir='ltr'><strong>procudi</strong></span> <span class='ocrx_word' id='word_1_622' title='bbox 3274 1107 3505 1164; x_wconf 83' lang='lat' dir='ltr'><strong>fecimus</strong></span> 
     </span>
    </p>
   </div>
   <div class='ocr_carea' id='block_1_87' title="bbox 1925 1179 3510 1247">
    <p class='ocr_par' dir='ltr' id='par_1_87' title="bbox 1925 1179 3510 1247">
     <span class='ocr_line' id='line_1_90' title="bbox 1925 1179 3510 1247; baseline -0.002 -10"><span class='ocrx_word' id='word_1_623' title='bbox 1925 1197 1992 1237; x_wconf 83' lang='lat' dir='ltr'><strong>ex</strong></span> <span class='ocrx_word' id='word_1_624' title='bbox 2031 1182 2268 1237; x_wconf 90' lang='lat' dir='ltr'><strong>editione</strong></span> <span class='ocrx_word' id='word_1_625' title='bbox 2294 1180 2618 1247; x_wconf 84' lang='lat' dir='ltr'><strong>Quercetani</strong></span> <span class='ocrx_word' id='word_1_626' title='bbox 2642 1219 2656 1244; x_wconf 93' lang='lat'><strong>,</strong></span> <span class='ocrx_word' id='word_1_627' title='bbox 2695 1179 2874 1247; x_wconf 87' lang='lat' dir='ltr'><strong>primo</strong></span> <span class='ocrx_word' id='word_1_628' title='bbox 2911 1179 3112 1247; x_wconf 90' lang='lat' dir='ltr'><strong>prodiit</strong></span> <span class='ocrx_word' id='word_1_629' title='bbox 3149 1194 3280 1233; x_wconf 89' lang='lat' dir='ltr'><strong>cura</strong></span> <span class='ocrx_word' id='word_1_630' title='bbox 3320 1179 3510 1235; x_wconf 88' lang='lat' dir='ltr'><strong>Jacobi</strong></span> 
     </span>
    </p>
   </div>
   <div class='ocr_carea' id='block_1_88' title="bbox 1924 1248 3509 1319">
    <p class='ocr_par' dir='ltr' id='par_1_88' title="bbox 1924 1248 3509 1319">
     <span class='ocr_line' id='line_1_91' title="bbox 1924 1248 3509 1319; baseline -0.001 -12"><span class='ocrx_word' id='word_1_631' title='bbox 1924 1252 2148 1308; x_wconf 92' lang='lat' dir='ltr'><strong>Pamelii</strong></span> <span class='ocrx_word' id='word_1_632' title='bbox 2180 1253 2320 1306; x_wconf 89' lang='lat' dir='ltr'><strong>inter</strong></span> <span class='ocrx_word' id='word_1_633' title='bbox 2343 1266 2506 1319; x_wconf 78' lang='lat' dir='ltr'><strong>Opera</strong></span> <span class='ocrx_word' id='word_1_634' title='bbox 2537 1250 2783 1319; x_wconf 88' lang='lat' dir='ltr'><strong>liturgica</strong></span> <span class='ocrx_word' id='word_1_635' title='bbox 2823 1265 2853 1303; x_wconf 91' lang='lat' dir='ltr'><strong>a</strong></span> <span class='ocrx_word' id='word_1_636' title='bbox 2890 1264 2947 1303; x_wconf 88' lang='lat' dir='ltr'><strong>se</strong></span> <span class='ocrx_word' id='word_1_637' title='bbox 2975 1250 3229 1315; x_wconf 88' lang='lat' dir='ltr'><strong>collecta,</strong></span> <span class='ocrx_word' id='word_1_638' title='bbox 3272 1248 3509 1305; x_wconf 63' lang='lat' dir='ltr'><strong>Coloniae</strong></span> 
     </span>
    </p>
   </div>
   <div class='ocr_carea' id='block_1_89' title="bbox 1926 1319 3506 1388">
    <p class='ocr_par' dir='ltr' id='par_1_89' title="bbox 1926 1319 3506 1388">
     <span class='ocr_line' id='line_1_92' title="bbox 1926 1319 3506 1388; baseline -0.002 -10"><span class='ocrx_word' id='word_1_639' title='bbox 1926 1324 2083 1378; x_wconf 90' lang='lat' dir='ltr'><strong>annis</strong></span> <span class='ocrx_word' id='word_1_640' title='bbox 2108 1322 2263 1388; x_wconf 86' lang='grc'><strong>1561,</strong></span> <span class='ocrx_word' id='word_1_641' title='bbox 2296 1319 2427 1375; x_wconf 79' lang='grc'><strong>1571</strong></span> <span class='ocrx_word' id='word_1_642' title='bbox 2460 1329 2517 1376; x_wconf 88' lang='lat' dir='ltr'><strong>et</strong></span> <span class='ocrx_word' id='word_1_643' title='bbox 2544 1320 2703 1387; x_wconf 87' lang='grc'><strong>1609,</strong></span> <span class='ocrx_word' id='word_1_644' title='bbox 2733 1327 2864 1374; x_wconf 90' lang='lat' dir='ltr'><strong>tom.</strong></span> <span class='ocrx_word' id='word_1_645' title='bbox 2894 1320 2957 1374; x_wconf 96' lang='lat' dir='ltr'><strong>ll.</strong></span> <span class='ocrx_word' id='word_1_646' title='bbox 2993 1319 3166 1387; x_wconf 83' lang='lat' dir='ltr'><strong>Quam</strong></span> <span class='ocrx_word' id='word_1_647' title='bbox 3193 1320 3506 1385; x_wconf 85' lang='lat' dir='ltr'><strong>editionem,</strong></span> 
     </span>
    </p>
   </div>
   <div class='ocr_carea' id='block_1_90' title="bbox 1925 1390 3513 1464">
    <p class='ocr_par' dir='ltr' id='par_1_90' title="bbox 1925 1390 3513 1464">
     <span class='ocr_line' id='line_1_93' title="bbox 1925 1390 3513 1464; baseline -0.001 -16"><span class='ocrx_word' id='word_1_648' title='bbox 1925 1396 2068 1464; x_wconf 88' lang='lat' dir='ltr'><strong>apud</strong></span> <span class='ocrx_word' id='word_1_649' title='bbox 2105 1392 2215 1449; x_wconf 87' lang='lat' dir='ltr'><strong>nos</strong></span> <span class='ocrx_word' id='word_1_650' title='bbox 2242 1393 2580 1449; x_wconf 87' lang='lat' dir='ltr'><strong>rarissimam</strong></span> <span class='ocrx_word' id='word_1_651' title='bbox 2615 1398 2671 1446; x_wconf 90' lang='lat' dir='ltr'><strong>et</strong></span> <span class='ocrx_word' id='word_1_652' title='bbox 2707 1390 2898 1447; x_wconf 90' lang='lat' dir='ltr'><strong>nullibi</strong></span> <span class='ocrx_word' id='word_1_653' title='bbox 2935 1392 3150 1447; x_wconf 89' lang='lat' dir='ltr'><strong>obviam</strong></span> <span class='ocrx_word' id='word_1_654' title='bbox 3171 1431 3187 1457; x_wconf 93' lang='lat'><strong>,</strong></span> <span class='ocrx_word' id='word_1_655' title='bbox 3228 1392 3513 1448; x_wconf 89' lang='lat' dir='ltr'><strong>consulere</strong></span> 
     </span>
    </p>
   </div>
   <div class='ocr_carea' id='block_1_91' title="bbox 1926 1463 2388 1535">
    <p class='ocr_par' dir='ltr' id='par_1_91' title="bbox 1926 1463 2388 1535">
     <span class='ocr_line' id='line_1_94' title="bbox 1926 1463 2388 1535; baseline -0.002 -16"><span class='ocrx_word' id='word_1_656' title='bbox 1926 1463 2069 1520; x_wconf 83' lang='lat' dir='ltr'><strong>haud</strong></span> <span class='ocrx_word' id='word_1_657' title='bbox 2095 1464 2388 1535; x_wconf 86' lang='lat' dir='ltr'><strong>potuimus.</strong></span> 
     </span>
    </p>
   </div>
   <div class='ocr_carea' id='block_1_92' title="bbox 1997 1532 3513 1605">
    <p class='ocr_par' dir='ltr' id='par_1_92' title="bbox 1997 1532 3513 1605">
     <span class='ocr_line' id='line_1_95' title="bbox 1997 1532 3513 1605; baseline 0 -16"><span class='ocrx_word' id='word_1_658' title='bbox 1997 1532 2245 1590; x_wconf 80' lang='lat' dir='ltr'><strong>Alterum</strong></span> <span class='ocrx_word' id='word_1_659' title='bbox 2282 1535 2461 1590; x_wconf 90' lang='lat' dir='ltr'><strong>locum</strong></span> <span class='ocrx_word' id='word_1_660' title='bbox 2498 1534 2641 1590; x_wconf 89' lang='lat' dir='ltr'><strong>inter</strong></span> <span class='ocrx_word' id='word_1_661' title='bbox 2666 1534 2939 1605; x_wconf 86' lang='lat' dir='ltr'><strong>opuscula</strong></span> <span class='ocrx_word' id='word_1_662' title='bbox 2962 1533 3215 1604; x_wconf 86' lang='lat' dir='ltr'><strong>liturgica</strong></span> <span class='ocrx_word' id='word_1_663' title='bbox 3247 1532 3395 1605; x_wconf 85' lang='lat' dir='ltr'><strong>beati</strong></span> <span class='ocrx_word' id='word_1_664' title='bbox 3420 1534 3513 1589; x_wconf 87' lang='lat' dir='ltr'><strong>Al-</strong></span> 
     </span>
    </p>
   </div>
   <div class='ocr_carea' id='block_1_93' title="bbox 1927 1604 3513 1675">
    <p class='ocr_par' dir='ltr' id='par_1_93' title="bbox 1927 1604 3513 1675">
     <span class='ocr_line' id='line_1_96' title="bbox 1927 1604 3513 1675; baseline -0.001 -13"><span class='ocrx_word' id='word_1_665' title='bbox 1927 1605 2072 1662; x_wconf 90' lang='lat' dir='ltr'><strong>cuini</strong></span> <span class='ocrx_word' id='word_1_666' title='bbox 2097 1607 2287 1661; x_wconf 89' lang='lat' dir='ltr'><strong>damus</strong></span> <span class='ocrx_word' id='word_1_667' title='bbox 2311 1605 2451 1660; x_wconf 90' lang='lat' dir='ltr'><strong>libro</strong></span> <span class='ocrx_word' id='word_1_668' title='bbox 2474 1605 2541 1661; x_wconf 93' lang='lat' dir='ltr'><strong>de</strong></span> <span class='ocrx_word' id='word_1_669' title='bbox 2563 1604 2893 1675; x_wconf 87' lang='lat' dir='ltr'><strong>psalmorum</strong></span> <span class='ocrx_word' id='word_1_670' title='bbox 2922 1604 3053 1667; x_wconf 90' lang='lat' dir='ltr'><strong>Usu,</strong></span> <span class='ocrx_word' id='word_1_671' title='bbox 3075 1618 3236 1674; x_wconf 90' lang='lat' dir='ltr'><strong>quem</strong></span> <span class='ocrx_word' id='word_1_672' title='bbox 3260 1604 3323 1657; x_wconf 92' lang='lat' dir='ltr'><strong>D.</strong></span> <span class='ocrx_word' id='word_1_673' title='bbox 3340 1604 3513 1671; x_wconf 86' lang='lat' dir='ltr'><strong>Quer—</strong></span> 
     </span>
    </p>
   </div>
   <div class='ocr_carea' id='block_1_94' title="bbox 1926 1675 3511 1748">
    <p class='ocr_par' dir='ltr' id='par_1_94' title="bbox 1926 1675 3511 1748">
     <span class='ocr_line' id='line_1_97' title="bbox 1926 1675 3511 1748; baseline 0 -18"><span class='ocrx_word' id='word_1_674' title='bbox 1926 1684 2150 1748; x_wconf 71' lang='lat' dir='ltr'><strong>cetanus</strong></span> <span class='ocrx_word' id='word_1_675' title='bbox 2175 1692 2300 1748; x_wconf 91' lang='lat' dir='ltr'><strong>pag.</strong></span> <span class='ocrx_word' id='word_1_676' title='bbox 2325 1676 2429 1748; x_wconf 69' lang='grc'><strong>125</strong></span> <span class='ocrx_word' id='word_1_677' title='bbox 2454 1676 2638 1748; x_wconf 78' lang='lat' dir='ltr'><strong>recudi</strong></span> <span class='ocrx_word' id='word_1_678' title='bbox 2661 1675 2789 1731; x_wconf 85' lang='lat' dir='ltr'><strong>fecit</strong></span> <span class='ocrx_word' id='word_1_679' title='bbox 2811 1678 2965 1747; x_wconf 82' lang='lat' dir='ltr'><strong>juxta</strong></span> <span class='ocrx_word' id='word_1_680' title='bbox 2989 1676 3305 1748; x_wconf 77' lang='lat' dir='ltr'><strong>editionem,</strong></span> <span class='ocrx_word' id='word_1_681' title='bbox 3317 1684 3392 1748; x_wconf 76' lang='lat' dir='ltr'><strong>ut</strong></span> <span class='ocrx_word' id='word_1_682' title='bbox 3412 1676 3511 1743; x_wconf 89' lang='lat' dir='ltr'><strong>ait,</strong></span> 
     </span>
    </p>
   </div>
   <div class='ocr_carea' id='block_1_95' title="bbox 1926 1746 3511 1829">
    <p class='ocr_par' dir='ltr' id='par_1_95' title="bbox 1926 1746 3511 1829">
     <span class='ocr_line' id='line_1_98' title="bbox 1926 1746 3511 1829; baseline -0.001 -27"><span class='ocrx_word' id='word_1_683' title='bbox 1926 1746 2269 1829; x_wconf 58' lang='lat' dir='ltr'><strong>D_uacensem&#39;</strong></span> <span class='ocrx_word' id='word_1_684' title='bbox 2299 1747 2434 1829; x_wconf 70' lang='lat' dir='ltr'><strong>anni</strong></span> <span class='ocrx_word' id='word_1_685' title='bbox 2454 1746 2613 1813; x_wconf 83' lang='grc'><strong>1571,</strong></span> <span class='ocrx_word' id='word_1_686' title='bbox 2659 1746 2825 1829; x_wconf 76' lang='lat' dir='ltr'><strong>quam</strong></span> <span class='ocrx_word' id='word_1_687' title='bbox 2853 1748 3072 1829; x_wconf 80' lang='lat' dir='ltr'><strong>quidem</strong></span> <span class='ocrx_word' id='word_1_688' title='bbox 3109 1762 3215 1829; x_wconf 71' lang='lat' dir='ltr'><strong>non</strong></span> <span class='ocrx_word' id='word_1_689' title='bbox 3237 1746 3511 1829; x_wconf 56' lang='lat' dir='ltr'><strong>vidimus;</strong></span> 
     </span>
    </p>
   </div>
   <div class='ocr_carea' id='block_1_96' title="bbox 1850 1816 3516 1901">
    <p class='ocr_par' dir='ltr' id='par_1_96' title="bbox 1850 1816 3516 1901">
     <span class='ocr_line' id='line_1_99' title="bbox 1850 1816 3516 1901; baseline 0.001 -30"><span class='ocrx_word' id='word_1_690' title='bbox 1850 1818 2087 1901; x_wconf 66' lang='lat' dir='ltr'><strong>Baliam</strong></span> <span class='ocrx_word' id='word_1_691' title='bbox 2131 1832 2261 1901; x_wconf 61' lang='grc' dir='ltr'><strong>νεςρ</strong></span> <span class='ocrx_word' id='word_1_692' title='bbox 2307 1817 2599 1901; x_wconf 79' lang='lat' dir='ltr'><strong>editionem</strong></span> <span class='ocrx_word' id='word_1_693' title='bbox 2646 1816 2888 1887; x_wconf 87' lang='lat' dir='ltr'><strong>ejusdem</strong></span> <span class='ocrx_word' id='word_1_694' title='bbox 2939 1818 3062 1901; x_wconf 76' lang='lat' dir='ltr'><strong>anni</strong></span> <span class='ocrx_word' id='word_1_695' title='bbox 3090 1858 3106 1883; x_wconf 93' lang='lat'><strong>,</strong></span> <span class='ocrx_word' id='word_1_696' title='bbox 3158 1816 3393 1901; x_wconf 62' lang='lat' dir='ltr'><strong>Colonia:</strong></span> <span class='ocrx_word' id='word_1_697' title='bbox 3444 1817 3516 1872; x_wconf 90' lang='lat' dir='ltr'><strong>ab</strong></span> 
     </span>
    </p>
   </div>
   <div class='ocr_carea' id='block_1_97' title="bbox 1922 1888 3511 1971">
    <p class='ocr_par' dir='ltr' id='par_1_97' title="bbox 1922 1888 3511 1971">
     <span class='ocr_line' id='line_1_100' title="bbox 1922 1888 3511 1971; baseline -0.001 -28"><span class='ocrx_word' id='word_1_698' title='bbox 1922 1889 2170 1971; x_wconf 43' lang='lat' dir='ltr'><strong>Adriano-</strong></span> <span class='ocrx_word' id='word_1_699' title='bbox 2188 1888 2860 1971; x_wconf 45' lang='lat' dir='ltr'><strong>Adrntspergiocuratam,</strong></span> <span class='ocrx_word' id='word_1_700' title='bbox 2890 1889 3201 1971; x_wconf 64' lang='lat' dir='ltr'><strong>nostrisque</strong></span> <span class='ocrx_word' id='word_1_701' title='bbox 3229 1888 3511 1971; x_wconf 45' lang='lat' dir='ltr'><strong>usibus‘ex</strong></span> 
     </span>
    </p>
   </div>
   <div class='ocr_carea' id='block_1_98' title="bbox 1922 1958 3513 2023">
    <p class='ocr_par' dir='ltr' id='par_1_98' title="bbox 1922 1958 3513 2023">
     <span class='ocr_line' id='line_1_101' title="bbox 1922 1958 3513 2023; baseline -0.001 -9"><span class='ocrx_word' id='word_1_702' title='bbox 1922 1959 2342 2015; x_wconf 87' lang='lat' dir='ltr'><strong>instructissima</strong></span> <span class='ocrx_word' id='word_1_703' title='bbox 2370 1958 2696 2014; x_wconf 87' lang='lat' dir='ltr'><strong>bibliotheca</strong></span> <span class='ocrx_word' id='word_1_704' title='bbox 2727 1959 3001 2014; x_wconf 90' lang='lat' dir='ltr'><strong>electorali</strong></span> <span class='ocrx_word' id='word_1_705' title='bbox 3033 1958 3375 2023; x_wconf 81' lang='lat' dir='ltr'><strong>Monaeensi,</strong></span> <span class='ocrx_word' id='word_1_706' title='bbox 3414 1958 3513 2013; x_wconf 86' lang='lat' dir='ltr'><strong>be-</strong></span> 
     </span>
    </p>
   </div>
   <div class='ocr_carea' id='block_1_99' title="bbox 1922 2028 3515 2099">
    <p class='ocr_par' dir='ltr' id='par_1_99' title="bbox 1922 2028 3515 2099">
     <span class='ocr_line' id='line_1_102' title="bbox 1922 2028 3515 2099; baseline -0.001 -15"><span class='ocrx_word' id='word_1_707' title='bbox 1922 2031 2228 2086; x_wconf 88' lang='lat' dir='ltr'><strong>nevolentia</strong></span> <span class='ocrx_word' id='word_1_708' title='bbox 2254 2030 2359 2085; x_wconf 91' lang='lat' dir='ltr'><strong>viri</strong></span> <span class='ocrx_word' id='word_1_709' title='bbox 2401 2029 2627 2085; x_wconf 91' lang='lat' dir='ltr'><strong>illustris</strong></span> <span class='ocrx_word' id='word_1_710' title='bbox 2655 2045 2720 2085; x_wconf 91' lang='lat' dir='ltr'><strong>ac</strong></span> <span class='ocrx_word' id='word_1_711' title='bbox 2746 2029 3035 2099; x_wconf 86' lang='lat' dir='ltr'><strong>omnigena</strong></span> <span class='ocrx_word' id='word_1_712' title='bbox 3064 2028 3369 2083; x_wconf 88' lang='lat' dir='ltr'><strong>eruditione</strong></span> <span class='ocrx_word' id='word_1_713' title='bbox 3401 2029 3515 2083; x_wconf 90' lang='lat' dir='ltr'><strong>cla-</strong></span> 
     </span>
    </p>
   </div>
   <div class='ocr_carea' id='block_1_100' title="bbox 1923 2100 3513 2166">
    <p class='ocr_par' dir='ltr' id='par_1_100' title="bbox 1923 2100 3513 2166">
     <span class='ocr_line' id='line_1_103' title="bbox 1923 2100 3513 2166; baseline -0.001 -11"><span class='ocrx_word' id='word_1_714' title='bbox 1923 2101 2125 2156; x_wconf 90' lang='lat' dir='ltr'><strong>rissimi</strong></span> <span class='ocrx_word' id='word_1_715' title='bbox 2155 2102 2217 2155; x_wconf 90' lang='lat' dir='ltr'><strong>D.</strong></span> <span class='ocrx_word' id='word_1_716' title='bbox 2248 2100 2444 2155; x_wconf 87' lang='lat' dir='ltr'><strong>Felicis</strong></span> <span class='ocrx_word' id='word_1_717' title='bbox 2468 2100 2659 2156; x_wconf 83' lang='lat' dir='ltr'><strong>Oefelii</strong></span> <span class='ocrx_word' id='word_1_718' title='bbox 2684 2115 2998 2156; x_wconf 83' lang='lat' dir='ltr'><strong>concessam</strong></span> <span class='ocrx_word' id='word_1_719' title='bbox 3018 2141 3034 2166; x_wconf 93' lang='lat'><strong>,</strong></span> <span class='ocrx_word' id='word_1_720' title='bbox 3079 2100 3146 2154; x_wconf 90' lang='lat' dir='ltr'><strong>ad</strong></span> <span class='ocrx_word' id='word_1_721' title='bbox 3186 2114 3380 2153; x_wconf 88' lang='lat' dir='ltr'><strong>manus</strong></span> <span class='ocrx_word' id='word_1_722' title='bbox 3410 2101 3513 2154; x_wconf 89' lang='lat' dir='ltr'><strong>ha-</strong></span> 
     </span>
    </p>
   </div>
   <div class='ocr_carea' id='block_1_101' title="bbox 1921 2169 3513 2241">
    <p class='ocr_par' dir='ltr' id='par_1_101' title="bbox 1921 2169 3513 2241">
     <span class='ocr_line' id='line_1_104' title="bbox 1921 2169 3513 2241; baseline 0 -17"><span class='ocrx_word' id='word_1_723' title='bbox 1921 2170 2158 2241; x_wconf 85' lang='lat' dir='ltr'><strong>buimus,</strong></span> <span class='ocrx_word' id='word_1_724' title='bbox 2182 2172 2268 2227; x_wconf 90' lang='lat' dir='ltr'><strong>cui</strong></span> <span class='ocrx_word' id='word_1_725' title='bbox 2294 2171 2479 2225; x_wconf 90' lang='lat' dir='ltr'><strong>titulus</strong></span> <span class='ocrx_word' id='word_1_726' title='bbox 2508 2178 2625 2226; x_wconf 88' lang='lat' dir='ltr'><strong>est:</strong></span> <span class='ocrx_word' id='word_1_727' title='bbox 2661 2170 2917 2225; x_wconf 76' lang='lat' dir='ltr'><strong>Alcumus</strong></span> <span class='ocrx_word' id='word_1_728' title='bbox 2948 2170 3012 2224; x_wconf 88' lang='lat' dir='ltr'><strong>de</strong></span> <span class='ocrx_word' id='word_1_729' title='bbox 3038 2169 3362 2241; x_wconf 78' lang='lat' dir='ltr'><strong>psalmorum</strong></span> <span class='ocrx_word' id='word_1_730' title='bbox 3410 2186 3513 2225; x_wconf 84' lang='lat' dir='ltr'><strong>usu</strong></span> 
     </span>
    </p>
   </div>
   <div class='ocr_carea' id='block_1_102' title="bbox 1922 2239 3515 2312">
    <p class='ocr_par' dir='ltr' id='par_1_102' title="bbox 1922 2239 3515 2312">
     <span class='ocr_line' id='line_1_105' title="bbox 1922 2239 3515 2312; baseline 0 -18"><span class='ocrx_word' id='word_1_731' title='bbox 1922 2240 2193 2296; x_wconf 79' lang='lat' dir='ltr'><strong>hominum</strong></span> <span class='ocrx_word' id='word_1_732' title='bbox 2230 2242 2619 2295; x_wconf 82' lang='lat' dir='ltr'><strong>necessitatibus</strong></span> <span class='ocrx_word' id='word_1_733' title='bbox 2644 2242 2877 2312; x_wconf 82' lang='lat' dir='ltr'><strong>quotidie</strong></span> <span class='ocrx_word' id='word_1_734' title='bbox 2903 2239 3279 2312; x_wconf 76' lang='lat' dir='ltr'><strong>mergentibus</strong></span> <span class='ocrx_word' id='word_1_735' title='bbox 3309 2256 3515 2294; x_wconf 81' lang='lat' dir='ltr'><strong>accom-</strong></span> 
     </span>
    </p>
   </div>
   <div class='ocr_carea' id='block_1_103' title="bbox 1922 2309 3514 2393">
    <p class='ocr_par' dir='ltr' id='par_1_103' title="bbox 1922 2309 3514 2393">
     <span class='ocr_line' id='line_1_106' title="bbox 1922 2309 3514 2393; baseline 0 -28"><span class='ocrx_word' id='word_1_736' title='bbox 1922 2311 2173 2379; x_wconf 84' lang='lat' dir='ltr'><strong>modato;</strong></span> <span class='ocrx_word' id='word_1_737' title='bbox 2195 2328 2310 2393; x_wconf 66' lang='lat' dir='ltr'><strong>una</strong></span> <span class='ocrx_word' id='word_1_738' title='bbox 2338 2328 2455 2365; x_wconf 86' lang='lat' dir='ltr'><strong>cum</strong></span> <span class='ocrx_word' id='word_1_739' title='bbox 2482 2309 2922 2393; x_wconf 48' lang='lat' dir='ltr'><strong>uariis&#39;precandi</strong></span> <span class='ocrx_word' id='word_1_740' title='bbox 2944 2309 3191 2393; x_wconf 74' lang='lat' dir='ltr'><strong>formulis</strong></span> <span class='ocrx_word' id='word_1_741' title='bbox 3216 2326 3233 2364; x_wconf 91' lang='lat'><em>:</em></span> <span class='ocrx_word' id='word_1_742' title='bbox 3264 2327 3401 2393; x_wconf 69' lang='lat' dir='ltr'><strong>nunc</strong></span> <span class='ocrx_word' id='word_1_743' title='bbox 3434 2328 3514 2365; x_wconf 86' lang='lat' dir='ltr'><strong>re-</strong></span> 
     </span>
    </p>
   </div>
   <div class='ocr_carea' id='block_1_104' title="bbox 1923 2380 3512 2454">
    <p class='ocr_par' dir='ltr' id='par_1_104' title="bbox 1923 2380 3512 2454">
     <span class='ocr_line' id='line_1_107' title="bbox 1923 2380 3512 2454; baseline -0.001 -18"><span class='ocrx_word' id='word_1_744' title='bbox 1923 2398 2043 2454; x_wconf 69' lang='lat' dir='ltr'><strong>gens</strong></span> <span class='ocrx_word' id='word_1_745' title='bbox 2062 2399 2155 2454; x_wconf 87' lang='lat' dir='ltr'><strong>per</strong></span> <span class='ocrx_word' id='word_1_746' title='bbox 2174 2382 2467 2454; x_wconf 81' lang='lat' dir='ltr'><strong>Adrianum</strong></span> <span class='ocrx_word' id='word_1_747' title='bbox 2488 2381 2561 2435; x_wconf 56' lang='lat' dir='ltr'><strong>1E</strong></span> <span class='ocrx_word' id='word_1_748' title='bbox 2568 2380 2915 2454; x_wconf 72' lang='lat' dir='ltr'><strong>rntspergium</strong></span> <span class='ocrx_word' id='word_1_749' title='bbox 2935 2380 2991 2454; x_wconf 81' lang='lat' dir='ltr'><strong>in</strong></span> <span class='ocrx_word' id='word_1_750' title='bbox 3015 2382 3182 2454; x_wconf 84' lang='lat' dir='ltr'><strong>lucem</strong></span> <span class='ocrx_word' id='word_1_751' title='bbox 3191 2380 3512 2454; x_wconf 76' lang='lat' dir='ltr'><strong>productus.</strong></span> 
     </span>
    </p>
   </div>
   <div class='ocr_carea' id='block_1_105' title="bbox 1923 2449 3515 2524">
    <p class='ocr_par' dir='ltr' id='par_1_105' title="bbox 1923 2449 3515 2524">
     <span class='ocr_line' id='line_1_108' title="bbox 1923 2449 3515 2524; baseline -0.001 -17"><span class='ocrx_word' id='word_1_752' title='bbox 1923 2449 2216 2508; x_wconf 83' lang='lat' dir='ltr'><strong>Dedicatur</strong></span> <span class='ocrx_word' id='word_1_753' title='bbox 2242 2452 2563 2524; x_wconf 79' lang='lat' dir='ltr'><strong>opusculum</strong></span> <span class='ocrx_word' id='word_1_754' title='bbox 2597 2449 3280 2524; x_wconf 18' lang='lat' dir='ltr'><strong>honoribusgillustrissimi</strong></span> <span class='ocrx_word' id='word_1_755' title='bbox 3309 2451 3515 2524; x_wconf 13' lang='lat' dir='ltr'><strong>princi-g-</strong></span> 
     </span>
    </p>
   </div>
   <div class='ocr_carea' id='block_1_106' title="bbox 1923 2521 3515 2595">
    <p class='ocr_par' dir='ltr' id='par_1_106' title="bbox 1923 2521 3515 2595">
     <span class='ocr_line' id='line_1_109' title="bbox 1923 2521 3515 2595; baseline 0 -18"><span class='ocrx_word' id='word_1_756' title='bbox 1923 2524 2009 2595; x_wconf 87' lang='lat' dir='ltr'><strong>pis</strong></span> <span class='ocrx_word' id='word_1_757' title='bbox 2022 2524 2086 2577; x_wconf 90' lang='lat' dir='ltr'><strong>D.</strong></span> <span class='ocrx_word' id='word_1_758' title='bbox 2102 2521 2562 2595; x_wconf 75' lang='lat' dir='ltr'><strong>Georgiibaronis</strong></span> <span class='ocrx_word' id='word_1_759' title='bbox 2581 2538 2611 2595; x_wconf 91' lang='lat' dir='ltr'><strong>a</strong></span> <span class='ocrx_word' id='word_1_760' title='bbox 2625 2523 2941 2579; x_wconf 89' lang='lat' dir='ltr'><strong>Graveneck</strong></span> <span class='ocrx_word' id='word_1_761' title='bbox 2963 2521 3515 2595; x_wconf 71' lang='lat' dir='ltr'><strong>imperialiscmnobii</strong></span> 
     </span>
    </p>
   </div>
   <div class='ocr_carea' id='block_1_107' title="bbox 1918 2593 3514 2664">
    <p class='ocr_par' dir='ltr' id='par_1_107' title="bbox 1918 2593 3514 2664">
     <span class='ocr_line' id='line_1_110' title="bbox 1918 2593 3514 2664; baseline -0.001 -15"><span class='ocrx_word' id='word_1_762' title='bbox 1918 2593 2373 2664; x_wconf 46' lang='lat' dir='ltr'><strong>&#39;Campidone&#39;nsis</strong></span> <span class='ocrx_word' id='word_1_763' title='bbox 2414 2593 2628 2661; x_wconf 88' lang='lat' dir='ltr'><strong>abbati;</strong></span> <span class='ocrx_word' id='word_1_764' title='bbox 2678 2603 2840 2664; x_wconf 89' lang='lat' dir='ltr'><strong>atque</strong></span> <span class='ocrx_word' id='word_1_765' title='bbox 2888 2595 2942 2648; x_wconf 91' lang='lat' dir='ltr'><strong>in</strong></span> <span class='ocrx_word' id='word_1_766' title='bbox 2987 2593 3514 2664; x_wconf 83' lang='lat' dir='ltr'><strong>commendationem</strong></span> 
     </span>
    </p>
   </div>
   <div class='ocr_carea' id='block_1_108' title="bbox 1924 2662 3512 2734">
    <p class='ocr_par' dir='ltr' id='par_1_108' title="bbox 1924 2662 3512 2734">
     <span class='ocr_line' id='line_1_111' title="bbox 1924 2662 3512 2734; baseline -0.001 -16"><span class='ocrx_word' id='word_1_767' title='bbox 1924 2662 2088 2734; x_wconf 81' lang='lat' dir='ltr'><strong>hujus</strong></span> <span class='ocrx_word' id='word_1_768' title='bbox 2116 2665 2304 2729; x_wconf 89' lang='lat' dir='ltr'><strong>libelli,</strong></span> <span class='ocrx_word' id='word_1_769' title='bbox 2341 2663 2663 2734; x_wconf 89' lang='lat' dir='ltr'><strong>laudemque</strong></span> <span class='ocrx_word' id='word_1_770' title='bbox 2694 2662 2837 2720; x_wconf 79' lang='lat' dir='ltr'><strong>beati</strong></span> <span class='ocrx_word' id='word_1_771' title='bbox 2866 2664 3077 2719; x_wconf 82' lang='lat' dir='ltr'><strong>Alcuini</strong></span> <span class='ocrx_word' id='word_1_772' title='bbox 3107 2664 3180 2717; x_wconf 90' lang='lat' dir='ltr'><strong>ita</strong></span> <span class='ocrx_word' id='word_1_773' title='bbox 3208 2662 3472 2730; x_wconf 63' lang='lat' dir='ltr'><strong>prtel&#39;atur</strong></span> <span class='ocrx_word' id='word_1_774' title='bbox 3496 2681 3512 2717; x_wconf 89' lang='lat'><strong>:</strong></span> 
     </span>
    </p>
   </div>
   <div class='ocr_carea' id='block_1_109' title="bbox 1932 2681 3512 2803">
    <p class='ocr_par' dir='ltr' id='par_1_109' title="bbox 1932 2681 3512 2803">
     <span class='ocr_line' id='line_1_112' title="bbox 1932 2681 3512 2734; baseline -0.001 -16"><span class='ocrx_word' id='word_1_775' title='bbox 1932 2681 1995 2718; x_wconf 92' lang='lat' dir='ltr'><strong>nu</strong></span> <span class='ocrx_word' id='word_1_776' title='bbox 2024 2681 2088 2719; x_wconf 92' lang='lat' dir='ltr'><strong>us</strong></span> <span class='ocrx_word' id='word_1_777' title='bbox 2117 2681 2304 2729; x_wconf 79' lang='lat' dir='ltr'><strong>noctu,</strong></span> <span class='ocrx_word' id='word_1_778' title='bbox 2341 2681 2663 2734; x_wconf 73' lang='lat' dir='ltr'><strong>laudemque</strong></span> <span class='ocrx_word' id='word_1_779' title='bbox 2695 2681 2837 2720; x_wconf 84' lang='lat' dir='ltr'><strong>neau</strong></span> <span class='ocrx_word' id='word_1_780' title='bbox 2866 2681 3077 2719; x_wconf 72' lang='lat' dir='ltr'><strong>meum:</strong></span> <span class='ocrx_word' id='word_1_781' title='bbox 3107 2681 3180 2717; x_wconf 81' lang='lat' dir='ltr'><strong>ua</strong></span> <span class='ocrx_word' id='word_1_782' title='bbox 3209 2681 3472 2730; x_wconf 79' lang='lat' dir='ltr'><strong>praerawr</strong></span> <span class='ocrx_word' id='word_1_783' title='bbox 3496 2681 3512 2717; x_wconf 74' lang='grc' dir='ltr'><strong><em>ς</em></strong></span> 
     </span>
     <span class='ocr_line' id='line_1_113' title="bbox 1932 2681 3512 2803; baseline 0.002 -19"><span class='ocrx_word' id='word_1_784' title='bbox 1932 2752 1951 2784; x_wconf 79' lang='grc' dir='ltr'><strong>ι</strong></span> <span class='ocrx_word' id='word_1_785' title='bbox 1980 2681 2133 2803; x_wconf 61' lang='grc' dir='ltr'><strong>ὀρθά</strong></span> <span class='ocrx_word' id='word_1_786' title='bbox 2161 2744 2361 2800; x_wconf 89' lang='lat' dir='ltr'><strong>autem,</strong></span> <span class='ocrx_word' id='word_1_787' title='bbox 2409 2734 2618 2803; x_wconf 88' lang='lat' dir='ltr'><strong>inquit,</strong></span> <span class='ocrx_word' id='word_1_788' title='bbox 2667 2735 2739 2790; x_wconf 90' lang='lat' dir='ltr'><strong>sit</strong></span> <span class='ocrx_word' id='word_1_789' title='bbox 2781 2735 2870 2789; x_wconf 93' lang='lat' dir='ltr'><strong>hic</strong></span> <span class='ocrx_word' id='word_1_790' title='bbox 2914 2735 3055 2789; x_wconf 89' lang='lat' dir='ltr'><strong>idem</strong></span> <span class='ocrx_word' id='word_1_791' title='bbox 3088 2734 3350 2788; x_wconf 79' lang='lat' dir='ltr'><strong>Alcuinus</strong></span> <span class='ocrx_word' id='word_1_792' title='bbox 3396 2734 3512 2803; x_wconf 90' lang='lat' dir='ltr'><strong>(qui</strong></span> 
     </span>
    </p>
   </div>
   <div class='ocr_carea' id='block_1_110' title="bbox 1924 2750 3513 2876">
    <p class='ocr_par' dir='ltr' id='par_1_110' title="bbox 1924 2750 3513 2876">
     <span class='ocr_line' id='line_1_114' title="bbox 1932 2750 3512 2803; baseline 0.002 -19"><span class='ocrx_word' id='word_1_793' title='bbox 1932 2752 1951 2784; x_wconf 80' lang='grc' dir='ltr'><strong>ι</strong></span> <span class='ocrx_word' id='word_1_794' title='bbox 1980 2750 2133 2802; x_wconf 63' lang='lat' dir='ltr'><strong>quon</strong></span> <span class='ocrx_word' id='word_1_795' title='bbox 2161 2750 2361 2800; x_wconf 89' lang='lat' dir='ltr'><strong>autem,</strong></span> <span class='ocrx_word' id='word_1_796' title='bbox 2409 2750 2460 2788; x_wconf 87' lang='grc' dir='ltr'><strong>ιιι</strong></span> <span class='ocrx_word' id='word_1_797' title='bbox 2505 2750 2618 2800; x_wconf 82' lang='lat' dir='ltr'><strong>ult,</strong></span> <span class='ocrx_word' id='word_1_798' title='bbox 2667 2750 2739 2790; x_wconf 79' lang='lat' dir='ltr'><strong>sn</strong></span> <span class='ocrx_word' id='word_1_799' title='bbox 2783 2750 2870 2789; x_wconf 89' lang='lat' dir='ltr'><strong>me</strong></span> <span class='ocrx_word' id='word_1_800' title='bbox 2914 2750 3055 2789; x_wconf 85' lang='lat' dir='ltr'><strong>mem</strong></span> <span class='ocrx_word' id='word_1_801' title='bbox 3088 2750 3350 2788; x_wconf 71' lang='lat' dir='ltr'><strong>Alcumus</strong></span> <span class='ocrx_word' id='word_1_802' title='bbox 3396 2750 3512 2803; x_wconf 74' lang='lat' dir='ltr'><strong>(qui</strong></span> 
     </span>
     <span class='ocr_line' id='line_1_115' title="bbox 1924 2750 3513 2876; baseline -0.001 -17"><span class='ocrx_word' id='word_1_803' title='bbox 1924 2797 2183 2859; x_wconf 80' lang='lat' dir='ltr'><strong>nimirum</strong></span> <span class='ocrx_word' id='word_1_804' title='bbox 2227 2805 2404 2876; x_wconf 86' lang='lat' dir='ltr'><strong>Caroli</strong></span> <span class='ocrx_word' id='word_1_805' title='bbox 2448 2750 2625 2876; x_wconf 53' lang='lat' dir='ltr'><strong>ﬂagni</strong></span> <span class='ocrx_word' id='word_1_806' title='bbox 2667 2807 2724 2859; x_wconf 91' lang='lat' dir='ltr'><strong>in</strong></span> <span class='ocrx_word' id='word_1_807' title='bbox 2764 2804 3077 2859; x_wconf 87' lang='lat' dir='ltr'><strong>liberalibus</strong></span> <span class='ocrx_word' id='word_1_808' title='bbox 3122 2804 3331 2876; x_wconf 85' lang='lat' dir='ltr'><strong>artibus</strong></span> <span class='ocrx_word' id='word_1_809' title='bbox 3374 2820 3513 2874; x_wconf 67' lang='lat' dir='ltr'><strong>prte-</strong></span> 
     </span>
    </p>
   </div>
   <div class='ocr_carea' id='block_1_111' title="bbox 1925 2874 3511 2947">
    <p class='ocr_par' dir='ltr' id='par_1_111' title="bbox 1925 2874 3511 2947">
     <span class='ocr_line' id='line_1_116' title="bbox 1925 2874 3511 2947; baseline -0.002 -17"><span class='ocrx_word' id='word_1_810' title='bbox 1925 2883 2132 2947; x_wconf 89' lang='lat' dir='ltr'><strong>ceptor,</strong></span> <span class='ocrx_word' id='word_1_811' title='bbox 2184 2885 2346 2946; x_wconf 89' lang='lat' dir='ltr'><strong>atque</strong></span> <span class='ocrx_word' id='word_1_812' title='bbox 2391 2875 2467 2947; x_wconf 87' lang='lat' dir='ltr'><strong>ita</strong></span> <span class='ocrx_word' id='word_1_813' title='bbox 2515 2874 3070 2947; x_wconf 16' lang='lat' dir='ltr'><strong>obsingularegcum</strong></span> <span class='ocrx_word' id='word_1_814' title='bbox 3116 2874 3344 2947; x_wconf 79' lang='lat' dir='ltr'><strong>artium,</strong></span> <span class='ocrx_word' id='word_1_815' title='bbox 3399 2881 3511 2947; x_wconf 84' lang='lat' dir='ltr'><strong>tum</strong></span> 
     </span>
    </p>
   </div>
   <div class='ocr_carea' id='block_1_112' title="bbox 1926 2945 3513 3016">
    <p class='ocr_par' dir='ltr' id='par_1_112' title="bbox 1926 2945 3513 3016">
     <span class='ocr_line' id='line_1_117' title="bbox 1926 2945 3513 3016; baseline 0 -17"><span class='ocrx_word' id='word_1_816' title='bbox 1926 2945 2143 3002; x_wconf 77' lang='lat' dir='ltr'><strong>virtutis</strong></span> <span class='ocrx_word' id='word_1_817' title='bbox 2171 2945 2407 3002; x_wconf 88' lang='lat' dir='ltr'><strong>studium</strong></span> <span class='ocrx_word' id='word_1_818' title='bbox 2442 2946 2495 3000; x_wconf 91' lang='lat' dir='ltr'><strong>in</strong></span> <span class='ocrx_word' id='word_1_819' title='bbox 2524 2945 2753 3016; x_wconf 79' lang='lat' dir='ltr'><strong>publicis</strong></span> <span class='ocrx_word' id='word_1_820' title='bbox 2780 2945 2981 3000; x_wconf 89' lang='lat' dir='ltr'><strong>scholis</strong></span> <span class='ocrx_word' id='word_1_821' title='bbox 3010 2953 3065 3000; x_wconf 90' lang='lat' dir='ltr'><strong>et</strong></span> <span class='ocrx_word' id='word_1_822' title='bbox 3094 2945 3375 3016; x_wconf 88' lang='lat' dir='ltr'><strong>asceteriis</strong></span> <span class='ocrx_word' id='word_1_823' title='bbox 3400 2946 3513 2999; x_wconf 90' lang='lat' dir='ltr'><strong>eri-</strong></span> 
     </span>
    </p>
   </div>
   <div class='ocr_carea' id='block_1_113' title="bbox 1924 3014 3511 3090">
    <p class='ocr_par' dir='ltr' id='par_1_113' title="bbox 1924 3014 3511 3090">
     <span class='ocr_line' id='line_1_118' title="bbox 1924 3014 3511 3090; baseline -0.001 -18"><span class='ocrx_word' id='word_1_824' title='bbox 1924 3019 2116 3088; x_wconf 84' lang='lat' dir='ltr'><strong>gendis</strong></span> <span class='ocrx_word' id='word_1_825' title='bbox 2138 3014 2599 3090; x_wconf 81' lang='lat' dir='ltr'><strong>auetor_exstitit),</strong></span> <span class='ocrx_word' id='word_1_826' title='bbox 2628 3025 2685 3090; x_wconf 86' lang='lat' dir='ltr'><strong>et</strong></span> <span class='ocrx_word' id='word_1_827' title='bbox 2711 3016 2988 3090; x_wconf 15' lang='lat' dir='ltr'><strong>nongalius</strong></span> <span class='ocrx_word' id='word_1_828' title='bbox 3007 3014 3511 3090; x_wconf 75' lang='lat' dir='ltr'><strong>supposititius,_uti</strong></span> 
     </span>
    </p>
   </div>
   <div class='ocr_carea' id='block_1_114' title="bbox 1924 3085 3512 3159">
    <p class='ocr_par' dir='ltr' id='par_1_114' title="bbox 1924 3085 3512 3159">
     <span class='ocr_line' id='line_1_119' title="bbox 1924 3085 3512 3159; baseline 0 -18"><span class='ocrx_word' id='word_1_829' title='bbox 1924 3085 1993 3141; x_wconf 77' lang='lat' dir='ltr'><strong>ex</strong></span> <span class='ocrx_word' id='word_1_830' title='bbox 2036 3090 2304 3159; x_wconf 86' lang='lat' dir='ltr'><strong>unguibus</strong></span> <span class='ocrx_word' id='word_1_831' title='bbox 2341 3085 2585 3155; x_wconf 70' lang='lat' dir='ltr'><strong>leonem,</strong></span> <span class='ocrx_word' id='word_1_832' title='bbox 2628 3089 2704 3143; x_wconf 90' lang='lat' dir='ltr'><strong>ita</strong></span> <span class='ocrx_word' id='word_1_833' title='bbox 2734 3087 2893 3142; x_wconf 82' lang='lat' dir='ltr'><strong>facile</strong></span> <span class='ocrx_word' id='word_1_834' title='bbox 2923 3103 2988 3141; x_wconf 77' lang='lat' dir='ltr'><strong>ex</strong></span> <span class='ocrx_word' id='word_1_835' title='bbox 3017 3085 3117 3141; x_wconf 82' lang='lat' dir='ltr'><strong>hoc</strong></span> <span class='ocrx_word' id='word_1_836' title='bbox 3146 3085 3347 3159; x_wconf 82' lang='lat' dir='ltr'><strong>libello,</strong></span> <span class='ocrx_word' id='word_1_837' title='bbox 3381 3088 3512 3141; x_wconf 90' lang='lat' dir='ltr'><strong>sim-</strong></span> 
     </span>
    </p>
   </div>
   <div class='ocr_carea' id='block_1_115' title="bbox 1924 3156 3514 3230">
    <p class='ocr_par' dir='ltr' id='par_1_115' title="bbox 1924 3156 3514 3230">
     <span class='ocr_line' id='line_1_120' title="bbox 1924 3156 3514 3230; baseline 0 -19"><span class='ocrx_word' id='word_1_838' title='bbox 1924 3156 2135 3226; x_wconf 55' lang='lat' dir='ltr'><strong>plicem&#39;</strong></span> <span class='ocrx_word' id='word_1_839' title='bbox 2154 3160 2448 3230; x_wconf 87' lang='lat' dir='ltr'><strong>puritatem</strong></span> <span class='ocrx_word' id='word_1_840' title='bbox 2495 3174 2619 3214; x_wconf 90' lang='lat' dir='ltr'><strong>cum</strong></span> <span class='ocrx_word' id='word_1_841' title='bbox 2668 3159 2881 3230; x_wconf 87' lang='lat' dir='ltr'><strong>sincera</strong></span> <span class='ocrx_word' id='word_1_842' title='bbox 2927 3159 3127 3230; x_wconf 81' lang='lat' dir='ltr'><strong>pietate</strong></span> <span class='ocrx_word' id='word_1_843' title='bbox 3168 3156 3514 3230; x_wconf 84' lang='lat' dir='ltr'><strong>conjunctam</strong></span> 
     </span>
    </p>
   </div>
   <div class='ocr_carea' id='block_1_116' title="bbox 1926 3228 3514 3301">
    <p class='ocr_par' dir='ltr' id='par_1_116' title="bbox 1926 3228 3514 3301">
     <span class='ocr_line' id='line_1_121' title="bbox 1926 3228 3514 3301; baseline -0.001 -18"><span class='ocrx_word' id='word_1_844' title='bbox 1926 3230 2126 3301; x_wconf 83' lang='lat' dir='ltr'><strong>passim</strong></span> <span class='ocrx_word' id='word_1_845' title='bbox 2155 3228 2420 3299; x_wconf 81' lang='lat' dir='ltr'><strong>spirante,</strong></span> <span class='ocrx_word' id='word_1_846' title='bbox 2453 3230 2720 3301; x_wconf 71' lang='lat' dir='ltr'><strong>hujusque</strong></span> <span class='ocrx_word' id='word_1_847' title='bbox 2766 3228 2982 3301; x_wconf 82' lang='lat' dir='ltr'><strong>genium</strong></span> <span class='ocrx_word' id='word_1_848' title='bbox 3024 3228 3183 3301; x_wconf 86' lang='lat' dir='ltr'><strong>plane</strong></span> <span class='ocrx_word' id='word_1_849' title='bbox 3216 3228 3514 3301; x_wconf 82' lang='lat' dir='ltr'><strong>redolente,</strong></span> 
     </span>
    </p>
   </div>
   <div class='ocr_carea' id='block_1_117' title="bbox 1926 3297 3515 3382">
    <p class='ocr_par' dir='ltr' id='par_1_117' title="bbox 1926 3297 3515 3382">
     <span class='ocr_line' id='line_1_122' title="bbox 1926 3297 3515 3382; baseline 0.001 -29"><span class='ocrx_word' id='word_1_850' title='bbox 1926 3297 2244 3382; x_wconf 74' lang='lat' dir='ltr'><strong>dignoscere</strong></span> <span class='ocrx_word' id='word_1_851' title='bbox 2282 3300 2427 3382; x_wconf 76' lang='lat' dir='ltr'><strong>licet.</strong></span> <span class='ocrx_word' id='word_1_852' title='bbox 2479 3297 2575 3355; x_wconf 87' lang='lat' dir='ltr'><strong>Est</strong></span> <span class='ocrx_word' id='word_1_853' title='bbox 2611 3297 2844 3382; x_wconf 76' lang='lat' dir='ltr'><strong>namque</strong></span> <span class='ocrx_word' id='word_1_854' title='bbox 2879 3300 3078 3382; x_wconf 81' lang='lat' dir='ltr'><strong>ubique</strong></span> <span class='ocrx_word' id='word_1_855' title='bbox 3112 3299 3233 3382; x_wconf 85' lang='lat' dir='ltr'><strong>pius</strong></span> <span class='ocrx_word' id='word_1_856' title='bbox 3255 3298 3515 3382; x_wconf 69' lang='lat' dir='ltr'><strong>,_ubique</strong></span> 
     </span>
    </p>
   </div>
   <div class='ocr_carea' id='block_1_118' title="bbox 1926 3371 3514 3439">
    <p class='ocr_par' dir='ltr' id='par_1_118' title="bbox 1926 3371 3514 3439">
     <span class='ocr_line' id='line_1_123' title="bbox 1926 3371 3514 3439; baseline -0.001 -13"><span class='ocrx_word' id='word_1_857' title='bbox 1926 3372 2138 3435; x_wconf 87' lang='lat' dir='ltr'><strong>doctus,</strong></span> <span class='ocrx_word' id='word_1_858' title='bbox 2179 3371 2510 3436; x_wconf 89' lang='lat' dir='ltr'><strong>succinctus,</strong></span> <span class='ocrx_word' id='word_1_859' title='bbox 2551 3379 2815 3437; x_wconf 89' lang='lat' dir='ltr'><strong>maturus,</strong></span> <span class='ocrx_word' id='word_1_860' title='bbox 2861 3371 3061 3439; x_wconf 84' lang='lat' dir='ltr'><strong>gravis,</strong></span> <span class='ocrx_word' id='word_1_861' title='bbox 3110 3378 3165 3424; x_wconf 92' lang='lat' dir='ltr'><strong>et</strong></span> <span class='ocrx_word' id='word_1_862' title='bbox 3210 3378 3337 3423; x_wconf 90' lang='lat' dir='ltr'><strong>ante</strong></span> <span class='ocrx_word' id='word_1_863' title='bbox 3380 3371 3514 3425; x_wconf 88' lang='lat' dir='ltr'><strong>alios</strong></span> 
     </span>
    </p>
   </div>
   <div class='ocr_carea' id='block_1_119' title="bbox 1926 3440 3514 3512">
    <p class='ocr_par' dir='ltr' id='par_1_119' title="bbox 1926 3440 3514 3512">
     <span class='ocr_line' id='line_1_124' title="bbox 1926 3440 3514 3512; baseline 0.001 -17"><span class='ocrx_word' id='word_1_864' title='bbox 1926 3440 2120 3512; x_wconf 89' lang='lat' dir='ltr'><strong>dignus</strong></span> <span class='ocrx_word' id='word_1_865' title='bbox 2148 3442 2239 3511; x_wconf 88' lang='lat' dir='ltr'><strong>qui</strong></span> <span class='ocrx_word' id='word_1_866' title='bbox 2270 3457 2485 3511; x_wconf 86' lang='lat' dir='ltr'><strong>semper</strong></span> <span class='ocrx_word' id='word_1_867' title='bbox 2511 3442 2760 3497; x_wconf 91' lang='lat' dir='ltr'><strong>manibus</strong></span> <span class='ocrx_word' id='word_1_868' title='bbox 2785 3442 3012 3505; x_wconf 84' lang='lat' dir='ltr'><strong>feratur,</strong></span> <span class='ocrx_word' id='word_1_869' title='bbox 3045 3456 3153 3510; x_wconf 92' lang='lat' dir='ltr'><strong>quo</strong></span> <span class='ocrx_word' id='word_1_870' title='bbox 3177 3442 3396 3512; x_wconf 85' lang='lat' dir='ltr'><strong>vanitas</strong></span> <span class='ocrx_word' id='word_1_871' title='bbox 3428 3458 3514 3496; x_wconf 92' lang='lat' dir='ltr'><strong>re-</strong></span> 
     </span>
    </p>
   </div>
   <div class='ocr_carea' id='block_1_120' title="bbox 1925 3511 3513 3568">
    <p class='ocr_par' dir='ltr' id='par_1_120' title="bbox 1925 3511 3513 3568">
     <span class='ocr_line' id='line_1_125' title="bbox 1925 3511 3513 3568; baseline 0 -2"><span class='ocrx_word' id='word_1_872' title='bbox 1925 3511 2044 3566; x_wconf 85' lang='lat' dir='ltr'><strong>rum</strong></span> <span class='ocrx_word' id='word_1_873' title='bbox 2084 3512 2378 3567; x_wconf 86' lang='lat' dir='ltr'><strong>dilucescat</strong></span> <span class='ocrx_word' id='word_1_874' title='bbox 2424 3520 2478 3567; x_wconf 88' lang='lat' dir='ltr'><strong>et</strong></span> <span class='ocrx_word' id='word_1_875' title='bbox 2521 3514 2685 3568; x_wconf 90' lang='lat' dir='ltr'><strong>corda</strong></span> <span class='ocrx_word' id='word_1_876' title='bbox 2728 3513 3041 3567; x_wconf 90' lang='lat' dir='ltr'><strong>mortalium</strong></span> <span class='ocrx_word' id='word_1_877' title='bbox 3079 3513 3147 3565; x_wconf 88' lang='lat' dir='ltr'><strong>ab</strong></span> <span class='ocrx_word' id='word_1_878' title='bbox 3182 3511 3513 3567; x_wconf 87' lang='lat' dir='ltr'><strong>instabilium</strong></span> 
     </span>
    </p>
   </div>
   <div class='ocr_carea' id='block_1_121' title="bbox 1924 3581 3507 3639">
    <p class='ocr_par' dir='ltr' id='par_1_121' title="bbox 1924 3581 3507 3639">
     <span class='ocr_line' id='line_1_126' title="bbox 1924 3581 3507 3639; baseline -0.001 -3"><span class='ocrx_word' id='word_1_879' title='bbox 1924 3583 2071 3637; x_wconf 89' lang='lat' dir='ltr'><strong>euris</strong></span> <span class='ocrx_word' id='word_1_880' title='bbox 2091 3581 2159 3636; x_wconf 91' lang='lat' dir='ltr'><strong>ad</strong></span> <span class='ocrx_word' id='word_1_881' title='bbox 2182 3597 2420 3638; x_wconf 89' lang='lat' dir='ltr'><strong>amorem</strong></span> <span class='ocrx_word' id='word_1_882' title='bbox 2444 3584 2721 3639; x_wconf 68' lang='lat' dir='ltr'><strong>caelestem</strong></span> <span class='ocrx_word' id='word_1_883' title='bbox 2743 3584 3022 3639; x_wconf 86' lang='lat' dir='ltr'><strong>ardentius</strong></span> <span class='ocrx_word' id='word_1_884' title='bbox 3046 3581 3507 3637; x_wconf 66' lang='lat' dir='ltr'><strong>intlammentur.»</strong></span> 
     </span>
    </p>
   </div>
   <div class='ocr_carea' id='block_1_122' title="bbox 1921 3651 3509 3724">
    <p class='ocr_par' dir='ltr' id='par_1_122' title="bbox 1921 3651 3509 3724">
     <span class='ocr_line' id='line_1_127' title="bbox 1921 3651 3509 3724; baseline -0.001 -17"><span class='ocrx_word' id='word_1_885' title='bbox 1921 3651 2157 3724; x_wconf 90' lang='lat' dir='ltr'><strong>Posthac</strong></span> <span class='ocrx_word' id='word_1_886' title='bbox 2182 3661 2370 3708; x_wconf 90' lang='lat' dir='ltr'><strong>narrat</strong></span> <span class='ocrx_word' id='word_1_887' title='bbox 2393 3653 2804 3724; x_wconf 58' lang='lat' dir='ltr'><strong>[Erntspergius</strong></span> <span class='ocrx_word' id='word_1_888' title='bbox 2832 3669 2951 3724; x_wconf 70' lang='lat' dir='ltr'><strong>qua:</strong></span> <span class='ocrx_word' id='word_1_889' title='bbox 2981 3652 3082 3707; x_wconf 91' lang='lat' dir='ltr'><strong>sibi</strong></span> <span class='ocrx_word' id='word_1_890' title='bbox 3127 3652 3181 3705; x_wconf 91' lang='lat' dir='ltr'><strong>in</strong></span> <span class='ocrx_word' id='word_1_891' title='bbox 3219 3651 3408 3724; x_wconf 81' lang='lat' dir='ltr'><strong>eodem</strong></span> <span class='ocrx_word' id='word_1_892' title='bbox 3441 3653 3509 3706; x_wconf 87' lang='lat' dir='ltr'><strong>li-</strong></span> 
     </span>
    </p>
   </div>
   <div class='ocr_carea' id='block_1_123' title="bbox 1922 3721 3513 3780">
    <p class='ocr_par' dir='ltr' id='par_1_123' title="bbox 1922 3721 3513 3780">
     <span class='ocr_line' id='line_1_128' title="bbox 1922 3721 3513 3780; baseline -0.001 -2"><span class='ocrx_word' id='word_1_893' title='bbox 1922 3723 2065 3778; x_wconf 88' lang='lat' dir='ltr'><strong>bello</strong></span> <span class='ocrx_word' id='word_1_894' title='bbox 2087 3724 2192 3779; x_wconf 90' lang='lat' dir='ltr'><strong>luci</strong></span> <span class='ocrx_word' id='word_1_895' title='bbox 2214 3724 2487 3779; x_wconf 88' lang='lat' dir='ltr'><strong>reddendo</strong></span> <span class='ocrx_word' id='word_1_896' title='bbox 2511 3734 2567 3779; x_wconf 92' lang='lat' dir='ltr'><strong>et</strong></span> <span class='ocrx_word' id='word_1_897' title='bbox 2586 3721 2945 3780; x_wconf 79' lang='lat' dir='ltr'><strong>emaculando</strong></span> <span class='ocrx_word' id='word_1_898' title='bbox 2965 3722 3288 3777; x_wconf 74' lang='lat' dir='ltr'><strong>devorandae</strong></span> <span class='ocrx_word' id='word_1_899' title='bbox 3310 3721 3513 3777; x_wconf 83' lang='lat' dir='ltr'><strong>fuerint</strong></span> 
     </span>
    </p>
   </div>
   <div class='ocr_carea' id='block_1_124' title="bbox 1924 3793 3512 3865">
    <p class='ocr_par' dir='ltr' id='par_1_124' title="bbox 1924 3793 3512 3865">
     <span class='ocr_line' id='line_1_129' title="bbox 1924 3793 3512 3865; baseline -0.001 -16"><span class='ocrx_word' id='word_1_900' title='bbox 1924 3793 2286 3859; x_wconf 81' lang='lat' dir='ltr'><strong>difﬁcultates,</strong></span> <span class='ocrx_word' id='word_1_901' title='bbox 2338 3795 2408 3850; x_wconf 92' lang='lat' dir='ltr'><strong>ob</strong></span> <span class='ocrx_word' id='word_1_902' title='bbox 2451 3796 2653 3851; x_wconf 91' lang='lat' dir='ltr'><strong>codicis</strong></span> <span class='ocrx_word' id='word_1_903' title='bbox 2697 3811 2824 3860; x_wconf 90' lang='lat' dir='ltr'><strong>ms.,</strong></span> <span class='ocrx_word' id='word_1_904' title='bbox 2877 3802 2985 3865; x_wconf 86' lang='lat' dir='ltr'><strong>quo</strong></span> <span class='ocrx_word' id='word_1_905' title='bbox 3032 3809 3162 3848; x_wconf 91' lang='lat' dir='ltr'><strong>usus</strong></span> <span class='ocrx_word' id='word_1_906' title='bbox 3208 3801 3321 3856; x_wconf 88' lang='lat' dir='ltr'><strong>est,</strong></span> <span class='ocrx_word' id='word_1_907' title='bbox 3370 3794 3512 3848; x_wconf 90' lang='lat' dir='ltr'><strong>male</strong></span> 
     </span>
    </p>
   </div>
   <div class='ocr_carea' id='block_1_125' title="bbox 1923 3865 3510 3931">
    <p class='ocr_par' dir='ltr' id='par_1_125' title="bbox 1923 3865 3510 3931">
     <span class='ocr_line' id='line_1_130' title="bbox 1923 3865 3510 3931; baseline -0.004 -10"><span class='ocrx_word' id='word_1_908' title='bbox 1923 3866 2227 3921; x_wconf 87' lang='lat' dir='ltr'><strong>conservati</strong></span> <span class='ocrx_word' id='word_1_909' title='bbox 2253 3865 2616 3921; x_wconf 90' lang='lat' dir='ltr'><strong>conditionem</strong></span> <span class='ocrx_word' id='word_1_910' title='bbox 2633 3908 2648 3931; x_wconf 95' lang='lat'><strong>,</strong></span> <span class='ocrx_word' id='word_1_911' title='bbox 2677 3867 3054 3921; x_wconf 87' lang='lat' dir='ltr'><strong>cbaracterum</strong></span> <span class='ocrx_word' id='word_1_912' title='bbox 3082 3865 3473 3919; x_wconf 86' lang='lat' dir='ltr'><strong>obscuritatem</strong></span> <span class='ocrx_word' id='word_1_913' title='bbox 3493 3904 3510 3928; x_wconf 87' lang='lat'><strong>,</strong></span> 
     </span>
    </p>
   </div>
   <div class='ocr_carea' id='block_1_126' title="bbox 1923 3933 3511 4007">
    <p class='ocr_par' dir='ltr' id='par_1_126' title="bbox 1923 3933 3511 4007">
     <span class='ocr_line' id='line_1_131' title="bbox 1923 3933 3511 4007; baseline -0.001 -16"><span class='ocrx_word' id='word_1_914' title='bbox 1923 3945 2107 3991; x_wconf 88' lang='lat' dir='ltr'><strong>con-et</strong></span> <span class='ocrx_word' id='word_1_915' title='bbox 2135 3933 2571 4004; x_wconf 73' lang='lat' dir='ltr'><strong>disiunctionem.</strong></span> <span class='ocrx_word' id='word_1_916' title='bbox 2603 3936 2741 3992; x_wconf 85' lang='lat' dir='ltr'><strong>Huic</strong></span> <span class='ocrx_word' id='word_1_917' title='bbox 2764 3937 2950 4007; x_wconf 89' lang='lat' dir='ltr'><strong>igitur,</strong></span> <span class='ocrx_word' id='word_1_918' title='bbox 2976 3935 3073 3989; x_wconf 88' lang='lat' dir='ltr'><strong>abs</strong></span> <span class='ocrx_word' id='word_1_919' title='bbox 3099 3934 3282 3998; x_wconf 91' lang='lat' dir='ltr'><strong>dubio,</strong></span> <span class='ocrx_word' id='word_1_920' title='bbox 3307 3934 3511 4007; x_wconf 81' lang='lat' dir='ltr'><strong>codicis</strong></span> 
     </span>
    </p>
   </div>
   <div class='ocr_carea' id='block_1_127' title="bbox 1923 4005 3513 4078">
    <p class='ocr_par' dir='ltr' id='par_1_127' title="bbox 1923 4005 3513 4078">
     <span class='ocr_line' id='line_1_132' title="bbox 1923 4005 3513 4078; baseline -0.001 -17"><span class='ocrx_word' id='word_1_921' title='bbox 1923 4022 2032 4078; x_wconf 60' lang='lat' dir='ltr'><strong>ms.</strong></span> <span class='ocrx_word' id='word_1_922' title='bbox 2056 4007 2423 4078; x_wconf 85' lang='lat' dir='ltr'><strong>depravationi</strong></span> <span class='ocrx_word' id='word_1_923' title='bbox 2453 4022 2668 4078; x_wconf 90' lang='lat' dir='ltr'><strong>quoque</strong></span> <span class='ocrx_word' id='word_1_924' title='bbox 2696 4005 3177 4078; x_wconf 76' lang='lat' dir='ltr'><strong>tribuendumest,</strong></span> <span class='ocrx_word' id='word_1_925' title='bbox 3206 4005 3513 4078; x_wconf 80' lang='lat' dir='ltr'><strong>quodnon-</strong></span> 
     </span>
    </p>
   </div>
   <div class='ocr_carea' id='block_1_128' title="bbox 1925 4075 3511 4146">
    <p class='ocr_par' dir='ltr' id='par_1_128' title="bbox 1925 4075 3511 4146">
     <span class='ocr_line' id='line_1_133' title="bbox 1925 4075 3511 4146; baseline -0.001 -15"><span class='ocrx_word' id='word_1_926' title='bbox 1925 4076 2084 4132; x_wconf 70' lang='lat' dir='ltr'><strong>nulla:</strong></span> <span class='ocrx_word' id='word_1_927' title='bbox 2112 4075 2488 4146; x_wconf 77' lang='lat' dir='ltr'><strong>precationuni</strong></span> <span class='ocrx_word' id='word_1_928' title='bbox 2512 4075 2759 4133; x_wconf 66' lang='lat' dir='ltr'><strong>formulae</strong></span> <span class='ocrx_word' id='word_1_929' title='bbox 2793 4087 2948 4132; x_wconf 81' lang='lat' dir='ltr'><strong>extra</strong></span> <span class='ocrx_word' id='word_1_930' title='bbox 2980 4076 3219 4130; x_wconf 91' lang='lat' dir='ltr'><strong>debitum</strong></span> <span class='ocrx_word' id='word_1_931' title='bbox 3263 4075 3511 4130; x_wconf 88' lang='lat' dir='ltr'><strong>ordinem</strong></span> 
     </span>
    </p>
   </div>
   <div class='ocr_carea' id='block_1_129' title="bbox 1923 4147 3511 4217">
    <p class='ocr_par' dir='ltr' id='par_1_129' title="bbox 1923 4147 3511 4217">
     <span class='ocr_line' id='line_1_134' title="bbox 1923 4147 3511 4217; baseline -0.003 -14"><span class='ocrx_word' id='word_1_932' title='bbox 1923 4148 2233 4214; x_wconf 67' lang='lat' dir='ltr'><strong>collocatio;</strong></span> <span class='ocrx_word' id='word_1_933' title='bbox 2279 4156 2333 4203; x_wconf 91' lang='lat' dir='ltr'><strong>et</strong></span> <span class='ocrx_word' id='word_1_934' title='bbox 2369 4149 2587 4215; x_wconf 86' lang='lat' dir='ltr'><strong>dehinc,</strong></span> <span class='ocrx_word' id='word_1_935' title='bbox 2615 4164 2738 4205; x_wconf 90' lang='lat' dir='ltr'><strong>cum</strong></span> <span class='ocrx_word' id='word_1_936' title='bbox 2776 4163 2843 4203; x_wconf 79' lang='lat' dir='ltr'><strong>ex</strong></span> <span class='ocrx_word' id='word_1_937' title='bbox 2882 4147 3238 4217; x_wconf 88' lang='lat' dir='ltr'><strong>dispositione</strong></span> <span class='ocrx_word' id='word_1_938' title='bbox 3268 4147 3511 4201; x_wconf 84' lang='lat' dir='ltr'><strong>auctoris</strong></span> 
     </span>
    </p>
   </div>
   <div class='ocr_carea' id='block_1_130' title="bbox 1925 4216 3509 4290">
    <p class='ocr_par' dir='ltr' id='par_1_130' title="bbox 1925 4216 3509 4290">
     <span class='ocr_line' id='line_1_135' title="bbox 1925 4216 3509 4290; baseline -0.001 -17"><span class='ocrx_word' id='word_1_939' title='bbox 1925 4218 1989 4290; x_wconf 87' lang='lat' dir='ltr'><strong>ad</strong></span> <span class='ocrx_word' id='word_1_940' title='bbox 2016 4221 2247 4289; x_wconf 88' lang='lat' dir='ltr'><strong>primam</strong></span> <span class='ocrx_word' id='word_1_941' title='bbox 2276 4227 2485 4288; x_wconf 90' lang='lat' dir='ltr'><strong>partem</strong></span> <span class='ocrx_word' id='word_1_942' title='bbox 2513 4220 2874 4290; x_wconf 89' lang='lat' dir='ltr'><strong>pertinerent,</strong></span> <span class='ocrx_word' id='word_1_943' title='bbox 2913 4216 3195 4290; x_wconf 83' lang='lat' dir='ltr'><strong>scriptoris</strong></span> <span class='ocrx_word' id='word_1_944' title='bbox 3224 4216 3509 4290; x_wconf 84' lang='lat' dir='ltr'><strong>oscitantia</strong></span> 
     </span>
    </p>
   </div>
   <div class='ocr_carea' id='block_1_131' title="bbox 1922 4288 3510 4361">
    <p class='ocr_par' dir='ltr' id='par_1_131' title="bbox 1922 4288 3510 4361">
     <span class='ocr_line' id='line_1_136' title="bbox 1922 4288 3510 4361; baseline 0.001 -18"><span class='ocrx_word' id='word_1_945' title='bbox 1922 4289 1980 4361; x_wconf 77' lang='lat' dir='ltr'><strong>in</strong></span> <span class='ocrx_word' id='word_1_946' title='bbox 2005 4288 2230 4361; x_wconf 84' lang='lat' dir='ltr'><strong>alteram</strong></span> <span class='ocrx_word' id='word_1_947' title='bbox 2252 4290 2467 4358; x_wconf 70' lang='lat' dir='ltr'><strong>rejecta:</strong></span> <span class='ocrx_word' id='word_1_948' title='bbox 2487 4288 2613 4346; x_wconf 84' lang='lat' dir='ltr'><strong>sint.</strong></span> <span class='ocrx_word' id='word_1_949' title='bbox 2648 4290 2803 4357; x_wconf 86' lang='lat' dir='ltr'><strong>Quod</strong></span> <span class='ocrx_word' id='word_1_950' title='bbox 2829 4288 3057 4361; x_wconf 86' lang='lat' dir='ltr'><strong>ipsemet</strong></span> <span class='ocrx_word' id='word_1_951' title='bbox 3082 4288 3261 4361; x_wconf 84' lang='lat' dir='ltr'><strong>editor</strong></span> <span class='ocrx_word' id='word_1_952' title='bbox 3281 4288 3367 4361; x_wconf 79' lang='lat' dir='ltr'><strong>vel</strong></span> <span class='ocrx_word' id='word_1_953' title='bbox 3394 4289 3510 4358; x_wconf 90' lang='lat' dir='ltr'><strong>ipse</strong></span> 
     </span>
    </p>
   </div>
   <div class='ocr_carea' id='block_1_132' title="bbox 1922 4359 3506 4430">
    <p class='ocr_par' dir='ltr' id='par_1_132' title="bbox 1922 4359 3506 4430">
     <span class='ocr_line' id='line_1_137' title="bbox 1922 4359 3506 4430; baseline 0 -16"><span class='ocrx_word' id='word_1_954' title='bbox 1922 4359 2171 4415; x_wconf 85' lang='lat' dir='ltr'><strong>fortassis</strong></span> <span class='ocrx_word' id='word_1_955' title='bbox 2193 4361 2428 4430; x_wconf 90' lang='lat' dir='ltr'><strong>scriptor</strong></span> <span class='ocrx_word' id='word_1_956' title='bbox 2445 4362 2647 4416; x_wconf 88' lang='lat' dir='ltr'><strong>codicis</strong></span> <span class='ocrx_word' id='word_1_957' title='bbox 2668 4359 3071 4426; x_wconf 73' lang='lat' dir='ltr'><strong>animadvertit,</strong></span> <span class='ocrx_word' id='word_1_958' title='bbox 3088 4360 3215 4430; x_wconf 85' lang='lat' dir='ltr'><strong>dum</strong></span> <span class='ocrx_word' id='word_1_959' title='bbox 3231 4359 3506 4430; x_wconf 86' lang='lat' dir='ltr'><strong>ordinem,</strong></span> 
     </span>
    </p>
   </div>
   <div class='ocr_carea' id='block_1_133' title="bbox 1922 4428 3509 4502">
    <p class='ocr_par' dir='ltr' id='par_1_133' title="bbox 1922 4428 3509 4502">
     <span class='ocr_line' id='line_1_138' title="bbox 1922 4428 3509 4502; baseline 0 -17"><span class='ocrx_word' id='word_1_960' title='bbox 1922 4431 2023 4485; x_wconf 88' lang='lat' dir='ltr'><strong>etsi</strong></span> <span class='ocrx_word' id='word_1_961' title='bbox 2052 4428 2338 4502; x_wconf 82' lang='lat' dir='ltr'><strong>admodum</strong></span> <span class='ocrx_word' id='word_1_962' title='bbox 2368 4432 2617 4496; x_wconf 91' lang='lat' dir='ltr'><strong>obscure,</strong></span> <span class='ocrx_word' id='word_1_963' title='bbox 2647 4431 2862 4502; x_wconf 78' lang='lat' dir='ltr'><strong>eyphris</strong></span> <span class='ocrx_word' id='word_1_964' title='bbox 2886 4438 3075 4485; x_wconf 90' lang='lat' dir='ltr'><strong>notare</strong></span> <span class='ocrx_word' id='word_1_965' title='bbox 3098 4428 3302 4502; x_wconf 81' lang='lat' dir='ltr'><strong>voluit;</strong></span> <span class='ocrx_word' id='word_1_966' title='bbox 3334 4438 3390 4484; x_wconf 90' lang='lat' dir='ltr'><strong>et</strong></span> <span class='ocrx_word' id='word_1_967' title='bbox 3414 4430 3509 4502; x_wconf 90' lang='lat' dir='ltr'><strong>ubi</strong></span> 
     </span>
    </p>
   </div>
   <div class='ocr_carea' id='block_1_134' title="bbox 1922 4500 3515 4571">
    <p class='ocr_par' dir='ltr' id='par_1_134' title="bbox 1922 4500 3515 4571">
     <span class='ocr_line' id='line_1_139' title="bbox 1922 4500 3515 4571; baseline -0.001 -16"><span class='ocrx_word' id='word_1_968' title='bbox 1922 4502 2097 4571; x_wconf 90' lang='lat' dir='ltr'><strong>prima</strong></span> <span class='ocrx_word' id='word_1_969' title='bbox 2134 4516 2261 4570; x_wconf 90' lang='lat' dir='ltr'><strong>pars</strong></span> <span class='ocrx_word' id='word_1_970' title='bbox 2290 4500 2434 4556; x_wconf 85' lang='lat' dir='ltr'><strong>ﬁniri</strong></span> <span class='ocrx_word' id='word_1_971' title='bbox 2464 4500 2727 4568; x_wconf 73' lang='lat' dir='ltr'><strong>deberet,</strong></span> <span class='ocrx_word' id='word_1_972' title='bbox 2765 4503 2961 4556; x_wconf 89' lang='lat' dir='ltr'><strong>iterum</strong></span> <span class='ocrx_word' id='word_1_973' title='bbox 3002 4503 3133 4556; x_wconf 90' lang='lat' dir='ltr'><strong>satis</strong></span> <span class='ocrx_word' id='word_1_974' title='bbox 3173 4500 3397 4555; x_wconf 82' lang='lat' dir='ltr'><strong>confuse</strong></span> <span class='ocrx_word' id='word_1_975' title='bbox 3428 4500 3515 4554; x_wconf 87' lang='lat' dir='ltr'><strong>in-</strong></span> 
     </span>
    </p>
   </div>
   <div class='ocr_carea' id='block_1_135' title="bbox 1926 4571 3510 4642">
    <p class='ocr_par' dir='ltr' id='par_1_135' title="bbox 1926 4571 3510 4642">
     <span class='ocr_line' id='line_1_140' title="bbox 1926 4571 3510 4642; baseline -0.001 -15"><span class='ocrx_word' id='word_1_976' title='bbox 1926 4574 2070 4637; x_wconf 89' lang='lat' dir='ltr'><strong>nuit;</strong></span> <span class='ocrx_word' id='word_1_977' title='bbox 2121 4571 2191 4627; x_wconf 91' lang='lat' dir='ltr'><strong>ob</strong></span> <span class='ocrx_word' id='word_1_978' title='bbox 2238 4587 2399 4642; x_wconf 89' lang='lat' dir='ltr'><strong>quam</strong></span> <span class='ocrx_word' id='word_1_979' title='bbox 2446 4587 2663 4628; x_wconf 89' lang='lat' dir='ltr'><strong>causam</strong></span> <span class='ocrx_word' id='word_1_980' title='bbox 2709 4573 2865 4628; x_wconf 91' lang='lat' dir='ltr'><strong>nobis</strong></span> <span class='ocrx_word' id='word_1_981' title='bbox 2911 4572 3217 4626; x_wconf 86' lang='lat' dir='ltr'><strong>libertatem</strong></span> <span class='ocrx_word' id='word_1_982' title='bbox 3265 4571 3510 4626; x_wconf 83' lang='lat' dir='ltr'><strong>relictam</strong></span> 
     </span>
    </p>
   </div>
   <div class='ocr_carea' id='block_1_136' title="bbox 1926 4641 3510 4709">
    <p class='ocr_par' dir='ltr' id='par_1_136' title="bbox 1926 4641 3510 4709">
     <span class='ocr_line' id='line_1_141' title="bbox 1926 4641 3510 4709; baseline -0.001 -11"><span class='ocrx_word' id='word_1_983' title='bbox 1926 4641 2295 4709; x_wconf 83' lang='lat' dir='ltr'><strong>credidimus,</strong></span> <span class='ocrx_word' id='word_1_984' title='bbox 2346 4644 2526 4698; x_wconf 92' lang='lat' dir='ltr'><strong>omnia</strong></span> <span class='ocrx_word' id='word_1_985' title='bbox 2573 4644 2754 4707; x_wconf 86' lang='lat' dir='ltr'><strong>debito</strong></span> <span class='ocrx_word' id='word_1_986' title='bbox 2802 4643 3020 4709; x_wconf 88' lang='lat' dir='ltr'><strong>ordini,</strong></span> <span class='ocrx_word' id='word_1_987' title='bbox 3074 4650 3134 4697; x_wconf 93' lang='lat' dir='ltr'><strong>ut</strong></span> <span class='ocrx_word' id='word_1_988' title='bbox 3186 4641 3510 4707; x_wconf 88' lang='lat' dir='ltr'><strong>videbatur,</strong></span> 
     </span>
    </p>
   </div>
   <div class='ocr_carea' id='block_1_137' title="bbox 1926 4712 3513 4785">
    <p class='ocr_par' dir='ltr' id='par_1_137' title="bbox 1926 4712 3513 4785">
     <span class='ocr_line' id='line_1_142' title="bbox 1926 4712 3513 4785; baseline 0 -17"><span class='ocrx_word' id='word_1_989' title='bbox 1926 4713 2269 4769; x_wconf 90' lang='lat' dir='ltr'><strong>restituendi.</strong></span> <span class='ocrx_word' id='word_1_990' title='bbox 2295 4712 2349 4785; x_wconf 66' lang='grc' dir='ltr'><strong>ἀ.</strong></span> <span class='ocrx_word' id='word_1_991' title='bbox 2370 4714 2652 4769; x_wconf 87' lang='lat' dir='ltr'><strong>Formulas</strong></span> <span class='ocrx_word' id='word_1_992' title='bbox 2682 4715 2847 4785; x_wconf 84' lang='lat' dir='ltr'><strong>igitur</strong></span> <span class='ocrx_word' id='word_1_993' title='bbox 2876 4729 2995 4784; x_wconf 61' lang='lat' dir='ltr'><strong>qua:</strong></span> <span class='ocrx_word' id='word_1_994' title='bbox 3020 4729 3147 4769; x_wconf 90' lang='lat' dir='ltr'><strong>vere</strong></span> <span class='ocrx_word' id='word_1_995' title='bbox 3178 4712 3245 4766; x_wconf 92' lang='lat' dir='ltr'><strong>de</strong></span> <span class='ocrx_word' id='word_1_996' title='bbox 3275 4714 3513 4783; x_wconf 90' lang='lat' dir='ltr'><strong>psalmo-</strong></span> 
     </span>
    </p>
   </div>
   <div class='ocr_carea' id='block_1_138' title="bbox 1925 4784 3512 4848">
    <p class='ocr_par' dir='ltr' id='par_1_138' title="bbox 1925 4784 3512 4848">
     <span class='ocr_line' id='line_1_143' title="bbox 1925 4784 3512 4848; baseline 0.001 -9"><span class='ocrx_word' id='word_1_997' title='bbox 1925 4800 2046 4839; x_wconf 87' lang='lat' dir='ltr'><strong>rum</strong></span> <span class='ocrx_word' id='word_1_998' title='bbox 2070 4799 2169 4839; x_wconf 90' lang='lat' dir='ltr'><strong>usu</strong></span> <span class='ocrx_word' id='word_1_999' title='bbox 2192 4784 2247 4838; x_wconf 91' lang='lat' dir='ltr'><strong>in</strong></span> <span class='ocrx_word' id='word_1_1000' title='bbox 2268 4784 2435 4839; x_wconf 73' lang='lat' dir='ltr'><strong>variis</strong></span> <span class='ocrx_word' id='word_1_1001' title='bbox 2459 4784 2881 4839; x_wconf 89' lang='lat' dir='ltr'><strong>circumstantiis</strong></span> <span class='ocrx_word' id='word_1_1002' title='bbox 2902 4785 3195 4848; x_wconf 90' lang='lat' dir='ltr'><strong>instruunt,</strong></span> <span class='ocrx_word' id='word_1_1003' title='bbox 3222 4798 3253 4836; x_wconf 86' lang='lat' dir='ltr'><strong>a</strong></span> <span class='ocrx_word' id='word_1_1004' title='bbox 3274 4785 3512 4841; x_wconf 88' lang='lat' dir='ltr'><strong>secunda</strong></span> 
     </span>
    </p>
   </div>
   <div class='ocr_carea' id='block_1_139' title="bbox 1925 4855 3539 4925">
    <p class='ocr_par' dir='ltr' id='par_1_139' title="bbox 1925 4855 3539 4925">
     <span class='ocr_line' id='line_1_144' title="bbox 1925 4855 3539 4925; baseline 0 -16"><span class='ocrx_word' id='word_1_1005' title='bbox 1925 4862 2079 4925; x_wconf 89' lang='lat' dir='ltr'><strong>parte</strong></span> <span class='ocrx_word' id='word_1_1006' title='bbox 2106 4855 2306 4925; x_wconf 88' lang='lat' dir='ltr'><strong>prioris</strong></span> <span class='ocrx_word' id='word_1_1007' title='bbox 2332 4856 2585 4910; x_wconf 89' lang='lat' dir='ltr'><strong>editionis</strong></span> <span class='ocrx_word' id='word_1_1008' title='bbox 2612 4863 2912 4924; x_wconf 83' lang='lat' dir='ltr'><strong>exemptas,</strong></span> <span class='ocrx_word' id='word_1_1009' title='bbox 2943 4856 3011 4909; x_wconf 89' lang='lat' dir='ltr'><strong>ad</strong></span> <span class='ocrx_word' id='word_1_1010' title='bbox 3036 4855 3267 4925; x_wconf 90' lang='lat' dir='ltr'><strong>primam</strong></span> <span class='ocrx_word' id='word_1_1011' title='bbox 3295 4856 3539 4911; x_wconf 77' lang='lat' dir='ltr'><strong>reduxi--</strong></span> 
     </span>
    </p>
   </div>
   <div class='ocr_carea' id='block_1_140' title="bbox 1928 4924 3509 4995">
    <p class='ocr_par' dir='ltr' id='par_1_140' title="bbox 1928 4924 3509 4995">
     <span class='ocr_line' id='line_1_145' title="bbox 1928 4924 3509 4995; baseline 0.001 -16"><span class='ocrx_word' id='word_1_1012' title='bbox 1928 4941 2080 4991; x_wconf 91' lang='lat' dir='ltr'><strong>mus;</strong></span> <span class='ocrx_word' id='word_1_1013' title='bbox 2108 4924 2432 4995; x_wconf 85' lang='lat' dir='ltr'><strong>partemque</strong></span> <span class='ocrx_word' id='word_1_1014' title='bbox 2461 4925 2689 4979; x_wconf 89' lang='lat' dir='ltr'><strong>alteram</strong></span> <span class='ocrx_word' id='word_1_1015' title='bbox 2736 4928 2804 4979; x_wconf 88' lang='lat' dir='ltr'><strong>ab</strong></span> <span class='ocrx_word' id='word_1_1016' title='bbox 2849 4924 3084 4979; x_wconf 82' lang='lat' dir='ltr'><strong>oratione</strong></span> <span class='ocrx_word' id='word_1_1017' title='bbox 3130 4924 3198 4979; x_wconf 83' lang='lat' dir='ltr'><strong>ad</strong></span> <span class='ocrx_word' id='word_1_1018' title='bbox 3246 4927 3509 4981; x_wconf 71' lang='lat' dir='ltr'><strong>canendo:</strong></span> 
     </span>
    </p>
   </div>
   <div class='ocr_carea' id='block_1_141' title="bbox 1926 4994 3512 5121">
    <p class='ocr_par' dir='ltr' id='par_1_141' title="bbox 1926 4994 3512 5121">
     <span class='ocr_line' id='line_1_146' title="bbox 1926 4994 3512 5121; baseline 0.003 -72"><span class='ocrx_word' id='word_1_1019' title='bbox 1926 4995 2155 5121; x_wconf 57' lang='lat' dir='ltr'><strong>ﬁsalmos</strong></span> <span class='ocrx_word' id='word_1_1020' title='bbox 2188 5012 2282 5066; x_wconf 87' lang='lat' dir='ltr'><strong>pro</strong></span> <span class='ocrx_word' id='word_1_1021' title='bbox 2320 4996 2487 5066; x_wconf 82' lang='lat' dir='ltr'><strong>seipse</strong></span> <span class='ocrx_word' id='word_1_1022' title='bbox 2526 4996 2917 5052; x_wconf 87' lang='lat' dir='ltr'><strong>inchoavimus.</strong></span> <span class='ocrx_word' id='word_1_1023' title='bbox 2971 4994 3124 5063; x_wconf 86' lang='lat' dir='ltr'><strong>Quod</strong></span> <span class='ocrx_word' id='word_1_1024' title='bbox 3163 4996 3267 5051; x_wconf 88' lang='lat' dir='ltr'><strong>viri</strong></span> <span class='ocrx_word' id='word_1_1025' title='bbox 3312 4998 3512 5054; x_wconf 89' lang='lat' dir='ltr'><strong>eruditi</strong></span> 
     </span>
     <span class='ocr_line' id='line_1_147' title="bbox 1965 5065 2495 5121; baseline 0.002 -2"><span class='ocrx_word' id='word_1_1026' title='bbox 1965 5066 2068 5120; x_wconf 90' lang='lat' dir='ltr'><strong>aud</strong></span> <span class='ocrx_word' id='word_1_1027' title='bbox 2094 5065 2495 5121; x_wconf 76' lang='lat' dir='ltr'><strong>improbabunt.</strong></span> 
     </span>
    </p>
   </div>
   <div class='ocr_carea' id='block_1_142' title="bbox 1965 5065 2495 5135">
    <p class='ocr_par' dir='ltr' id='par_1_142' title="bbox 1965 5065 2495 5135">
     <span class='ocr_line' id='line_1_148' title="bbox 1965 5065 2495 5135; baseline 0.002 -16"><span class='ocrx_word' id='word_1_1028' title='bbox 1965 5066 2068 5120; x_wconf 90' lang='lat' dir='ltr'><strong>aud</strong></span> <span class='ocrx_word' id='word_1_1029' title='bbox 2094 5065 2495 5135; x_wconf 89' lang='lat' dir='ltr'><strong>improbabunt.</strong></span> 
     </span>
    </p>
   </div>
   <div class='ocr_carea' id='block_1_143' title="bbox 1997 5136 3508 5209">
    <p class='ocr_par' dir='ltr' id='par_1_143' title="bbox 1997 5136 3508 5209">
     <span class='ocr_line' id='line_1_149' title="bbox 1997 5136 3508 5209; baseline 0.003 -19"><span class='ocrx_word' id='word_1_1030' title='bbox 1997 5136 2077 5190; x_wconf 79' lang='lat' dir='ltr'><strong>Ex</strong></span> <span class='ocrx_word' id='word_1_1031' title='bbox 2099 5137 2290 5209; x_wconf 80' lang='lat' dir='ltr'><strong>eadem</strong></span> <span class='ocrx_word' id='word_1_1032' title='bbox 2309 5136 2510 5193; x_wconf 88' lang='lat' dir='ltr'><strong>codicis</strong></span> <span class='ocrx_word' id='word_1_1033' title='bbox 2528 5153 2631 5195; x_wconf 91' lang='lat' dir='ltr'><strong>ms.</strong></span> <span class='ocrx_word' id='word_1_1034' title='bbox 2656 5138 3055 5209; x_wconf 88' lang='lat' dir='ltr'><strong>depravatione,</strong></span> <span class='ocrx_word' id='word_1_1035' title='bbox 3077 5137 3164 5193; x_wconf 89' lang='lat' dir='ltr'><strong>vel</strong></span> <span class='ocrx_word' id='word_1_1036' title='bbox 3186 5138 3376 5209; x_wconf 89' lang='lat' dir='ltr'><strong>quovis</strong></span> <span class='ocrx_word' id='word_1_1037' title='bbox 3402 5139 3508 5195; x_wconf 90' lang='lat' dir='ltr'><strong>alio</strong></span> 
     </span>
    </p>
   </div>
   <div class='ocr_carea' id='block_1_144' title="bbox 1926 5206 3508 5279">
    <p class='ocr_par' dir='ltr' id='par_1_144' title="bbox 1926 5206 3508 5279">
     <span class='ocr_line' id='line_1_150' title="bbox 1926 5206 3508 5279; baseline 0.003 -19"><span class='ocrx_word' id='word_1_1038' title='bbox 1926 5221 2112 5279; x_wconf 82' lang='lat' dir='ltr'><strong>errore</strong></span> <span class='ocrx_word' id='word_1_1039' title='bbox 2154 5206 2357 5279; x_wconf 84' lang='lat' dir='ltr'><strong>factum</strong></span> <span class='ocrx_word' id='word_1_1040' title='bbox 2405 5206 2810 5277; x_wconf 80' lang='lat' dir='ltr'><strong>existimamus,</strong></span> <span class='ocrx_word' id='word_1_1041' title='bbox 2858 5218 2918 5264; x_wconf 90' lang='lat' dir='ltr'><strong>ut</strong></span> <span class='ocrx_word' id='word_1_1042' title='bbox 2952 5210 3041 5265; x_wconf 88' lang='lat' dir='ltr'><strong>illa</strong></span> <span class='ocrx_word' id='word_1_1043' title='bbox 3087 5206 3334 5279; x_wconf 71' lang='lat' dir='ltr'><strong>praelatio</strong></span> <span class='ocrx_word' id='word_1_1044' title='bbox 3380 5210 3508 5265; x_wconf 90' lang='lat' dir='ltr'><strong>huic</strong></span> 
     </span>
    </p>
   </div>
   <div class='ocr_carea' id='block_1_145' title="bbox 1924 5277 3511 5362">
    <p class='ocr_par' dir='ltr' id='par_1_145' title="bbox 1924 5277 3511 5362">
     <span class='ocr_line' id='line_1_151' title="bbox 1924 5277 3511 5362; baseline 0.001 -29"><span class='ocrx_word' id='word_1_1045' title='bbox 1924 5277 2104 5362; x_wconf 73' lang='lat' dir='ltr'><strong>libello</strong></span> <span class='ocrx_word' id='word_1_1046' title='bbox 2145 5277 2538 5362; x_wconf 41' lang='lat' dir='ltr'><strong>praefigeretur2</strong></span> <span class='ocrx_word' id='word_1_1047' title='bbox 2586 5296 2748 5362; x_wconf 85' lang='lat' dir='ltr'><strong>quam</strong></span> <span class='ocrx_word' id='word_1_1048' title='bbox 2787 5282 2967 5362; x_wconf 73' lang='lat' dir='ltr'><strong>potius</strong></span> <span class='ocrx_word' id='word_1_1049' title='bbox 3013 5277 3372 5362; x_wconf 67' lang='lat' dir='ltr'><strong>adulterum,</strong></span> <span class='ocrx_word' id='word_1_1050' title='bbox 3423 5281 3511 5362; x_wconf 84' lang='lat' dir='ltr'><strong>cui</strong></span> 
     </span>
    </p>
   </div>
   <div class='ocr_carea' id='block_1_146' title="bbox 1923 5347 3512 5473">
    <p class='ocr_par' dir='ltr' id='par_1_146' title="bbox 1923 5347 3512 5473">
     <span class='ocr_line' id='line_1_152' title="bbox 1923 5347 3512 5473; baseline 0.002 -70"><span class='ocrx_word' id='word_1_1051' title='bbox 1923 5349 2109 5432; x_wconf 73' lang='lat' dir='ltr'><strong>titulus</strong></span> <span class='ocrx_word' id='word_1_1052' title='bbox 2135 5366 2147 5401; x_wconf 90' lang='lat'><strong>:</strong></span> <span class='ocrx_word' id='word_1_1053' title='bbox 2184 5347 2367 5473; x_wconf 49' lang='lat' dir='ltr'><strong>Dacia</strong></span> <span class='ocrx_word' id='word_1_1054' title='bbox 2395 5366 2487 5419; x_wconf 87' lang='lat' dir='ltr'><strong>per</strong></span> <span class='ocrx_word' id='word_1_1055' title='bbox 2511 5347 2693 5420; x_wconf 75' lang='lat' dir='ltr'><strong>ferias,</strong></span> <span class='ocrx_word' id='word_1_1056' title='bbox 2720 5347 2992 5473; x_wconf 59' lang='lat' dir='ltr'><strong>pertinere</strong></span> <span class='ocrx_word' id='word_1_1057' title='bbox 3016 5351 3131 5420; x_wconf 89' lang='lat' dir='ltr'><strong>ipse</strong></span> <span class='ocrx_word' id='word_1_1058' title='bbox 3160 5351 3303 5404; x_wconf 90' lang='lat' dir='ltr'><strong>illius</strong></span> <span class='ocrx_word' id='word_1_1059' title='bbox 3331 5359 3512 5406; x_wconf 83' lang='lat' dir='ltr'><strong>textus</strong></span> 
     </span>
     <span class='ocr_line' id='line_1_153' title="bbox 1924 5420 3507 5473; baseline 0 0"><span class='ocrx_word' id='word_1_1060' title='bbox 1924 5426 2183 5473; x_wconf 81' lang='lat' dir='ltr'><strong>msrnuat.</strong></span> <span class='ocrx_word' id='word_1_1061' title='bbox 2282 5434 2332 5473; x_wconf 80' lang='lat' dir='ltr'><strong>1c</strong></span> <span class='ocrx_word' id='word_1_1062' title='bbox 2375 5420 2519 5473; x_wconf 90' lang='lat' dir='ltr'><strong>enim</strong></span> <span class='ocrx_word' id='word_1_1063' title='bbox 2557 5422 2693 5473; x_wconf 82' lang='lat' dir='ltr'><strong>alter</strong></span> <span class='ocrx_word' id='word_1_1064' title='bbox 2752 5423 2941 5473; x_wconf 85' lang='lat' dir='ltr'><strong>ibellus</strong></span> <span class='ocrx_word' id='word_1_1065' title='bbox 2982 5421 3224 5473; x_wconf 87' lang='lat' dir='ltr'><strong>continet</strong></span> <span class='ocrx_word' id='word_1_1066' title='bbox 3268 5420 3507 5473; x_wconf 80' lang='lat' dir='ltr'><strong>psalmos</strong></span> 
     </span>
    </p>
   </div>
   <div class='ocr_carea' id='block_1_147' title="bbox 1924 5419 3507 5490">
    <p class='ocr_par' dir='ltr' id='par_1_147' title="bbox 1924 5419 3507 5490">
     <span class='ocr_line' id='line_1_154' title="bbox 1924 5419 3507 5490; baseline 0.002 -16"><span class='ocrx_word' id='word_1_1067' title='bbox 1924 5419 2183 5474; x_wconf 88' lang='lat' dir='ltr'><strong>insinuat.</strong></span> <span class='ocrx_word' id='word_1_1068' title='bbox 2231 5419 2332 5475; x_wconf 85' lang='lat' dir='ltr'><strong>Hic</strong></span> <span class='ocrx_word' id='word_1_1069' title='bbox 2375 5419 2519 5475; x_wconf 89' lang='lat' dir='ltr'><strong>enim</strong></span> <span class='ocrx_word' id='word_1_1070' title='bbox 2557 5422 2693 5476; x_wconf 85' lang='lat' dir='ltr'><strong>alter</strong></span> <span class='ocrx_word' id='word_1_1071' title='bbox 2724 5419 2941 5477; x_wconf 87' lang='lat' dir='ltr'><strong>libellus</strong></span> <span class='ocrx_word' id='word_1_1072' title='bbox 2982 5419 3224 5475; x_wconf 86' lang='lat' dir='ltr'><strong>continet</strong></span> <span class='ocrx_word' id='word_1_1073' title='bbox 3268 5420 3507 5490; x_wconf 90' lang='lat' dir='ltr'><strong>psalmos</strong></span> 
     </span>
    </p>
   </div>
   <div class='ocr_carea' id='block_1_148' title="bbox 1924 5490 3508 5563">
    <p class='ocr_par' dir='ltr' id='par_1_148' title="bbox 1924 5490 3508 5563">
     <span class='ocr_line' id='line_1_155' title="bbox 1924 5490 3508 5563; baseline 0.003 -21"><span class='ocrx_word' id='word_1_1074' title='bbox 1924 5490 2046 5563; x_wconf 83' lang='lat' dir='ltr'><strong>i_l|os</strong></span> <span class='ocrx_word' id='word_1_1075' title='bbox 2070 5506 2299 5563; x_wconf 87' lang='lat' dir='ltr'><strong>quorum</strong></span> <span class='ocrx_word' id='word_1_1076' title='bbox 2336 5507 2495 5563; x_wconf 87' lang='lat' dir='ltr'><strong>usum</strong></span> <span class='ocrx_word' id='word_1_1077' title='bbox 2530 5508 2629 5563; x_wconf 91' lang='lat' dir='ltr'><strong>pro</strong></span> <span class='ocrx_word' id='word_1_1078' title='bbox 2659 5494 2824 5548; x_wconf 89' lang='lat' dir='ltr'><strong>variis</strong></span> <span class='ocrx_word' id='word_1_1079' title='bbox 2862 5492 3273 5563; x_wconf 89' lang='lat' dir='ltr'><strong>necessitatibus</strong></span> <span class='ocrx_word' id='word_1_1080' title='bbox 3312 5491 3367 5544; x_wconf 93' lang='lat' dir='ltr'><strong>in</strong></span> <span class='ocrx_word' id='word_1_1081' title='bbox 3403 5491 3508 5563; x_wconf 84' lang='lat' dir='ltr'><strong>hoc</strong></span> 
     </span>
    </p>
   </div>
   <div class='ocr_carea' id='block_1_149' title="bbox 1924 5559 3508 5632">
    <p class='ocr_par' dir='ltr' id='par_1_149' title="bbox 1924 5559 3508 5632">
     <span class='ocr_line' id='line_1_156' title="bbox 1924 5559 3508 5632; baseline 0.002 -18"><span class='ocrx_word' id='word_1_1082' title='bbox 1924 5559 2213 5632; x_wconf 75' lang='lat' dir='ltr'><strong>Proloquio</strong></span> <span class='ocrx_word' id='word_1_1083' title='bbox 2240 5559 2548 5632; x_wconf 63' lang='lat' dir='ltr'><strong>praescribit</strong></span> <span class='ocrx_word' id='word_1_1084' title='bbox 2570 5573 2759 5618; x_wconf 89' lang='lat' dir='ltr'><strong>auctor</strong></span> <span class='ocrx_word' id='word_1_1085' title='bbox 2783 5582 2794 5617; x_wconf 93' lang='lat'>:</span> <span class='ocrx_word' id='word_1_1086' title='bbox 2828 5570 2883 5617; x_wconf 88' lang='lat' dir='ltr'><strong>ut</strong></span> <span class='ocrx_word' id='word_1_1087' title='bbox 2913 5576 3041 5617; x_wconf 89' lang='lat' dir='ltr'><strong>sane</strong></span> <span class='ocrx_word' id='word_1_1088' title='bbox 3064 5562 3192 5616; x_wconf 91' lang='lat' dir='ltr'><strong>huic</strong></span> <span class='ocrx_word' id='word_1_1089' title='bbox 3218 5562 3508 5632; x_wconf 88' lang='lat' dir='ltr'><strong>posteriori</strong></span> 
     </span>
    </p>
   </div>
   <div class='ocr_carea' id='block_1_150' title="bbox 1922 5630 3505 5705">
    <p class='ocr_par' dir='ltr' id='par_1_150' title="bbox 1922 5630 3505 5705">
     <span class='ocr_line' id='line_1_157' title="bbox 1922 5630 3505 5705; baseline 0.002 -20"><span class='ocrx_word' id='word_1_1090' title='bbox 1922 5630 2106 5687; x_wconf 90' lang='lat' dir='ltr'><strong>libello</strong></span> <span class='ocrx_word' id='word_1_1091' title='bbox 2128 5630 2299 5705; x_wconf 83' lang='lat' dir='ltr'><strong>magis</strong></span> <span class='ocrx_word' id='word_1_1092' title='bbox 2320 5649 2482 5705; x_wconf 90' lang='lat' dir='ltr'><strong>quam</strong></span> <span class='ocrx_word' id='word_1_1093' title='bbox 2508 5634 2677 5705; x_wconf 87' lang='lat' dir='ltr'><strong>priori</strong></span> <span class='ocrx_word' id='word_1_1094' title='bbox 2700 5634 2989 5690; x_wconf 89' lang='lat' dir='ltr'><strong>convenire</strong></span> <span class='ocrx_word' id='word_1_1095' title='bbox 3007 5630 3254 5688; x_wconf 82' lang='lat' dir='ltr'><strong>videatur</strong></span> <span class='ocrx_word' id='word_1_1096' title='bbox 3279 5632 3469 5689; x_wconf 88' lang='lat' dir='ltr'><strong>titulus</strong></span> <span class='ocrx_word' id='word_1_1097' title='bbox 3491 5651 3505 5688; x_wconf 89' lang='lat'><strong>:</strong></span> 
     </span>
    </p>
   </div>
   <div class='ocr_carea' id='block_1_151' title="bbox 306 5742 3509 5822">
    <p class='ocr_par' dir='ltr' id='par_1_151' title="bbox 306 5742 3509 5822">
     <span class='ocr_line' id='line_1_158' title="bbox 306 5742 3509 5822; baseline 0.001 -22"><span class='ocrx_word' id='word_1_1098' title='bbox 306 5745 533 5822; x_wconf 70' lang='lat' dir='ltr'><strong>(a)_\_’id.</strong></span> <span class='ocrx_word' id='word_1_1099' title='bbox 563 5747 749 5820; x_wconf 87' lang='lat' dir='ltr'><strong>Spicil.</strong></span> <span class='ocrx_word' id='word_1_1100' title='bbox 784 5747 850 5803; x_wconf 89' lang='lat' dir='ltr'><strong>D.</strong></span> <span class='ocrx_word' id='word_1_1101' title='bbox 865 5745 1026 5805; x_wconf 81' lang='lat' dir='ltr'><strong>Lucae</strong></span> <span class='ocrx_word' id='word_1_1102' title='bbox 1061 5745 1346 5819; x_wconf 77' lang='lat' dir='ltr'><strong>d’Achery,</strong></span> <span class='ocrx_word' id='word_1_1103' title='bbox 1372 5744 1865 5819; x_wconf 76' lang='lat' dir='ltr'><strong>tom.ll,pag.5ll,</strong></span> <span class='ocrx_word' id='word_1_1104' title='bbox 1898 5742 2031 5804; x_wconf 87' lang='lat' dir='ltr'><strong>edit.</strong></span> <span class='ocrx_word' id='word_1_1105' title='bbox 2055 5742 2229 5803; x_wconf 88' lang='lat' dir='ltr'><strong>Paris.</strong></span> <span class='ocrx_word' id='word_1_1106' title='bbox 2261 5746 2391 5804; x_wconf 88' lang='lat' dir='ltr'><strong>anni</strong></span> <span class='ocrx_word' id='word_1_1107' title='bbox 2422 5744 2585 5813; x_wconf 75' lang='grc'><strong>1725,</strong></span> <span class='ocrx_word' id='word_1_1108' title='bbox 2619 5744 2704 5805; x_wconf 86' lang='lat' dir='ltr'><strong>vel</strong></span> <span class='ocrx_word' id='word_1_1109' title='bbox 2735 5751 2867 5803; x_wconf 85' lang='lat' dir='ltr'><strong>tom.</strong></span> <span class='ocrx_word' id='word_1_1110' title='bbox 2892 5742 3036 5809; x_wconf 81' lang='lat' dir='ltr'><strong>XIII,</strong></span> <span class='ocrx_word' id='word_1_1111' title='bbox 3068 5750 3179 5800; x_wconf 89' lang='lat' dir='ltr'><strong>vet.</strong></span> <span class='ocrx_word' id='word_1_1112' title='bbox 3204 5745 3337 5803; x_wconf 88' lang='lat' dir='ltr'><strong>edit.</strong></span> <span class='ocrx_word' id='word_1_1113' title='bbox 3392 5760 3509 5822; x_wconf 84' lang='lat' dir='ltr'><strong>pr.,</strong></span> 
     </span>
    </p>
   </div>
   <div class='ocr_carea' id='block_1_152' title="bbox 220 5818 474 5897">
    <p class='ocr_par' dir='ltr' id='par_1_152' title="bbox 220 5818 474 5897">
     <span class='ocr_line' id='line_1_159' title="bbox 220 5818 474 5897; baseline -0.012 -24"><span class='ocrx_word' id='word_1_1114' title='bbox 220 5834 363 5897; x_wconf 82' lang='lat' dir='ltr'><strong>pag.</strong></span> <span class='ocrx_word' id='word_1_1115' title='bbox 392 5818 474 5873; x_wconf 85' lang='grc'><strong>15.</strong></span> 
     </span>
    </p>
   </div>
  </div>
