4038 6336
297 327 402 382 Mi;

1243 320 1633 380 LlTURGICA.
1674 348 1743 360 ——
1774 317 1977 373 LIBER
2017 315 2649 375 SACRAMENTORUM.

3457 318 3563 374 446

295 440 492 494 leiana.
546 436 641 490 Est
667 435 923 489 nimirum
958 449 1089 489 vero
1123 436 1339 490 nomine
1365 435 1653 489 Gundrada
1675 475 1689 499 ,
1722 450 1877 488 soror
1904 438 1954 495 Α
1982 442 2147 489 tatem
2182 435 2669 505 necessitatemque
2698 435 2852 489 docet
2880 435 3211 504 paenitendi,
3242 441 3403 506 atque
3426 451 3559 491 con-

296 511 352 564 S.
383 506 678 565 Adalhardi
717 507 929 563 abbatis
974 506 1332 565 Corbeiensis,
1363 514 1714 575 cognomento
1746 520 1877 558 vero

292 579 525 643 Eulalia,
554 586 612 631 ut
641 576 752 647 jam
802 578 867 630 ad
900 578 1037 631 hanc
1066 577 1344 645 epistolam
1386 577 1705 630 notavimus.
1740 577 1877 629 Vitae

292 663 513 719 quoque
535 646 747 719 ΔιουὶῺί
778 648 1009 714 scriptor
1037 646 1379 719 Gundradam
1411 655 1570 719 vocat
1592 647 1875 719 virginem,

289 714 358 777 ad
383 714 549 788 quam
568 718 829 773 Alcuinus
847 719 988 774 hanc
1009 718 1223 786 scripsit
1240 714 1517 788 epistolam
1544 736 1555 771 :
1588 734 1605 767 ι
1639 714 1877 788 Scripsit,

292 786 493 859 inquit,
526 791 594 843 ad
622 788 966 844 Gundradam
998 789 1059 842 de
1097 789 1286 842 animw
1316 786 1553 842 Ratione.
1587 808 1604 859 ι
1645 787 1879 859 ριιενςθτ

292 857 458 915 tarius
477 860 613 914 hanc
636 858 915 928 epistolam
940 859 1220 928 descripsit
1240 874 1306 913 ex
1330 858 1562 913 editione
1577 857 1881 912 Coloniensi

289 931 421 984 anni
468 928 624 985 1598.
673 928 781 983 Nos
816 930 1218 984 emendavimus
1257 943 1287 983 e
1333 930 1488 983 codd.
1531 945 1684 992 mss.,
1714 938 1769 982 et
1809 944 1877 981 ex

290 1016 403 1056 uno
424 1000 763 1057 bibliotheca:
776 1000 1111 1055 celeberrimi
1133 1000 1442 1055 monasterii
1461 999 1878 1069 Tegernseensis

292 1070 545 1125 addimus
574 1085 824 1124 carmen:
870 1069 1009 1136 Quid
1040 1072 1251 1139 mystice
1290 1069 1580 1139 signiﬁcent
1606 1069 1792 1138 palma:
1822 1069 1878 1121 in

291 1140 539 1199 manibus
578 1142 770 1210 gestari
818 1138 1001 1204 solitrr,
1044 1141 1185 1209 quod
1226 1142 1290 1194 ad
1335 1138 1574 1195 eamdem
1609 1139 1877 1210 virginem

291 1210 562 1280 scriptum
582 1208 755 1266 nobis
794 1211 1025 1265 videtur.
1062 1211 1136 1265 Ex
1168 1212 1268 1265 hac
1297 1211 1525 1279 epistola
1574 1208 1752 1280 aliqua
1798 1209 1879 1261 in-

292 1279 443 1351 serta
468 1291 595 1351 sunt
623 1282 875 1336 tractatui
927 1282 994 1335 de
1030 1280 1231 1351 Spiritu
1272 1290 1326 1335 et
1363 1280 1574 1351 Anima,
1607 1279 1663 1351 S.
1699 1280 1880 1349 Augu-

290 1350 438 1421 stino
466 1350 755 1420 aliquando
785 1352 982 1406 tributo
1008 1349 1332 1421 in'Append.
1358 1353 1425 1405 ad
1451 1349 1567 1418 ejus
1590 1350 1785 1421 Opera.

363 1417 585 1475 Partem
633 1421 774 1476 hanc
801 1422 1032 1489 denique
1068 1417 1268 1477 claudit
1296 1417 1532 1489 Epistola
1569 1417 1650 1474 adi
1678 1433 1875 1490 pueros

294 1486 355 1545 S.
390 1490 609 1545 Martini
638 1492 703 1547 de
724 1486 1072 1548 Confessione
1100 1486 1441 1559 peccatorum
1462 1531 1479 1553 ,
1519 1492 1571 1546 in
1597 1486 1699 1545 uua
1730 1490 1875 1545 utili-

1985 506 2168 559 titen-ii
2199 517 2413 577 peccata
2436 521 2534 577 sua
2552 508 2938 577 sacerdotibus.
2958 506 3107 561 Hanc
3119 507 3398 576 epistolam
3413 515 3561 577 post-

1984 592 2049 648 ea
2091 577 2253 648 etiam
2296 576 2440 648 misit
2473 576 2539 648 ad
2565 575 2719 629 Snlis‘
2745 593 3000 647 urgenses
3020 575 3206 648 rogatu
3230 587 3283 632 et
3308 575 3561 632 instantia

1986 645 2253 717 Anienis;
2286 646 2407 717 vide
2435 647 2589 713 epist.
2630 648 2728 699 152
2762 645 2831 700 et'
2852 648 2970 702 155.
3004 645 3203 717 ῡθήιιιι
3239 649 3563 703 necessitate

1988 715 2343 771 confessionis
2358 717 2532 788 multo
2546 717 2698 788 plura
2729 717 2872 788 legas
2902 720 2953 772 in
2978 715 3200 788 epistola
3228 719 3348 785 154,
3375 720 3440 773 ad
3459 718 3564 774 fra-

1988 796 2099 841 tres
2125 788 2190 857 ρὶιι
2217 787 2491 856 provincia
2532 787 2850 841 Gothorum.
2894 787 3258 845 Confessionis
3295 804 3425 845 vero
3453 788 3562 845 for-

1988 857 2493 932 mulasprgescribit
2523 858 2660 932 infra
2692 862 2745 911 in
2770 859 2953 932 libello
2977 861 3043 914 de
3066 860 3176 916 Usu
3205 860 3555 932 psalmorum,

1980 943 2128 982 num.
2164 927 2215 982 9'.
2253 927 2377 981 lude
2406 928 2687 989 discimus,
2717 930 2973 983 adversus
3008 927 3220 986 nostros
3248 939 3555 996 novatores,

1978 998 2113 1068 legis
2125 1009 2177 1052 et
2192 998 2332 1052 modi
2346 997 2697 1052 confessionis
2710 1000 3028 1053 auricularis
3038 1009 3359 1056 vetustatem
3372 1010 3426 1056 et
3438 1016 3561 1056 con-

1981 1078 2214 1123 stantem
2242 1069 2295 1122 in
2325 1068 2565 1123 Ecclesia
2596 1071 3014 1125 observantiam.
3039 1072 3159 1126 Vid.
3185 1072 3382 1128 Mabill.
3419 1086 3561 1128 urat-

1981 1088 2214 1123 Stantem
2242 1088 2295 1122 In
2325 1088 2565 1123 DCC-18818
2596 1088 3014 1125 onservanuam.
3048 1088 3159 1126 για.
3185 1088 3382 1128 Μθῡω.
3458 1088 3558 1127 ιω-

1979 1138 2078 1211 fat.
2106 1140 2171 1211 ad
2204 1148 2340 1209 part.
2359 1156 2385 1211 ι
2409 1154 2532 1194 διες.
2559 1156 2621 1194 ιιι
2647 1140 2873 1211 Bencd.,
2905 1156 3025 1211 pag.
3056 1142 3110 1196 9.
3143 1142 3392 1197 Canisius
3416 1088 3558 1199 θείω

1980 1210 2261 1281 epistolam
2287 1210 2494 1281 primus
2515 1224 2544 1264 e
2569 1211 2689 1281 cod.
2718 1226 2819 1264 ms.
2853 1209 3071 1265 SIGalli
3099 1213 3258 1277 eruit,
3300 1221 3460 1281 atque
3498 1211 3553 1266 in

1982 1280 2350 1371 lnuceinddedit
2394 1288 2523 1371 ιριῐιΣ
2562 1280 2681 1371 3i,
2724 1296 2845 1371 pag.
2900 1281 3167 1371 {iiIi-528,
3206 1283 3348 1371 unde
3374 1280 3554 1337 fillam

1983 1350 2373 1421 Quercetanus
2402 1352 2703 1420 descripsit.
2766 1350 2872 1406 Nos
2922 1352 3012 1406 hic
3059 1367 3161 1421 ope
3208 1354 3361 1407 codd.
3422 1368 3553 1407 mss.

1983 1422 2245 1546 qgosdam
2285 1420 2525 1477 defectus
2553 1423 2893 1493 supplemus,
2918 1430 2974 1477 et
3000 1420 3271 1479 variantes
3299 1423 3557 1480 lectiones

1983 1506 2015 1545 a
2056 1506 2283 1546 ncnnns.

1983 1506 2283 1547 aaucunns.

297 1632 3548 1663 mm

1046 1772 1114 1915 ⁴ει
1230 1756 2078 1873 OPUSCULUM
2165 1724 2771 1874 PRIMUM.

916 2012 1385 2123 LIBER
1516 1981 2968 2119 SACRAMENTORUM'.

814 2320 1043 2381 CAPUT
1074 2320 1364 2379 PRIMUM.

284 2458 394 2520 Die
417 2458 711 2527 Dominico,
741 2458 901 2513 missa
930 2457 995 2511 de
1012 2464 1193 2512 sancta
1224 2454 1483 2527 Trinit_ate
1510 2451 1592 2527 [S.
1617 2451 1871 2525 Gregor.,

737 2530 794 2585 in
826 2527 1024 2584 Octava
1054 2523 1426 2596 Pentecostes].

363 2662 718 2732 Omnipotens
757 2661 1083 2732 sempiterne
1110 2658 1272 2722 Deus,
1303 2657 1396 2727 qui
1424 2655 1620 2712 dedisti
1658 2654 1873 2710 famulis

283 2757 401 2812 tuis
423 2757 479 2811 in
506 2754 845 2811 confessione
869 2769 1012 2809 verae
1035 2752 1179 2817 fidei,
1206 2760 1422 2805 ateriae
1450 2748 1734 2804 Trinitatis
1760 2748 1873 2818 glo-

284 2849 433 2905 riam
483 2861 794 2918 agnoscere,
838 2854 894 2901 et
929 2845 984 2899 in
1025 2842 1264 2914 potentia
1306 2840 1605 2910 majestatis
1645 2839 1872 2893 adorare

280 2943 584 3005 unitatem;
611 2954 939 3009 quaesumus,
979 2946 1038 2991 ιιι
1080 2932 1319 3004 ejusdem
1345 2932 1480 3006 ,ﬁdei
1523 2932 1779 2987 firmitate
1802 2932 1870 2985 ab

280 3033 545 3089 omnibus
571 3045 782 3101 semper
808 3028 1117 3084 muniamur
1139 3026 1396 3081 adversis.
1426 3024 1548 3080 Per.

363 3121 602 3177 Secreta.
664 3119 988 3183 Sanctifica,
1042 3131 1381 3187 quaesumus,
1435 3113 1660 3169 Domine
1706 3111 1867 3178 Deus,

280 3229 389 3286 per
413 3215 494 3269 tui
533 3214 769 3269 nominis
802 3210 1198 3266 invocationem
1227 3206 1422 3281 ﬁdem,
1456 3223 1555 3277 per
1596 3204 1870 3275 Unigeniti

284 3306 373 3362 tui
415 3303 714 3375 virtutem],
753 3301 912 3371 hujus
956 3299 1242 3356 oblationis
1281 3298 1527 3361 hostiam,
1574 3306 1630 3353 et
1672 3311 1867 3365 coope-

280 3405 448 3453 rante
489 3396 694 3466 Spiritu
722 3402 911 3450 sancto
944 3408 1042 3463 per
1080 3407 1202 3449 eam
1228 3390 1587 3461 nosmetipsos
1615 3389 1711 3445 tibi
1747 3403 1869 3459 per-

281 3487 392 3544 ﬁce
419 3504 614 3543 munus
638 3495 917 3542 aeternum.
948 3484 1072 3539 Per.

360 3576 640 3648 Prtefatio.
696 3578 926 3650 Dignum
966 3585 1020 3631 et
1053 3574 1258 3644 justum
1290 3582 1406 3640 est,
1438 3590 1629 3645 usque,
1668 3582 1869 3629 aeterne

1901 2320 1951 2381 B
2053 2314 2332 2387 Sequentia
2361 2315 2531 2370 sancti
2562 2313 2832 2386 Evangelii
2861 2318 3148 2372 secundum
3178 2317 3457 2374 Joannem.
3498 2318 3554 2377 In

1974 2409 2067 2464 illo
2086 2417 2348 2489 tempore,
2373 2407 2509 2464 dixit
2529 2407 2686 2466 Jesus
2708 2411 2984 2483 discipulis
3008 2414 3121 2469 suis
3148 2434 3158 2468 :
3190 2413 3323 2470 Cum
3350 2415 3553 2471 venerit

1972 2498 2303 2567 Paracletus,
2329 2516 2490 2571 quem
2512 2517 2611 2572 ego
2634 2502 2846 2557 mittam
2870 2503 3023 2559 vobis
3048 2520 3079 2559 a
3106 2504 3266 2561 Patre
3290 2504 3556 2574 Spiritum

1972 2590 2240 2645 veritatis.

2117 2681 2283 2736 Missa
2313 2682 2376 2736 de
2397 2684 2569 2753 gratia
2597 2685 2768 2738 sancti
2803 2684 3033 2757 Spiritus
3058 2686 3397 2756 postulanda.

2042 2770 2204 2837 Deus,
2247 2773 2334 2827 cui
2373 2789 2531 2829 omne
2578 2790 2672 2829 cor
2703 2783 2869 2844 patet,
2918 2784 2972 2830 et
2996 2778 3173 2832 omnis
3201 2778 3447 2834 voluntas
3477 2781 3555 2836 lo-

1972 2862 2176 2933 quitur,
2215 2872 2269 2919 et
2290 2880 2451 2935 quem
2480 2866 2686 2921 nullum
2712 2867 2845 2922 latet
2882 2877 3171 2936 secretum,
3202 2870 3427 2940 purifica
3459 2888 3554 2943 per
3588 2914 3594 2921 .

1972 2960 2296 3018 infusionem
2322 2965 2491 3019 sanati
2517 2964 2750 3036 Spiritus
2774 2966 3126 3038 cogitationes
3155 2968 3334 3024 cordis
3358 2970 3549 3037 nostri,

1971 3063 2033 3109 ut
2057 3054 2293 3125 perfecte
2339 3067 2392 3111 te
2420 3057 2661 3129 diligere,
2698 3066 2749 3114 te
2775 3059 2932 3130 digne
2967 3058 3188 3114 laudare
3226 3076 3550 3117 mercamur.

1970 3142 2093 3200 Per.

2044 3235 2275 3294 Secreta.
2322 3238 2447 3296 Haec
2472 3241 2693 3307 oblatio,
2728 3241 2952 3297 Domine
2979 3241 3143 3310 Deus,
3176 3244 3356 3299 cordis
3380 3243 3551 3299 nostri

1970 3332 2210 3387 maculas
2248 3334 2522 3399 emundet,
2568 3343 2627 3389 ut
2667 3335 2837 3390 sancti
2878 3335 3109 3405 Spiritus
3156 3336 3315 3408 digna
3355 3335 3553 3392 efficia-

1970 3428 2060 3477 tur
2098 3423 2380 3480 habitatio.
2427 3425 2549 3481 Per.
2578 3466 2592 3480 .
2626 3467 2639 3480 .
2690 3428 2745 3482 in
2788 3428 2993 3483 unitate
3035 3428 3277 3501 ejusdem
3319 3427 3552 3500 Spiritus

1970 3515 2164 3569 sancti.

2040 3603 2318 3674 Pra'fatio.
2370 3606 2597 3678 Dignum
2644 3616 2698 3662 et
2742 3607 2947 3678 justum
2981 3620 3083 3677 est,
3121 3627 3301 3683 usque,
3351 3618 3551 3667 :eterne

279 3669 449 3725 Deus.
476 3668 577 3735 Qui
604 3683 727 3724 cum
752 3666 1026 3737 unigenito
1050 3665 1185 3720 Filio
1224 3674 1314 3720 tuo
1336 3673 1392 3719 et
1423 3663 1626 3734 Spiritu
1657 3674 1866 3730 sancto,

1974 3693 2131 3748 Deus.
2159 3694 2259 3761 Qui
2287 3696 2505 3767 inspicis
2525 3698 2907 3770 cogitationum
2934 3710 3164 3767 secreta,
3188 3711 3242 3757 et
3266 3702 3352 3756 cui
3374 3702 3550 3758 omnis

278 3775 427 3815 unus
456 3775 516 3813 es
540 3757 706 3823 Deus,
736 3773 875 3813 unus
896 3772 956 3811 es
978 3756 1257 3820 Dominus,
1281 3771 1386 3810 non
1414 3756 1470 3811 in
1495 3756 1655 3810 unius
1681 3757 1865 3827 singu-

277 3853 505 3909 laritate
531 3867 795 3922 persona,
827 3849 923 3907 sed
952 3850 1009 3905 in
1036 3850 1200 3906 unius
1229 3850 1495 3906 Trinitate
1523 3851 1859 3907 substantiae.

276 3944 440 4012 Quod
463 3942 612 3998 enim
639 3943 705 3997 de
746 3949 835 3997 tua
856 3941 1026 4012 gloria
1054 3940 1328 3996 revelante
1357 3949 1409 3996 te
1438 3941 1731 4007 credimus,
1760 3943 1864 3998 hoc

276 4036 351 4091 de
382 4034 521 4090 Filio
561 4042 673 4098 tuo,
704 4034 808 4089 hoc
832 4034 901 4089 de
928 4032 1132 4101 Spiritu
1173 4040 1362 4088 sancto
1404 4032 1522 4089 sine
1559 4031 1862 4089 differentia

277 4127 630 4184 discretionis
660 4124 853 4198 ﬁdem,
878 4126 995 4181 sine
1028 4124 1344 4181 differentia:
1364 4125 1712 4197 discretione]
1740 4140 1861 4181 sen-

277 4221 483 4285 timus;
523 4228 582 4273 ut
610 4217 676 4274 'in
717 4217 1054 4275 mnfessione
1092 4219 1433 4289 sempiterna:
1482 4217 1675 4290 [Idem,
1720 4235 1862 4275 verre

275 4310 754 4383 sempiternaeque]
785 4311 1039 4374 Deitatis,
1077 4319 1134 4366 et
1160 4312 1213 4365 in
1253 4312 1497 4380 personis
1534 4312 1856 4381 proprietas,

273 4412 336 4459 et
368 4404 422 4457 in
449 4403 686 4457 essentia
715 4402 913 4467 unitas,
937 4410 992 4457 et
1016 4402 1073 4456 in
1099 4399 1377 4470 majestate
1403 4402 1658 4457 adoretur
1679 4417 1858 4472 atqua-

275 4494 429 4549 litas.
459 4492 629 4560 Quem
655 4493 892 4548 laudant.

350 4590 402 4658 7
443 4584 836 4642 Postcommun.
864 4583 1117 4640 Proﬂciat
1146 4584 1303 4640 nobis
1324 4582 1388 4638 ad
1408 4582 1638 4637 salutem
1664 4597 1858 4652 corpo-

272 4679 358 4734 ris
381 4686 437 4732 et
462 4678 674 4741 animai,
700 4676 927 4731 Domine
954 4677 1113 4741 Deus,
1145 4673 1301 4743 hujus
1326 4673 1649 4729 sacramenti
1676 4689 1859 4730 susce-

272 4770 395 4840 ptio
419 4777 477 4823 et
502 4767 845 4837 sempiterna:
872 4765 1152 4820 Trinitatis
1184 4763 1450 4820 confessio
1480 4763 1678 4837 [Idem,
1717 4779 1859 4819 sem-

272 4864 491 4934 piterna
513 4868 714 4916 sanctae
726 4860 1025 4926 Trinitatis,
1046 4858 1392 4930 ejusdemque
1414 4860 1703 4915 individua:
1726 4859 1857 4915 Uni-

272 4954 407 5008 tatis
435 4950 747 5025 confessio].
778 4953 899 5007 Per.

343 5045 491 5100 Alia.
522 5046 747 5101 Domine
763 5045 907 5100 Deus
927 5046 1086 5101 Pater
1108 5045 1471 5115 omnipotens,
1496 5044 1725 5100 famulos
1746 5050 1851 5100 tum
1874 5037 1932 5100 D

265 5136 545 5206 maiestati
572 5137 844 5207 subjectos
878 5151 976 5206 per
1000 5136 1217 5191 unicum
1248 5136 1441 5190 Filium
1478 5143 1631 5190 tuum
1661 5136 1714 5189 in
1740 5136 1851 5190 vir-

268 5236 394 5283 tute
421 5229 594 5283 sancti
638 5227 870 5298 Spiritus
905 5227 1129 5283 benedic
1156 5236 1212 5283 et
1236 5236 1478 5298 protege,
1517 5236 1577 5282 ut
1606 5228 1675 5283 ab
1702 5227 1850 5282 omni

268 5321 433 5375 hoste
461 5318 639 5373 securi
667 5320 721 5373 in
750 5327 842 5374 tua
863 5319 1064 5389 jugiter
1085 5318 1242 5373 laude
1267 5318 1528 5373 laetemur.
1570 5318 1676 5374 Per
1700 5333 1850 5374 eum-

264 5409 421 5468 dem.

343 5501 522 5557 Lectio
562 5502 814 5575 Epistolte
859 5503 995 5558 beati
1024 5500 1185 5557 Pauli
1225 5500 1448 5572 apostoli
1489 5501 1558 5556 ad
1606 5498 1843 5556 Corinth.

264 5592 529 5662 Fratres,
570 5595 743 5667 gratia
780 5595 994 5651 Domini
1044 5593 1213 5650 nostri
1242 5591 1368 5648 Jesu
1402 5590 1601 5648 Christi
1625 5599 1680 5647 et
1720 5594 1848 5648 cha-

268 5687 412 5742 ritas
437 5685 567 5752 Dei,
593 5694 649 5743 et
688 5685 1105 5743 communicatio
1129 5684 1303 5741 sancti
1344 5682 1581 5755 Spiritus
1615 5684 1688 5741 sit
1724 5699 1847 5741 cum

262 5777 529 5833 omnibus
551 5778 724 5838 nobis.

1968 3792 2168 3841 nostra:
2201 3786 2396 3840 mentis
2438 3787 2662 3842 intentio
2698 3791 3047 3858 providentim
3078 3800 3180 3845 tua:
3208 3792 3438 3863 patescit
3468 3793 3549 3847 in-

1968 3874 2129 3938 tuitu,
2161 3874 2370 3944 respice
2396 3877 2659 3947 propitius
2682 3893 2880 3932 arcana
2902 3879 3081 3936 cordis
3126 3881 3295 3935 nostri
3321 3880 3541 3949 cubilia,

1965 3974 2020 4021 et
2047 3968 2218 4024 sancti
2264 3966 2499 4038 Spiritus
2531 3986 2651 4026 rore
2679 3983 2893 4028 nostras
2920 3973 3146 4044 puriﬁca
3166 3977 3543 4048 cogitationes,

1965 4064 2025 4110 ut
2065 4067 2166 4112 tuae
2209 4056 2479 4128 majestati
2526 4060 2686 4133 digna
2732 4064 3029 4134 cogitemus
3062 4073 3117 4120 et
3158 4081 3398 4139 agamus.
3443 4069 3545 4124 Per

1965 4148 2259 4206 Christum.

2036 4240 2353 4297 Postcomm.
2397 4242 2736 4300 Sacrificium
2785 4245 2972 4302 salutis
3018 4256 3216 4304 nostra:
3267 4250 3364 4305 tibi
3412 4248 3544 4306 offe-

1962 4322 2183 4398 rentes,
2228 4334 2463 4389 concede
2519 4336 2706 4400 nobis,
2753 4335 2977 4391 Domine
3020 4336 3193 4405 Deus,
3243 4340 3542 4410 puriﬁcatis

1960 4423 2231 4479 mentibus
2270 4425 2463 4496 smpius
2488 4434 2602 4495 tuae
2626 4427 2845 4497 pietatis
2884 4428 3161 4485 celebrare
3199 4433 3535 4502 mysterium.

1960 4511 2084 4569 Per.

2031 4605 2171 4661 Alia.
2207 4606 2473 4676 Concede,
2495 4624 2822 4680 quaesumus,
2853 4611 3191 4682 omnipotens
3211 4610 3375 4678 Deus,
3416 4629 3541 4670 san-

1961 4707 2108 4756 ctum
2144 4702 2298 4757 nobis
2330 4702 2592 4774 Spiritum
2631 4705 2773 4759 votis
2816 4720 3127 4774 promerere
3158 4706 3378 4773 sedulis,
3409 4723 3540 4778 qua-

1959 4798 2116 4847 tenus
2145 4791 2262 4861 ejus
2297 4794 2465 4864 gratia
2508 4794 2576 4847 ab
2618 4795 2867 4849 omnibus
2896 4794 3188 4851 liberemur
3228 4800 3539 4855 tentationi-

1957 4881 2077 4948 hus,
2107 4890 2164 4940 et
2190 4896 2536 4954 peccatorum
2570 4895 2879 4941 nostrorum
2925 4887 3310 4960 indulgentiam
3340 4907 3534 4949 conse-

1959 4990 2210 5048 quamur.
2241 4976 2411 5033 Per...
2435 4978 2489 5032 in
2519 4979 2724 5033 unitate
2744 4980 2982 5050 ejusdem
3010 4981 3243 5053 Spiritus
3270 4987 3461 5041 sancti.

2324 5109 2459 5165 Item
2483 5111 2647 5166 missa
2673 5112 2843 5167 sancti
2869 5113 3173 5185 Augustini.

2023 5223 2102 5279 Da
2144 5225 2295 5289 mihi,
2346 5225 2591 5293 Domine,
2643 5229 2917 5297 peccatori
2957 5229 3374 5297 confessionem,
3412 5246 3533 5304 qua:

1952 5316 2050 5373 tibi
2088 5316 2157 5370 sit
2200 5316 2436 5385 placita;
2472 5318 2679 5388 parturi
2721 5320 2776 5373 in
2816 5321 2980 5375 corde
3009 5336 3131 5375 meo
3173 5324 3532 5382 enarrationis

1957 5408 2206 5481 gemitus,
2241 5409 2331 5477 qui
2361 5424 2519 5465 aures
2553 5411 2761 5480 possint
2798 5411 3011 5481 pulsare
3040 5419 3178 5466 tuas.
3231 5412 3309 5467 Da
3336 5418 3532 5475 mentis

1953 5500 2327 5566 intentionem,
2371 5516 2478 5572 qua
2525 5502 2813 5572 suscipiam
2861 5501 3186 5571 profundam
3231 5503 3531 5565 bonitatem

1954 5599 2105 5647 tuam
2146 5592 2200 5647 in
2228 5592 2529 5648 humilitate
2555 5594 2752 5651 cordis.
2784 5593 2965 5663 Ipsum
3003 5593 3152 5657 mihi,
3189 5594 3435 5666 Domine,
3460 5601 3529 5659 da

1951 5683 2185 5754 precari,
2217 5685 2360 5753 quod
2389 5693 2440 5740 te
2476 5685 2663 5740 audire
2692 5683 2943 5750 delectet,
2976 5691 3035 5738 ut
3072 5696 3317 5754 praestes.
3350 5692 3531 5762 Ipsum

1955 5775 2149 5833 anima:
2176 5790 2311 5833 meae
2350 5776 2551 5843 insere,
2578 5783 2640 5831 ut
2671 5773 2818 5844 jugis
2841 5774 3127 5851 delectatio
3146 5794 3266 5835 mea
3291 5781 3405 5849 ipse
3430 5787 3524 5842 sis.
