4038 6336
523 302 629 357 ΑΗ

524 421 602 477 Da
628 417 757 474 mihi
783 415 1049 488 lacrymas
1072 431 1140 472 ex
1172 424 1265 471 tuo
1307 415 1499 472 affectu
1530 418 1790 485 internas,
1823 434 1944 489 quae
1983 435 2110 489 pec—
2135 423 2193 484 Α

458 504 475 523 ⁸
521 522 767 570 catorum
815 525 1057 566 meorum
1106 519 1334 580 possunt
1365 510 1644 565 exsolvere
1669 512 1903 566 vincula.
1943 512 2103 577 Audi,
2190 542 2191 551 ι

521 604 664 659 Deus
690 618 862 667 meus,
887 602 1011 656 audi
1036 602 1214 656 lumen
1241 602 1522 658 oculorum
1549 618 1815 670 meorum,
1845 604 1967 659 audi
1990 619 2112 673 quae

520 704 664 767 peto,
695 701 750 750 et
771 694 835 749 da
860 709 978 763 quae
1005 702 1185 763 petam
1209 701 1270 746 ut
1298 694 1502 748 audias.
1536 692 1593 748 Si
1618 692 1759 748 enim
1788 693 2108 763 dispexeris,

519 802 714 860 pereo;
755 786 801 841 si
841 785 1166 856 respexeris,
1196 784 1337 839 vivo.
1390 783 1447 839 Si
1484 785 1630 855 juste
1673 799 1759 839 me
1788 784 2107 850 intenderis,

519 889 766 936 mortuus
792 876 954 934 feteo.
1001 877 1059 933 Si
1085 878 1515 933 misericordiam
1554 878 1878 947 respexeris,
1928 875 2107 931 feten-

518 983 629 1031 tem
670 974 901 1029 suscitas
940 972 1005 1027 de
1047 971 1315 1040 sepulcro.
1367 969 1422 1026 Si
1464 970 1604 1025 mala
1632 969 1936 1039 reSpexeris
1962 985 2106 1036 mea,

516 1072 755 1120 tartarea
784 1072 1053 1120 tormenta
1092 1063 1185 1117 vix
1219 1061 1510 1118 sufﬁciunt.
1550 1061 1608 1117 Si
1630 1063 1833 1132 pietate
1857 1061 2107 1117 intendas

516 1157 697 1223 solita,
730 1156 936 1227 poteris
967 1163 1304 1212 commutare
1327 1156 1379 1209 in
1422 1154 1636 1210 melius.
1665 1155 1804 1222 Quid
1842 1169 1951 1209 non
1974 1154 2105 1210 mali

514 1249 653 1319 ego?
676 1230 784 1303 Aut
815 1248 945 1317 quid
969 1262 1075 1301 non
1116 1247 1245 1303 boni
1282 1248 1373 1301 tu?
1411 1246 1549 1313 Quid
1572 1263 1681 1301 non
1710 1247 1838 1302 mali
1865 1262 1965 1318 ego
1988 1262 2108 1301 cor-

514 1339 787 1408 ruptibilis
833 1338 1116 1393 creatura?
1163 1338 1303 1404 Quid
1346 1353 1454 1392 non
1498 1338 1627 1393 boni
1675 1346 1732 1392 tu
1779 1337 2004 1393 Creator
2051 1344 2107 1393 et

514 1441 778 1489 creatura:
827 1432 1058 1487 auctor?
1104 1429 1289 1487 Cecidi
1340 1431 1405 1485 de
1440 1445 1606 1485 manu
1648 1437 1740 1484 tua
1781 1429 1911 1484 vitio
1939 1444 2101 1485 meo:

511 1535 706 1596 potens
732 1543 793 1583 es
821 1526 1018 1582 artifex
1050 1526 1146 1581 tibi
1179 1526 1375 1581 iterum
1402 1525 1659 1596 placitum
1686 1526 1943 1597 ﬁgurare.
1971 1525 2106 1581 Cor-

512 1617 630 1687 ripe
668 1632 755 1673 me
798 1618 854 1672 in
898 1617 1295 1684 misericordia,
1339 1632 1407 1672 ne
1446 1619 1691 1683 deseras,
1734 1634 1909 1689 neque
1938 1619 1991 1673 in
2022 1620 2103 1674 ira

512 1708 793 1776 corripias.
838 1706 993 1774 Quod
1049 1708 1167 1763 odis
1206 1707 1263 1761 in
1308 1722 1432 1773 me,
1501 1709 1688 1777 procul
1738 1708 1823 1764 fac
1880 1726 1911 1764 a
1964 1726 2091 1775 me,

510 1806 565 1854 et
587 1799 642 1855 in
669 1807 761 1854 tua
790 1798 1064 1853 voluntate
1103 1797 1320 1854 intende
1354 1799 1409 1854 in
1453 1815 1559 1855 me.
1590 1799 1814 1855 Hostem
1856 1799 2099 1855 libidinis

511 1890 711 1961 repelle
744 1906 776 1944 a
805 1904 910 1957 me,
938 1897 994 1945 et
1030 1891 1297 1947 castitatis
1340 1891 1591 1961 spiritum
1646 1892 1826 1948 insere
1883 1893 1937 1946 in
1988 1907 2096 1947 me.

515 1982 719 2043 Vitium
759 1998 921 2040 omne
960 1984 1229 2041 mo’rtiﬁca
1272 1986 1327 2040 in
1380 2000 1505 2051 me,
1557 1993 1612 2042 et
1647 1986 1883 2043 animam
1921 2001 2101 2045 meam

510 2078 723 2133 viviﬁca
749 2077 806 2132 in
832 2093 938 2133 me.
969 2077 1074 2134 Per
1101 2079 1409 2134 Dominum.

578 2167 810 2224 Secreta.
848 2170 976 2225 Hazc
997 2170 1116 2237 tibi,
1149 2171 1376 2227 Domine
1403 2171 1566 2228 Pater
1589 2180 1796 2238 sancte,
1831 2172 1960 2228 licet
1984 2187 2100 2227 ma-

508 2259 669 2316 nibus
697 2262 833 2316 meis
866 2260 1102 2332 indignis
1132 2260 1430 2317 offerantur
1462 2278 1708 2330 munera,
1740 2263 1831 2332 qui
1869 2278 1970 2319 nec
2012 2263 2098 2319 in-

506 2354 790 2410 vocatione
829 2355 907 2409 tui
948 2354 1185 2411 nominis
1213 2356 1407 2427 dignus
1438 2371 1590 2421 sum;
1626 2364 1809 2411 tamen
1845 2357 1971 2427 quia
2000 2368 2100 2426 per

506 2455 759 2504 sanctum
787 2455 950 2518 atque
982 2446 1379 2502 sanetiﬁcatum
1408 2445 1527 2501 Filii
1551 2447 1628 2501 tui
1654 2462 1853 2502 nomen
1878 2446 2101 2503 oblatio-

506 2554 605 2595 nes
632 2537 954 2605 oll‘eruntur,
984 2539 1125 2600 sicut
1148 2538 1431 2593 incensum
1452 2538 1505 2592 in
1529 2546 1828 2608 conspectu
1859 2546 1951 2594 tuo
1972 2523 2097 2593 cum

506 2629 673 2685 odore
700 2630 984 2686 suavitatis
1010 2630 1327 2685 ascendant.
1355 2629 1477 2685 Per.

578 2720 855 2794 Prtefatio.
895 2723 1128 2795 Dignum
1175 2732 1231 2778 et
1266 2724 1473 2794 justum
1517 2732 1619 2791 est,
1662 2740 1845 2796 usque,
1892 2730 2097 2779 aeterne

503 2793 666 2870 Deus.
693 2813 799 2870 Sed
820 2814 951 2885 quid
970 2793 1074 2869 tibi
1095 2793 1316 2887 dignum
1336 2814 1528 2869 oll‘erat
1545 2793 1795 2869 minister
1817 2814 2092 2885 indignus,

503 2906 607 2963 nisi
635 2908 738 2961 hoc
765 2907 961 2976 ipsum,
993 2907 1137 2977 quod
1168 2914 1321 2962 tanto
1344 2907 1596 2978 indignus
1624 2908 1856 2963 habetur
1884 2906 2093 2980 [Fortc,

506 2998 718 3070 haberi]
755 2998 929 3053 ollicio
960 2999 1082 3053 fidei
1117 3000 1495 3069 paenitentiam
1535 2996 1743 3071 [Forte,
1784 3014 1882 3068 per
1922 2998 2096 3068 paeni-

505 3088 756 3160 tentiam]
784 3088 1052 3144 fateatur?
1081 3087 1188 3145 Sed
1210 3098 1268 3145 tu
1296 3089 1478 3144 multae
1506 3090 1894 3145 misericordiae
1924 3089 2088 3156 Deus,

503 3203 574 3244 ne
605 3204 724 3254 nos,
757 3203 1090 3258 quazsumus,
1119 3189 1232 3243 oris
1268 3190 1471 3260 proprii
1503 3190 1815 3245 testimonio
1844 3190 2091 3257 damnes,

507 3284 606 3340 sed
646 3292 886 3353 pateram
946 3284 1296 3357 indulgentiae
1340 3287 1714 3342 consolatione
1755 3287 2094 3354 corrobores,

505 3381 670 3443 atque
711 3390 742 3429 a
772 3383 1119 3445 peccatorum
1147 3378 1450 3447 prtecipitio
1480 3378 1587 3433 tuis
1618 3394 1831 3449 semper
1848 3380 2096 3437 manibus

505 3480 735 3521 renoves
763 3474 819 3521 et
848 3465 1128 3523 reformes.
1162 3466 1384 3523 lnvocat
1419 3478 1473 3524 te
1504 3470 1686 3524 anima
1726 3485 1867 3537 mea,
1894 3472 1986 3541 qui
2019 3470 2098 3527 fe-

509 3556 637 3611 cisti
668 3572 776 3624 me,
803 3564 863 3611 ut
904 3572 1014 3613 non
1040 3558 1380 3615 obliviscaris
1416 3560 1639 3616 oblitum
1685 3563 1783 3629 tui,
1824 3572 1880 3619 et
1909 3565 2100 3635 exqui-

504 3655 717 3702 rentem
751 3656 804 3703 te
838 3663 906 3704 ne
934 3649 1188 3716 deseras,
1217 3651 1330 3706 vita
1361 3667 1479 3722 quae
1518 3669 1795 3725 nunquam
1822 3655 2091 3713 morieris.

501 3735 604 3803 Qui
626 3737 777 3792 novit
802 3744 873 3804 te,
897 3740 1047 3795 novit
1072 3740 1130 3810 8
1158 3742 1537 3797 aeternitatem.
1563 3743 1815 3801 Charitas
1842 3746 1995 3801 novit
2020 3755 2092 3803 te.

500 3825 546 3882 Ο
573 3836 777 3883 aeterna
806 3830 1042 3897 veritas,
1074 3839 1128 3886 et
1157 3846 1284 3888 vera
1311 3834 1580 3891 Charitas!
1615 3836 1759 3893 Deus
1786 3853 1893 3893 une
1911 3879 1926 3905 ,
1951 3839 2095 3896 Deus

503 3918 776 3988 Trinitas,
808 3923 865 3976 in
895 3922 1049 3994 cujus
1080 3924 1234 3980 valde
1268 3927 1481 3982 conﬁdo
1505 3928 1915 3985 misericordia:
1947 3930 2095 3986 salus

501 4020 622 4069 esto
655 4013 961 4070 inﬁrmitati
1007 4032 1172 4084 mete,
1211 4027 1269 4073 et
1304 4035 1463 4076 verus
1506 4023 1863 4078 resuscitator
1900 4025 2095 4079 anima:

502 4119 655 4160 mete.
688 4104 834 4161 Doce
869 4122 955 4162 me
981 4110 1305 4177 patientiam
1335 4111 1402 4165 ad
1435 4113 1812 4169 sustinendum
1840 4115 2088 4171 adversa.

501 4195 645 4253 Doce
671 4213 759 4253 me
785 4200 1069 4255 scientiam
1099 4201 1528 4274 Scripturarum,
1572 4215 1633 4261 ut
1669 4208 1747 4262 sic
1797 4208 1989 4279 loquar
2023 4224 2095 4265 ne

500 4288 830 4357 superbiam,
855 4291 933 4346 sic
963 4299 1174 4348 taceam
1200 4311 1270 4351 ne
1300 4303 1625 4367 torpescam.
1645 4298 1737 4375 Sic
1766 4302 2003 4367 contine,
2034 4308 2095 4357 ut

499 4394 609 4433 non
660 4381 870 4435 cadam.
926 4382 1016 4438 Sic
1064 4387 1298 4457 stringe,
1331 4396 1392 4442 ut
1430 4406 1536 4445 non
1573 4391 1859 4448 dimittam.
1905 4394 1985 4449 Tu
2030 4410 2091 4451 es

1385 301 1443 359 Β.
1484 301 1548 358 F.
1587 299 1814 360 ALBlNl
1853 302 1988 362 SEU
2013 302 2293 364 ALCUINI
2322 303 2606 365 OPERUM
2642 304 2823 367 PARS
2856 306 2951 366 IV.

3704 319 3807 379 “8

2832 422 3066 484 CAPUT
3100 423 3169 483 Il.

2586 535 2749 592 Feria
2772 536 2859 605 ΙΙ,
2884 540 3047 594 missa
3071 557 3167 612 pro
3193 544 3448 614 peccatis)

2284 645 2490 702 Exaudi
2524 647 2775 716 Domine,
2809 666 3140 721 quaesumus,
3179 655 3483 726 supplicum
3504 672 3719 730 premas,
3748 670 3808 722 et

2212 736 2588 793 conﬁtentium
2617 739 2713 795 tibi
2739 757 2904 811 parce.
2929 743 3170 812 peccatis
3200 753 3261 799 ut
3303 748 3511 817 pariter
3542 750 3701 807 nobis
3730 753 3807 810 in-

2212 827 2545 899 dulgentiam
2566 831 2775 885 tribuas
2797 831 3064 904 benignus
3090 842 3147 889 et
3169 850 3378 906 pacem.
3411 836 3534 894 Per.

2284 918 2459 974 Lectio
2507 920 2755 977 Jcremia:
2796 925 3081 995 prophetas.
3136 925 3195 982 Si
3237 928 3556 999 iniquitates
3604 942 3808 993 nostra

2210 1016 2588 1070 contenderint
2613 1025 2802 1072 contra
2844 1033 2967 1085 nos,
3007 1019 3260 1087 Domine,
3294 1021 3466 1079 libera
3496 1040 3620 1093 nos,
3660 1044 3808 1099 quae-

2211 1123 2418 1173 sumus,
2452 1107 2539 1163 fac
2562 1118 2785 1181 propter
2814 1110 3007 1167 nomen
3034 1121 3206 1169 tuum.

2280 1196 2457 1252 Lectio
2502 1202 2672 1254 sancti
2716 1200 2991 1273 Evangelii
3031 1206 3321 1260 secundum
3350 1225 3572 1264 uacant.
3618 1210 3680 1266 In
3712 1212 3805 1270 illo

2208 1297 2471 1359 tempore.
2498 1291 2632 1345 dixit
2663 1290 2822 1348 Jesus
2850 1294 3128 1364 discipulis
3157 1299 3270 1353 suis
3296 1318 3309 1352 :
3342 1299 3542 1366 Petite,
3574 1312 3632 1359 et
3653 1304 3810 1360 dabi-

2208 1387 2298 1434 tur
2318 1381 2500 1448 vobis;
2530 1384 2771 1453 quaerite,
2798 1393 2854 1441 et
2882 1388 3204 1456 invenietis;
3238 1391 3471 1461 pulsate,
3500 1402 3557 1449 et
3600 1397 3809 1466 aperie-

2207 1479 2297 1527 tur
2326 1474 2498 1530 vobis.

2278 1562 2449 1634 Super
2499 1566 2698 1623 oblata.
2764 1569 2985 1626 Hostias
3028 1573 3151 1640 tibi,
3191 1574 3441 1640 Domine,
3482 1576 3807 1647 placationis

2205 1654 2513 1723 offerimus,
2560 1667 2618 1712 ut
2645 1667 2701 1714 et
2730 1659 2926 1717 delicta
2966 1672 3157 1719 nostra
3205 1666 3498 1723 miseratus
3528 1667 3804 1739 absolvas,

2132 1777 2180 1840 B
2204 1754 2261 1801 et
2284 1749 2537 1803 nutantia
2566 1750 2731 1805 corda
2762 1760 2821 1805 tu
2861 1753 3086 1825 dirigas.
3126 1755 3251 1811 Per.

2277 1839 2556 1912 Praefatio.
2606 1841 2841 1914 Dignum
2886 1852 2942 1899 et
2983 1845 3193 1916 justttm
3232 1856 3337 1915 est,
3374 1866 3561 1922 usque,
3603 1860 3811 1911 mternc

2205 1928 2367 1986 Deus.
2398 1930 2559 1987 Salva
2585 1949 2686 1988 nos
2712 1949 2781 1989 ex
2810 1950 2905 1989 ore
2933 1934 3105 1991 leonis
3133 1940 3445 2006 Stevissimi,
3467 1943 3558 2012 qui
3582 1944 3809 2013 rugiens

2202 2023 2431 2090 circuit,
2459 2039 2708 2095 quaerens
2737 2025 2804 2081 de
2832 2027 3043 2084 unitate
3073 2029 3330 2087 Ecclesiae
3356 2040 3491 2099 tute,
3525 2050 3691 2104 quem
3722 2051 3813 2091 ra-

2202 2118 2316 2189 piat
2344 2126 2507 2189 atque
2544 2118 2788 2175 devoret.
2835 2119 2943 2176 Sed
2988 2130 3066 2188 tu,
3120 2123 3416 2181 fortissime
3454 2127 3707 2192 Domine,
3741 2129 3811 2187 de

2203 2210 2345 2265 tribu
2390 2209 2527 2266 Juda
2565 2219 2787 2267 contere
2832 2214 3167 2270 contrariam
3206 2216 3424 2272 virtutis
3468 2234 3581 2274 suae
3615 2219 3808 2289 nequi-

2202 2300 2334 2354 tiam
2357 2341 2373 2367 ,
2404 2315 2503 2356 nos
2531 2301 2599 2355 ab
2629 2302 2813 2374 ignitis
2838 2304 2956 2374 ejus
2985 2304 3485 2378 impugnationibus
3513 2307 3804 2379 liberatos,

2201 2405 2431 2461 corpore
2459 2406 2560 2447 nos
2599 2407 2889 2460 conserva,
2928 2403 2984 2451 et
3008 2397 3171 2452 corde
3196 2399 3446 2469 puriﬁca.
3472 2399 3578 2458 Per
3607 2401 3800 2461 Domi-

2201 2499 2354 2540 num.

2270 2575 2432 2646 Infra
2461 2586 2737 2633 actionem.
2794 2577 2946 2636 Hanc
2975 2581 3137 2653 igitur
3150 2584 3508 2653 goblationem,
3534 2586 3797 2656 Domine,

2198 2682 2363 2737 quam
2391 2667 2487 2722 tibi
2515 2666 2793 2725 offerimus
2822 2686 2921 2741 pro
2940 2675 3182 2742 peccatis
3208 2683 3369 2745 atque
3397 2674 3801 2736 olfensionibus

2196 2758 2435 2841 nostris,
2452 2766 2513 2813 ut
2539 2760 2782 2816 omnium
2808 2763 3131 2821 delictorum
3168 2774 3480 2823 nostrorum
3519 2770 3808 2831 remissio.

2198 2863 2326 2904 nem
2352 2851 2613 2920 consequi
2640 2860 2934 2921 mereatur,
2969 2870 3279 2925 quaesumus
3308 2857 3558 2925 Domine,
3589 2869 3668 2916 ut.

2267 2941 2351 2997 Ad
2377 2942 2773 3015 Complcndum.
2818 2946 3024 3004 Praesta
3059 2950 3247 3017 nobis,
3285 2958 3487 3007 aeterne
3518 2949 3797 3022 Salvator,

2195 3041 2259 3089 ut
2300 3036 2665 3106 percipientes
2714 3039 2818 3095 hoc
2865 3055 3092 3097 munere
3146 3042 3363 3099 veniam
3417 3052 3800 3114 peccatorum,

2119 3144 2169 3211 ο
2201 3126 2459 3198 deinceps
2483 3137 2710 3199 peccata
2734 3131 2985 3188 vitemus.
3020 3132 3143 3189 Per.

2269 3216 2411 3272 Alia.
2451 3217 2616 3286 Deus,
2648 3220 2737 3276 cui
2763 3221 3041 3291 proprium
3083 3230 3169 3278 est
3206 3238 3425 3295 semper
3461 3227 3717 3285 misereri
3744 3233 3803 3284 et

2197 3322 2444 3377 parcere,
2469 3310 2686 3381 suscipe
2707 3311 3147 3381 deprecationem
3173 3322 3439 3382 nostram,
3466 3324 3527 3371 ut
3547 3332 3691 3389 quos
3710 3316 3807 3375 de-

2198 3398 2448 3454 lictorum
2479 3408 2667 3458 catena
2698 3402 3053 3475 constringit,
3088 3404 3369 3462 miseratio
3408 3414 3514 3464 tute
3570 3406 3805 3479 pietatis

2199 3489 2463 3548 absolvat.
2494 3492 2620 3549 Per.

2529 3628 2667 3685 Item
2688 3646 2785 3701 pro
2812 3630 3063 3702 petitione
3090 3629 3468 3704 lacrymarum.

2268 3765 2623 3837 Omnipotens
2660 3768 2946 3825 mitissime
2980 3768 3156 3835 Deus,
3197 3771 3292 3841 qui
3329 3770 3538 3827 sitienti
3596 3774 3804 3847 populo

2201 3859 2407 3917 fontem
2434 3862 2668 3918 viventis
2709 3878 2863 3933 aquae
2888 3864 2957 3919 de
2984 3872 3138 3934 petra
3172 3865 3508 3935 produxisti,
3549 3868 3696 3925 educ
3735 3871 3805 3928 de

2196 3954 2375 4010 cordis
2428 3955 2595 4010 nostri
2645 3956 2842 4011 duritia
2892 3958 3325 4028 compunctionis
3375 3959 3677 4031 lacrymas,
3742 3973 3805 4021 ut

2194 4054 2419 4115 peccata
2461 4055 2647 4101 nostra
2676 4047 2933 4120 plangere
2959 4048 3259 4116 valeamus,
3298 4051 3804 4125 remissionemque

2196 4142 2250 4190 te
2277 4136 2573 4193 miserante
2603 4154 2918 4195 mereamur
2945 4142 3212 4211 accipere.
3247 4140 3369 4197 Per.

2266 4226 2420 4297 Infra
2476 4229 2752 4284 actionem.
2805 4230 2958 4287 Hanc
3010 4232 3368 4299 oblationem,
3421 4250 3746 4304 quaesumus
3780 4277 3800 4305 ,

2192 4318 2422 4375 Domine
2446 4317 2609 4386 Deus,
2650 4337 2815 4392 quam
2840 4329 2945 4377 tute
2985 4322 3260 4391 majestati
3295 4340 3396 4394 pro
3419 4327 3661 4395 peccatis
3694 4344 3800 4385 no-

2193 4412 2322 4466 stris
2349 4410 2646 4478 oﬁ‘erimus,
2675 4414 2940 4483 propitius
2970 4414 3201 4485 respice,
3220 4422 3277 4470 et
3295 4416 3501 4485 produc
3524 4418 3595 4473 de
3620 4421 3804 4479 oculis

498 4469 645 4523 enim
674 4469 847 4572 ῒιοῠοις
868 4486 1041 4538 meus.
1073 4484 1128 4529 et
1150 4475 1268 4530 13115
1290 4493 1432 4543 mea,
1465 4487 1522 4534 ει
1548 4479 1741 4535 ίὶάυοίίι
1771 4498 1909 4538 ωειλ·
1944 4484 2089 4541 Deus
2117 4520 2167 4583 ο
2192 4503 2395 4555 nostris
2439 4499 2661 4556 ﬁumina
2684 4543 2698 4567 ,
2729 4503 2925 4573 quibus
2954 4469 3136 4559 debita
3166 4504 3509 4563 ﬂammarum
3534 4509 3802 4569 incendia

498 4574 672 4625 meus,
705 4562 909 4631 gratias
931 4578 1031 4633 ago
1065 4564 1161 4618 tibi
1204 4565 1269 4620 de
1309 4567 1466 4622 donis
1494 4569 1620 4634 tuis,
1653 4572 1746 4625 sed
1781 4580 1835 4627 tu
1862 4574 2087 4629 mihiea

496 4665 673 4704 serva.
707 4648 785 4704 Ita
815 4652 963 4706 enim
995 4653 1238 4709 servabis
1268 4672 1384 4721 me,
1431 4667 1484 4711 et
1518 4659 1859 4729 augebuntur
1886 4672 1941 4718 et
1968 4679 2090 4735 per-

498 4742 769 4809 ﬁcientur,
795 4760 915 4814 qure
944 4747 1138 4802 dedisti
1169 4749 1320 4803 mihi.
1360 4748 1427 4804 Et
1448 4750 1558 4805 eris
1580 4767 1791 4808 mecum
1821 4754 1875 4809 in
1906 4758 2085 4812 omni-

495 4836 629 4901 bus;
662 4838 788 4906 quia
819 4846 872 4892 et
901 4846 960 4893 ut
997 4840 1131 4905 sim,
1178 4848 1233 4895 et
1260 4845 1403 4911 quod
1434 4858 1584 4909 sum,
1618 4852 1673 4898 tu
1701 4844 1893 4902 dedisti
1928 4847 2082 4904 mihi.

493 4928 598 4984 Per
630 4929 907 4985 Christum
943 4934 1228 4989 Dominum
1269 4946 1535 4992 nostrum.

566 5020 959 5079 Postcommun.
1002 5025 1139 5080 Vota
1169 5037 1356 5082 nostra
1382 5032 1643 5085 Dominus
1683 5033 1980 5089 clementer
2007 5034 2090 5090 in-

492 5112 700 5179 tendat,
729 5122 785 5167 et
809 5124 1035 5184 peccata
1070 5117 1322 5172 dimittat.
1377 5119 1507 5187 Quae
1543 5130 1813 5191 optamus,
1850 5123 2085 5191 tribuat;

493 5210 687 5274 etquae
706 5220 985 5274 pavemus,
1012 5208 1197 5275 procul
1218 5208 1467 5277 repellat;
1492 5218 1551 5265 ut
1577 5228 1701 5266 cum
1730 5214 2090 5271 universitate

496 5298 731 5355 ﬁdelium
754 5301 1020 5364 vovendo,
1039 5308 1094 5356 et
1115 5302 1388 5357 reddendo
1405 5304 1515 5359 Deo
1538 5307 1866 5362 sacriﬁcium
1888 5307 2082 5376 laudis,

496 5389 565 5443 ad
587 5389 819 5445 fructum
850 5390 1080 5460 iustitiae
1118 5394 1402 5462 pervenire
1440 5397 1729 5464 possimus,
1753 5401 2084 5457 concedente

494 5479 784 5536 clementia
815 5483 1118 5540 divinitatis
1166 5487 1302 5557 ejus.
1357 5486 1458 5543 Per
1504 5487 1790 5544 Dominum
1837 5502 2082 5550 nostrum

495 5568 681 5626 Jesum
710 5571 985 5629 Christum
1024 5575 1141 5646 ejus
1186 5579 1525 5650 unigenitum
1566 5579 1783 5647 Filium,
1817 5597 1935 5638 cum
1975 5600 2083 5654 quo

498 5660 555 5714 in
584 5661 789 5717 unitate
819 5661 1055 5733 Spiritus
1092 5668 1267 5722 sancti
1306 5668 1443 5725 vivit
1476 5678 1533 5727 et
1559 5679 1748 5743 regnat
1776 5671 1938 5731 Deus.
1978 5672 2085 5732 Per

501 5756 685 5813 omnia
709 5761 907 5818 saecula
934 5762 1272 5819 saeculorum.

2194 4591 2414 4647 valeant
2438 4592 2727 4663 exstingui.
2761 4594 2882 4648 Per.

2266 4679 2545 4753 Prarfatio.
2587 4682 2818 4754 Dignum
2841 4691 2894 4739 et
2908 4685 3117 4755 justum
3148 4696 3254 4754 est,
3288 4705 3477 4759 usque,
3506 4705 3610 4759 per
3637 4689 3804 4746 Chri-

2192 4779 2338 4827 stum
2355 4771 2643 4828 Dominum
2665 4782 2928 4829 nostrum.
2947 4776 3049 4843 Qui
3077 4778 3297 4833 beatum
3323 4779 3545 4835 Petrum
3572 4792 3803 4851 aposto-

2193 4860 2304 4915 lum
2353 4862 2571 4931 pietatis
2611 4865 2853 4934 respexit
2898 4866 3120 4935 intuitu,
3171 4877 3232 4923 ut
3273 4870 3429 4926 trime
3479 4874 3804 4944 negationis

2190 4959 2474 5021 peccatum
2521 4954 2873 5010 amarissimis
2904 4955 3133 5014 dilueret
3174 4957 3448 5032 lacrymis,
3491 4977 3591 5032 per
3641 4964 3801 5019 infu-

2190 5040 2411 5096 sionem'
2443 5042 2618 5097 sancti
2666 5042 2903 5114 Spiritus
2933 5061 3034 5115 pro
3076 5058 3425 5117 peccatorum
3472 5062 3804 5110 nostrorum

2189 5133 2427 5203 pondere
2461 5133 2731 5205 lacrymas
2764 5137 2919 5192 nobis
2960 5138 3094 5194 elice
3132 5142 3484 5212 poenitentiae,
3514 5152 3578 5199 ut
3602 5160 3806 5201 amare

2189 5223 2505 5291 deﬂeamus,
2519 5240 2639 5294 quae
2652 5226 2835 5296 inique
2855 5230 3121 5299 gessimus
3142 5250 3153 5285 :
3178 5241 3447 5301 quatenus
3469 5233 3806 5293 fructuosus

2189 5314 2247 5368 in
2272 5323 2565 5385 conspectu
2590 5316 2810 5386 pietatis
2836 5326 2942 5373 tuae
2970 5329 3170 5375 nostrae
3193 5322 3473 5391 petitionis
3499 5327 3806 5394 perveniat

2189 5404 2431 5473 ell‘ectus,
2462 5415 2625 5479 atque
2651 5425 2750 5481 per
2778 5425 2905 5465 eum
2932 5412 3089 5469 nobis
3111 5414 3324 5469 veniam
3349 5430 3572 5486 sperare
3602 5416 3802 5486 liceat,

2190 5500 2281 5569 qui
2327 5501 2553 5557 traditus
2593 5510 2680 5559 est
2724 5519 2824 5574 pro
2877 5504 3087 5561 delictis
3135 5508 3356 5573 nostris,
3383 5516 3445 5562 ut
3489 5509 3805 5568 redimeret

2189 5609 2289 5649 nos
2315 5593 2372 5648 in
2401 5595 2665 5667 sanguine
2690 5611 2813 5664 suo,
2836 5594 3089 5653 Christus
3110 5595 3359 5655 Salvator
3378 5607 3587 5657 noster.
3606 5599 3805 5667 Quem

2187 5683 2414 5741 laudant
2437 5686 2632 5758 angeli.

2259 5778 2333 5849 9.
2382 5778 2463 5834 Ad
2510 5778 2906 5853 Complcndum.
2954 5781 3293 5841 Sacriﬁcium
3330 5784 3477 5861 quod
3513 5791 3636 5861 ιᾳξε,
3670 5781 3807 5858 Dc-

3670 5850 3701 5858 ,ρ
