4038 6336
224 318 328 383 μθ

1165 302 1557 369 LITURGICA.
1598 334 1654 348 -
1704 300 1910 362 LIBER
1948 290 2585 360 SACRAMENTORUM.

3382 285 3492 353 450

227 442 395 506 mine,
418 433 714 493 obtuamus
740 428 1034 501 maiestati,
1064 426 1222 483 nobis
1245 427 1313 481 ad
1349 424 1563 480 veniam
1587 427 1807 477 nostro-
1833 423 1886 485 Α
1910 417 2037 484 illis,
2078 417 2216 473 dixit
2253 418 2387 473 mihi
2423 414 2685 487 angelus:
2720 411 2948 471 Scribe:
2974 406 3128 469 Beati
3158 411 3252 484 qui
3279 414 3347 472 ad
3374 429 3492 476 cm-

228 550 347 593 rum
376 528 630 604 proficiat
663 532 1032 597 peccatorum,
1077 528 1133 578 et
1163 529 1263 576 tuae
1295 514 1660 574 miserationis
1708 513 1808 570 tri-

228 627 358 684 buat
383 621 661 679 solatium.
691 618 817 672 Per.

297 714 442 771 Alia.
480 711 724 769 Gratiam
752 707 926 765 sancti
952 704 1204 778 Spiritus,
1238 702 1464 761 Domine
1488 700 1653 768 Deus,
1692 713 1814 756 cor-

231 805 386 860 dibus
416 802 621 858 nostris
667 800 967 856 clenienter
1009 796 1249 863 infunde,
1293 810 1412 865 qua:
1455 808 1556 849 nos
1600 789 1815 864 gemiti-

230 898 330 953 bus
360 894 565 949 efficiat
601 892 962 963 lacrymarum
992 888 1231 943 maculas
1260 893 1570 941 nostrorum
1608 882 1816 938 diluere

230 994 615 1062 peccatorum,
656 991 819 1052 atque
852 986 1054 1051 optata:
1096 977 1275 1041 nobis,
1302 983 1357 1032 te
1394 974 1677 1045 largiente,
1725 971 1813 1062 in-

231 1058 521 1147 dulgentias
564 1079 791 1143 praestet
825 1069 1097 1126 effectum.
1122 1068 1227 1124 Per
1252 1065 1561 1131 Dominum,
1595 1070 1728 1129 etc.,
1757 1058 1815 1116 in

230 1166 440 1221 unitate
461 1162 728 1236 ejusdem.

586 1271 721 1327 Item
753 1270 916 1327 missa
941 1271 1112 1326 sancti
1145 1270 1442 1342 Augustini.

299 1407 528 1479 Ignosce
561 1404 720 1471 mihi,
761 1417 1091 1474 quaesumus,
1114 1400 1362 1467 Domine,
1417 1414 1582 1471 quem
1627 1416 1816 1457 macu-

232 1499 355 1555 latae
390 1499 520 1554 vitae
545 1496 879 1553 conscientia
909 1494 1198 1565 trepidum,
1245 1502 1301 1550 et
1331 1492 1623 1549 criminum
1667 1507 1819 1550 meo-

231 1603 354 1644 rum
385 1586 637 1645 confusio
672 1585 805 1642 facit
829 1585 1122 1657 captivum.
1150 1584 1220 1638 Et
1247 1582 1339 1653 qui
1361 1597 1461 1653 pro
1483 1596 1572 1637 me
1601 1583 1819 1638 veniam

230 1677 478 1733 obtinere
502 1690 611 1732 non
636 1675 812 1739 valeo,
835 1688 935 1744 pro
958 1673 1079 1729 aliis
1103 1680 1393 1743 rogaturus
1423 1673 1622 1729 assisto
1649 1689 1664 1739 ;
1691 1688 1821 1744 pro-

230 1768 348 1823 fero
394 1766 465 1823 ad
494 1774 571 1834 te,
596 1766 643 1822 si
679 1766 867 1822 audire
890 1764 1149 1835 digneris,
1196 1763 1439 1829 Domine,
1472 1764 1813 1834 captivorum
1838 1787 1891 1853 ³

231 1862 483 1933 gemitus,
518 1860 891 1916 tribulationes
917 1858 1173 1929 plebium,
1209 1856 1449 1928 pericula
1473 1857 1810 1928 populorum,

229 1952 585 2007 necessitates
630 1951 1066 2022 peregrinorum,
1111 1948 1351 2017 inopiam
1397 1948 1677 2018 debilium,
1726 1951 1820 2008 de-

229 2045 570 2115 sperationes
595 2044 985 2116 languentium,
1036 2042 1283 2099 defectus
1328 2057 1540 2111 senum,
1582 2044 1818 2115 suspiria

226 2134 512 2205 iuvenum,
560 2144 687 2191 vota
728 2136 1023 2208 virginum,
1072 2136 1309 2191 lamenta
1358 2136 1663 2191 viduarum.
1712 2136 1820 2193 Sed

230 2228 490 2298 quoniam
542 2242 632 2282 me
684 2227 898 2293 eadem,
956 2242 1075 2297 qua:
1122 2227 1308 2299 populi
1355 2228 1561 2298 peccati
1628 2236 1820 2284 catena

231 2319 579 2390 constringit,
629 2318 749 2374 ideo
795 2318 1113 2374 communes
1156 2319 1313 2391 lugeo
1354 2319 1651 2389 passiones.
1701 2319 1823 2375 Non

230 2411 397 2476 obsit,
448 2410 697 2477 Domine,
748 2409 946 2481 populo
991 2419 1086 2466 tuo
1134 2412 1312 2467 oratio
1349 2411 1635 2483 coniugata
1685 2411 1819 2484 [Al.,

232 2499 542 2574 subiugata]
567 2502 820 2572 peccatis.
852 2501 957 2557 Per
994 2515 1081 2556 me
1112 2502 1211 2557 tibi
1241 2500 1469 2558 offertur
1488 2510 1694 2569 votum,
1724 2516 1824 2571 per

232 2598 288 2645 te
311 2605 496 2645 meum
521 2591 857 2661 compleatur
888 2590 1148 2648 officium.
1182 2593 1306 2650 Per.

302 2682 479 2753 Super
525 2682 721 2738 oblata.
796 2682 1063 2741 Memores
1112 2701 1321 2756 sumus,
1377 2698 1599 2747 aeternae
1672 2691 1821 2749 Deus

229 2772 396 2831 Pater
442 2774 808 2845 omnipotens,
840 2775 1241 2845 gloriosissima
1281 2781 1552 2849 passionis
1570 2781 1694 2836 Filii
1720 2782 1818 2847 tui,

230 2865 651 2922 resurrectionis
680 2866 864 2932 etiam,
898 2868 1343 2940 ascensionisque
1384 2871 1439 2928 in
1469 2872 1687 2928 caelum.
1718 2872 1823 2927 Pe-

230 2957 401 3011 timus
451 2970 581 3025 ergo
621 2954 959 3025 maiestatem
998 2959 1163 3025 Deus,
1194 2967 1255 3014 ut
1301 2962 1595 3017 ascendant
1634 2978 1825 3034 preces

231 3048 560 3104 humilitatis
611 3055 814 3103 nostra:
850 3049 907 3104 in
955 3059 1305 3121 conspectum
1347 3060 1453 3107 tua:
1499 3036 1819 3123 clementiae,

1911 524 2037 563 nam
2062 507 2393 578 nuptiarum.

1983 600 2265 671 Sequentia
2295 600 2461 653 sancti
2483 598 2754 670 Evangelii
2802 598 3087 653 secundum
3112 598 3389 653 Joannem.
3430 596 3492 657 In

1911 691 2005 748 illo
2032 699 2292 760 tempore,
2342 691 2582 745 ascendit
2609 688 2765 746 Jesus
2791 689 3239 763 Hierosolymam.
3280 692 3379 748 Est
3397 707 3494 748 au-

1912 793 2022 841 tem
2048 783 2434 855 Hierosolymis
2458 783 2737 853 probatica
2756 784 2985 855 piscina.

2092 897 2225 952 Item
2253 896 2361 951 alia
2390 912 2484 967 pro
2515 898 2887 952 tentationibus
2922 900 3317 970 cogitationum.
3412 938 3423 951 ι

1986 1009 2337 1080 Omnipotens
2404 1009 2691 1065 mitissime
2739 1008 2902 1077 Deus,
2955 1012 3165 1082 respice
3231 1012 3499 1082 propitius

1913 1117 2105 1175 preces
2143 1110 2378 1167 nostras,
2420 1108 2474 1157 et
2509 1101 2679 1155 libera
2726 1103 2889 1157 corda
2914 1109 3096 1159 nostra
3122 1102 3189 1157 de
3232 1104 3498 1159 malarum

1914 1192 2215 1249 tentatione
2244 1192 2655 1262 cogitationum,
2702 1201 2761 1247 ut
2790 1194 2964 1248 sancti
3001 1193 3237 1263 Spiritus
3282 1196 3501 1267 dignum

1915 1285 2037 1342 ﬁeri
2064 1285 2430 1341 habitaculum
2466 1300 2791 1340 mereamur.
2835 1285 2942 1339 Per
2978 1285 3284 1340 Dominum.

1990 1377 2223 1434 Secreta.
2263 1377 2374 1434 llas
2418 1379 2536 1443 tibi,
2570 1378 2797 1433 Domine
2840 1377 3004 1445 Deus,
3042 1377 3319 1433 offerimus
3354 1378 3505 1434 obla-

1916 1466 2094 1523 tiones
2125 1483 2224 1539 pro
2260 1468 2435 1525 salute
2481 1476 2691 1535 nostra,
2740 1478 3008 1539 quatenus
3052 1469 3260 1523 animas
3289 1476 3506 1523 nostras

1918 1559 2095 1615 sancti
2140 1558 2375 1629 Spiritus
2412 1561 2586 1632 gratia
2614 1559 2924 1616 illuminare
2959 1559 3213 1631 digneris.
3248 1558 3354 1614 Per
3398 1557 3504 1613 Do-

1916 1653 2125 1708 minum
2153 1663 2420 1709 nostrum.

1989 1741 2267 1814 Praefatio.
2326 1746 2556 1817 Dignum
2599 1753 2655 1801 et
2694 1746 2900 1817 iustum
2937 1753 3041 1812 est,
3090 1760 3272 1816 usque,
3295 1751 3498 1799 aeterne

1918 1836 2079 1891 Deus.
2119 1836 2405 1892 Humiliter
2446 1846 2593 1892 tuam
2643 1838 2999 1908 deprecantes
3032 1836 3393 1901 clementiam,
3440 1839 3501 1889 ut

1919 1927 2149 1998 gratiam
2194 1929 2367 1983 sancti
2417 1928 2653 1997 Spiritus
2700 1929 2897 1983 animis
2950 1928 3152 1983 nostris
3206 1927 3502 1982 clementer

1920 2018 2202 2074 infundere
2245 2019 2507 2089 digneris,
2557 2028 2618 2074 ut
2668 2027 2722 2075 te
2775 2018 3013 2089 perfecte
3063 2018 3305 2089 diligere,
3355 2025 3410 2073 et
3452 2025 3508 2073 te

1922 2110 2084 2182 digne
2107 2111 2332 2165 laudare
2358 2126 2684 2167 mereamur.
2718 2110 2822 2165 Per
2847 2111 3143 2167 Christum.

1996 2203 2101 2272 ιο
2118 2201 2199 2256 Ad
2222 2199 2617 2273 Complendum.
2636 2203 2739 2259 Per
2759 2203 2879 2269 hoc,
2897 2218 3227 2273 quaesumus,
3257 2201 3505 2270 Domine,

1923 2294 2267 2357 sacrificium,
2302 2302 2406 2349 tuae
2431 2294 2573 2364 quod
2602 2294 2894 2349 obtulimus
2920 2294 3128 2363 pietati,
3158 2295 3225 2349 ab
3254 2293 3505 2348 omnibus

1924 2386 2087 2441 corda
2123 2394 2307 2441 nostra
2336 2387 2593 2441 emundes
2622 2386 3030 2441 tentationibus.
3071 2384 3176 2443 Per
3219 2383 3510 2439 Dominum

1923 2487 2190 2535 nostrum.

1998 2569 2139 2625 Alia.
2187 2569 2353 2634 Deus,
2399 2570 2490 2639 qui
2520 2570 2793 2626 illuminas
2821 2584 3037 2626 omnem
3090 2568 3366 2623 hominem
3413 2580 3511 2621 ve~

1926 2665 2164 2720 nientem
2223 2665 2276 2717 in
2324 2664 2470 2719 hunc
2527 2664 2809 2728 mundum,
2873 2662 3136 2727 illumina,
3179 2675 3511 2731 quaesumus,

1928 2755 2092 2812 corda
2136 2761 2319 2808 nostra
2347 2753 2533 2819 gratia:
2565 2761 2671 2808 tua:
2706 2753 3012 2823 splendore,
3062 2760 3123 2805 ut
3156 2752 3314 2822 digna
3343 2748 3514 2817 maje-

1929 2847 2057 2901 stati
2103 2853 2207 2899 tute
2246 2845 2486 2915 cogitare
2512 2851 2567 2899 et
2595 2842 2818 2914 diligere
2856 2841 3155 2897 valeamus.
3200 2840 3305 2895 Per
3331 2837 3514 2895 Domi-

1929 2953 2058 2993 num
2087 2944 2353 2993 nostrum.

2286 3046 2420 3103 Item
2454 3048 2616 3103 missa
2645 3048 2816 3104 sancti
2851 3048 3152 3119 Augustini.

230 3148 288 3195 et
333 3141 629 3196 descendat
654 3157 813 3211 super
846 3142 990 3197 hunc
1020 3158 1237 3213 panem,
1277 3152 1334 3199 et
1368 3160 1529 3216 super
1554 3148 1699 3203 hunc
1725 3164 1820 3204 ca-

1999 3162 2299 3218 Off'erentes
2340 3162 2461 3228 tibi,
2494 3161 2743 3228 Domine,
2784 3159 3379 3228 hostiamiubilationis
3405 3173 3507 3230 pro

230 3230 397 3288 licem
444 3231 722 3301 plenitudo
769 3240 877 3289 tuae
932 3232 1249 3290 divinitatis.
1302 3235 1605 3305 Descendat
1632 3240 1820 3306 etiam,

232 3322 485 3389 Domine,
511 3323 601 3377 illa
630 3324 806 3379 sancti
855 3323 1091 3394 Spiritus
1137 3326 1214 3380 tui
1258 3326 1825 3399 incomprehensibilis

232 3414 636 3485 iuvisibilisque
683 3414 960 3486 maiestas,
1010 3416 1151 3472 sicut
1198 3420 1466 3488 quondam
1515 3422 1570 3476 in
1608 3430 1822 3492 patrum

234 3503 451 3560 hostias
481 3504 861 3561 descendebat.
893 3505 999 3561 Per
1027 3508 1276 3563 eumdem
1316 3510 1620 3566 Dominum.

311 3597 393 3652 Ad
415 3595 811 3667 Complendum.
844 3595 1059 3654 Gratias
1090 3598 1211 3665 tibi,
1247 3600 1495 3668 Domine,
1528 3604 1827 3664 referentes

236 3705 481 3758 oramus,
522 3697 583 3745 ut
609 3691 838 3747 mandes
868 3692 1136 3762 propitius
1172 3708 1268 3750 cor
1306 3704 1556 3752 nostrum
1589 3713 1619 3752 a
1653 3700 1825 3768 vitiis,

237 3791 294 3838 et
340 3782 549 3852 repleas
575 3780 779 3855 iugiter
818 3784 1153 3856 spiritalibus
1180 3786 1357 3844 donis.
1387 3787 1493 3845 Per
1533 3789 1825 3849 Dominum

238 3881 510 3931 nostrum.

849 3968 1091 4035 LCAPUT
1125 3970 1211 4028 III.

279 4081 449 4140 Fcria
474 4081 594 4153 III,
623 4085 785 4143 missa
805 4086 875 4143 ad
893 4088 1210 4160 postulanda
1247 4087 1485 4163 angelica
1510 4089 1786 4165 su/fragia.

314 4217 646 4290 Perpetuum
664 4222 839 4291 nobis,
871 4223 1116 4295 Domine,
1158 4234 1264 4285 tuae
1297 4230 1662 4288 miserationis
1690 4245 1831 4302 prae-

240 4316 360 4365 stat
403 4310 723 4379 subsidium,
772 4313 981 4391 quibus
1011 4323 1067 4371 et
1107 4318 1349 4388 angelica
1381 4322 1681 4390 praestitisti
1712 4320 1828 4377 suf-

242 4396 425 4471 fragia
458 4417 568 4456 non
604 4404 811 4460 deesse.
840 4403 946 4461 Per
966 4406 1250 4463 Dominum
1278 4420 1543 4466 nostrum.

323 4489 563 4546 Secreta.
618 4492 837 4549 Hostias
884 4495 1002 4563 tibi,
1053 4497 1301 4567 Domine,
1330 4500 1503 4557 laudis
1531 4500 1830 4572 offerimus,
1854 4500 1910 4562 D

243 4581 570 4652 suppliciter
600 4584 952 4655 deprecantes
987 4594 1048 4642 ut
1074 4589 1292 4645 easdem
1323 4592 1563 4663 angelico
1598 4608 1699 4664 pro
1728 4611 1830 4651 no-

242 4672 337 4729 bis
377 4674 773 4732 interveniente
806 4677 1081 4750 sufli'agio,
1122 4689 1179 4737 et
1216 4681 1463 4751 placatus
1495 4686 1753 4756 accipias,
1779 4695 1834 4743 et

245 4764 318 4818 ad
348 4763 578 4820 salutem
615 4774 858 4822 nostram
881 4769 1168 4838 provenire
1196 4772 1482 4829 concedas.
1507 4772 1615 4829 Per
1650 4773 1836 4831 Domi-

326 4945 733 5005 Postcommum.
756 4949 986 5021 Repleti,
1008 4952 1253 5022 Domine,
1305 4955 1678 5014 benedictione
1726 4971 1835 5013 cos-

242 5034 380 5096 lesti
415 5041 730 5111 suppliciter
754 5042 1124 5113 imploramus,
1167 5055 1228 5102 ut
1272 5051 1415 5116 quod
1465 5045 1643 5121 fragili
1696 5048 1837 5104 cele-

242 5133 482 5189 bramus
502 5135 697 5204 ofﬁcio,
729 5147 1044 5198 sanctorum
1066 5143 1515 5215 archangelorum
1539 5145 1697 5199 nobis
1714 5158 1837 5215 pro-

243 5222 414 5279 desse
452 5226 746 5283 sentiamus
767 5229 990 5285 auxilio.
1023 5230 1131 5287 Per
1153 5232 1442 5287 Dominum
1472 5241 1739 5289 nostrum.

321 5312 503 5385 Super
550 5318 820 5389 populum.
872 5320 1087 5378 Plebem
1139 5330 1305 5389 tuam,
1357 5339 1686 5392 quaesumus,
1729 5323 1835 5379 Do-

241 5404 423 5470 mine,
458 5416 717 5477 perpetua
744 5410 942 5480 pietate
973 5413 1205 5479 custodi,
1239 5422 1301 5468 ut
1325 5426 1516 5469 secura
1540 5428 1758 5485 semper
1780 5423 1839 5471 et

240 5497 582 5553 necessariis
610 5498 790 5568 adiuta
815 5503 1091 5570 subsidiis,
1119 5503 1408 5573 spirituum
1434 5503 1644 5559 tibimet
1668 5503 1838 5573 placi-

234 5598 439 5644 torum
480 5590 571 5659 pia
597 5606 813 5664 semper
851 5596 1201 5651 veneratione
1242 5593 1473 5650 lauetur.
1515 5595 1619 5649 Per
1656 5593 1837 5649 Domi-

238 5692 386 5733 num
414 5687 661 5736 nostrum
677 5680 880 5739 Iesum.

325 5767 511 5830 Lectio
555 5772 774 5841 Apocal.
818 5774 973 5837 beati,
998 5775 1222 5835 Joannis
1261 5774 1502 5850 apostoli.
1549 5773 1611 5833 in
1646 5772 1835 5833 diebus

1926 3254 2140 3310 delictis
2183 3254 2404 3320 nostris,
2435 3253 2694 3324 pietatem
2723 3261 2873 3307 tuam
2902 3252 3267 3322 exposcimus,
3309 3258 3371 3306 ut
3396 3251 3515 3322 pla--

1925 3345 2085 3402 cabili
2123 3345 2323 3416 pietate
2363 3344 2715 3416 petitionibus
2738 3344 2939 3399 nostris
2973 3358 3163 3399 aurem
3205 3357 3515 3398 accommo-

1926 3437 2042 3503 des,
2067 3445 2252 3491 votum
2295 3445 2539 3491 nostrum
2566 3437 2654 3506 pia
2698 3435 3008 3506 dignatione
3035 3442 3308 3505 acceptes,
3336 3432 3513 3487 tribu-

1924 3528 2155 3584 lationes
2202 3530 2383 3585 cordis
2432 3530 2603 3584 nostri
2649 3528 2934 3596 multiplici
2979 3527 3329 3582 miseratione
3374 3525 3512 3580 laeti-

1927 3619 2078 3682 ficas,
2106 3626 2163 3672 et
2207 3619 2349 3687 quod
2392 3618 2446 3671 in
2489 3617 2735 3671 oratione
2784 3617 2968 3687 lingua
3015 3626 3203 3670 nostra
3254 3629 3517 3671 enarrare

1927 3725 2037 3765 non
2073 3708 2293 3775 sufficit,
2325 3717 2402 3774 tu,
2440 3708 2533 3777 qui
2561 3707 2741 3763 cordis
2768 3708 3124 3778 cogitationes
3154 3707 3420 3777 agnoscis,
3462 3713 3517 3761 et

1930 3818 2121 3858 renum
2171 3808 2445 3857 scrutator
2492 3815 2571 3867 es,
2618 3817 2737 3871 quae
2771 3802 3047 3857 desiderat
3090 3816 3245 3855 mens
3296 3800 3512 3866 devota,

1928 3907 2029 3962 per
2073 3901 2222 3947 tuam
2272 3891 2703 3947 misericordiam
2749 3897 3134 3960 consequatur.
3184 3889 3289 3943 Per
3329 3887 3515 3942 Domi—

1929 4000 2080 4042 num.

2004 4075 2237 4133 Secreta.
2267 4077 2569 4149 Acceptare
2601 4076 2858 4149 digneris,
2893 4075 3149 4132 terribilis
3179 4083 3233 4131 et
3273 4072 3519 4145 piissime

1930 4165 2095 4232 Deus,
2127 4166 2231 4221 hoc
2258 4166 2601 4233 sacrificium,
2620 4168 2762 4237 quod
2800 4167 2893 4222 tibi
2915 4182 3015 4237 pro
3044 4165 3362 4221 remissione
3390 4179 3517 4234 pecn

1932 4267 2179 4314 catorum
2225 4267 2556 4326 nostrorum,
2612 4260 2698 4314 vel
2748 4274 2847 4329 pro
2900 4259 3087 4327 requie
3138 4256 3515 4312 defunctorum

1932 4345 2163 4402 fratrum
2191 4347 2486 4416 offerimus,
2521 4350 2646 4419 quia
2676 4357 2801 4404 vota
2828 4358 3036 4413 nostra,
3072 4350 3210 4404 dona
3238 4358 3364 4404 sunt
3392 4357 3507 4403 tua.

1935 4438 2048 4494 Nec
2092 4437 2188 4495 tibi
2216 4439 2509 4509 quidquam
2538 4439 2753 4505 melius,
2789 4440 2894 4495 nisi
2929 4441 3073 4509 quod
3106 4440 3348 4506 dederis,
3379 4438 3512 4497 offe-

1936 4533 2145 4588 rimus:
2196 4533 2300 4588 hoc
2340 4541 2426 4588 est
2469 4533 2735 4604 imprimis
2782 4533 2837 4587 in
2881 4535 3415 4599 commemoratione,
3456 4541 3519 4588 ut

1927 4623 2137 4695 iustum
2163 4632 2265 4690 est,
2292 4624 2588 4679 Dominica‘.
2610 4624 2964 4680 institutionis
2985 4623 3198 4687 offerre,
3231 4625 3288 4679 in
3310 4625 3519 4679 honore

1935 4724 1990 4771 et
2015 4715 2185 4786 gloria
2214 4716 2426 4771 Domini
2453 4716 2626 4771 nostri
2652 4713 2781 4769 Jesu
2824 4715 3025 4769 Christi
3073 4715 3195 4768 Filii
3228 4714 3327 4781 tui,
3373 4714 3517 4785 regis

1929 4806 2239 4877 iudicisque
2279 4806 2513 4863 venturi.
2540 4807 2645 4862 Per
2672 4806 2924 4861 eumdem
2953 4806 3241 4861 Dominum
3269 4813 3516 4862 nostrum

1934 4894 2121 4952 Jesum
2150 4897 2445 4953 Christum.
3258 4912 3265 4917 ί

2008 4988 2403 5044 Postcommtm.
2452 4988 2803 5059 Omnipotens
2867 4991 3010 5048 Deus
3038 5001 3164 5049 vota
3207 5002 3394 5049 nostra
3436 4992 3519 5047 di-

1937 5088 2164 5152 gnanter
2213 5081 2492 5149 suscipiat,
2537 5089 2593 5135 et
2638 5097 2737 5137 nos
2780 5082 3010 5139 famulos
3043 5099 3170 5140 suos
3194 5083 3519 5155 pmpitiatus

1938 5173 2202 5238 intendat,
2255 5173 2537 5228 desideria
2570 5183 2756 5230 nostra
2790 5176 2845 5230 in
2871 5176 3028 5233 bonis
3068 5177 3323 5247 operibus
3363 5188 3514 5229 com-

1936 5264 2102 5336 pleat,
2134 5272 2190 5319 et
2225 5266 2293 5321 ab
2325 5266 2534 5321 insidiis
2568 5266 2910 5325 inimicorum
2958 5284 3059 5326 nos
3108 5267 3379 5325 defendat.
3410 5262 3517 5321 Per

1939 5355 2247 5412 Dominum.

2554 5450 2780 5510 CAPUT
2808 5453 2896 5510 IV.

2188 5561 2351 5619 Feria
2375 5563 2482 5631 IV,
2512 5567 2671 5621 missa
2697 5567 2760 5620 de
2781 5572 2961 5621 sancta
2988 5562 3266 5632 sapientia.

2010 5676 2153 5738 Deus
2179 5685 2268 5752 qui
2292 5699 2390 5754 per
2410 5692 2734 5739 coaeternam
2756 5682 2852 5738 tibi
2874 5679 3191 5751 sapientiam
3216 5674 3513 5745 hominem,

1940 5787 2067 5836 cum
2113 5789 2222 5836 non
2248 5785 2415 5847 esset,
2443 5777 2749 5846 condidisti,
2780 5772 3159 5848 perditumque
3204 5767 3492 5849 misericor
3511 5795 3531 5845 ι,
