4038 6336
542 373 639 435 451

1370 366 1429 424 Β.
1468 366 1532 423 F.
1570 358 1799 421 ALBlNl
1837 357 1969 416 SEU
2007 348 2283 413 ALCUINI
2319 353 2601 412 OPERUM
2639 354 2819 410 PARS
2852 345 2939 411 IV.

3693 348 3794 408 452

544 491 685 546 diter
713 480 1016 544 reformasti
1045 502 1059 552 ;
1085 492 1303 555 praesta,
1333 498 1659 553 qumsumus,
1689 489 1749 536 ut
1775 482 1962 536 eadem
1988 464 2117 552 pec-
2137 472 2191 531 Δ
2217 487 2316 527 nos
2353 470 2529 527 facere
2562 471 2894 525 voluntatem
2920 477 3084 535 tuam,
3110 467 3233 540 quia
3260 478 3315 524 tu
3339 483 3398 525 es
3422 458 3567 524 Deus
3591 474 3789 525 noster.

546 592 664 639 tura
703 593 909 645 nostra,
943 580 1238 647 inspirante
1279 585 1352 641 te,
1396 586 1508 632 tota
1548 586 1725 632 mente
1749 594 2012 644 amemus,
2061 586 2117 633 et

546 675 613 729 ad
644 684 696 728 te
718 683 829 728 toto
849 672 1010 727 corde
1037 686 1337 725 curramus.
1366 670 1469 724 Per
1492 670 1795 727 Dominum.

616 768 788 821 Lectio
808 764 1055 834 Epistola:
1074 764 1212 818 beati
1233 764 1390 819 Pauli
1411 767 1654 835 apostoli.
1685 765 1924 833 Fratres,
1946 771 2118 825 scien-

547 868 628 914 tes
657 860 797 928 quod
820 857 943 913 ﬁdei
971 868 1163 912 vestrae
1196 859 1515 928 patientiam
1547 863 1793 930 probatio
1835 876 2110 933 operatur.

617 949 897 1020 Sequentia
942 951 1109 1003 sancti
1151 949 1422 1019 Evangelii
1462 954 1745 1006 secundum
1784 954 2112 1011 Matthwum.

542 1039 599 1096 In
632 1042 721 1096 illo
771 1051 1032 1112 tempore,
1084 1041 1416 1109 respondens
1449 1041 1603 1099 Jesus
1638 1045 1810 1100 dixit:
1842 1047 2115 1102 Conﬁteor

545 1133 661 1197 tibi,
690 1132 871 1198 Pater,
904 1132 1129 1191 Domine
1159 1133 1279 1187 coeli
1319 1143 1372 1186 et
1402 1143 1580 1199 terra),
1606 1137 1731 1205 quia
1758 1139 2111 1193 abscondisti.

617 1221 847 1278 Secreta.
895 1221 1299 1290 Sanctificetur,
1345 1241 1671 1294 quaesumus,
1700 1228 1924 1285 Domine
1948 1229 2109 1295 Deus,

542 1312 703 1382 hujus
734 1321 930 1368 nostrze
960 1314 1248 1369 oblationis
1289 1332 1503 1383 munus,
1532 1327 1620 1373 tua
1655 1330 1978 1390 cooperante
2029 1338 2116 1376 sa—

541 1404 764 1473 pientia,
805 1414 865 1459 ut
907 1406 1002 1460 tibi
1031 1405 1245 1475 placere
1285 1411 1459 1479 possit
1491 1412 1559 1465 ad
1588 1411 1820 1479 laudem,
1861 1422 1917 1469 et
1961 1414 2117 1470 nobis

540 1495 803 1567 prolicere
833 1497 899 1551 ad
926 1497 1173 1553 salutem.
1198 1500 1301 1555 Per
1320 1503 1625 1559 Dominum.

614 1584 694 1639 Ad
740 1584 1133 1659 Complendum.
1178 1591 1423 1661 Infundc,
1492 1612 1820 1666 quaesumus,
1871 1599 2115 1665 Domine,

542 1691 641 1748 per
681 1678 795 1733 haec
840 1690 1025 1737 sancta
1053 1699 1171 1752 qum
1208 1688 1558 1756 sumpsimus,
1590 1696 1692 1743 tum
1735 1691 1986 1745 cordibus
2030 1706 2120 1746 no-

544 1769 672 1824 stris
702 1769 881 1826 lumen
912 1773 1205 1843 sapientiae,
1246 1784 1305 1830 ut
1345 1784 1396 1832 te
1434 1780 1700 1833 veraciter
1736 1796 2112 1851 agnoscamus,

543 1869 601 1917 et
624 1862 851 1918 ﬁdeliter
875 1865 1176 1936 diligamus.
1200 1867 1305 1923 Per
1332 1871 1598 1926 eumdem.

616 1950 788 2022 Super
810 1954 1079 2025 populum.
1114 1957 1256 2013 Deus
1282 1962 1376 2029 qui
1414 1962 1608 2018 misisti
1646 1962 1840 2019 Filium
1872 1976 2044 2034 tuum,
2066 1975 2124 2025 et

540 2045 825 2098 ostendisti
852 2056 1113 2103 creatura:
1141 2049 1485 2119 Creatorem;
1511 2056 1718 2125 respice
1744 2059 2009 2127 propitius
2030 2076 2122 2115 su-

538 2150 635 2205 per
681 2152 780 2192 uos
829 2139 1057 2196 famulos
1121 2150 1262 2211 tuos,
1337 2153 1392 2199 et
1430 2161 1673 2216 prrepara
1727 2149 1860 2219 agiae
1918 2144 2121 2220 sophiae

538 2228 755 2300 dignam
797 2230 853 2286 in
881 2233 1134 2291 cordibus
1163 2236 1365 2292 nostris
1396 2237 1804 2295 habitationem.
1837 2240 1942 2297 Per
1970 2256 2120 2297 eum-

543 2317 686 2373 dem.

787 2454 953 2511 Missa
992 2457 1062 2511 ad
1088 2458 1456 2529 postulandum
1500 2464 1867 2521 humilitatem.

612 2584 754 2645 Deus
783 2591 875 2661 qui
906 2594 1152 2663 superbis
1176 2596 1389 2652 resistis
1416 2606 1469 2653 et
1493 2600 1723 2670 gratiam
1750 2611 1977 2672 praestas
2019 2604 2118 2659 liu-

540 2682 775 2749 milibus,
834 2698 969 2756 auge
1008 2687 1064 2741 in
1091 2687 1245 2743 nobis
1277 2704 1417 2744 verat
1464 2692 1785 2747 humilitatis
1842 2697 2114 2764 virtutem,

541 2768 693 2843 cujus
720 2775 775 2828 in
806 2789 863 2831 se
894 2775 1123 2831 formam
1158 2778 1405 2835 ﬁdelibus
1432 2784 1738 2853 unigenitus
1780 2785 1947 2841 Filius
1993 2797 2116 2844 tuus

540 2866 803 2933 exhibuit,
832 2878 889 2923 ut
916 2887 1192 2940 nunquam
1223 2873 1646 2945 indignationem
1684 2890 1829 2933 tuam
1856 2896 2118 2949 provoce-

540 2974 663 3014 mus
692 2959 839 3026 elati,
870 2963 965 3016 sed
1008 2966 1186 3033 potius
1215 2981 1429 3035 semper
1455 2970 1672 3037 pietatis
1705 2980 1808 3028 tua:
1837 2978 2115 3044 capiamus

544 3051 683 3106 dona
716 3054 961 3125 subjecti.
994 3054 1097 3111 Per
1125 3059 1391 3115 eumdem.

617 3142 849 3199 Secreta.
870 3144 995 3201 Haec
1005 3148 1222 3215 oblatio,
1241 3149 1485 3220 Domine,
1509 3170 1837 3226 quaesumus,
1867 3162 2024 3217 nobis
2037 3180 2117 3218 re-

546 3232 856 3289 missionem
894 3239 1133 3291 omnium
1151 3249 1496 3308 peccatorum
1528 3256 1584 3301 et
1610 3264 1752 3304 verae
1800 3252 2118 3309 humilitatis

542 3325 787 3382 obtineat
805 3331 1053 3399 gratiam,
1079 3332 1344 3403 simulque
1367 3352 1397 3389 a
1425 3340 1676 3396 cordibus
1703 3346 1899 3401 nostris
1920 3362 2122 3403 concu-

543 3417 868 3486 piscentiam
913 3422 1093 3476 carnis
1129 3431 1184 3477 et
1228 3426 1529 3495 oculorum,
1562 3440 1723 3503 atque
1772 3437 2122 3495 ambitionem

546 3511 727 3565 saeculi
770 3512 1005 3575 auferas,
1032 3525 1299 3584 quatenus
1326 3536 1508 3577 coram
1532 3532 1586 3579 te
1628 3528 1825 3596 sobrie,
1845 3520 1991 3599 juste
2017 3535 2125 3603 pie-

546 3615 653 3669 que
676 3604 938 3671 viventes,
966 3610 1183 3676 praemia
1212 3626 1611 3684 consequamur
1634 3628 1855 3677 aatema.
1886 3623 1989 3680 Per
2013 3625 2121 3682 Do-

554 3707 781 3748 minum.

620 3779 1010 3843 Posteommun.
1049 3789 1237 3862 Hujus,
1270 3795 1512 3865 Domine,
1552 3805 1875 3859 sacramenti
1904 3821 2126 3879 percep-

553 3871 643 3935 tio,
688 3885 1030 3942 peccatomm
1072 3890 1377 3939 nostrorum
1416 3891 1656 3947 maculas
1699 3871 1991 3965 tergat,—et
2024 3871 2123 3955 nos

551 3963 617 4017 ad
637 3966 878 4022 caelestia
914 3986 1075 4041 regna
1095 3977 1369 4042 perducat.
1403 3979 1507 4036 Per
1535 3963 1839 4042 Dominum.

835 4100 932 4171 ιι
967 4100 1100 4158 Item
1144 4109 1302 4165 missa
1330 4116 1497 4168 sancti
1520 4117 1820 4188 Augustini.

622 4226 867 4332 Domine,
891 4233 1032 4292 Deus
1061 4238 1633 4316 incomprehensibilis,
1681 4261 1901 4322 aeterne,
1932 4274 2124 4332 perpe-

557 4327 666 4423 tue,
700 4321 996 4393 benedicte,
1025 4332 1116 4397 qui
1155 4333 1335 4389 dixisti
1366 4355 1377 4389 :
1412 4337 1528 4393 Non
1561 4344 1680 4398 veni
1710 4321 1904 4405 vocare
1921 4321 2120 4423 justus,

552 4410 650 4465 sed
685 4421 996 4481 peccatores
1022 4418 1087 4471 ad
1138 4425 1543 4495 paenitentiam;
1603 4443 1657 4488 et
1704 4453 1826 4493 cum
1876 4410 2118 4511 profectu

516 4508 533 4513 .-
550 4508 739 4557 nostro
766 4518 871 4558 non
892 4521 1071 4576 egeas,
1100 4514 1299 4579 gaudes
1322 4525 1499 4574 tamen
1525 4538 1686 4594 super
1706 4546 1812 4586 uno
1836 4508 2123 4603 peccatore
2154 4561 2206 4621 ι)

550 4591 919 4621 ηωηςοιιηοςη...
963 4607 1146 4621 -..Ληη
1220 4618 1265 4621 ___
1284 4619 1291 4621 _
1345 4607 1357 4619 .

550 4591 921 4698 penitentiam
961 4607 1168 4700 agente,
1220 4607 1389 4675 magis
1414 4591 1789 4687 quam'supra
1832 4591 2123 4700 nonaginta

551 4696 743 4789 nov'em
766 4684 926 4789 iustis
957 4690 1049 4757 qui
1095 4707 1201 4748 non
1260 4696 1494 4771 indigent
1523 4684 1838 4775 pmnitentia
1867 4736 1879 4771 :
1913 4684 2037 4789 quia

548 4788 611 4873 es
644 4775 783 4832 Dens
818 4779 984 4846 solus,
1010 4792 1068 4837 et
1096 4795 1293 4852 praeter
1321 4800 1373 4845 te
1418 4810 1525 4852 non
1563 4812 1648 4857 est
1680 4807 1818 4862 alius
1846 4826 1859 4874 ;
1892 4775 2122 4881 quinm;

554 4878 635 4916 VIS
664 4875 889 4922 mortem
917 4876 1233 4941 peccatoris,
1269 4882 1361 4935 sed
1387 4895 1444 4939 ut
1490 4903 1837 4951 convertatur
1856 4875 2080 4959 et'vivat
2105 4924 2118 4963 :

552 4967 804 5012 converte
830 4975 946 5025 nos,
982 4963 1222 5034 Domine,
1275 4972 1341 5026 ad
1372 4983 1445 5041 te,
1477 4988 1532 5033 et
1556 4995 1952 5044 convertemur.
1984 4994 2124 5049 Con-

552 5059 699 5141 verte
718 5066 840 5141 nos,
868 5054 1007 5111 Deus
1034 5059 1282 5118 salutaris
1302 5077 1501 5134 noster,
1532 5084 1586 5127 et
1610 5087 1792 5133 averte
1818 5082 1951 5138 iram
1976 5093 2124 5141 tuam

554 5140 773 5239 anubis.
813 5143 891 5198 Ne
916 5149 1109 5215 perdas
1131 5167 1228 5207 nos
1269 5169 1391 5211 cum
1420 5166 1654 5227 peccatis
1680 5172 1897 5239 nostris,
1927 5191 1993 5229 ne
2016 5186 2125 5232 tra-

554 5229 651 5283 das
684 5231 874 5332 bestiis
906 5239 1113 5295 animas
1159 5247 1477 5303 conﬁtentes
1523 5253 1637 5317 tibi,
1667 5274 1735 5312 ne
1779 5229 2123 5336 derelinquas

558 5334 653 5374 nos
682 5321 734 5373 in
757 5323 936 5379 linem.
970 5328 1045 5382 Ne
1070 5332 1237 5388 intres
1259 5336 1310 5390 in
1351 5337 1615 5405 judicium
1639 5364 1759 5403 cum
1796 5358 1965 5412 servis
1993 5321 2118 5427 tluis,

555 5421 729 5517 i'i‘eque
772 5413 825 5466 in
851 5415 929 5468 ira
974 5417 1173 5477 furoris
1218 5426 1293 5479 tui
1324 5430 1607 5499 corripias.
1656 5438 1907 5499 Miserere
1944 5413 2117 5517 nobis:

551 5494 795 5567 Domine,
822 5505 1081 5564 miserere
1100 5513 1270 5569 nobis.
1300 5516 1474 5586 Opera
1504 5539 1756 5584 manuum
1802 5542 2011 5594 tuarum
2034 5494 2124 5597 su:

555 5603 699 5703 nius,
757 5609 823 5648 ne
870 5612 1170 5701 pereamus.
1205 5606 1472 5668 Memento
1518 5628 1946 5694 congregationis
1994 5643 2120 5703 tuae,

552 5685 717 5751 quam
745 5689 937 5743 creasti
963 5692 1030 5747 ab
1056 5693 1230 5752 initio.
1260 5697 1443 5775 Dirige
1478 5722 1576 5763 nos
1605 5685 1661 5765 iii
1698 5685 1784 5771 via
1804 5729 1973 5791 recta,

2215 564 2321 619 Per
2340 564 2624 618 Dominum
2646 574 2888 617 nostrum
2916 562 3099 617 Jesum
3120 562 3417 618 Christum.

2287 652 2514 708 Secreta.
2541 655 2689 708 lianc
2718 668 2930 722 quoque
2956 653 3301 716 oblationem,
3333 650 3580 717 Domine,
3602 652 3795 724 digne-

2216 744 2309 809 ris,
2338 759 2659 813 qutesumus,
2686 743 3105 798 misericorditer
3124 743 3535 809 benedicere,et
3559 743 3794 799 clemen-

2217 844 2302 890 ter
2335 836 2692 901 sanctiﬁcare,
2727 852 2889 905 quam
2932 837 3029 890 tibi
3058 852 3157 906 pro
3188 836 3507 891 remissione
3556 845 3798 905 peccato-

2217 943 2335 982 rum
2357 937 2685 993 nostrorum,
2721 928 2804 983 vel
2830 942 2929 997 pro
2951 927 3137 997 requie
3163 924 3539 983 defunctorum
3568 926 3796 980 fratrum

2217 1018 2512 1083 olferimus,
2558 1028 2617 1072 ut
2650 1028 2738 1073 tua
2799 1018 3154 1075 sanctiﬁcatio
3188 1018 3333 1073 salus
3361 1018 3432 1073 sit
3473 1027 3529 1074 et
3558 1016 3797 1075 defensio

2217 1108 2458 1161 omnium
2480 1109 2799 1162 animarum.
2834 1108 2958 1163 Per.

2290 1197 2568 1265 Prwfatio.
2619 1198 2851 1267 Dignum
2883 1207 2938 1252 et
2975 1198 3182 1268 justum
3227 1206 3327 1263 est,
3368 1214 3551 1268 usque,
3600 1204 3799 1251 aeterne

2219 1287 2377 1349 Deus,
2414 1304 2505 1342 rex
2547 1290 2827 1353 caelorum,
2860 1304 2955 1343 rex
3000 1305 3210 1359 regum,
3242 1288 3385 1343 Deus
3423 1288 3674 1351 deorum,
3698 1287 3800 1341 Do-

2220 1380 2398 1434 minus
2422 1382 2783 1446 dominorum,
2830 1380 2930 1434 tibi
2969 1382 3175 1450 gratias
3198 1394 3361 1451 agere
3398 1387 3457 1434 et
3497 1379 3673 1433 laudis
3701 1379 3800 1433 ho-

2222 1468 2351 1522 stias
2377 1470 2673 1524 immolare.
2707 1470 2913 1525 Exaudi
2954 1471 3257 1525 orationem
3279 1478 3336 1524 et
3364 1468 3801 1539 deprecationem

2223 1558 2549 1616 famulorum
2578 1561 3010 1631 famularumque
3060 1570 3299 1625 tuarum,
3346 1558 3591 1615 omnium
3616 1560 3805 1614 ortho-

2223 1656 2523 1717 doxorum;
2576 1654 2796 1706 auribus
2831 1653 3050 1723 percipe
3095 1652 3364 1722 lacrymas
3389 1665 3601 1704 eorum.
3653 1648 3802 1703 Abba

2223 1741 2403 1805 Pater,
2425 1741 2593 1819 imple
2642 1742 2873 1795 nominis
2920 1740 3256 1796 tuioflicium
3298 1753 3461 1808 super
3508 1740 3652 1793 hanc
3678 1754 3804 1792 con-

2147 1851 2197 1911 B
2227 1832 2589 1903 gregationem
2611 1840 2778 1897 tuam,
2802 1841 2965 1901 atque
2990 1847 3151 1901 super
3170 1832 3476 1886 universam
3502 1830 3804 1883 Ecclesium

2226 1929 2371 1975 tuam
2417 1922 2759 1986 catholicam,
2788 1937 2909 1990 qua:
2953 1929 3039 1977 est
3082 1936 3242 1991 super
3265 1920 3577 1975 universum
3617 1920 3805 1975 orbem

2224 2022 2491 2069 terrarum
2542 2014 2598 2067 in
2621 2029 2751 2082 pace
2780 2012 2992 2068 diffusa.
3042 2012 3122 2066 Tu
3156 2026 3252 2067 eos
3286 2026 3435 2082 rege,
3462 2010 3805 2079 omnipotens

2223 2106 2403 2173 Pater,
2435 2114 2491 2159 tu
2530 2114 2770 2177 protege,
2803 2114 2857 2159 tu
2886 2120 3168 2170 conserva,
3212 2115 3267 2160 tu
3295 2103 3598 2170 sanctiﬁca,
3627 2112 3682 2161 ω
3713 2121 3806 2174 gu-

2221 2199 2410 2263 berna,
2441 2207 2497 2253 tu
2526 2198 2753 2269 castiga,
2786 2209 2843 2253 tu
2893 2197 3197 2252 consolare.
3237 2196 3393 2252 Sicut
3432 2212 3537 2252 non
3574 2211 3639 2251 es
3666 2196 3807 2251 dedi—

2222 2298 2418 2360 gnatus
2462 2303 2814 2359 congregare,
2844 2294 2900 2343 et
2938 2303 3131 2342 vocare
3159 2303 3275 2352 eos,
3323 2288 3396 2341 ita
3448 2294 3542 2341 tuo
3596 2285 3805 2341 inﬂam-

2221 2385 2436 2431 mentur
2464 2392 2673 2441 amore,
2730 2383 2843 2430 uta
2870 2385 2920 2430 te
2948 2390 3055 2430 non
3097 2376 3463 2446 despiciantur
3500 2376 3807 2431 clementis-

2221 2470 2355 2523 sime
2376 2478 2430 2523 et
2450 2469 2693 2538 piissime
2717 2469 2898 2523 Pater.
2926 2467 3157 2525 Oramus
3197 2477 3272 2535 te,
3299 2468 3548 2533 Domine,
3578 2485 3688 2525 non
3720 2484 3809 2538 pe-

2220 2570 2338 2616 reat
2368 2578 2399 2616 a
2424 2562 2577 2616 nobis
2604 2561 2811 2616 factura
2864 2563 3251 2631 redemptionis
3276 2572 3332 2617 et
3358 2563 3659 2617 vocationis
3678 2571 3803 2625 tua;

2222 2650 2374 2705 Sicut
2400 2666 2594 2705 vocare
2641 2652 2889 2721 dignatus
2935 2667 2995 2706 es
3017 2661 3285 2717 errantes,
3312 2653 3386 2708 ita
3428 2653 3705 2708 custodire
3731 2652 3806 2705 di-

2220 2743 2401 2813 gneris
2425 2742 2479 2796 in
2506 2744 2608 2797 hoc
2631 2742 2757 2797 ovili
2776 2742 3081 2799 habitantes
3100 2751 3261 2815 atque
3283 2745 3687 2799 convenientes.
3704 2742 3808 2797 Per

2219 2831 2499 2887 Christum
2525 2832 2832 2889 Dominum.

2288 2923 2369 2975 Ad
2401 2920 2796 2993 Complendum.
2845 2922 2990 2990 Quos
3016 2923 3247 2991 caelesti,
3276 2924 3523 2991 Domine,
3550 2924 3696 2981 dono
3724 2939 3807 2979 sa-

2218 3014 2384 3078 tiasti,
2412 3024 2631 3084 praesta,
2679 3031 3011 3084 quaesumus,
3042 3024 3106 3071 ut
3135 3017 3274 3071 sicut
3301 3016 3547 3086 piissima
3594 3017 3807 3071 miseri-

2215 3106 2398 3161 cordia
2429 3117 2518 3161 tua
2545 3106 2739 3162 dedisti
2786 3108 2941 3163 nobis
2980 3108 3312 3163 voluntatem
3359 3108 3613 3163 veniendi
3639 3109 3709 3163 ad
3734 3118 3804 3173 te,

2144 3203 2192 3267 ο
2223 3196 2297 3250 ita
2329 3197 2483 3251 nobis
2535 3197 2706 3252 servis
2755 3198 2858 3253 tuis
2904 3199 3106 3254 donare
3139 3199 3378 3270 digneris
3416 3199 3699 3268 sapientiae
3728 3200 3806 3253 in-

2221 3286 2516 3351 tellectum,
2547 3288 2827 3354 virtutem,
2864 3296 2917 3344 et
2964 3289 3399 3360 possibilitatem,
3459 3297 3519 3343 ut
3574 3289 3671 3343 tibi
3726 3304 3808 3344 se-

2221 3380 2455 3434 cundum
2493 3378 2824 3436 voluntatem
2874 3390 3024 3439 tuam
3079 3382 3285 3439 servire
3325 3396 3651 3437 mereamur.
3704 3381 3808 3437 Per

2221 3468 2530 3525 Dominum.
3082 3491 3086 3497 '

2846 3562 3070 3620 CAPUT
3120 3565 3185 3622 ν.

2666 3651 2831 3708 Feria
2867 3651 2932 3719 V,
2977 3653 3053 3708 De
3077 3654 3350 3709 charitate.

2293 3745 2644 3816 Omnipotens
2686 3748 3013 3818 sempiterne
3058 3745 3222 3815 Deus,
3272 3748 3362 3817 qui
3407 3746 3811 3816 justitiamtme

2221 3836 2354 3909 legis
2378 3840 2430 3891 in
2478 3839 2731 3893 cordibus
2777 3839 3109 3893 credentium
3163 3840 3331 3910 digito
3354 3849 3447 3894 tuo
3494 3842 3715 3907 scribis,
3745 3842 3809 3896 da

2222 3926 2379 3980 nobis
2402 3925 2549 3989 ﬁdei,
2580 3927 2717 3995 spei,
2747 3935 2801 3980 et
2822 3928 3103 3982 charitatis
3148 3938 3514 3998 augmentum,
3535 3940 3591 3984 et
3618 3940 3676 3983 ut
3702 3947 3810 3985 me-

2224 4030 2440 4069 reamur
2460 4016 2674 4084 assequi
2713 4019 2855 4073 auod
2891 4018 3184 4089 promittis,
3215 4019 3300 4074 fac
3346 4036 3446 4075 nos
3473 4036 3658 4077 amare
3684 4038 3804 4080 uua:

2222 4105 2487 4173 prarcipis.
2525 4103 2647 4159 Per.

2296 4194 2436 4248 Atia.
2474 4195 2615 4250 Deus
2639 4196 2730 4264 qui
2760 4196 3104 4267 diligentibus
3130 4207 3184 4255 te
3214 4201 3347 4257 facis
3374 4212 3569 4257 cuncta
3592 4206 3813 4273 prodes-

2225 4296 2305 4349 se,
2337 4284 2402 4338 da
2424 4284 2678 4339 cordibus
2712 4286 2914 4341 nostris
2961 4288 3321 4346 inviolabilem
3369 4292 3653 4348 charitatis
3681 4293 3815 4347 alle-

2225 4382 2394 4439 ctum,
2424 4384 2481 4428 ut
2507 4376 2865 4440 desideriade
2892 4388 2980 4434 tua
3010 4381 3359 4451 inspiratione
3388 4395 3673 4455 concepta,
3700 4387 3815 4442 nul»

2225 4465 2276 4519 la
2305 4466 2511 4535 possint
2537 4468 2833 4524 tentatione
2857 4472 3071 4525 mutari.
3102 4472 3204 4527 Per
3230 4473 3534 4530 Dominum.

2300 4548 2475 4609 Lectio
2500 4555 2618 4610 libri
2646 4558 2895 4629 Epistola:
2919 4562 3053 4616 beati
3083 4561 3240 4618 Pauli
3268 4568 3490 4637 apostoli
3520 4570 3590 4623 ad
3614 4568 3814 4625 Corin—

2228 4646 2381 4698 thios.
2414 4646 2653 4714 Fratres,
2703 4651 2939 4707 charitas
2976 4654 3190 4723 patiens
3239 4667 3345 4724 est,
3402 4659 3632 4733 benigna
3682 4675 3812 4731 est;

2226 4736 2466 4791 charitas
2491 4753 2597 4791 non
2630 4740 2933 4795 aemulatur.

2296 4823 2573 4895 Ser/tientia
2620 4831 2788 4881 sancti
2838 4830 3107 4904 Evangelii
3155 4839 3437 4894 secundum
3470 4841 3814 4900 Hatthamm.

2223 4914 2281 4969 ln
2311 4914 2400 4968 illo
2431 4923 2691 4985 tempore,
2719 4918 2858 4973 dixit
2882 4920 3038 4978 Iesus
3092 4924 3370 4997 discipulis
3419 4933 3533 4987 suis
3560 4952 3574 4987 :
3604 4935 3814 5001 Filioli,

2231 5005 2404 5060 adhuc
2436 5009 2704 5063 modicum
2733 5012 3006 5068 vobiscum
3036 5031 3180 5083 sum,
3217 5022 3457 5087 quaeritis
3483 5039 3591 5081 me.

2302 5095 2531 5151 Secreta.
2567 5099 2737 5165 Mitte,
2770 5101 3014 5170 Domine,
3044 5123 3375 5179 quaesumus,
3400 5113 3660 5186 Spiritum
3687 5136 3821 5175 san-

2229 5194 2395 5247 ctum,
2427 5190 2517 5256 qui
2566 5198 2621 5244 et
2669 5191 2784 5247 haec
2835 5210 3057 5250 munera
3107 5203 3395 5267 praesentia
3438 5215 3626 5262 nostra
3657 5217 3820 5264 tuum

2229 5275 2382 5329 nobis
2405 5276 2605 5333 efﬁciat
2629 5293 3051 5352 sacramentum,
3082 5297 3139 5342 et
3157 5290 3225 5345 ad
3254 5292 3358 5349 hoc
3376 5297 3819 5366 percipiendum,

2229 5376 2415 5422 nostra
2459 5372 2621 5425 corda
2666 5374 2932 5443 puriﬁcet.
2979 5377 3099 5434 Per.
3136 5419 3152 5435 .
3187 5422 3201 5437 .
3226 5385 3286 5439 in
3316 5388 3522 5442 unitate
3563 5391 3821 5461 ejusdem

2226 5457 2461 5529 Spiritus
2487 5464 2683 5519 sancti.

2294 5554 2435 5611 Deus
2464 5559 2669 5625 quinos
2689 5560 2756 5614 ad
2782 5562 3070 5635 imaginem
3097 5576 3243 5624 tuam
3266 5580 3623 5634 sacramentis
3650 5596 3826 5638 reno-

2224 5658 2319 5698 vas
2355 5656 2408 5700 et
2436 5650 2735 5717 prmceptis,
2765 5654 2961 5733 perﬁce
3009 5674 3227 5729 gressus
3257 5673 3471 5720 nostros
3497 5668 3549 5721 in
3598 5673 3829 5729 semitis

2224 5737 2349 5802 tuis,
2393 5746 2446 5792 et
2473 5741 2756 5798 charitatis
2801 5745 3016 5815 donum,
3051 5752 3193 5821 quod
3235 5752 3411 5810 fecisti
3448 5772 3481 5810 α
3507 5759 3665 5814 nobis
3690 5776 3831 5833 spe-
