4038 6336
230 271 341 329 455
1168 266 1557 328 LITURGICA.
1596 258 1668 312 4—
1704 268 1904 327 LIBER
1944 272 2574 337 SACRAMENTORUM.
3382 271 3484 361 tat

234 397 368 446 rari,
394 393 492 451 per
517 376 635 434 hrcc
660 386 778 448 quae
820 376 1113 444 offerimus,
1143 379 1309 436 facias
1338 381 1601 437 sacriﬁcia
1627 396 1816 453 appre-
1842 387 1893 446 Α
1990 384 2267 455 ΡνωῙαιίο.
2324 391 2550 461 Dignum
2579 400 2632 446 et
2667 392 2870 463 justum
2918 401 3021 459 est,
3051 411 3233 465 usque,
3283 405 3487 454 aeterne

234 473 418 529 bendi.
449 470 554 524 Per
574 469 861 525 Dominum
891 480 1151 526 nostrum.

1918 479 2079 533 Deus.
2111 480 2460 550 lmplorantes
2514 482 2851 538 clementiam
2904 493 3072 550 tuam,
3104 494 3161 539 ut
3190 501 3280 555 qui
3309 496 3362 541 te
3386 503 3487 541 au-

306 562 587 645 Prwfatio.
646 562 877 634 Dignum
911 571 967 618 et
1008 564 1213 632 justum
1248 574 1352 629 est,
1384 582 1563 636 usque,
1617 572 1818 620 aeterne
1914 582 2068 629 ctore
2117 572 2479 639 subsistimus,
2523 585 2574 630 te
2628 576 2971 645 dispensante
3021 577 3336 648 dirigamur.
3368 577 3489 634 Non

234 654 397 709 Dens.
434 638 549 719 Qui
578 652 766 708 ﬁdeles
785 661 907 708 tuos
927 664 1110 709 mutua
1139 654 1343 710 faciens
1366 656 1481 726 lege
1500 657 1816 722 concordes,

234 755 421 809 pacem
467 748 616 793 tuam
671 737 878 809 [Forte,
921 755 1019 808 per
1069 755 1258 809 pacem
1288 743 1457 814 tuam]
1491 744 1583 796 tali
1618 741 1820 797 findere

233 830 495 894 nexuisti,
525 838 588 883 ut
618 843 719 884 nec
748 830 905 884 alteri
954 832 1054 899 ια
1097 833 1381 901 quisquam
1432 833 1713 887 moliretur
1740 834 1821 887 in-

231 922 443 993 ﬂigere,
495 922 625 991 quid
673 923 776 979 sibi
829 923 996 978 nollet
1041 924 1249 991 inferri,
1302 936 1357 982 et
1380 929 1520 982 bona
1560 944 1679 998 qure
1709 928 1821 982 suis

233 1014 557 1069 utilitatibus
582 1022 803 1084 cuperet
827 1031 857 1068 a
888 1024 1139 1071 consorte
1160 1026 1377 1084 natura,
1398 1021 1513 1072 haec
1543 1018 1684 1073 idem
1707 1019 1821 1086 ipse

233 1121 452 1178 quoque
497 1115 825 1175 praestaret;
867 1117 1136 1175 quatenus
1185 1108 1310 1162 dum
1356 1123 1455 1177 per
1503 1109 1819 1162 alterutram

232 1199 496 1269 pietatem
527 1212 586 1252 se
614 1197 891 1266 reperiunt
923 1196 1125 1267 [λίποι-ιε,
1161 1198 1490 1270 deperiunt],
1521 1198 1820 1254 communis

235 1286 543 1357 in-singulis
568 1285 729 1339 fuerit
780 1285 965 1358 [foret]
1001 1289 1345 1356 semetipsam
1375 1289 1621 1359 diligens,
1651 1298 1822 1344 esset-

237 1394 342 1449 que
370 1394 526 1433 mens
546 1394 649 1433 una
671 1387 1012 1433 cunctorum.
1036 1379 1142 1433 Per
1170 1379 1464 1435 Christum.

304 1468 698 1523 Postcommun.
733 1468 992 1539 Spiritum
1022 1471 1198 1537 nobis,
1230 1470 1479 1535 Domine,
1508 1477 1613 1524 tua:
1644 1470 1821 1525 chari-

231 1561 364 1615 tatis
394 1558 650 1623 infunde;
682 1568 741 1613 ut
771 1574 905 1628 quos
926 1576 1033 1614 uno
1071 1561 1277 1616 caelesti
1298 1576 1435 1631 pane
1462 1561 1690 1625 satiasti,
1714 1576 1820 1615 una

236 1650 378 1723 [tua]
439 1648 607 1705 facias
650 1650 851 1720 pietate
907 1651 1225 1706 concordes.
1265 1649 1370 1705 Per
1404 1651 1709 1707 Dominum.
1748 1691 1763 1705 .
1801 1692 1814 1705 .

232 1743 498 1813 ejusdem.

306 1837 492 1893 Sancti
523 1836 758 1906 Spiritus
783 1838 979 1907 gratia,
1023 1852 1352 1907 quiesumus,
1378 1835 1625 1904 Domine,
1657 1838 1821 1893 corda

233 1942 421 1985 nostra
466 1929 751 1995 illuminet,
801 1938 854 1984 et
904 1931 1156 2000 perfectas
1213 1930 1494 1985 charitatis
1542 1929 1825 1985 dulcedine

233 2024 573 2078 abundanter
627 2023 855 2078 reﬁciat.
912 2022 1017 2077 Per
1066 2023 1375 2078 Dominum.
1410 2062 1425 2079 .
1461 2062 1475 2076 .
1510 2021 1566 2078 in
1612 2023 1823 2078 unitate

233 2118 478 2189 ejusdem
506 2116 743 2186 Spiritus
771 2117 991 2170 sancti;-

305 2209 470 2271 Deus,
504 2207 614 2260 vita
652 2205 908 2270 ﬁdelium,
967 2205 1136 2276 gloria
1180 2205 1488 2271 humilium,
1544 2205 1824 2262 beatitudo

229 2302 527 2373 iustorum,
557 2299 821 2370 propitius
842 2301 1024 2369 accipe
1051 2300 1346 2369 supplicum
1374 2315 1583 2370 preces,
1617 2306 1675 2353 ιιι
1708 2299 1825 2353 ani-

231 2411 358 2459 mze,
390 2410 511 2464 qum
538 2393 926 2464 promissiones
976 2400 1093 2446 tuas
1123 2393 1330 2457 sitiunt,
1381 2394 1447 2447 de
1478 2400 1582 2447 tute
1609 2406 1824 2462 semper

232 2485 521 2543 charitatis
551 2484 877 2538 abundantia
900 2484 1231 2554 repleantur.
1260 2482 1363 2537 Per
1384 2483 1688 2539 Dominum.

483 2597 617 2652 Item
651 2596 759 2652 alia
784 2606 964 2651 contra
995 2598 1303 2651 tentationes
1329 2597 1531 2651 carnis.

306 2691 419 2748 Ure
444 2690 568 2761 igne
596 2689 770 2744 sancti
822 2688 1055 2758 Spiritus
1094 2703 1253 2742 renes
1297 2696 1510 2742 nostros
1532 2695 1587 2743 et
1612 2703 1707 2742 cor
1729 2702 1825 2742 ao-

232 2800 435 2855 strum,
484 2786 733 2852 Domine,
759 2798 819 2839 ut
848 2784 941 2839 tibi
972 2792 1121 2839 caste
1147 2792 1202 2837 et
1224 2798 1450 2851 corpore
1504 2783 1823 2848 serviamus,

229 2890 289 2937 et
318 2881 487 2935 corde
517 2874 755 2948 [Suppl.,
785 2881 841 2927 et
884 2874 1083 2928 mundo
1120 2872 1304 2944 corde]
1344 2872 1669 2943 placeamus.
1700 2871 1823 2926 Per.

308 2970 549 3027 Secreta.
588 2967 889 3035 Disrumpe,
940 2966 1188 3032 Domine,
1241 2965 1455 3019 vincula
1485 2974 1826 3034 peccatorum

230 3069 571 3159 nostrorum,
602 3067 660 3112 ut
689 3056 996 3159 sacriﬁcare
1037 3058 1140 3159 tibi.
1176 3058 1410 3113 hostiam
1460 3057 1635 3159 laudis
1665 3058 1823 3159 abso-
1851 3095 1897 3159 Ο
1930 3060 2258 3149 resurgeret,
2290 3088 2344 3134 ει
2367 3081 2456 3150 qui
2481 3081 2532 3134 in
2561 3081 2706 3153 ligno
2732 3084 3003 3151 vincebat,

227 3151 351 3208 luta
380 3151 627 3205 libertate
654 3150 922 3218 possimus
946 3166 960 3215 ;
994 3148 1231 3203 retribue
1254 3164 1373 3217 qum
1396 3157 1520 3203 ante
1542 3148 1778 3202 tribuisti
1803 3165 1819 3214 ;

232 3252 290 3297 et
318 3241 467 3297 salva
494 3255 592 3296 nos
621 3255 719 3311 per
748 3238 1158 3310 indulgentiam,
1187 3254 1324 3309 quos
1351 3239 1601 3309 dignatus
1630 3253 1690 3292 es
1719 3237 1827 3291 sal-

229 3349 371 3389 vare
394 3348 491 3403 per
519 3332 765 3404 gratiam.
791 3330 895 3385 Per
918 3330 1225 3385 Dominum.

307 3426 395 3482 Ad
442 3423 839 3495 Complendum.
893 3422 1139 3485 Domine,
1200 3421 1415 3491 adiutor
1451 3427 1506 3474 et
1551 3428 1829 3489 protector

232 3529 451 3581 noster,
473 3532 807 3587 quaesumus,
824 3513 1075 3569 reﬁoreat
1096 3529 1223 3569 caro
1248 3521 1431 3568 nostra
1462 3513 1645 3584 vigore
1672 3514 1829 3583 pudi-

234 3614 404 3677 citim,
437 3619 493 3667 et
515 3608 883 3666 sanctimoniae
907 3607 1165 3673 novitate,
1196 3615 1545 3676 ereptamque
1568 3606 1635 3660 de
1664 3622 1828 3661 manu

232 3705 457 3769 tartari,
491 3704 544 3757 in
575 3701 987 3757 resurrectionis
1016 3700 1210 3772 gaudio
1256 3698 1449 3769 jubeas
1486 3699 1826 3770 prtesentari.

232 3798 347 3854 Per
388 3796 691 3856 Dominum,

590 3905 726 3960 Itent
755 3905 915 3959 missa
944 3905 1112 3959 sancti
1138 3904 1437 3973 Augustini.

312 3996 565 4061 Domine,
614 3995 759 4050 Deus
804 3996 1163 4064 omnipotens,
1216 3994 1307 4063 qui
1338 3994 1516 4049 salvos
1542 3992 1679 4049 facis
1707 4008 1831 4063 spea

229 4100 430 4148 rantes
453 4090 511 4144 in
533 4097 584 4143 te
608 4104 624 4151 ;
674 4094 731 4141 tu
752 4085 1193 4151 clementissime,
1250 4086 1342 4154 qui
1372 4099 1593 4140 revocas
1641 4100 1834 4139 erran-

231 4195 367 4249 tes;
403 4191 463 4237 tu
495 4178 823 4245 miseriwrs,
858 4180 949 4248 qui
977 4194 1084 4233 non
1113 4180 1347 4247 despicis
1365 4180 1721 4242 conﬁtentes;
1754 4185 1831 4242 tu,

228 4274 476 4332 Domine
506 4270 681 4333 Pater,
715 4284 838 4324 cum
879 4269 1135 4325 ceciderit
1176 4267 1378 4336 justus,
1426 4284 1645 4323 manum
1666 4283 1834 4337 appo-

226 4366 371 4430 nis;
423 4372 483 4416 tu
503 4360 749 4415 excelsus
769 4360 823 4414 in
850 4359 1021 4423 caelis,
1052 4360 1413 4414 habitatorem
1456 4368 1509 4413 te
1540 4357 1835 4428 promisisti

1918 664 2119 718 nostris
2162 664 2408 719 sensibus
2451 667 2837 736 relinquamur,
2884 668 2977 722 sed
3023 669 3087 723 ad
3116 677 3219 723 tuae
3274 668 3490 727 adducti

1918 768 2134 822 semper
2158 744 2439 809 tramitem'
2454 757 2717 822 veritatis,
2743 758 2858 813 haec
2884 760 3195 814 Studeamus
3213 774 3487 826 exercere,

1919 859 2038 913 qua:
2065 845 2329 915 prtecipis,
2354 855 2413 900 ut
2438 848 2707 916 possimus
2728 848 2868 903 dona
2896 851 3195 921 percipere,
3222 866 3343 921 qua:
3372 867 3492 922 pro-

1920 938 2109 991 mittis.
2143 939 2246 993 Per
2263 938 2554 994 Christum.

1991 1025 2381 1084 Postcommun.
2432 1030 2669 1097 Gratias,
2720 1032 2841 1097 tibi,
2900 1033 3144 1100 Domine,
3194 1034 3493 1092 referentes

1919 1135 2156 1183 oramus,
2186 1130 2246 1176 ut
2268 1123 2491 1178 mundes
2518 1124 2783 1193 propitius
2811 1138 2906 1179 cor
2924 1135 3168 1180 nostrum
3190 1141 3221 1181 a
3248 1127 3417 1194 vitiis,
3439 1132 3499 1183 et

1922 1210 2132 1281 repleas
2154 1213 2357 1283 jugitcr
2384 1206 2715 1283 spiritalibus
2751 1216 2927 1271 donis.
2950 1216 3054 1271 Per
3079 1215 3387 1273 Dominum.

2519 1327 2747 1407 CAPUT
2774 1328 2861 1385 γι.

2175 1413 2339 1470 Feria
2376 1416 2465 1485 VI,
2496 1422 2655 1474 missa
2681 1420 2744 1475 de
2773 1430 2955 1476 sancta
2985 1419 3172 1477 Cruce.

1990 1520 2153 1591 Deus,
2184 1541 2273 1596 qui
2303 1528 2565 1597 unigeniti
2594 1530 2712 1585 Filii
2767 1532 2841 1585 tui
2867 1533 3103 1601 pretioso
3132 1532 3393 1603 sanguine
3420 1532 3499 1590 vi-

1922 1612 2094 1667 viﬁca:
2123 1616 2300 1669 crucis
2326 1618 2577 1672 vexillum
2616 1620 2943 1676 sanctiﬁcari
2977 1622 3212 1687 voluisti,
3240 1625 3497 1692 concede,

1850 1743 1901 1804 Β
1926 1717 2251 1773 quaesumus,
2280 1723 2371 1762 eos
2400 1711 2490 1777 qui
2538 1708 2775 1778 ejusdem
2818 1720 3016 1768 sanctze
3044 1716 3221 1769 crucis
3264 1715 3501 1785 gaudent

1927 1795 2150 1863 honore,
2200 1807 2291 1853 tua
2346 1816 2561 1871 quoque
2608 1801 2805 1874 ubique
2856 1807 3191 1875 protectione
3244 1808 3499 1879 gaudere.

1926 1886 2049 1942 Per.

1999 1979 2172 2034 Lectio
2211 1981 2459 2052 Epistolm
2490 1984 2625 2040 beati
2647 1984 2806 2041 Pauli
2836 1989 3058 2060 apostoli
3101 1991 3170 2044 ad
3198 1988 3500 2062 Philippen-

1924 2085 2024 2123 ses.
2058 2071 2296 2138 Fratres,
2324 2073 2567 2131 Christus
2595 2078 2766 2136 factus
2807 2087 2889 2135 est
2937 2096 3037 2151 pro
3064 2082 3219 2139 nobis
3245 2084 3503 2141 obediens

1926 2160 2071 2215 Patri
2095 2177 2262 2232 usque
2298 2168 2363 2219 ad
2392 2176 2640 2223 mortem.

1999 2253 2277 2325 Sequentia
2323 2262 2490 2314 sancti
2530 2261 2801 2333 Evangelii
2856 2267 3139 2322 secundum
3170 2265 3501 2325 Matt/laeum.

1924 2342 1982 2397 In
2036 2345 2125 2398 illo
2176 2356 2458 2420 tempore,
2515 2355 2809 2410 ascendens
2856 2353 2983 2412 Jesu
3039 2357 3503 2431 Hierosolymam,

1927 2439 2237 2506 assumpsit.

1998 2528 2228 2585 Secreta.
2280 2532 2406 2588 Ilzec
2451 2535 2675 2603 oblatio,
2716 2536 2963 2605 Domine,
3018 2542 3085 2596 ab
3125 2542 3376 2597 omnibus
3406 2557 3505 2599 nos

1924 2630 2117 2691 purget
2142 2622 2379 2687 offensis,
2412 2642 2530 2694 qua}
2556 2629 2609 2681 in
2630 2645 2725 2683 ara
2749 2631 2929 2686 crucis
2948 2632 3111 2687 etiam
3133 2634 3298 2689 totius
3320 2630 3508 2688 mundi

1929 2711 2048 2763 tulit
2075 2712 2325 2768 offensas.
2358 2715 2463 2769 Per
2490 2716 2773 2773 Dominum
2800 2730 3067 2776 nostrum.

2003 2804 2103 2874 13
2162 2802 2435 2874 Prtefatio.
2502 2808 2730 2878 Dignum
2789 2820 2844 2867 et
2902 2812 3109 2880 justum
3161 2824 3265 2881 est,
3325 2830 3504 2886 usque,

1928 2902 2127 2949 aeterne
2171 2895 2332 2951 Deus.
2370 2898 2469 2966 Qui
2499 2900 2725 2955 salutem
2770 2904 2989 2957 humani
3031 2905 3246 2975 generis
3280 2906 3335 2959 in
3364 2905 3510 2976 ligno

1929 2988 2479 3072 crucisconstituisti,
2508 2999 2565 3043 ut
2597 2994 2736 3047 unde
2758 3009 2904 3047 mors
2929 2995 3225 3061 oriebatur,
3254 2994 3375 3050 inde
3398 2997 3512 3051 vita

3027 3087 3082 3140 in
3116 3086 3264 3157 ligno
3291 3100 3513 3158 quoque

1929 3173 2255 3225 vinceretur.
2288 3170 2393 3226 Per
2415 3172 2708 3230 Christum.
3328 3204 3331 3205 ν

2002 3262 2084 3315 Ad
2116 3262 2391 3316 Commun.
2440 3264 2641 3321 Adesto
2680 3267 2856 3332 nobis,
2888 3267 3115 3323 Domine
3140 3268 3281 3324 Deus
3304 3276 3510 3335 noster,

1929 3362 1984 3409 et
2007 3370 2141 3424 quos
2195 3365 2394 3410 sancta:
2448 3358 2826 3413 crucislzetari
2884 3360 3088 3415 honore
3136 3359 3335 3427 fecisti,
3393 3359 3516 3431 ejus

1930 3461 2144 3515 quoque
2168 3448 2442 3517 perpetuis
2468 3448 2693 3505 defende
2723 3450 2998 3506 subsidiis.
3030 3451 3153 3508 Per.

1931 3533 2065 3589 Item
2092 3538 2251 3591 missa
2277 3538 2341 3591 de
2369 3539 2704 3595 tribulatione
2746 3552 2794 3595 et
2825 3544 3149 3607 necessitate,
3195 3543 3372 3597 eodem
3406 3541 3519 3599 dic.-

2001 3625 2355 3698 Omnipmens
2402 3631 2727 3699 sempiterne
2775 3631 2937 3696 Deus,
2988 3632 3194 3700 respice
3250 3633 3518 3702 propitius

1930 3734 2122 3790 preces
2141 3728 2374 3783 nostras,
2399 3729 2452 3773 et
2472 3720 2537 3774 da
2559 3722 2721 3790 capiti
2744 3731 2932 3776 nostro
2952 3723 3342 3777 abundantiam
3360 3738 3516 3792 aquae

1932 3818 1987 3864 et
2014 3809 2185 3863 oculis
2211 3810 2411 3863 nostris
2449 3808 2651 3864 fontem
2678 3810 3058 3881 lacrymarum,
3088 3821 3147 3865 ut
3165 3812 3374 3880 peccati
3397 3827 3511 3867 ma-

1932 3902 2051 3958 cula
2093 3903 2282 3969 abluti,
2317 3902 2538 3958 ultrices
2567 3918 2850 3972 pmnarum
2892 3901 3139 3957 flammas
3167 3902 3325 3959 fletus
3352 3905 3515 3959 uber-

1932 4002 2046 4049 tate
2075 3994 2375 4049 vincamus.
2403 3994 2508 4047 Per
2549 3992 2833 4047 Dominum
2862 4001 3127 4048 nostrum.

2007 4084 2235 4139 Secreta.
2284 4084 2389 4139 Per
2417 4086 2514 4139 has
2547 4084 2866 4148 oblationes,
2899 4098 3228 4153 quaesumus,
3261 4082 3513 4149 Domine,

1935 4186 1994 4232 ut
2021 4194 2124 4231 non
2155 4184 2364 4229 tantum
2390 4174 2563 4229 oculis
2588 4173 2788 4228 nostris
2814 4174 3081 4244 lacrymas
3114 4172 3385 4238 infundas,
3411 4173 3507 4228 sed

1938 4274 1993 4321 et
2044 4266 2194 4320 cordi
2250 4273 2435 4319 nostro
2496 4266 2724 4319 nimium
2771 4273 3115 4335 peccatorum
3170 4265 3371 4320 luctum
3426 4264 3523 4319 tri-

1938 4357 2094 4411 buas.
2134 4357 2252 4410 Per.

227 4457 294 4511 in
328 4454 517 4517 terris,
546 4451 639 4505 ubi
689 4450 890 4505 fuerint
918 4450 1225 4520 congregati
1280 4450 1334 4503 in
1366 4459 1458 4504 tuo
1494 4451 1708 4503 nomine
1732 4450 1837 4502 duo
1865 4457 1916 4518 ι)
2012 4454 2285 4522 Ρνωιαιὶο.
2334 4452 2562 4522 Dignum
2594 4460 2645 4505 et
2674 4450 2880 4519 justum
2931 4459 3035 4514 est,
3069 4466 3229 4520 usque
3259 4460 3278 4501 :
3318 4456 3521 4505 aeterne

227 4545 327 4600 vel
373 4552 508 4605 tres,
538 4556 658 4596 esse
680 4540 734 4593 in
766 4539 943 4595 medio
968 4553 1175 4604 eorum,
1205 4550 1276 4602 te,
1308 4539 1550 4604 Domine,
1590 4547 1835 4593 tenemus

229 4632 661 4705 promissorem,
690 4636 750 4683 ut
777 4629 873 4683 des
918 4628 1131 4682 veniam
1169 4629 1574 4698 paenitentibus,
1606 4637 1656 4682 te
1686 4628 1835 4681 iuve-

230 4725 409 4778 niant
436 4734 627 4774 omnes
665 4718 755 4788 qui
803 4726 1053 4787 quaerunt
1082 4725 1154 4772 te.
1197 4718 1272 4771 Te
1301 4719 1445 4772 enim
1470 4726 1835 4787 perscrutato-

230 4829 366 4869 rem
401 4808 858 4865 conscientiarum
904 4815 1212 4863 nostrarum
1237 4807 1459 4873 scimus,
1480 4807 1602 4862 ideo
1628 4808 1840 4862 veniam

225 4906 493 4977 petimus
538 4900 877 4956 delictorum.
929 4898 1008 4954 Tu
1039 4914 1262 4969 magnus
1286 4900 1545 4954 Dominus
1571 4909 1625 4953 et
1653 4900 1837 4954 lauda~

228 4997 377 5052 bilis
412 4994 587 5048 valde.
619 4992 693 5047 Te
720 4993 1099 5062 deprecamur,
1140 5000 1192 5046 et
1226 4993 1476 5061 petimus,
1507 5002 1566 5046 ut
1589 4993 1663 5047 sis
1688 4993 1844 5046 nobis

226 5084 544 5161 propitius.
570 5083 689 5137 Tibi
714 5082 1035 5137 confitemur
1057 5081 1197 5136 mala
1219 5090 1430 5147 nostra,
1457 5090 1515 5137 ut
1538 5096 1844 5137 mereamur

229 5178 520 5248 consequi
540 5177 681 5231 bona
711 5184 821 5228 tua.
850 5173 974 5230 Per.

313 5272 566 5329 Secreta.
628 5270 781 5325 Unde
832 5285 951 5335 nos,
994 5270 1243 5335 Domine,
1284 5271 1350 5325 de
1378 5278 1467 5325 tua
1498 5271 1701 5341 pietate
1720 5286 1849 5327 con-

225 5367 335 5426 ﬁsi
370 5373 433 5419 et
462 5373 551 5418 tua
582 5360 740 5417 laude
769 5362 967 5427 devoti,
997 5364 1135 5417 hanc
1161 5362 1397 5417 hostiam
1448 5364 1849 5418 immaculatam

219 5458 554 5529 singularis
581 5456 831 5512 sacriﬁcii
864 5457 959 5511 tibi
989 5455 1301 5521 deferimus,
1332 5464 1391 5510 ut
1418 5457 1590 5511 servis
1619 5457 1724 5511 tuis
1752 5471 1849 5510 no-

218 5556 335 5612 bis
368 5551 697 5616 viventibus,
722 5557 1069 5620 peccatorum
1123 5556 1433 5604 nostrorum
1488 5550 1699 5604 veniam
1725 5564 1853 5604 con-

216 5647 448 5708 cedas,
478 5651 535 5697 et
562 5641 832 5698 defunctis
858 5642 1114 5698 fratribus
1152 5641 1355 5696 nostris
1390 5641 1631 5710 requiem
1652 5641 1852 5711 sempi-

223 5748 480 5802 ternam
507 5735 735 5791 tribuas.
764 5735 870 5791 Per
894 5734 1180 5791 Dominum
1200 5743 1468 5790 nostrum.

1938 4544 2100 4599 Deus.
2147 4543 2437 4596 Audientes
2486 4542 2651 4595 divini
2691 4541 2955 4596 sermonis
3012 4556 3202 4595 sonum
3244 4540 3519 4597 dicentis;

1937 4635 2088 4691 Beati
2123 4634 2214 4703 qui
2243 4634 2428 4704 lugent
2463 4650 2626 4699 nunc,
2659 4634 2911 4702 quoniam
2949 4632 3048 4702 ipsi
3076 4631 3520 4695 consolabuntur,

1940 4729 2168 4782 multum
2198 4738 2383 4781 nostra
2412 4724 2540 4781 ﬁere
2583 4733 2805 4794 peccata
2843 4724 3254 4788 desideramus;
3293 4723 3387 4778 sed
3415 4737 3523 4776 non

1940 4827 2167 4890 possunt
2192 4819 2333 4873 oculi
2382 4818 2554 4871 nostri
2584 4817 2797 4885 lapidei,
2828 4823 2882 4869 et
2907 4823 3128 4883 propter
3157 4814 3336 4869 cordis
3372 4811 3523 4868 duri-

1944 4914 2073 4967 tiam
2133 4911 2433 4981 laerymare
2459 4924 2562 4961 non
2593 4908 2850 4961 valemus.
2880 4905 3003 4961 ldeo
3032 4921 3283 4977 rogamus
3317 4913 3388 4972 te,
3420 4904 3526 4959 Do-

1944 5003 2109 5067 mine,
2139 5008 2200 5054 ut
2234 5000 2439 5053 fontem
2483 4998 2695 5053 duritia:
2749 4996 2930 5051 cordis
2959 4996 3130 5051 nostri
3158 4996 3393 5066 primum
3431 5007 3527 5062 per

1945 5102 2184 5148 nostram
2232 5091 2605 5160 paenitentiam
2659 5088 2919 5153 emollias,
2954 5096 3008 5142 et
3050 5086 3390 5158 postmodum
3430 5098 3528 5152 per

1946 5184 2145 5240 donum
2169 5183 2355 5251 gratiae
2376 5190 2478 5235 tua:
2504 5181 2704 5235 nostris
2732 5179 2954 5234 ﬂumina
2978 5179 3340 5249 lacrymarum
3360 5174 3527 5229 oculis

1948 5274 2170 5344 largiter
2196 5272 2466 5327 infundas.
2496 5272 2599 5327 Per
2617 5271 2890 5328 Christum
2917 5272 3224 5327 Dominum.

2022 5364 2413 5418 Postcommun.
2430 5363 2667 5432 Corpore
2693 5370 2749 5417 et
2776 5363 3036 5433 sanguine
3059 5369 3172 5425 tuo,
3200 5368 3527 5429 quwsumus,

1949 5457 2195 5521 Domine,
2218 5456 2419 5521 satiati,
2452 5462 2510 5508 ut
2546 5470 2645 5525 pro
2674 5454 2873 5509 nostris
2921 5464 3133 5521 semper
3159 5447 3399 5520 peccatis
3434 5461 3529 5502 no-

1950 5553 2035 5609 bis
2091 5551 2559 5622 compunctionem
2620 5549 2801 5603 cordis
2856 5555 2910 5603 et
2948 5546 3151 5599 luctum
3205 5540 3533 5613 fluminaque

1954 5646 2316 5717 lacrymarum
2347 5643 2613 5713 largiaris,
2656 5651 2922 5711 quatenus
2950 5636 3224 5694 caelestem
3268 5635 3325 5691 in
3351 5632 3535 5694 futuro

1956 5737 2375 5794 consolationem
2404 5749 2730 5791 mereamur.
2769 5732 2891 5792 Per.

3980 192 4001 231 Η

3986 416 4001 543 .i

3990 680 4011 745 μ

3990 752 4011 815 ἑ.

3992 934 4001 1057 ἰ
