4038 6336
475 396 588 461 135

911 509 1077 569 Missa
1111 508 1277 564 sancti
1306 506 1608 578 Augustini.

553 635 900 706 Omnipotens
919 627 1243 699 sempiterne
1265 626 1431 693 Deus,
1464 625 1674 695 respice
1696 621 1967 694 propitius
1993 619 2062 674 ad

480 743 672 799 preces
693 720 944 779 Ecclesia:
966 727 1108 784 tute;
1144 717 1212 772 da
1240 716 1397 772 nobis
1423 714 1584 799 ﬁdem
1628 721 1854 777 rectam,
1884 708 2062 765 chari-

484 798 647 876 tatem
679 814 995 887 perfectam,
1025 808 1384 865 humilitatem
1430 798 1637 863 veram.
1665 802 1931 868 Concede,
1963 801 2067 856 Do-

482 912 645 976 mine,
677 918 731 962 ut
764 907 833 961 sit
870 905 924 958 in
946 902 1101 959 nobis
1136 901 1366 971 simplex
1396 897 1640 963 affectus,
1668 894 1929 975 patientia
1958 892 2068 948 for-

485 1003 574 1065 tis,
624 994 927 1053 obedientia
981 1007 1361 1063 perseverans,
1423 1006 1529 1062 pax
1575 997 1857 1058 perpetua,
1916 999 2069 1039 mens

482 1108 640 1163 pura,
683 1098 892 1145 rectum
921 1094 975 1142 et
1015 1086 1273 1145 mundum
1301 1099 1414 1150 cor,
1452 1082 1702 1137 voluntas
1750 1082 1913 1145 bona,
1945 1092 2072 1131 con-

482 1184 708 1239 scientia
740 1189 949 1245 sancta,
981 1175 1325 1247 compunctio
1346 1172 1627 1245 spiritalis,
1660 1171 1831 1226 virtus
1854 1169 2069 1236 animae,

484 1276 597 1329 vita
626 1270 992 1333 immaculata,
1024 1266 1422 1323 consummatio
1474 1260 1983 1333 irreprehensibilis,
2013 1267 2076 1313 ut

484 1365 713 1421 viriliter
762 1370 1065 1425 currentes,
1096 1358 1151 1413 in
1181 1365 1333 1413 tuum
1360 1355 1595 1413 feliciter
1645 1367 1953 1410 mereamur
1986 1351 2066 1406 in-

487 1459 655 1514 troire
687 1469 934 1527 regnum.
977 1452 1101 1508 Per.

565 1550 801 1605 Secreta.
836 1547 1045 1603 Oblatis
1070 1545 1193 1611 tibi,
1221 1543 1468 1608 Domine,
1500 1540 1847 1599 libaminibus
1874 1535 2078 1595 sacriﬁ-

491 1638 720 1705 ciorum,
752 1639 960 1709 respice
988 1635 1311 1692 humilitatis
1348 1641 1551 1690 nostrae
1576 1631 1992 1697 confessionem,
2017 1637 2079 1684 ut

489 1729 607 1785 haec
630 1729 813 1785 oblata
849 1725 1171 1790 sanctiﬁces,
1196 1740 1316 1795 quae
1346 1725 1445 1779 tibi
1472 1722 1748 1779 offerimus
1769 1736 1869 1793 pro
1896 1719 2081 1775 remis-

440 1838 446 1847 '
496 1822 647 1877 sione
676 1828 1021 1891 peccatorum
1048 1823 1382 1882 nostrorum,
1432 1814 1515 1870 vel
1543 1812 1919 1869 defunctorum
1967 1810 2078 1865 fra-

488 1923 638 1970 trum
668 1914 877 1983 requie,
907 1920 961 1967 et
989 1920 1048 1966 ut
1080 1909 1407 1967 sumentium
1455 1908 1760 1963 ariditatem
1791 1915 1897 1961 tuae
1916 1905 2081 1960 bene-

490 2002 742 2060 dictionis
769 2004 991 2057 ubertas
1015 2008 1296 2056 sustentet.
1342 1998 1447 2054 Per
1468 1997 1782 2077 Dominum.

548 2090 958 2148 ‘Postcommun.
993 2090 1159 2157 Deus,
1211 2088 1353 2160 apud
1406 2103 1564 2158 quem
1610 2095 1693 2143 est
1717 2084 2085 2142 misericordia

490 2185 729 2255 copiosa,
760 2183 962 2240 efficiat
988 2197 1088 2243 nos
1114 2182 1217 2237 sibi
1242 2196 1371 2235 vasa
1425 2179 1803 2244 mundissima,
1831 2188 1887 2234 et
1915 2178 2080 2248 spiri-

495 2280 693 2335 talibus
751 2278 960 2333 deliciis
1017 2276 1226 2331 reﬁciat
1288 2273 1660 2329 inﬁrmitatem
1714 2278 1976 2337 nostram,
2025 2278 2088 2325 ut

495 2370 657 2425 corda
686 2377 871 2423 nostra
896 2383 1021 2422 eum
1073 2381 1289 2437 semper
1314 2365 1558 2420 esuriant
1609 2372 1773 2433 atque
1798 2362 2006 2428 sitiant,
2034 2368 2089 2416 et

493 2468 617 2515 vota
647 2467 847 2514 nostrae
898 2458 1218 2513 humilitatis
1256 2457 1509 2513 clament.
1540 2453 1647 2511 Per
1674 2454 1963 2509 Dominum
1991 2468 2090 2509 no-

495 2559 669 2607 strum
698 2548 883 2605 Jesum
908 2547 1205 2604 Christum.

1081 2688 1309 2746 CAPUT
1341 2686 1449 2744 Ἧι.

817 2796 1045 2855 Sabbato
1073 2800 1234 2855 missa
1265 2798 1328 2853 de
1357 2805 1537 2852 sancta
1568 2794 1765 2850 Maria.

579 2908 824 2966 Concede
850 2911 1005 2965 nobis
1046 2900 1261 2963 famulis
1314 2907 1442 2972 tuis,
1501 2919 1825 2975 quaesumus,
1866 2903 2098 2960 Domine

498 3002 662 3067 Deus,
692 3012 957 3072 perpetua
982 3001 1177 3055 mentis
1209 3007 1265 3053 et
1317 2998 1560 3067 corporis
1586 2996 1951 3066 prosperitate
1974 3010 2099 3066 gau-

502 3096 650 3161 dere,
683 3104 739 3150 et
779 3095 1012 3164 gloriosa
1064 3095 1237 3147 beata:
1279 3090 1462 3143 Mariae
1520 3102 1735 3156 semper
1774 3086 1998 3156 virginis
2022 3086 2103 3140 in-

1318 390 1379 445 n.
1418 384 1481 445 F.
1513 374 1741 445 ALBINI
1777 382 1910 442 SEU
1946 365 2225 441 ALCUINI
2260 362 2545 435 orntum
2580 370 2762 429 PARS
2792 366 2883 427 1v.

2086 498 2141 559 Α
2234 491 2316 545 Ad
2338 488 2616 545 Commun.
2646 487 2987 554 Quaesumus,
3014 482 3246 538 Domine
3292 479 3436 536 Deus
3462 485 3674 545 noster,
3701 490 3762 538 ut

2552 276 2567 301 δ

3655 360 3760 420 456

2164 587 2514 649 sacrosancta
2559 577 2841 650 mysteria,
2876 590 2998 645 quae
3035 589 3135 644 pro
3160 571 3521 644 reparationis
3552 580 3759 627 nostra

2164 672 2468 728 munimine
2513 667 2811 733 contulisti,
2850 673 2907 720 et
2952 679 3193 735 praesens
3253 662 3409 719 nobis
3460 662 3763 718 remedium

2166 778 2290 820 esse
2319 762 2489 817 facias
2514 769 2571 816 et
2598 760 2861 814 futurum.

2241 855 2379 910 Item
2407 854 2476 908 ad
2515 852 2792 908 Commun.
2844 849 3058 906 Fideles
3112 859 3252 914 tuos,
3296 863 3631 921 quaesumus,
3658 849 3768 905 Do-

2169 927 2337 1013 mine,
2368 946 2735 1002 intercedente
2767 946 2926 1000 beata
2956 944 3123 999 Maria
3152 958 3364 1014 semper
3385 944 3617 1015 virgine,
3647 960 3768 999 cur.

2170 1054 2304 1109 pore
2333 1039 2540 1108 pariter
2590 1046 2647 1092 et
2673 1044 2852 1092 mente
2896 1036 3140 1107 puriﬁca,
3170 1043 3233 1090 ut
3274 1045 3367 1091 tua
3406 1037 3769 1106 inspiratione

2174 1128 2483 1199 compuncti
2505 1128 2697 1183 noxias
2726 1126 3111 1182 delectationes
3133 1128 3307 1183 vitare
3346 1128 3604 1195 valeant;
3638 1138 3693 1184 et
3711 1138 3772 1184 ut

2174 1233 2364 1273 earum
2412 1232 2522 1272 non
2551 1217 2833 1286 capiamur
2876 1215 3162 1283 illecebris,
3196 1224 3288 1271 tua
3329 1216 3534 1291 jugiter
3582 1234 3773 1289 pasca-

2176 1323 2297 1364 mur
2323 1307 2625 1363 dulcedine.
2657 1306 2779 1362 Per.

2499 1418 2636 1474 Item
2673 1419 2836 1475 missa
2883 1421 3051 1475 sancti
3085 1419 3387 1492 Augustini.

2247 1533 2476 1591 Domine
2524 1532 2667 1591 Deus
2714 1542 2921 1604 noster,
2969 1552 3165 1606 magne
3202 1546 3258 1591 et
3285 1537 3649 1608 omnipotens,
3682 1538 3776 1609 qui

2180 1642 2347 1685 sanas
2368 1629 2632 1684 contritos
2654 1629 2838 1694 corde,
2855 1644 3151 1700 eorumque
3166 1630 3354 1701 alligas
3392 1630 3776 1696 contritiones,

2180 1728 2275 1775 tua
2306 1729 2360 1777 te
2382 1722 2556 1792 pietas
2583 1720 2740 1777 nobis
2760 1720 2965 1778 efﬁciat
2991 1722 3331 1794 placabilem,
3364 1738 3502 1794 quos
3535 1724 3780 1778 conditio

2184 1808 2491 1881 fragilitatis
2544 1811 2795 1865 humanae
2848 1812 3130 1866 constituit
3156 1811 3211 1866 in
3253 1826 3509 1866 maerore.
3541 1812 3778 1876 Exaudi,

2186 1901 2435 1969 Domine,
2489 1918 2680 1973 preces
2728 1912 2965 1971 nostras,
3020 1912 3076 1959 et
3103 1903 3319 1958 dimitte
3367 1903 3523 1958 nobis
3554 1912 3783 1957 cunctas

2186 1995 2532 2052 offensiones.
2585 1994 2777 2050 Manus
2806 2002 2911 2050 tute
2964 1995 3280 2051 fortitudine
3307 2011 3338 2049 a
3360 1996 3578 2050 cunctis
3609 2010 3782 2066 angu-

2188 2089 2309 2145 stiis
2336 2088 2650 2153 liberemur,
2678 2095 2740 2141 ut
2767 2102 2890 2142 cum
2921 2087 3039 2179 tuis
3082 2087 3284 2142 sanctis
3308 2087 3399 2142 hic
3437 2096 3495 2142 et
3543 2087 3601 2141 in
3628 2095 3786 2141 teter-

2188 2196 2318 2235 num
2337 2179 2599 2234 laetemur.
2629 2177 2735 2233 Per
2764 2177 3049 2234 Dominum
3076 2187 3339 2233 nostrum.

2260 2272 2490 2328 Secreta.
2542 2271 2695 2327 Hanc
2752 2286 2965 2341 quoque
3014 2271 3360 2339 oblationem,
3420 2271 3673 2338 Domine,
3707 2272 3788 2327 di-

2189 2377 2377 2437 gnare,
2405 2378 2737 2434 quaesumus,
2774 2363 3199 2418 misericorditer
3243 2363 3571 2419 benedicere
3597 2372 3653 2418 et
3678 2363 3790 2418 cle-

2189 2463 2402 2510 menter
2440 2453 2803 2519 sanctiﬁcare,
2854 2467 3017 2521 quam
3049 2452 3144 2507 tibi
3191 2452 3487 2508 obtulimus
3506 2469 3609 2524 pro
3636 2454 3790 2508 vivo-

2193 2564 2315 2605 rum
2338 2548 2511 2603 salute
2555 2555 2611 2602 et
2640 2554 2981 2601 mortuorum
3025 2545 3247 2615 requie;
3274 2554 3334 2600 ut
3362 2554 3453 2600 tua
3478 2544 3792 2600 sanctiﬁca-

2194 2639 2270 2695 tio
2299 2639 2370 2693 sit
2397 2638 2543 2693 salus
2574 2645 2631 2691 et
2650 2635 2893 2691 defensio
2919 2637 3243 2691 animarum.
3270 2635 3375 2691 Per
3397 2635 3714 2691 Dominum.

2267 2728 2543 2798 Prwfatio.
2599 2726 2829 2797 Dignum
2856 2734 2909 2781 et
2930 2726 3138 2796 justum
3166 2734 3270 2791 est,
3304 2742 3489 2796 usque,
3516 2741 3618 2796 per
3638 2725 3792 2780 Chri-

2196 2826 2342 2877 stum
2371 2817 2659 2871 Dominum
2686 2824 2953 2871 nostrum.
2986 2815 3088 2870 Per
3117 2816 3295 2885 ipsum
3337 2822 3410 2879 te,
3440 2815 3792 2885 omnipotens

2198 2908 2343 2962 Deus
2370 2907 2550 2973 Pater,
2583 2907 2852 2977 supplices
2892 2919 3205 2971 exoramus,
3238 2914 3298 2959 ut
3317 2905 3419 2960 hoc
3457 2904 3795 2960 sacriﬁcium

2202 3008 2449 3069 acceptes
2475 2999 2617 3068 quod
2672 2998 2767 3053 tibi
2798 2997 3096 3063 offerimus,
3141 3006 3197 3051 et
3226 2997 3384 3053 nobis
3435 2995 3659 3051 famulis
3690 2997 3795 3052 tuis

2202 3092 2420 3162 pietatis
2445 3100 2551 3146 tute
2571 3091 2821 3146 solatium
2850 3091 3115 3145 concedas
3165 3091 3449 3161 propitius.
3482 3089 3663 3143 Tuum
3690 3097 3793 3154 est,

500 3184 834 3239 tercessione
864 3199 894 3236 a
940 3182 1195 3251 praesenti
1247 3179 1468 3235 liberari
1516 3177 1762 3243 tristitia,
1810 3185 1868 3230 et
1915 3176 2098 3230 futura
2125 3215 2176 3284 Ο
2207 3179 2456 3244 Domine,
2498 3195 2695 3235 sanare
2723 3180 2987 3235 contritos
3012 3177 3197 3245 corde,
3230 3188 3381 3233 tuum
3410 3188 3495 3233 est
3520 3179 3795 3234 consolari

497 3272 706 3346 perfrui
724 3273 930 3325 laetitia.
960 3272 1065 3324 Per
1098 3271 1388 3333 Dominum
1411 3276 1678 3322 nostrum.

576 3361 752 3416 Lectio
800 3360 918 3414 libri
954 3359 1257 3429 Sapientiw.
1309 3359 1392 3412 Ab
1438 3358 1593 3413 initio
1632 3365 1687 3411 et
1713 3364 1841 3414 ante
1890 3356 2091 3412 saecula

450 3450 459 3455 ’
503 3458 691 3507 creata
716 3466 857 3515 sum,
887 3458 941 3503 et
970 3465 1140 3519 usque
1162 3450 1236 3503 in.

575 3540 856 3613 Sequentia
893 3540 1063 3594 sancti
1112 3538 1389 3610 Evangelii
1444 3539 1733 3594 secundum
1780 3536 2000 3591 Lucam.
2032 3535 2093 3591 In

506 3634 599 3690 illo
626 3641 886 3701 tempore,
919 3631 1145 3685 intravit
1170 3628 1327 3686 Jesus
1359 3630 1415 3685 in
1463 3629 1736 3701 quoddam
1785 3629 2090 3686 castellum.

506 3730 563 3779 et
588 3722 801 3777 mulier.

577 3811 810 3867 Secreta.
840 3809 977 3875 Tua,
1006 3810 1253 3875 Domine,
1282 3809 1687 3879 propitiatione,
1710 3818 1767 3863 et
1792 3817 1964 3863 neatae
1990 3805 2098 3861 Ma-

505 3904 602 3959 riae
629 3916 844 3972 semper
869 3901 1093 3971 virginis
1122 3900 1530 3966 intercessione,
1560 3900 1629 3955 ad
1668 3906 1988 3970 perpetuam
2016 3906 2097 3951 at-

506 4011 612 4067 que
638 4004 962 4066 praesentem
1003 3994 1117 4048 haec
1161 3992 1365 4048 oblatio
1404 3993 1562 4049 nobis
1600 3992 1853 4064 proficiat
1876 4004 2098 4056 prospe-

508 4087 744 4141 ritatem.
777 4086 881 4140 Per
906 4085 1197 4140 Dominum
1225 4092 1493 4140 nostrum.

586 4176 979 4233 Postcommun.
1043 4176 1305 4246 Sumptis,
1371 4175 1618 4241 Domine,
1678 4176 1869 4231 salutis
1900 4186 2100 4230 nasum

509 4268 783 4332 subsidiis,
831 4266 919 4333 da,
976 4282 1307 4336 quaesumus,
1352 4264 1467 4335 ejus
1492 4267 1809 4337 patrociniis
1856 4282 1955 4323 nos
1983 4267 2103 4321 ubi-

511 4372 617 4427 que
638 4358 864 4427 protegi,
896 4358 950 4411 in
981 4357 1135 4426 cujus
1162 4359 1514 4415 veneratione
1542 4360 1656 4415 haec
1677 4369 1780 4416 tua:
1808 4359 2101 4415 obtulimus

514 4444 810 4512 uiajestati.
844 4445 966 4500 Per.

588 4536 692 4608 14
728 4535 900 4605 Super
926 4536 1193 4607 populum.
1249 4537 1602 4610 Omnipotens
1649 4541 1813 4608 Deus,
1873 4541 2105 4597 famulos
2135 4566 2189 4628 ι)

513 4639 636 4686 tuos
662 4632 885 4685 dextera
917 4633 1172 4701 potentiae
1202 4642 1306 4688 tua:
1332 4650 1363 4688 a
1392 4637 1603 4689 cunctis
1630 4645 1854 4707 protcge
1897 4639 2110 4708 pericu-

513 4720 601 4787 lis,
628 4731 683 4776 et
705 4722 864 4776 beata
893 4722 1059 4777 Maria
1091 4739 1306 4794 semper
1347 4725 1555 4796 virgine
1598 4726 1992 4793 intercedente,
2023 4727 2112 4784 fac

515 4826 615 4867 nos
640 4812 894 4883 prtesenti
925 4813 1160 4883 gaudere
1184 4815 1551 4885 prosperitate
1580 4823 1637 4871 et
1657 4823 1882 4871 aeterna.
1912 4816 2035 4872 Per.

614 4924 752 4978 Item
779 4926 938 4979 missa
972 4927 1026 4979 in
1060 4928 1552 4982 commemoratione
1575 4938 1771 4984 sancta:
1798 4929 2009 4984 Mai-iw.

589 5031 937 5090 Famulorum
967 5043 1208 5105 tuorum,
1257 5054 1585 5108 quazsumus,
1625 5039 1839 5096 delictis
1869 5040 2108 5110 ignosce,

518 5135 573 5183 et
592 5129 687 5198 qui
714 5127 931 5198 placere
958 5130 1023 5183 de
1053 5129 1266 5184 actibus
1296 5131 1498 5185 nostris
1527 5146 1637 5186 non
1668 5130 1932 5196 valemus,
1962 5130 2113 5201 geni-

434 5230 437 5231 '
520 5220 672 5274 tricis
702 5219 821 5274 Filii
853 5219 930 5274 tui
976 5220 1189 5275 Domini
1229 5222 1401 5277 nostri
1448 5219 1577 5278 Jesu
1618 5220 1822 5277 Christi
1856 5222 2114 5277 interces-

521 5308 697 5376 sione,
725 5327 845 5381 qure
892 5310 990 5365 tibi
1055 5318 1183 5367 sunt
1232 5312 1433 5383 placita
1488 5328 1703 5383 semper
1762 5313 2110 5380 meditantes,

522 5400 727 5455 mundo
750 5401 914 5455 corde
954 5400 1155 5471 iugiter
1182 5409 1238 5456 et
1257 5400 1418 5457 dictis
1457 5416 1820 5471 exsequamur
1839 5410 1896 5456 et
1936 5400 2109 5455 factis.

596 5488 828 5546 Secreta.
853 5492 1229 5550 Oblationibus
1255 5495 1477 5559 nostris,
1502 5509 1831 5563 quaesumus,
1862 5493 2111 5561 Domine,

521 5583 887 5654 precibusque
951 5585 1237 5654 susceptis,
1299 5584 1668 5638 intercedente
1724 5586 1887 5640 beata
1947 5582 2115 5638 Maria

523 5685 739 5740 semper
768 5658 994 5742 virgine,
1020 5681 1246 5744 peccata
1286 5681 1475 5728 nostra
1504 5675 1853 5739 mundeutur,
1883 5682 1940 5728 et
1964 5675 2031 5729 ad
2063 5683 2115 5729 te

526 5771 744 5819 nostras
766 5768 934 5822 etiam
961 5768 1190 5824 rebelles
1211 5768 1474 5838 compelle
1494 5770 1762 5841 propitius
1783 5765 2111 5842 voluntates,

528 5851 805 5927 vitamque
826 5857 980 5916 nobis
1007 5859 1207 5932 largire
1232 5868 1509 5919 aeternam.
1541 5860 1679 5949 Per.‘

2204 3280 2518 3327 maerentes.
2550 3272 2768 3327 Placeat
2809 3271 2923 3340 jam
2959 3281 3063 3326 tum
3091 3272 3300 3342 pietati,
3334 3272 3545 3342 eripere
3575 3285 3802 3340 oppms—

2202 3378 2312 3429 sos,
2344 3378 2603 3418 revocare
2649 3365 2910 3433 captivos,
2942 3363 3218 3419 laetiﬁcare
3270 3364 3325 3418 in
3374 3362 3642 3432 angustiis
3673 3377 3800 3416 cou-

2204 3456 2438 3511 stitutos.
2470 3456 2574 3510 Per
2602 3457 2777 3526 ipsum
2819 3464 2872 3511 te
2900 3471 3140 3519 oramus,
3188 3470 3399 3509 summe
3427 3454 3610 3519 Pater,
3634 3469 3800 3524 quem

2204 3558 2383 3605 tecum
2406 3558 2602 3605 etcum
2627 3558 2820 3605 sancto
2846 3549 3047 3621 Spiritu
3079 3550 3385 3605 collaudant
3437 3547 3683 3602 caelestia
3707 3564 3804 3629 pa_

2204 3642 2338 3697 riter
2362 3657 2426 3696 ac
2460 3650 2697 3707 terrena,
2729 3651 2785 3697 et
2817 3644 2963 3697 hunc
2991 3644 3250 3714 hymnum
3291 3640 3432 3694 dulci
3460 3641 3789 3695 modulatio-

2205 3749 2275 3789 ne
2320 3733 2674 3803 proclamant,
2728 3734 3012 3788 dicentes:
3059 3732 3313 3797 Sanctus,
3358 3729 3615 3795 Sanctus,
3661 3728 3803 3784 San-

2206 3832 2346 3891 ctus,
2375 3825 2601 3879 Domine
2616 3825 2757 3879 Deus
2779 3823 3038 3880 Sabaoth.

2278 3914 2670 3972 Postcommun.
2723 3917 3079 3987 Omnipotens
3107 3916 3273 3981 Deus,
3322 3914 3592 3987 propitius
3620 3914 3805 3971 cordis

2207 4008 2379 4064 nostri
2406 4008 2669 4078 adspiciat
2717 4009 2967 4079 gemitus,
3004 4017 3061 4063 et
3085 4006 3435 4079 petitionibus
3464 4006 3674 4061 nostris
3694 4020 3805 4059 suae
3846 4044 3847 4047 η

2206 4100 2424 4171 pietatis
2449 4115 2636 4154 aurem
2658 4100 2898 4165 inclinet,
2930 4106 3093 4169 atque
3117 4099 3187 4152 ab
3211 4098 3359 4152 omni
3390 4095 3650 4151 defensos
3669 4109 3805 4149 ina:-

2208 4206 2333 4247 rore
2380 4206 2480 4247 nos
2531 4190 2767 4246 lastiﬁcet
2795 4208 2809 4257 ;
2842 4199 3081 4246 mentem
3135 4198 3380 4245 nostram
3427 4187 3808 4242 miserationis

2210 4298 2322 4339 suae
2350 4282 2591 4337 subsidio
2636 4282 2868 4347 muniat,
2895 4289 2952 4335 et
2990 4280 3229 4336 remedia
3254 4279 3433 4350 gaudii
3458 4278 3805 4347 sempiterna

2211 4374 2367 4431 nobis
2396 4374 2694 4429 clementer
2732 4374 3007 4428 attribuat.
3066 4372 3170 4427 Per
3207 4372 3501 4427 Dominum
3554 4379 3809 4426 nostrum

2214 4461 2403 4520 Jesum
2426 4464 2725 4521 Christum.

2785 4555 3012 4613 CAPUT
3042 4556 3174 4613 VIII.

2491 4646 2657 4702 Missa
2680 4650 2735 4702 in
2765 4650 3027 4703 iteratione
3059 4649 3214 4703 unius
3249 4646 3507 4718 Apostoli.

2272 4757 2415 4814 Deus
2425 4799 2439 4823 ,
2456 4759 2548 4829 qui
2564 4758 2799 4814 fidelium
2814 4768 3023 4815 mentes
3035 4760 3195 4813 unius
3208 4757 3380 4813 efﬁcis
3396 4758 3712 4823 voluntatis,
3729 4758 3815 4812 in-

2211 4850 2545 4906 tercessione
2600 4850 2745 4905 beati
2795 4851 3023 4921 apostoli
3081 4850 3179 4917 tui,
3234 4850 3299 4905 da
3329 4851 3487 4905 nobis
3518 4851 3571 4905 id
3620 4865 3813 4905 amare

2211 4941 2355 5011 quod
2380 4941 2649 5012 praecipis,
2684 4942 2739 4996 id
2778 4942 3088 4996 desiderare
3116 4942 3259 5011 quod
3312 4943 3606 5013 promittis,
3634 4950 3696 4995 ut
3726 4942 3815 4995 in-

2215 5041 2298 5090 ter
2324 5035 2629 5090 mundanas
2674 5036 2967 5090 varietates
2998 5035 3070 5091 ibi
3102 5045 3291 5091 nostra
3320 5038 3432 5092 sint
3461 5036 3569 5090 ﬁxa
3611 5035 3811 5100 corda,

2211 5130 2303 5185 ubi
2330 5146 2459 5185 vera
2492 5137 2621 5184 sunt
2644 5130 2854 5200 gaudia.
2890 5129 2993 5184 Per
3012 5131 3320 5184 Dominum.

2283 5221 2460 5275 Lectio
2500 5220 2751 5291 Epistola:
2794 5220 2928 5274 beati
2966 5218 3126 5275 Pauli
3150 5220 3392 5291 apostoli,
3425 5219 3493 5273 ad
3520 5217 3813 5290 Ephesios.

2212 5310 2453 5378 Fratres,
2480 5310 2595 5380 jam
2624 5328 2732 5367 non
2758 5314 2893 5369 estis
2914 5313 3154 5384 hospites
3178 5322 3232 5368 et
3255 5313 3497 5376 advenrc,
3532 5311 3627 5366 sed
3668 5312 3817 5367 estis

2215 5406 2361 5460 cives
2388 5414 2725 5470 sanctorum,
2752 5414 2809 5461 et
2827 5405 3109 5460 domestici
3135 5405 3247 5459 Dei.

2285 5494 2567 5566 Sequentia
2597 5496 2766 5549 sancti
2812 5495 3086 5568 Evangeh'i
3127 5496 3411 5550 secundum
3435 5496 3715 5549 Joannem.
3751 5494 3819 5548 In

2215 5586 2308 5642 illo
2339 5594 2603 5655 tempore,
2658 5585 2795 5641 dixit
2825 5585 3010 5642 Simon
3066 5585 3260 5641 Petrus
3290 5590 3357 5641 ad
3386 5584 3573 5641 Jesum
3608 5604 3621 5640 :
3659 5583 3815 5639 Ecce

2216 5691 2316 5732 nos
2336 5677 2653 5747 reliquimus
2678 5679 2881 5745 omnia,
2906 5688 2961 5733 et
2989 5679 3159 5733 secuti
3183 5693 3368 5733 sumus
3399 5686 3468 5731 te.

2293 5767 2395 5837 15
2427 5768 2661 5823 Secreta.
2693 5768 2791 5824 His
2818 5770 2995 5836 nobis,
3025 5768 3270 5835 Domine,
3291 5768 3563 5840 mysteriis
3591 5766 3817 5837 suppli-

2207 5860 2435 5948 catione
2480 5860 2629 5924 beati
2670 5862 2903 5937 apostoli
2941 5863 3021 5929 tui
3048 5861 3377 5948 conferatur
3398 5902 3414 5934 ,
3444 5874 3552 5932 quo
3583 5868 3817 5922 terrena
