4038 6336
269 253 374 313 ‘51

265 368 538 428 desideria
565 367 872 439 mitigantes
897 406 913 432 ,
942 367 1214 424 discamus
1240 378 1423 421 amare
1448 363 1689 420 coelestia
1716 389 1733 427 ι,
1782 368 1841 417 et
1866 366 1919 426 Α
2005 428 2011 434 .

266 464 334 519 de
358 463 449 517 die
472 463 529 518 in
557 461 698 516 diem
723 461 790 515 ad
818 459 1053 515 caelestis
1086 460 1209 513 vita:
1251 454 1663 520 transferamur,
1694 453 1842 525 puri—

267 556 444 613 ficatis
471 554 762 617 mentibus,
789 552 1077 606 actionem.
1103 549 1207 603 Per
1235 548 1540 603 Dominum.
1707 602 1741 635 .

340 670 732 726 Postcommttn.
764 656 965 721 Tribue
990 664 1166 729 nobis,
1199 656 1446 725 Domine,
1474 659 1842 715 intercedente

262 763 428 818 beato
457 760 698 831 apostolo
727 768 839 823 tuo,
872 757 1106 812 caelestis
1142 770 1344 809 mensa:
1369 754 1587 807 virtutis
1613 750 1841 806 societa»

264 863 400 916 tem,
433 859 490 905 et
549 849 857 904 desiderare
902 862 1021 916 qua:
1070 853 1221 899 recta
1249 850 1401 908 sunt,
1453 846 1509 896 ct
1537 840 1841 895 desiderata

263 941 566 1012 percipere.
588 939 694 993 Per
723 937 1028 992 Dominum.

874 1084 1101 1145 CAPUT
1139 1085 1232 1140 IX.

340 1208 521 1261 Missa
548 1206 603 1259 in
643 1202 970 1265 veneratione
1001 1198 1346 1270 plurimorum
1372 1191 1747 1265 apostolorum.

338 1324 627 1378 Bcatorum
653 1316 1013 1385 apostolorum
1042 1327 1140 1366 nos
1163 1349 1178 1374 ,
1208 1308 1432 1363 Domine
1444 1334 1461 1370 -,
1491 1318 1798 1375 quaesumus
1824 1342 1839 1367 ,

265 1415 524 1471 continua
551 1410 794 1464 oratione
818 1403 1063 1466 custodi,
1094 1409 1152 1453 ut
1178 1400 1366 1453 iisdem
1392 1392 1843 1464 suffragatoribus

263 1499 810 1574 dirigaturEcclesia,
833 1496 1027 1564 quibus
1050 1490 1379 1561 principibus
1405 1486 1682 1574 gloriatur.
1714 1482 1840 1536 Per.

342 1567 514 1648 Lectio
545 1589 792 1661 Epistolte
818 1576 951 1640 beati
984 1582 1141 1637 Pauli
1179 1577 1399 1648 apostoli
1444 1567 1512 1629 ad
1558 1574 1840 1627 Romanos.

263 1688 507 1745 Fratres,
536 1660 699 1736 corde
716 1680 860 1733 enim
888 1676 1127 1731 creditur
1154 1672 1217 1726 ad
1235 1669 1521 1738 justitiam,
1538 1680 1634 1722 ore
1662 1660 1843 1718 autem

264 1775 538 1831 confessio
565 1772 624 1825 fit
649 1771 715 1825 ad
746 1769 994 1823 salutem.

342 1863 623 1933 Sequenlia
654 1859 822 1914 sancti
860 1854 1128 1925 Evangelii
1156 1855 1438 1907 secundum
1468 1850 1747 1903 Joannem.
1779 1844 1841 1917 In

264 1957 360 2011 illo
387 1964 633 2022 tempore
656 1984 672 2015 ,
724 1949 860 2003 dixit
910 1946 1070 2001 Jesus
1104 1942 1379 2011 discipulis
1408 1940 1520 1994 suis
1550 1954 1563 1991 :
1596 1938 1709 1992 Hoc
1755 1942 1839 1990 est

260 2053 597 2117 prmceptum
625 2056 801 2094 meum
830 2074 844 2103 ,
871 2044 931 2090 ut
960 2034 1196 2104 diligatis
1221 2031 1486 2094 invicem,
1511 2028 1652 2083 sicut
1675 2025 1837 2081 dilexi

260 2152 383 2191 vos.
414 2130 692 2202 Maiorem.
960 2127 1013 2178 ο

338 2224 570 2280 Secreta.
598 2220 842 2290 Respice,
878 2218 1122 2281 Domine,
1168 2226 1475 2284 quzesumus
1502 2250 1518 2275 ,
1564 2224 1837 2284 munera,

262 2329 397 2384 qure
418 2313 469 2365 in
498 2319 809 2365 sanctorum
839 2317 1050 2361 tuorum
1073 2303 1437 2375 apostolorum
1485 2298 1551 2354 N.
1603 2313 1838 2354 comme-

264 2401 574 2459 moratione
601 2398 923 2461 deferimus,
951 2404 1011 2449 ut
1035 2408 1264 2465 quorum
1295 2391 1391 2447 tibi
1416 2398 1570 2460 grata
1593 2396 1717 2444 sunt
1742 2390 1839 2443 ho-

261 2508 399 2549 nare
423 2534 439 2555 ,
480 2507 669 2547 eorum
696 2489 851 2544 nobis
877 2485 1262 2542 intercessione
1302 2482 1411 2538 sint
1441 2472 1702 2559 salubria.
1734 2474 1837 2533 Per

261 2587 577 2641 Dominum.
1838 2640 1841 2643 ὗ

336 2678 614 2746 ΡηεῙαιὶο.
647 2675 875 2744 Dignum
926 2679 981 2726 et
1016 2678 1223 2740 iustum
1257 2673 1380 2730 est,
1423 2679 1584 2735 usque
1632 2670 1838 2718 ceterae

258 2770 429 2824 Deus.
458 2764 780 2835 Suppliciter
802 2770 1090 2817 exorantes
1107 2800 1121 2823 ,
1148 2766 1207 2813 ut
1234 2770 1449 2828 gregem
1476 2763 1625 2808 tuum
1652 2760 1840 2822 pastor

258 2867 467 2914 aeterne
495 2872 602 2910 non
634 2857 853 2909 deseras
881 2890 896 2917 ,
928 2852 1022 2907 sed
1046 2866 1144 2921 per
1169 2849 1356 2904 beatos
1399 2845 1670 2918 apostolos
1715 2851 1839 2898 tuos

256 2948 329 3002 Ν.
365 2947 618 3001 continua
645 2943 979 3015 protectione
1004 2939 1274 2995 custodias
1299 2979 1314 3003 ,
1359 2946 1419 2991 ut
1445 2928 1631 2991 iisdem
1664 2941 1839 2988 recto—

258 3038 417 3092 ribus
442 3014 725 3103 dirigatur,
752 3047 887 3102 quos
911 3028 1091 3100 cperis
1117 3030 1191 3081 tui
1217 3027 1468 3091 vicarios,
1499 3026 1672 3081 eidem
1710 3039 1837 3078 con-

255 3127 435 3181 tulisti
461 3138 693 3195 przzcessc
715 3128 982 3195 pastores.
1012 3119 1114 3173 Per
1142 3106 1415 3172 Christum
1442 3106 1745 3201 Dominum.

334 3214 728 3268 Postcommun.
759 3212 960 3281 Pignus
986 3208 1110 3262 vita:
1134 3215 1348 3263 acterna:
1368 3205 1642 3275 capientes
1662 3202 1837 3258 humi-

257 3308 386 3363 liter
403 3306 773 3376 imploramus,
792 3302 1099 3373 apostolicis
1119 3309 1177 3355 ut
1202 3300 1319 3354 fulti
1348 3290 1678 3369 patrociniis,
1694 3298 1836 3368 quod

257 3401 315 3456 in
350 3399 587 3469 imagine
611 3396 970 3466 contingimus
994 3435 1010 3459 ,
1040 3392 1360 3447 sacramenti
1392 3390 1679 3445 manifesta
1706 3406 1832 3460 per-

257 3490 514 3560 ceptione
536 3495 831 3542 sumamus.
858 3478 981 3538 Per.

334 3579 513 3648 Super
534 3576 801 3648 populum.
821 3574 1099 3628 Protector
1120 3572 1174 3625 in
1200 3579 1253 3625 te
1281 3568 1640 3639 sperantium,
1668 3567 1831 3631 Deus,

256 3667 528 3722 familiam
584 3674 732 3719 tuam
797 3663 1061 3733 propitius
1123 3661 1370 3730 respice,
1419 3667 1473 3713 et
1504 3674 1602 3728 per
1648 3659 1836 3712 beatos

255 3758 539 3829 apostolos
560 3757 623 3810 N.
649 3772 680 3811 a
704 3756 912 3812 cunctis
938 3755 1101 3808 etiam
1145 3750 1560 3806 adversitatibus
1584 3749 1835 3818 potentia:

256 3855 369 3901 tusc
391 3862 495 3902 nos
518 3846 737 3903 brachio
760 3843 1032 3899 defendas.
1055 3841 1159 3895 Per
1182 3839 1466 3894 Dominum
1494 3847 1759 3893 nostrum.

878 3994 1104 4051 CAPUT
1143 3994 1211 4048 Χ.

500 4109 668 4165 Missa
692 4110 750 4164 in
775 4109 1102 4163 veneratione
1130 4108 1287 4160 u'nius
1314 4102 1580 4176 martyris.

326 4225 497 4290 Deus,
522 4225 579 4279 in
617 4232 670 4279 te
696 4224 1026 4294 sperautium
1054 4222 1331 4285 fortitudo,
1360 4220 1617 4292 martyris
1642 4220 1720 4275 tui
1751 4220 1823 4275 in-

250 4312 592 4370 tercessione
618 4314 877 4383 pneclara
904 4314 1089 4367 adesto
1117 4312 1382 4383 prepitius
1405 4311 1834 4366 invocationibus

248 4406 464 4460 nostris
489 4444 502 4467 ,
532 4415 585 4459 et
613 4406 739 4474 quia
770 4404 884 4457 sine
930 4412 982 4457 te
1010 4403 1144 4457 nihil
1187 4410 1365 4472 potest
1410 4402 1653 4457 mortalis
1682 4401 1832 4456 inﬁr-

245 4496 447 4555 mitas,
479 4501 671 4563 praesta
724 4493 879 4546 nobis
917 4493 1176 4545 auxilium
1221 4493 1409 4562 gratia:
1440 4500 1564 4556 tum,
1589 4502 1647 4546 ut
1672 4507 1829 4547 exse-

246 4584 493 4653 quendis
524 4582 787 4637 mandatis
816 4582 953 4645 tuis,
987 4588 1042 4636 et
1084 4582 1362 4637 voluntate
1391 4582 1487 4637 tibi
1525 4589 1582 4636 et
1619 4583 1833 4637 actione

244 4674 586 4742 placeamus.
618 4673 722 4728 Per
756 4672 1040 4727 Dominum
1070 4679 1333 4727 nostrum.

324 4780 502 4851 Super
526 4784 719 4838 oblata.
749 4783 992 4853 SuSeipc,
1050 4779 1307 4849 Domine,
1360 4783 1597 4839 fidelium
1644 4799 1834 4855 preces

243 4885 387 4930 cum
408 4873 766 4928 oblationibus
795 4866 1092 4929 hostiarum
1122 4914 1136 4936 ,
1166 4881 1226 4926 ut
1250 4872 1586 4927 orationibus
1614 4871 1833 4943 gloriosi

242 4968 519 5039 martyris
548 4968 623 5021 tui
649 4983 745 5038 per
773 4970 887 5022 lucc
911 4969 1011 5038 pia:
1039 4967 1339 5021 devotionis
1363 4964 1535 5020 ofﬁcia
1565 4965 1837 5021 remissio-

239 5074 387 5115 nem
435 5058 677 5112 omnium
722 5067 1065 5128 peccatorum
1110 5059 1473 5128 percipiamus
1498 5098 1513 5122 ,
1546 5066 1600 5112 et
1629 5059 1696 5112 ad
1724 5073 1836 5113 ca:-

239 5152 451 5207 lestein
481 5152 706 5220 gloriam
737 5160 1095 5206 transeamus.
1124 5152 1227 5205 Per
1254 5150 1538 5206 Dominum
1566 5157 1830 5204 nostrum.

322 5264 723 5318 Postcommun.
758 5265 1020 5334 Sumptis,
1047 5265 1291 5329 Domine,
1323 5266 1659 5331 muneribus,
1689 5281 1835 5336 qum-

238 5372 465 5417 sumus,
500 5364 559 5410 ut
604 5357 762 5411 beato
809 5367 1047 5427 martyre
1092 5365 1183 5411 tuo
1234 5358 1628 5421 intercedente,
1662 5359 1835 5413 sancti

236 5447 494 5500 nominis
533 5447 609 5499 tui
642 5446 890 5500 timorem
934 5447 1137 5514 pariter
1178 5454 1234 5500 et
1264 5462 1503 5500 amorem
1530 5446 1699 5503 facias
1741 5463 1840 5503 nos

236 5536 458 5591 habere
494 5544 811 5605 perpetuum
837 5575 851 5599 ,
878 5543 937 5588 ut
966 5552 1088 5590 cum
1119 5536 1547 5605 frequentatione
1570 5538 1836 5609 mysterii,

232 5632 465 5679 crescat
491 5633 688 5677 nostra:
714 5623 901 5677 salutis
930 5623 1170 5681 effectus.
1206 5625 1309 5680 Per
1335 5627 1637 5681 Dominum.
1728 5676 1751 5695 η.

698 5719 972 5778 ΡΑτιιοι.
1030 5717 1130 5778 CI.

1193 247 1584 307 LITURGICA‘.
1620 276 1691 288 --
1725 246 1925 303 LIBER
1961 246 2594 306 SACRAMENTORUM.

1868 1730 1916 1789 B

3414 250 3517 308 458

2549 359 2777 419 CAPUT
2814 358 2904 415 XI.

1941 471 2110 528 llissa
2146 474 2302 529 tutius
2346 474 2570 545 apostoli
2612 473 2716 528 sive
2757 480 3003 540 martyris
3051 472 3127 527 vel
3170 472 3508 545 confessoris.
3590 521 3595 524 .

2014 583 2080 638 In
2103 575 2303 654 vigilia.
2330 583 2575 639 Concede
2598 583 2777 648 nobis,
2805 597 3113 652 qucesumus
3130 625 3144 649 ,
3169 586 3515 656 omnipotens

1942 675 2086 730 Deus
2108 716 2122 741 ,
2163 678 2446 730 venturam
2475 675 2617 730 beati
2648 674 2712 729 N.
2755 668 2982 744 apostoli
3009 715 3024 740 ,
3054 676 3382 734 confessoris
3428 678 3516 734 vel

1942 764 2198 835 martyris
2246 764 2643 819 solemnitatem
2671 779 2911 835 congruo
2937 766 3239 834 praevenire
3259 767 3468 822 honore
3492 806 3510 831 ,

1942 864 1997 911 et
2044 856 2348 911 venientem
2378 850 2537 926 digna
2579 854 2853 910 celebrare
2906 855 3211 911 devotione.
3254 850 3361 912 Per
3410 852 3517 911 Do-
3588 912 3591 915 ,

1944 949 2170 1003 minum.
2394 940 2403 945 ”

2015 1035 2243 1092 Secreta.
2268 1036 2501 1106 Accepta
2529 1037 2626 1091 tibi
2656 1036 2763 1101 sit,
2796 1036 3051 1104 Domine,
3097 1046 3297 1097 nostrae
3347 1042 3511 1095 devo-

1944 1127 2106 1182 tionis
2136 1126 2353 1192 oblatio,
2383 1134 2437 1181 et
2465 1127 2532 1181 ad
2563 1125 2911 1195 apostolicam
2940 1129 3186 1198 puriores
3223 1129 3386 1185 faciat
3413 1146 3514 1187 nos
3550 1186 3555 1191 ,

1943 1216 2128 1272 venire
2149 1215 2520 1270 festivitatem.
2541 1215 2666 1269 Per.
2970 1228 2981 1233 Α
3447 1276 3450 1279 Δ
3516 1234 3521 1237 ι

2014 1305 2406 1360 Postcommun.
2422 1303 2821 1360 Benedictionis
2837 1313 2960 1370 tute,
2981 1299 3231 1371 Domine,
3261 1307 3512 1377 gratiam,

1943 1397 2307 1452 intercedente
2330 1398 2489 1451 beato
2514 1396 2760 1466 apostolo
2782 1404 2894 1460 tuo,
2917 1394 3248 1460 confessore,
3265 1398 3351 1451 vel
3374 1413 3518 1452 mar-

1942 1492 2060 1557 tyre
2087 1484 2151 1539 N.
2181 1486 2571 1556 suscipiamus;
2604 1494 2663 1540 ut
2693 1484 2847 1555 cujus
2885 1487 3259 1558 prteveniendo
3288 1486 3516 1559 gloriam

1942 1575 2300 1641 celebramus,
2337 1576 2453 1645 ejus
2488 1575 2838 1645 supplicando
2888 1576 3147 1631 auxilium
3196 1577 3512 1632 sentiamus.

1941 1667 2066 1723 Per.

2326 1757 2431 1828 16
2451 1754 2584 1812 Item
2618 1760 2778 1813 missa
2806 1758 2863 1811 in
2892 1757 2996 1813 die.

2013 1866 2156 1921 Deus
2186 1906 2202 1932 ,
2253 1866 2345 1936 qui
2387 1881 2446 1921 es
2470 1867 2708 1921 omnium
2754 1876 3064 1923 sanctorum
3094 1878 3304 1924 tuorum
3335 1868 3509 1939 splen:

1943 1956 2044 2012 dor
2105 1957 2406 2022 mirabilis,
2476 1959 2674 2028 quique
2730 1961 2875 2015 hunc
2937 1961 3078 2015 diem
3140 1961 3371 2032 apostoli
3435 1960 3520 2018 tui

1942 2046 2007 2101 N.
2040 2046 2301 2118 martyrio
2330 2048 2681 2111 consecrasti,
2719 2047 2787 2102 da
2823 2047 3077 2104 Ecclesia:
3121 2057 3226 2104 tua:
3268 2050 3335 2106 de
3362 2058 3520 2106 nata-

1940 2136 2055 2190 litia
2086 2136 2221 2189 tanti
2249 2135 2518 2205 pontificis
2542 2132 2835 2191 festivitate
2862 2136 3052 2203 laetari,
3074 2145 3132 2191 ut
3174 2138 3314 2207 apud
3351 2138 3517 2194 mise-

1941 2225 2230 2280 ricordiam
2257 2234 2404 2280 tuam
2427 2216 2687 2297 exemplis
2707 2216 2823 2294 ejus
2839 2234 3184 2297 protegamur
3203 2235 3260 2283 et
3285 2216 3517 2284 meritis.

1940 2314 2045 2370 Per
2072 2304 2380 2370 Dominum.

2015 2402 2185 2457 Lectio
2217 2405 2338 2458 libri
2367 2402 2668 2476 Sapientiae.
2694 2396 2893 2462 Beatus
2926 2407 3009 2462 vir
3034 2409 3125 2479 qui
3156 2404 3406 2465 inventus
3432 2418 3520 2466 est

1938 2495 2057 2550 sine
2090 2495 2299 2551 macula
2326 2536 2341 2561 ,
2376 2504 2429 2550 et
2458 2497 2549 2565 qui
2588 2505 2710 2566 post
2740 2513 2929 2552 aurum
2953 2514 3059 2554 non
3088 2492 3239 2555 abiit.

2010 2585 2290 2659 Sequentia
2337 2590 2502 2642 sancti
2540 2588 2813 2660 Evangelii
2849 2591 3136 2646 secundum
3183 2592 3515 2649 Matt/tarum.

1938 2682 1996 2736 In
2022 2674 2114 2737 illo
2145 2690 2387 2753 tempore
2411 2723 2425 2749 ,
2457 2682 2594 2737 dixit
2620 2672 2777 2738 Jesus
2807 2683 3085 2753 discipulis
3113 2684 3228 2738 suis
3259 2703 3270 2738 :
3309 2682 3516 2751 Amen,

1941 2786 2117 2836 tamen,
2150 2771 2271 2826 dico
2296 2772 2448 2826 vobis
2481 2771 2641 2825 :‘Nisi
2665 2786 2895 2839 granum
2918 2770 3195 2827 frumenti.

2012 2860 2242 2916 Secreta.
2270 2862 2420 2916 Beati
2447 2861 2675 2933 apostoli
2725 2862 2801 2916 tui
2829 2861 2919 2928 N.,
2970 2862 3213 2929 Domine,
3258 2862 3521 2920 solemnia

1939 2960 2285 3008 recensentes
2316 2952 2526 3024 [Forte,
2553 2963 2901 3010 recensentes
2931 2954 3261 3026 quresumus]
3281 2996 3296 3019 ,
3326 2964 3385 3009 ut
3403 2954 3520 3023 ejus
3568 2970 3571 2973 '

1891 3079 1906 3117 ,
1940 3043 2140 3098 auxilio
2184 3052 2272 3098 tua
2310 3044 2572 3099 beneficia
2602 3046 2902 3114 capiamus,
2931 3060 3034 3115 pro
3058 3060 3165 3115 quo
3191 3040 3287 3101 tibi
3312 3045 3521 3101 hostias

1940 3134 2117 3190 laudis
2142 3133 2440 3189 offerimus.
2473 3134 2576 3188 Per
2598 3135 2906 3191 Dominum.

2010 3228 2402 3282 Postcommun.
2417 3227 2718 3297 Perceptis,
2748 3216 2993 3294 Domine,
3011 3224 3368 3284 sacramentis
3388 3240 3521 3300 sup-

1938 3319 2153 3390 pliciter
2191 3334 2497 3385 exoramus,
2544 3319 2915 3374 intercedente
2966 3320 3125 3374 beato
3166 3317 3233 3373 N.
3276 3316 3522 3390 apostolo

1940 3419 2052 3473 tuo,
2082 3418 2141 3465 ut
2170 3399 2293 3479 'qure
2330 3424 2427 3478 pro
2458 3410 2600 3464 illius
2625 3409 2932 3465 veneranda
2981 3410 3217 3481 gerimus
3243 3409 3519 3481 passione,

1939 3502 2095 3556 nobis
2117 3500 2405 3570 proﬁciant
2427 3500 2494 3555 ad
2510 3498 2794 3555 medelam.
2812 3500 2917 3555 Per
2938 3492 3223 3555 Dominum
3246 3507 3516 3571 nostrum.

2008 3592 2147 3647 Alia.
2178 3594 2253 3647 Da
2281 3594 2458 3655 nobis,
2494 3582 2738 3653 Domine,
2773 3607 3099 3662 quaesumus,
3142 3586 3284 3647 Deus
3308 3599 3514 3654 noster,

1936 3682 2082 3737 beati
2112 3682 2340 3751 apostoli
2370 3682 2448 3736 tui
2479 3681 2543 3735 N.
2578 3672 3059 3737 intercessionibus
3104 3681 3413 3747 sublevari,
3453 3688 3518 3736 ut

1936 3786 2033 3842 per
2057 3787 2192 3842 quos
2220 3772 2471 3828 Ecclesiae
2500 3780 2608 3827 tua:
2655 3770 2874 3843 superni
2916 3773 3158 3828 muneris
3206 3770 3512 3829 rudimenta

1937 3864 2171 3929 donasti,
2197 3879 2295 3935 per
2322 3878 2415 3918 eos
2445 3863 2684 3918 subsidia
2705 3871 2976 3934 perpetua:
2996 3859 3188 3918 salutis
3214 3863 3516 3934 impendas.

1938 3953 2041 4009 Per
2067 3955 2352 4010 Dominum
2375 3962 2637 4010 nostrum.
3369 3938 3377 3947 ’

2522 4064 2752 4122 CAPUT
2792 4065 2908 4120 XII.

2296 4158 2460 4213 Missa
2494 4151 2843 4231 plurimoru'm
2878 4167 3187 4227 martyrum.

2012 4268 2155 4326 Deus
2179 4269 2273 4341 qui
2300 4270 2504 4325 sanctis
2548 4270 2879 4339 martyribus
2903 4270 2969 4324 ad
2996 4269 3377 4339 sempiternam
3400 4269 3516 4341 310-

1936 4364 2078 4419 riam
2104 4362 2353 4418 veniendi
2397 4363 2675 4432 copiosum
2724 4377 2919 4416 munus
2961 4362 3151 4433 gratiae
3193 4363 3471 4418 contulisti
3498 4403 3515 4429 ,

1860 4452 1912 4512 Ι)
1937 4455 2003 4509 da
2031 4454 2188 4509 nobis
2209 4452 2425 4508 famulis
2452 4453 2558 4507 tuis
2579 4462 2885 4507 nostrorum
2906 4453 3120 4507 veniam
3147 4461 3514 4523 peccatorum,

1939 4554 1998 4600 ut
2026 4554 2336 4601 sanctorum
2387 4554 2600 4599 tuorum
2660 4545 3121 4601 intercedentibus
3166 4547 3401 4612 meritis,
3445 4548 3514 4603 ab

1939 4637 2192 4696 omnibus
2221 4651 2529 4692 mereamur
2565 4636 2981 4691 adversitatibus
3028 4638 3276 4704 liberari,
3330 4648 3519 4708 quate-

1940 4741 2043 4783 nus
2072 4727 2138 4781 ad
2162 4741 2351 4781 eorum
2390 4740 2490 4781 nos
2522 4724 2689 4779 facias
2720 4725 2914 4793 gaudia
2941 4733 3140 4780 aeterna
3168 4728 3476 4798 pertingere
3498 4767 3515 4795 ,

1941 4819 2007 4874 de
2036 4834 2267 4889 quorum
2297 4833 2398 4873 nos
2423 4818 2626 4874 virtute
2657 4817 2849 4871 tribuis
2894 4818 3206 4887 quotidiana
3261 4819 3519 4877 solemni-

1941 4916 2050 4963 tate
2077 4908 2331 4980 gaudere.
2360 4907 2484 4962 Per.

2010 4998 2186 5052 Lectio
2234 4997 2356 5051 libri
2388 4996 2674 5068 ApoCalyp.
2704 4996 2840 5051 beati
2861 4995 3083 5054 Joannis
3113 5009 3281 5071 apost.
3311 5000 3369 5056 In
3401 5001 3514 5057 die—

1938 5089 2040 5143 bus
2067 5088 2194 5154 illis,
2222 5088 2329 5142 vidi
2359 5088 2572 5142 turbam
2601 5103 2875 5158 magnam,
2905 5104 3066 5158 quam
3093 5090 3460 5145 dinumerare.

2010 5176 2290 5248 Sequetttia
2310 5178 2480 5232 sancti
2495 5176 2766 5248 Evangelii
2784 5180 3071 5233 secundum
3099 5180 3431 5235 Mamurram.
3456 5180 3514 5235 In

1937 5270 2029 5326 illo
2056 5279 2317 5341 tempore,
2344 5270 2534 5326 videns
2583 5270 2741 5327 Jesus
2769 5274 2972 5337 turbas,
3006 5274 3249 5328 ascendit
3276 5274 3330 5327 in
3362 5289 3515 5328 ωοιιο

1940 5372 2068 5417 tem.
2096 5362 2165 5416 Et
2191 5377 2312 5417 cum
2337 5363 2584 5427 sedisset,
2614 5372 2960 5421 accesserunt
3003 5366 3072 5418 ad
3115 5378 3238 5419 eum
3265 5363 3513 5435 discipuli

1938 5451 2091 5519 ejus;
2123 5459 2178 5507 et
2222 5453 2470 5523 aperiens
2519 5468 2583 5510 os
2612 5470 2775 5535 suum
2808 5495 2822 5519 ,
2863 5454 3088 5510 docebat
3113 5469 3205 5509 eos
3230 5493 3245 5516 ,
3282 5454 3466 5511 dicens
3496 5474 3510 5510 :

1937 5544 2087 5599 Beati
2113 5559 2380 5615 pauperes
2406 5546 2634 5617 spiritu,
2666 5546 2941 5615 quoniam.

2012 5634 2182 5705 Super
2202 5634 2398 5689 oblata.
2430 5637 2672 5705 Suscipe,
2714 5636 2957 5701 Domine,
2988 5649 3231 5698 munera,
3264 5649 3385 5704 qua
3413 5636 3513 5693 tibi

3041 5724 3116 5783 15
