4038 6336
504 241 607 299 459

1352 250 1407 303 Β.
1450 251 1508 305 F.
1554 250 1773 304 ALBINI
1815 250 1942 305 SEU
1984 248 2255 306 ALCCINI
2293 248 2571 305 OPERUM
2614 249 2788 306 PARS
2824 250 2912 306 IV.

3643 252 3744 307 460

506 360 560 415 in
590 359 795 415 honore
828 370 1138 416 sanctorum
1174 364 1480 433 martyrum
1521 374 1734 419 tuorum
1761 364 1825 418 de
1851 372 1939 417 tua
1964 362 2070 417 Iar-
2100 366 2145 423 Α
2174 363 2274 417 hac
2298 362 2520 417 basilica
2546 361 2785 431 reliquiae
2809 369 2938 417 sunt
2966 361 3275 417 reconditae.
3301 361 3405 417 Per
3432 360 3737 421 Dominum.

503 452 672 524 gitate
713 450 1041 520 deferimus,
1092 460 1151 507 ut
1203 468 1388 509 eorum
1438 455 1915 511 intercessionibus
1962 455 2077 510 haec

502 551 850 598 sacrosancta
876 543 1151 614 mysteria,
1197 544 1384 614 gratiae
1415 553 1519 600 tua:
1555 554 1813 616 operante
1838 545 2036 599 virtute
2057 583 2074 608 ,

501 632 785 701 praesentis
820 632 943 687 vitae
965 648 1064 687 nos
1087 634 1494 689 conversatione
1514 634 1855 690 sanctiﬁcent
1883 672 1898 699 ,
1924 642 1979 689 et
2007 634 2075 688 ad

502 720 698 799 gaudia
727 721 1056 792 sempiterna
1084 721 1403 792 perducant.
1433 718 1554 779 Per.

574 813 972 868 Postcommun.
1000 812 1082 868 Sit
1109 814 1284 878 nobis,
1310 815 1554 882 Domine,
1586 814 1856 886 reparatio
1879 815 2075 871 mentis

500 911 556 957 et
604 906 844 975 corporis
888 906 1108 960 caeleste
1153 908 1469 977 mysterium
1497 946 1514 972 ,
1562 907 1717 978 cuius
1760 909 2075 978 operatione

499 1008 803 1063 precamur,
829 1005 888 1051 ut
919 998 1047 1051 vitia
1078 1006 1259 1051 nostra
1290 1006 1586 1068 purgentur
1605 1038 1623 1065 ,
1653 1006 1709 1054 et
1735 997 2075 1053 interceden-

499 1086 642 1141 tibus
667 1086 868 1141 sanctis
896 1088 1224 1157 martyribus
1261 1088 1388 1152 tuis,
1424 1085 1573 1155 justa
1620 1088 1886 1144 desideria
1929 1102 2073 1143 com-

498 1176 767 1244 pleantur.
803 1176 924 1231 Per.

569 1265 709 1319 Alia.
743 1260 1095 1335 Omnipotens
1122 1269 1448 1338 sempiterne
1479 1268 1641 1334 Deus,
1679 1270 1769 1339 qui
1800 1269 2073 1323 abundans

500 1356 572 1409 tia
602 1356 820 1425 pietatis
847 1362 951 1409 tum
980 1366 1036 1410 et
1066 1358 1257 1411 merita
1281 1358 1578 1428 supplicum
1604 1359 1821 1414 excedis
1844 1367 1898 1412 et
1926 1368 2071 1424 vota,

499 1442 711 1501 effunde
760 1462 922 1516 super
967 1463 1066 1502 nos
1107 1448 1531 1504 misericordiam
1561 1457 1733 1514 tuam,
1764 1456 1825 1502 ut
1868 1449 2075 1502 meritis

500 1545 798 1609 martyrum
853 1547 1065 1593 tuorum
1097 1539 1340 1594 dimittas
1374 1541 1528 1595 nobis
1558 1540 1739 1596 omnia
1781 1555 1901 1609 qua:
1948 1556 2075 1594 con-

498 1629 724 1684 scientia
765 1631 955 1685 metuit
984 1671 997 1688 .
1049 1639 1104 1685 et
1144 1630 1366 1700 adjicias
1393 1647 1511 1700 quae
1538 1632 1712 1687 oratio
1737 1646 1843 1685 non
1869 1646 2074 1707 prtesu-

499 1723 614 1777 init.
646 1722 766 1779 Per.

486 1818 491 1821 ‘
1087 1790 1316 1848 CAPUT
1353 1792 1490 1846 Xlll.

707 1881 873 1936 Missa
900 1883 953 1935 in
980 1882 1199 1936 ecclesia
1229 1893 1530 1937 sanctorum
1554 1892 1842 1952 martyrum

564 1972 880 2042 Propitiare,
910 1973 1155 2039 Domine,
1194 1974 1350 2029 nobis
1378 1972 1593 2028 famulis
1622 1974 1731 2027 tuis
1756 1989 1853 2044 per
1877 1974 2072 2028 borum

495 2072 792 2133 martyrum
823 2072 1060 2128 tuorum,
1089 2064 1180 2133 qui
1220 2064 1272 2118 in
1311 2064 1561 2134 praesenti
1607 2064 1948 2133 requiescunt
1986 2079 2074 2118 ec-

494 2153 675 2217 clesia,
720 2154 915 2209 merita
956 2155 1207 2226 gloriosa,
1234 2164 1294 2210 ut
1317 2171 1505 2210 eorum
1549 2156 1636 2225 pia
1684 2157 2073 2211 intercessione

410 2248 413 2255 '
494 2245 563 2299 ab
586 2246 837 2300 omnibus
875 2254 1223 2317 protegamur
1266 2246 1528 2300 adversis.
1556 2245 1660 2300 Per
1689 2245 1995 2300 Dominum.

563 2335 737 2390 Lectio
790 2336 912 2390 libri
966 2336 1271 2406 Sapientia.
1303 2336 1508 2406 Lingua
1540 2336 1861 2405 sapientium
1912 2342 2073 2389 ornat

493 2429 814 2493 scientiam,
857 2444 918 2484 os
947 2427 1216 2482 fatuorum
1252 2427 1445 2481 ebullit
1470 2427 1734 2481 stultiam.

474 2576 479 2581 ,
564 2520 849 2591 Sequentia
895 2520 1062 2573 sancfi
1114 2517 1389 2589 Evangelii
1434 2518 1722 2572 secundum
1753 2516 1968 2571 Lucam.
2011 2531 2068 2570 ιιι

493 2611 584 2665 illo
606 2619 867 2681 tempore,
912 2611 1047 2665 dixit
1076 2609 1234 2665 Jcsus
1273 2610 1550 2681 discipulis
1579 2610 1726 2664 suis:
1761 2608 1880 2663 Sint
1902 2607 2071 2663 lumbi

496 2703 662 2757 vestri
688 2701 987 2773 prteciucti,
1017 2709 1072 2756 et
1097 2700 1331 2756 lucernae
1359 2702 1629 2756 ardentes.

566 2791 798 2846 Secreta.
854 2790 1125 2861 Suscipiat
1164 2791 1406 2846 Ecclesia
1439 2788 1769 2862 [clementia]
1794 2799 1915 2855 tua,
1959 2789 2066 2843 Do-

494 2883 657 2948 mine,
688 2898 1008 2952 quzcsumus,
1034 2882 1101 2937 de
1123 2883 1371 2937 manibus
1390 2883 1585 2938 vestris
1607 2881 1853 2955 [nostris]
1876 2898 2072 2938 munus

493 2973 750 3037 oblatum,
783 2983 836 3026 et
864 2988 960 3042 per
985 2973 1177 3027 horum
1202 2973 1485 3028 beatorum
1517 2984 1818 3044 martyrum
1850 2982 2065 3029 tuorum

2244 452 2634 509 Postcommun.
2681 453 2871 509 Divina
2920 453 3155 509 libantes
3188 454 3442 523 mysteria
3468 493 3485 518 ,
3530 470 3743 523 quaesu-

2174 560 2319 623 mus.
2346 545 2589 609 Domine,
2626 553 2687 600 ut
2714 559 2901 600 eorum
2924 559 3025 599 nos
3056 544 3255 612 ubique
3274 543 3594 599 intercessio
3621 560 3743 614 pro-

2175 640 2347 704 tegat,
2380 649 2605 702 quorum
2656 634 2746 688 hic
2780 648 2935 688 sacra
2967 632 3263 704 gaudemus
3289 634 3600 703 prtesentia.
3643 634 3744 690 Per

2172 721 2478 777 Dominum.

2246 813 2417 885 Super
2439 815 2710 885 populum.
2733 813 2959 880 Exaudi,
2997 812 3222 869 Domine
3259 813 3421 879 Deus,
3451 815 3744 869 clementer

2175 905 2227 958 in
2254 905 2358 959 bac
2378 906 2535 959 domo
2564 914 2654 958 tua
2679 919 2870 974 preces
2900 920 3179 960 servorum
3205 912 3439 969 tuorum,
3479 914 3745 973 quatenus

2174 993 2386 1049 illorum
2425 994 2634 1049 meritis
2656 1004 2800 1048 tuam
2826 1009 3222 1063 consequamur
3242 994 3496 1062 gratiam,
3512 1004 3742 1063 quorum

2173 1082 2261 1137 hic
2285 1082 2583 1153 patrocinia
2606 1098 2946 1138 veneramur.
2964 1083 3086 1138 Per.

2764 1190 2991 1247 CAPUT
3029 1191 3146 1245 XV.

2538 1300 2705 1356 Missa
2730 1302 3033 1373 quotidiana
3056 1313 3380 1357 sanctorum.

2244 1410 2403 1477 Deus,
2439 1411 2530 1480 qui
2572 1425 2671 1466 nos
2699 1412 2872 1465 beatae
2914 1410 3096 1465 Mariae
3138 1427 3353 1481 semper
3382 1413 3610 1482 virginis
3633 1453 3647 1477 ,
3693 1422 3747 1466 et

2172 1503 2453 1557 beatorum
2486 1502 2847 1572 apostolon
2873 1542 2887 1566 ,
2937 1511 3236 1574 martyrum
3265 1543 3281 1568 ,
3327 1503 3702 1559 confessorem
3727 1540 3744 1569 ,

2174 1593 2441 1663 virginum
2466 1602 2628 1662 atque
2653 1593 2894 1647 omnium
2940 1593 3100 1648 simul
3147 1602 3457 1648 sanctorum
3494 1596 3748 1650 continua

2103 1705 2148 1764 Β
2174 1680 2416 1736 laetiﬁcas
2458 1681 2835 1746 solemnitate;
2885 1690 3082 1751 praesta
3106 1723 3121 1746 ,
3171 1697 3500 1751 quaesumus,
3529 1693 3589 1737 ut
3612 1699 3751 1754 quos

2175 1771 2487 1840 quotidiana
2524 1786 2848 1826 veneramur
2874 1771 3049 1827 oﬂicio
3072 1813 3086 1836 ,
3113 1774 3277 1828 etiam
3320 1776 3426 1844 pize
3462 1789 3752 1830 conversa-

2175 1860 2335 1915 tionis
2360 1875 2647 1930 sequamur
2677 1861 2943 1931 exemplo.
2972 1863 3094 1918 Per.

2244 1950 2476 2006 Secreta.
2507 1950 2726 2005 Munera
2752 1952 2869 2017 tibi,
2914 1952 3159 2018 Domine,
3202 1963 3404 2009 nostra:
3446 1954 3751 2009 devotionis

2171 2039 2470 2105 offerimus,
2505 2055 2623 2111 quae,
2654 2048 2708 2095 et
2731 2056 2829 2111 pro
2856 2050 3071 2097 tuorum
3096 2044 3192 2099 tibi
3221 2052 3378 2115 grata
3406 2046 3515 2099 sint
3546 2046 3751 2099 honore

2172 2138 2483 2185 sanctorum
2508 2169 2523 2198 ,
2555 2138 2610 2185 et
2639 2130 2796 2187 nobis
2824 2121 3081 2187 salutaﬁa
3110 2173 3127 2199 ,
3168 2142 3222 2189 te
3267 2135 3558 2190 miserante
3582 2174 3597 2199 ,
3629 2143 3755 2189 τωο

2174 2222 2374 2277 dantur

2242 2309 2634 2368 Postcommun.
2668 2313 2893 2379 Praesta,
2943 2330 3272 2384 quzesumus,
3304 2316 3549 2381 Domine,
3572 2317 3749 2383 nobis,

2172 2401 2629 2459 intercedentibus
2657 2406 2898 2459 omnium
2925 2414 3232 2461 sanctorum
3275 2416 3490 2461 tuorum
3516 2408 3749 2473 meritis,

2171 2504 2229 2549 ut
2255 2511 2375 2565 quae
2402 2511 2497 2551 ore
2526 2498 2908 2570 contingimus,
2943 2514 3081 2569 puro
3131 2503 3292 2557 corde
3319 2502 3611 2571 capiamus.
3644 2500 3754 2557 Per

2171 2583 2458 2640 Dominum
2483 2596 2749 2642 nostrum.

2241 2674 2410 2746 Super
2436 2677 2702 2748 papulum.
2734 2678 2840 2735 Fac
2886 2696 3013 2748 nos,
3066 2682 3290 2739 Domine
3329 2684 3492 2749 Deus,
3539 2697 3744 2743 sancta!
3831 2681 3841 2691 ’

2171 2766 2352 2823 Maria:
2397 2785 2612 2840 semper
2662 2772 2886 2844 virginis
2925 2776 3181 2831 subsidiis
3208 2778 3407 2844 attolli,
3430 2788 3484 2833 et
3514 2778 3750 2850 gloriosa

2168 2859 2452 2915 beatorum
2512 2863 2906 2932 apostolorum,
2932 2875 3237 2939 martyrum
3270 2910 3284 2933 ,
3334 2870 3704 2927 confessorum
3733 2908 3752 2937 ,

2168 2950 2463 3022 virginum,
2497 2955 2845 3027 omniumque
2890 2959 3049 3013 simul
3075 2972 3386 3016 sanctorum
3416 2964 3756 3033 protectione

496 3062 816 3128 orationem,
850 3041 917 3117 ab
945 3064 1197 3119 omnibus
1222 3080 1322 3120 nos
1344 3064 1599 3119 emundet
1617 3041 1875 3135 peccatis.
1906 3062 2028 3119 Per.
2097 3050 2143 3112 (ἶ
2173 3041 2406 3135 defendi,
2440 3052 2498 3098 “t
2527 3046 2653 3100 dum
2699 3062 2886 3103 eorum
2926 3051 3130 3120 Parim"
3171 3054 3412 3122 (ἶυθίίίίίθ
3454 3054 3589 3110 res“
3614 3054 3761 3111 cclc‘

572 3155 673 3225 17
702 3155 784 3208 Ad
814 3155 1209 3227 Complendum.
1258 3155 1449 3210 Divina
1505 3155 1735 3229 libantes
1769 3155 2025 3226 mysteria
2052 3195 2067 3220 ,

495 3264 613 3318 quae
641 3263 739 3317 pro
770 3256 1081 3303 sanctorum
1121 3257 1421 3319 martyrum
1466 3256 1681 3303 tuorum
1722 3248 2071 3304 veneratione

495 3350 600 3395 tua:
626 3338 918 3394 obtulimus
944 3339 1233 3409 majestati.
1259 3347 1477 3407 prmsta,
1522 3354 1852 3408 quzesumus,
1884 3340 2068 3394 Domi-

496 3445 601 3493 ne,
634 3436 692 3481 ιιι
738 3443 833 3497 per
882 3442 945 3481 ea
988 3426 1199 3481 veniam
1241 3442 1547 3481 mereamur
1590 3436 1975 3498 peccatorum.
2018 3438 2071 3483 ει

495 3519 735 3573 cmlestis
762 3519 949 3590 gratize
962 3518 1116 3573 donis
1140 3516 1465 3572 reﬁciamur.
1502 3518 1604 3573 Per
1633 3518 1937 3573 Dominum.

568 3609 703 3662 Αὲἱα.
738 3610 832 3673 Da,
860 3618 1075 3663 :eterna:
1116 3609 1502 3664 consolationis
1529 3609 1691 3664 Pater
1721 3650 1735 3674 ,
1762 3624 1861 3680 per
1886 3611 2072 3665 beato—

498 3716 616 3755 rum
661 3710 958 3770 martyrum
996 3707 1209 3752 tuorum
1244 3714 1435 3767 preces
1462 3700 1656 3770 populo
1682 3707 1773 3754 tuo
1802 3715 1989 3769 pacem
2020 3708 2074 3753 et

498 3790 745 3855 salutem,
772 3801 831 3844 ut
855 3790 959 3844 tuis
981 3799 1086 3843 tota
1122 3789 1408 3844 dilectione
1450 3791 1746 3845 inhaereant
1786 3790 2071 3861 prteceptis

495 3891 549 3936 et
563 3898 680 3952 qum
710 3882 805 3936 tiiii
836 3882 1031 3952 placita
1060 3882 1186 3945 sint,
1219 3889 1329 3935 tota
1347 3881 1631 3953 perﬁciant
1649 3882 1941 3937 voluntate.
1971 3881 2074 3936 Per

497 3974 780 4028 Dominum
812 3983 1075 4028 nostrum.

1073 4063 1300 4119 CAPUT
1341 4064 1477 4118 XIV.

497 4153 562 4205 In
598 4152 763 4206 natal.
792 4165 1087 4207 sanctorum
1113 4194 1127 4217 ,
1159 4171 1380 4224 quarunt
1411 4154 1642 4223 reliquiae
1685 4154 1739 4206 in
1770 4170 1872 4206 una
1916 4154 2072 4207 domo

1190 4235 1332 4277 sunt.

566 4335 831 4399 Concede,
861 4352 1192 4404 quresumus,
1214 4336 1550 4405 omnipotens
1576 4336 1740 4401 Deus,
1780 4344 1841 4391 ut
1881 4345 2070 4393 sancta

496 4427 590 4481 Dei
621 4426 865 4481 Genitrix
888 4467 902 4491 ,
928 4428 1207 4494 sanctique
1236 4427 1312 4480 tui
1339 4427 1595 4496 apostoli,
1620 4436 1908 4499 martyres,
1939 4444 2067 4483 con-
2095 4412 2144 4470 ο

496 4520 751 4583 fessores,
778 4518 1013 4588 virgines
1048 4526 1207 4586 atque
1232 4533 1421 4572 omnes
1459 4520 1664 4583 sancti,
1714 4534 1944 4589 quorum
1985 4534 2069 4573 re-

497 4610 676 4679 liquite
702 4610 753 4664 in
776 4610 875 4664 ista
898 4610 1246 4664 continentur
1266 4609 1512 4675 ecclesia,
1538 4612 1836 4680 patrocinia
1861 4609 2068 4682 μῶναξ,

494 4702 832 4774 patrociniis]
861 4718 960 4756 nos
982 4702 1179 4772 ubique
1207 4700 1479 4769 adquent,
1512 4710 1781 4771 quatenus
1820 4702 1908 4756 hic
1954 4700 2072 4755 illo-

499 4808 618 4848 rum
644 4793 894 4862 prtescnti
932 4790 1186 4860 suffragio
1214 4791 1507 4862 tranquilla
1534 4807 1668 4861 pace
1708 4793 1760 4846 in
1801 4800 1891 4846 tua
1912 4790 2070 4845 laude

495 4884 760 4939 httemur.
790 4883 911 4937 Per.

568 4974 704 5027 Item
744 4973 872 5028 otia.
908 4973 1178 5028 Auxilium
1208 4982 1357 5027 tuum
1389 4974 1564 5037 nobis,
1592 4974 1837 5037 Do‘mine,
1860 4988 2072 5041 qutesu-

496 5083 640 5132 mus,
682 5067 925 5137 placatus
966 5066 1212 5135 impende
1239 5107 1253 5131 ,
1293 5075 1348 5121 ct
1386 5065 1840 5119 intercedentibus
1871 5064 2073 5119 sanctis

497 5159 605 5214 tuis
630 5199 647 5223 ,
693 5173 924 5228 quorum
968 5157 1022 5211 in
1052 5158 1156 5212 hac
1182 5158 1434 5226 pnesenti
1482 5157 1723 5211 Ecclesia
1773 5156 2069 5225 patrocinia

495 5250 750 5321 colligere
800 5250 1106 5305 curavimus
1131 5288 1145 5311 ,
1194 5248 1279 5303 fac
1319 5265 1416 5303 nos
1455 5251 1523 5304 ab
1555 5251 1703 5304 omni
1748 5251 2072 5305 adversitate

496 5342 757 5406 liberari,
782 5350 840 5397 et
866 5342 920 5395 in
949 5349 1152 5395 aeterna
1183 5339 1363 5394 lzetitia
1392 5341 1625 5408 gaudere
1653 5356 1772 5394 cum
1800 5341 1920 5397 illis.
1951 5340 2072 5394 Per.

568 5434 792 5489 Munera
842 5446 977 5497 tute,
1025 5433 1336 5487 misericors
1365 5432 1508 5486 Deus
1534 5472 1549 5495 ,
1592 5432 1859 5501 majestati
1895 5433 2074 5488 oblata

497 5528 752 5597 benigno,
776 5541 1104 5596 quaesumus,
1136 5525 1346 5594 suscipe
1372 5524 1587 5588 intuitu,
1629 5535 1690 5580 ut
1715 5541 1902 5580 eorum
1925 5526 2079 5580 nobis

500 5617 748 5683 precibus
787 5616 916 5671 ﬁant
964 5617 1263 5682 salutaria,
1316 5632 1547 5688 quorum
1596 5619 1979 5674 sacratissima:
2022 5618 2074 5671 in

2175 3134 2419 3198 bramus,
2438 3149 2626 3189 eorum
2653 3138 2859 3205 pariter
2886 3140 3125 3208 quotidie
3149 3142 3216 3195 ab
3235 3144 3485 3199 omnibus
3510 3144 3759 3201 adversis

2172 3233 2523 3295 protegamur
2550 3229 2771 3284 auxilio.
2804 3230 2927 3285 Per.

2763 3346 2990 3404 CAPUT
3027 3350 3165 3405 XVI.

2674 3437 2837 3493 Missa
2859 3457 2953 3509 pro
2980 3443 3227 3496 inimicis.

2242 3551 2384 3609 Deus
2433 3553 2581 3623 pacis
2635 3554 3021 3625 cliaritatisque
3073 3567 3285 3614 amator
3329 3568 3384 3615 et
3426 3568 3630 3627 custos,
3680 3561 3755 3618 da

2172 3643 2423 3699 omnibus
2463 3643 2697 3700 inimicis
2736 3646 2940 3701 nostris
2987 3661 3177 3715 pacem
3206 3649 3637 3720 charitatemque
3663 3663 3762 3705 ve-

2173 3745 2308 3793 ram,
2340 3739 2762 3802 cunctorumque
2790 3735 2871 3789 eis
2896 3736 3267 3791 remissionem
3307 3739 3481 3794 tribue
3505 3747 3763 3809 peccato—

2174 3838 2317 3888 rum,
2345 3839 2550 3893 nosque
2576 3826 2645 3879 ab
2673 3838 2863 3881 eorum
2890 3826 3100 3883 insidiis
3121 3838 3368 3897 potenter
3396 3831 3565 3902 eripe.
3593 3830 3720 3887 Per.

2245 3916 2474 3971 Secreta.
2511 3917 2734 3982 Oblatis,
2762 3919 3007 3986 Domine,
3038 3938 3363 3992 qutesumus,
3391 3925 3609 3995 placare
3638 3942 3763 3981 mu—

2174 4009 2393 4065 neribus
2424 4029 2436 4063 :
2470 4020 2525 4064 ct
2553 4026 2649 4065 nos
2671 4013 2740 4065 ab
2770 4012 3004 4068 inimicis
3034 4017 3235 4071 nostris
3261 4016 3556 4071 clementer
3577 4019 3754 4089 eripe,

2172 4100 2358 4169 eisque
2380 4101 2761 4172 indulgentiam
2788 4104 2963 4159 tribue
2988 4105 3326 4161 delictorum.
3344 4107 3449 4162 Per
3466 4106 3761 4163 Dominum

2174 4198 2437 4246 nostrum.

2242 4283 2322 4335 Ad
2352 4282 2747 4353 Complendum.
2781 4286 2922 4340 Deus
2949 4286 3041 4357 qui
3080 4286 3309 4342 famulos
3337 4296 3478 4352 tuos,
3512 4287 3763 4359 Moysen,

2174 4370 2411 4438 Samuel,
2451 4382 2505 4428 et
2559 4373 2893 4444 Stephanum
2932 4385 3385 4447 protomartyrem
3422 4379 3622 4432 virtute
3658 4393 3765 4447 pa-

2173 4464 2375 4519 tientiae
2400 4466 2630 4530 donasni,
2676 4474 2733 4521 ut
2775 4483 2877 4537 pro
2920 4484 3137 4523 suorum
3167 4469 3379 4524 delictis
3407 4470 3767 4526 inimicorum

2172 4557 2548 4625 :equanimiter
2584 4568 2901 4623 exorarent;
2934 4560 3000 4613 da
3027 4561 3202 4627 nobis,
3238 4577 3549 4631 quaesumus
3573 4603 3586 4627 ,
3633 4578 3765 4618 om-

2173 4646 2323 4699 nium
2370 4647 2579 4701 meritis
2626 4656 2960 4714 sanctorum,
3001 4658 3060 4704 ut
3088 4650 3336 4706 inimicos
3364 4661 3582 4707 nostros
3612 4667 3766 4709 vere

2174 4734 2476 4790 dilectionis
2514 4751 2696 4791 amore
2721 4737 3003 4808 diligamus
3022 4779 3037 4803 ,
3064 4753 3358 4809 eorumque
3382 4755 3481 4810 pro
3518 4742 3768 4795 excessi—

2175 4827 2276 4881 bus
2309 4836 2417 4882 tota
2448 4828 2644 4882 mentis
2681 4828 2976 4884 intentione
3023 4845 3213 4900 preces
3253 4832 3496 4888 assiduas
3532 4812 3588 4887 in
3626 4847 3768 4889 con-

2175 4926 2361 4986 spectu
2395 4917 2691 4986 majestatis
2716 4926 2820 4973 tuae
2846 4918 3147 4975 fundamus.
3182 4920 3305 4975 Per.

2686 5028 2793 5099 ιε
2823 5028 3055 5086 CAPUT
3085 5032 3245 5088 xvn.

2481 5135 2645 5193 Missa
2674 5156 2767 5210 pro
2790 5142 3066 5211 conﬁtente
3090 5154 3300 5214 peccata
3328 5162 3446 5201 sua.

2248 5247 2599 5319 Omnipotens
2626 5252 2949 5320 sempitemc
2975 5254 3136 5319 Deus,
3183 5261 3275 5326 qui
3318 5276 3378 5316 es
3423 5274 3603 5323 verus,
3632 5275 3772 5316 san-

2177 5353 2299 5399 ctus
2331 5383 2347 5409 ,
2390 5352 2445 5399 et
2471 5354 2780 5401 sanctorum
2808 5349 3047 5402 omnium
3074 5327 3371 5419 protector,
3399 5352 3498 5407 tibi
3529 5354 3616 5423 pio
3644 5351 3769 5406 Do—

2178 5437 2328 5491 mino
2353 5436 2561 5492 devotis
2586 5436 2855 5492 mentibus
2881 5438 3084 5493 hostias
3108 5440 3285 5497 laudis
3302 5441 3603 5509 offerimus,
3630 5457 3775 5513 sup—

2178 5527 2495 5598 pliciterque
2519 5544 2619 5599 pro
2652 5528 2853 5583 famulo
2881 5537 2972 5586 tuo
2999 5530 3062 5584 N.
3088 5533 3460 5603 deprecamur,
3501 5543 3561 5588 ut
3596 5535 3646 5589 ei
3669 5535 3775 5588 in-

2180 5618 2505 5688 dulgentiam
2554 5620 2761 5674 tribuas
2801 5621 3041 5676 omnium
3072 5622 3391 5680 delictorum
3419 5640 3674 5689 suorum,
3709 5633 3787 5680 et
