4038 6336
290 242 389 301 ιω

1212 244 1596 309 LITURCICA.
1619 284 1688 292 —
1722 254 1924 309 LIBER
1958 255 2587 317 SACRAMENTORL’M.

3435 260 3542 318 46³1

291 372 366 413 ne
408 352 609 415 iterum
654 358 722 413 ad
751 357 1078 415 voluntatem
1105 363 1311 430 peccati
1345 363 1529 418 redeat
1550 404 1563 428 ,
1604 364 1871 433 propitius
1903 370 1945 426 Α
1976 364 2205 422 illustret
2227 407 2243 433 ,
2289 372 2505 426 roboret
2531 386 2596 426 ac
2623 369 2904 426 conﬁrmet
2938 410 2952 435 ,
3004 371 3276 440 praeterita
3320 382 3542 442 peccata

289 463 419 503 eum
446 449 719 504 custodire
742 450 998 520 digneris.
1029 451 1133 506 Per
1159 451 1441 507 Dominum
1462 464 1726 509 nostrum.

362 538 599 593 Secreta.
631 539 892 610 Suscipe,
940 540 1357 597 clementissime
1399 553 1553 613 pater
1578 582 1594 609 ,
1641 538 1874 599 hostiam

288 630 614 701 placationis
642 640 697 687 et
719 632 913 698 laudis,
943 649 1079 705 quas
1111 650 1210 705 ego
1238 636 1487 707 indignus
1520 646 1576 693 et
1618 647 1875 708 peccator

288 723 528 781 famulus
548 730 670 780 tuus
692 724 786 781 tibi
808 726 1004 781 offerre
1026 740 1292 797 praesumo
1312 730 1378 784 ad
1402 730 1661 785 honorem
1691 731 1875 801 gloria!

288 818 529 875 nominis
578 817 697 882 tui,
732 825 788 872 et
827 832 927 889 pro
970 811 1336 875 incolumitate
1373 820 1559 876 famuli
1606 824 1685 876 tui
1713 822 1778 876 N.
1814 830 1874 879 ut

289 910 537 963 omnium
563 909 881 965 delictorum
902 924 1122 964 suorum
1145 912 1358 966 veniam
1379 913 1635 981 consequi
1665 928 1874 968 merea-

291 1006 404 1051 tur.
439 996 543 1051 Per
570 996 855 1055 Dominum
884 992 1150 1055 nostrum.

366 1086 761 1142 Postcommun.
789 1087 1097 1155 Precamur,
1126 1090 1373 1159 Domine,
1421 1100 1484 1147 ut
1532 1093 1872 1150 interceden-

289 1175 439 1229 tibus
468 1177 668 1231 sanctis
697 1178 802 1233 tuis
838 1195 938 1249 pro
965 1178 1163 1237 famulo
1191 1191 1282 1237 tuo
1304 1182 1370 1237 N.
1406 1184 1791 1255 indulgentiam
1818 1187 1867 1242 ei

288 1264 501 1318 tribuas
542 1265 783 1320 omnium
824 1277 1203 1337 peccatorum,
1250 1286 1385 1341 opus
1427 1271 1545 1343 ejus
1583 1274 1638 1327 in
1668 1275 1868 1329 bonum

287 1353 575 1423 perﬁcias;
605 1371 734 1410 nam
776 1367 832 1411 et
855 1360 1084 1428 gratiam
1115 1371 1263 1416 tuam
1305 1360 1354 1416 ei
1397 1366 1701 1429 concedas,
1733 1362 1861 1431 ﬁde,

287 1461 389 1517 spe
416 1455 473 1501 et
497 1447 764 1504 charitate
800 1464 924 1504 eum
970 1451 1206 1520 repleas,
1236 1460 1471 1511 mentem
1516 1452 1632 1523 ejus
1661 1457 1726 1509 ad
1759 1471 1891 1511 εφη

286 1537 448 1595 lestia
498 1541 769 1597 desideria
802 1543 1010 1615 erigas,
1048 1553 1104 1600 et
1130 1545 1198 1599 ab
1228 1547 1373 1602 omni
1404 1549 1716 1605 diversitate
1742 1566 1865 1607 eum

286 1629 583 1696 defendas,
619 1638 676 1686 et
725 1633 794 1688 ad
836 1632 1031 1689 bonam
1065 1638 1520 1705 perseverantiam
1578 1642 1863 1711 perducas.

288 1716 399 1774 Per
424 1718 735 1775 Dominum.

860 1831 1086 1892 CAPUT
1126 1836 1311 1893 XVIII.

368 1942 527 1998 Uitta
556 1958 651 2013 pro
690 1942 859 1997 salute
888 1944 1116 1999 vivorum
1157 1957 1206 2000 et
1244 1949 1418 2018 requie
1446 1960 1791 2008 mortuorum.

362 2053 713 2124 Omnipotens
746 2054 1068 2124 sempiterne
1115 2055 1289 2121 Deus,
1338 2059 1430 2128 qni
1474 2060 1722 2117 vivorum
1767 2065 1865 2119 do-

286 2145 517 2200 minaris
544 2143 701 2199 simul
730 2151 786 2199 et
823 2153 1156 2200 mortuorum
1183 2187 1200 2211 ,
1257 2149 1604 2220 omniumque
1651 2150 1821 2223 [Adde
1845 2194 1860 2219 ,

288 2232 594 2307 misereris]
657 2249 791 2304 quos
856 2244 976 2290 tuos
1008 2235 1112 2290 ﬁde
1171 2245 1226 2292 et
1270 2251 1432 2307 opere
1500 2238 1708 2296 futuros
1744 2257 1865 2298 esse

283 2326 602 2396 praenoscis,
635 2333 689 2380 te
738 2325 1050 2397 suppliciter
1082 2342 1268 2395 exoro,
1304 2337 1364 2383 ut
1414 2345 1513 2402 pro
1555 2332 1751 2401 quibus
1786 2331 1863 2388 ef-

283 2415 514 2472 fundere
549 2431 741 2487 preces
766 2417 1010 2483 decrevi;
1042 2433 1281 2488 quosque
1304 2419 1389 2476 vel
1415 2435 1654 2491 praesens
1697 2438 1863 2477 saecu-

284 2509 402 2563 lum
426 2510 603 2564 adhuc
630 2510 685 2564 in
729 2525 890 2565 carne
913 2511 1130 2577 retinet,
1158 2512 1241 2566 vel
1268 2511 1505 2568 futurum
1529 2512 1643 2582 jam
1671 2523 1864 2571 exutos

285 2614 518 2669 corpore
542 2602 797 2671 suscepit,
824 2603 1041 2672 pietatis
1071 2612 1173 2659 tuae
1193 2605 1476 2660 clementia
1494 2644 1511 2670 ,
1544 2607 1861 2663 delictorum

280 2704 507 2745 suorum
564 2693 775 2747 veniam
827 2702 1251 2763 consequantur.
1295 2694 1398 2751 Per
1440 2696 1725 2754 Dominum
1765 2716 1862 2754 no-

281 2787 461 2835 Istrum
485 2779 668 2837 Iesum
690 2782 988 2839 Christum.

359 2870 591 2927 Secreta.
623 2872 796 2938 Deus,
827 2876 914 2930 cui
942 2876 1042 2930 soli
1069 2877 1314 2947 cognitus
1347 2887 1430 2934 est
1454 2895 1710 2936 numerus
1754 2881 1863 2937 ele-

276 2970 501 3017 ctorum
537 2962 592 3016 in
628 2976 858 3033 superna
904 2964 1161 3021 felicitate
1202 2967 1549 3024 locandorum
1575 3011 1591 3036 ,
1642 2972 1817 3027 tribue
1839 3011 1856 3037 ,

1975 455 2266 526 indulegat,
2288 461 2572 527 praesentia
2596 476 2661 515 ac
2682 460 2863 516 futura
2882 469 3129 532 protegat
3154 477 3220 518 ac
3250 463 3537 520 defendat:

1975 547 2047 601 sit
2071 561 2264 603 manus
2289 542 2501 605 Domini
2529 552 2837 607 auxiliatrix
2865 553 2966 617 tui,
2996 562 3052 609 et
3096 555 3375 611 brachium
3416 572 3545 613 san-

1972 645 2119 692 ctum
2167 635 2289 705 ejus
2339 640 2434 694 tibi
2473 642 2727 698 auxilium
2755 646 3013 700 concedat
3060 647 3309 705 omnibus
3353 650 3541 706 diebus

1971 728 2095 781 vitae
2123 736 2246 782 tuae.
2278 729 2469 784 Amen.

2040 816 2331 873 Benedicat
2347 820 2605 905 Dominus
2626 823 2789 879 corda
2814 834 2869 879 et
2890 842 3115 897 corpora
3137 839 3341 895 nostra,
3370 842 3427 889 et
3452 835 3543 891 det

1972 920 2135 976 super
2166 924 2265 964 nos
2296 908 2752 979 benedictionem,
2795 916 2934 970 sicut
2968 917 3119 977 Isaac
3146 920 3422 979 benedixit
3451 924 3544 980 Ja-

1970 997 2094 1050 cob.
2128 996 2316 1053 Manus
2343 998 2556 1055 Domini
2582 1016 2743 1070 super
2763 1019 2881 1069 nos,
2909 1007 3088 1062 mittat
3113 1011 3359 1081 angelum
3383 1030 3539 1071 suum
3620 1038 3625 1041 “

1970 1089 2266 1155 custodem,
2293 1092 2385 1161 qui
2412 1093 2679 1147 custodiat
2711 1110 2812 1149 nos
2840 1096 2893 1150 in
2917 1098 3167 1155 omnibus
3194 1103 3295 1157 viis
3317 1107 3540 1172 nostris,

1968 1177 2320 1248 perﬁciatque
2343 1197 2564 1251 gressus
2602 1192 2817 1240 nostros
2840 1225 2855 1250 ,
2886 1196 2947 1240 ut
2973 1202 3079 1241 non
3108 1202 3422 1249 moveantur
3450 1211 3542 1250 ve-

1970 1269 2129 1341 stigia
2170 1279 2389 1336 nostra,
2432 1272 2567 1328 foris
2605 1290 2703 1330 nos
2749 1285 2999 1349 protegat
3042 1288 3202 1349 atque
3249 1283 3540 1349 defendat.

1970 1357 2115 1414 intus
2144 1362 2456 1418 corroboret
2487 1373 2544 1419 et
2574 1363 2859 1422 conﬁrmet
2895 1368 2947 1422 in
2989 1372 3138 1425 omni
3165 1372 3307 1430 bono
3334 1385 3389 1431 et
3424 1376 3543 1433 feli-

1969 1448 2152 1504 citate.
2184 1448 2377 1506 Amen.

2265 1560 2502 1649 ϐραδεῖα,
2525 1583 2682 1638 super
2700 1568 2964 1639 judicium
2992 1570 3238 1627 dicenda.

2040 1669 2391 1743 Omnipotens
2416 1680 2741 1747 scmpiterne
2780 1682 2953 1748 Deus,
2987 1687 3077 1754 qui
3108 1697 3197 1741 tua
3221 1687 3423 1757 judicia
3460 1691 3542 1747 in-

1966 1764 2333 1817 commutabili
2365 1767 2713 1835 dispositione
2736 1769 2916 1838 justus
2942 1774 3137 1844 ubique
3155 1777 3319 1846 judex
3348 1780 3538 1837 decer-

1966 1852 2073 1917 nis,
2106 1862 2162 1908 tu
2186 1855 2421 1913 clemens
2456 1860 2508 1912 in
2536 1860 2638 1916 hoc
2681 1871 2770 1917 tuo
2792 1864 3016 1933 judicio,
3053 1868 3118 1922 ad
3145 1868 3540 1930 invocationem

1971 1944 2075 2016 19
2105 1949 2278 2003 sancti
2325 1952 2401 2004 tui
2444 1954 2697 2021 nominis,
2720 1959 2861 2026 quod
2888 1974 2918 2014 a
2953 1969 3003 2014 te
3038 1960 3273 2018 ﬁdelium
3309 1966 3540 2022 intentio

1964 2035 2240 2106 implorat,
2281 2048 2370 2095 tua
2394 2039 2695 2110 justissima
2728 2049 3125 2107 examinatione
3150 2054 3381 2110 declara’.
3414 2056 3536 2111 Per.

2036 2127 2063 2166 δ
2102 2127 2235 2182 Item
2260 2130 2386 2185 alia.
2432 2134 2573 2189 Deus
2608 2133 2772 2203 judcx
2802 2137 3002 2207 justus,
3028 2142 3183 2198 fortis
3215 2155 3270 2201 et
3302 2148 3534 2215 patiens,

1964 2215 2054 2287 qui
2081 2226 2270 2272 auctor
2287 2222 2436 2288 pacis
2458 2238 2537 2285 es,
2559 2233 2613 2278 et
2634 2224 2843 2295 iudicas
2866 2232 3192 2300 aequitatem.
3232 2236 3309 2290 Tu
3329 2235 3534 2305 judica,

1964 2308 2106 2376 quod
2128 2306 2331 2376 justum
2361 2321 2466 2378 est,
2509 2314 2823 2383 Domine,ct
2845 2330 3050 2376 rectum
3070 2322 3331 2391 judicium
3354 2334 3535 2383 tuum:

1963 2398 2055 2466 qui
2085 2401 2305 2469 respicis
2326 2418 2485 2472 super
2508 2413 2729 2472 terram,
2761 2417 2816 2464 et
2829 2409 2962 2467 facis
2987 2429 3106 2469 eam
3130 2423 3377 2473 tremere.
3433 2419 3536 2483 Tu,

1963 2487 2105 2544 Deus
2129 2492 2487 2562 omnipotens,
2518 2497 2609 2565 qui
2636 2513 2734 2567 per
2760 2501 3045 2558 adventum
3064 2491 3188 2561 Filii
3210 2510 3288 2563 tui
3319 2509 3535 2566 Domini

1963 2584 2133 2638 nostri
2157 2585 2283 2641 .lesu
2307 2585 2507 2642 Christi
2534 2592 2792 2647 mundum
2839 2596 3078 2664 salvasti,
3119 2607 3171 2653 et
3193 2615 3289 2671 per
3310 2604 3544 2660 sanctis-

1963 2673 2155 2729 simam
2199 2677 2316 2748 ejus
2359 2681 2664 2750 passionem
2711 2699 2879 2754 genus
2905 2689 3197 2746 humanum
3241 2694 3535 2750 redemisti.

1962 2764 2042 2819 Tu
2058 2767 2197 2822 hanc
2226 2784 2420 2839 aquam
2445 2770 2566 2841 igne
2594 2770 2907 2840 ferventem,
2940 2779 3053 2834 sive
3073 2778 3272 2849 ferrum
3296 2783 3533 2839 calidum

1961 2854 2258 2923 sanctiﬁca,
2295 2858 2385 2928 qui
2411 2866 2520 2915 tres
2552 2876 2769 2930 pueros,
2804 2865 2858 2919 id
2880 2875 2985 2933 est,
3034 2867 3243 2936 Sidrac,
3277 2871 3442 2929 Misac
3484 2884 3542 2929 et

1960 2945 2269 3020 Abdenego,
2309 2951 2532 3021 jubente
2552 2971 2678 3027 rege
2700 2956 3213 3030 Nabuchodonosor,
3241 2965 3295 3019 in
3324 2969 3539 3025 camino

274 3068 492 3123 quaeso,
528 3063 590 3109 ut
629 3057 1003 3112 universorum
1033 3096 1048 3123 ,
1076 3075 1212 3129 quos
1244 3062 1298 3115 in
1325 3063 1569 3118 oratione
1594 3077 1861 3120 commen-
1887 3054 1934 3119 C
1963 3035 2118 3135 ignis”
2169 3054 2392 3135 δοεθιιξα
2418 3042 2655 3113 romae,
2681 3046 2898 3107 salvam
2932 3049 3149 3123 ΠῙίθΞθδν
3178 3062 3231 3108 εί
3262 3070 3360 3130 Per
3381 3073 3539 3135 3959‘

273 3143 447 3201 datos
472 3146 713 3216 suscepi,
738 3148 822 3203 vel
851 3150 1090 3204 omnium
1125 3150 1359 3207 ﬁdelium
1398 3154 1613 3209 nomina
1639 3195 1655 3220 ,
1698 3155 1866 3209 beata;

274 3238 774 3307 praedestinationis
816 3239 956 3295 liber
994 3244 1229 3314 ascripta
1265 3246 1510 3300 retineat.
1553 3245 1658 3301 Per
1682 3246 1865 3301 Domi-

280 3343 447 3383 num.

362 3419 751 3478 Postcommun.
792 3424 994 3480 Divinas
1024 3426 1247 3499 largitor
1283 3428 1357 3502 [F
1359 3440 1492 3496 orte,
1525 3432 1665 3490 Deus
1694 3438 1864 3492 venia:

278 3511 537 3585 largitor]
566 3522 621 3569 et
647 3504 895 3571 humanm
924 3518 1112 3574 salutis
1140 3530 1369 3587 amator,
1419 3540 1726 3594 quaesumus
1754 3530 1863 3585 cle-

279 3604 550 3659 mentiam
579 3614 820 3670 tuam,ut
845 3609 1061 3662 nomina
1090 3608 1410 3667 famulorum
1434 3614 1862 3687 famularumque

280 3703 509 3747 tuarum
530 3734 545 3758 ,
569 3710 685 3765 quin
713 3696 803 3751 hic
830 3698 920 3767 pio
952 3698 1252 3756 dilectionis
1293 3703 1470 3757 oﬂicio
1500 3706 1703 3775 pariter
1735 3722 1864 3762 con-

278 3783 633 3854 scripsimus,
662 3785 714 3841 in
749 3787 888 3843 libro
911 3789 1060 3855 vitae,
1093 3792 1453 3849 miserationis
1493 3804 1596 3850 tute
1643 3798 1811 3866 gratia
1844 3838 1859 3865 ,

271 3873 482 3944 iubeas
529 3876 815 3931 conscribi.
877 3876 981 3932 Per
1038 3878 1323 3936 Dominum
1380 3893 1623 3938 nostrum
1678 3884 1861 3942 Iesum

275 3963 591 4020 Christum.

588 4092 615 4122 ι
654 4078 1189 4140 BENEDICTIONES
1228 4085 1569 4143 DIVERSJE.

359 4211 653 4269 Benedicat
682 4222 735 4271 te
761 4215 1017 4273 Dominus
1046 4233 1111 4283 ex
1140 4217 1290 4284 Sion,
1317 4222 1407 4290 qui
1432 4221 1558 4276 fecit
1586 4224 1780 4280 cmlum
1805 4236 1860 4280 et

1965 3126 2078 3181 lum
2110 3137 2259 3184 tuum
2285 3132 2541 3190 eduxisti.
2590 3138 2690 3204 Tu,
2728 3140 2965 3198 clemens
2989 3126 3335 3207 sanctissime
3364 3126 3538 3208 donni-

1964 3227 2141 3287 nator,
2178 3230 2392 3290 praesta,
2445 3234 2505 3280 ut
2532 3228 2576 3282 si
2623 3230 2881 3289 innocens
2939 3237 3005 3291 de
3052 3237 3154 3294 hoc
3177 3239 3322 3299 furto
3348 3244 3431 3298 vel
3475 3244 3541 3301 de

1960 3317 2165 3378 stupro,
2199 3312 2253 3366 in
2277 3328 2471 3383 aquam
2493 3317 2633 3373 hanc
2663 3321 2785 3389 igne
2822 3321 3138 3395 ferventem,
3188 3331 3301 3387 sive
3338 3332 3539 3390 ferrum

1961 3399 2191 3456 calidum
2217 3420 2433 3461 manum
2464 3424 2616 3464 suam
2638 3413 2865 3479 miserit,
2906 3418 3045 3474 sicut
3073 3428 3186 3477 tres
3229 3438 3425 3494 pueros
3450 3442 3541 3482 suo

1961 3502 2058 3556 pra
2086 3490 2257 3547 dictos
2285 3494 2338 3548 in
2367 3498 2578 3553 camino
2626 3502 2765 3572 ignis
2788 3506 3015 3575 solvisti,
3058 3518 3113 3565 et
3138 3490 3439 3570 Susannam
3471 3520 3538 3573 de

1960 3579 2095 3635 falso
2120 3584 2343 3641 crimine
2367 3589 2626 3657 liberasti,
2682 3595 2754 3649 ita
2807 3598 2873 3653 de
2913 3601 3015 3657 hac
3069 3619 3225 3674 aqua,
3278 3607 3399 3679 igne
3428 3608 3539 3665 fer-

1961 3679 2137 3738 vente,
2177 3674 2289 3728 sive
2312 3675 2457 3732 ferro
2485 3681 2681 3749 calido,
2728 3702 2946 3744 manum
2999 3692 3201 3750 salvam
3238 3674 3538 3756 etvillzesam

1959 3760 2175 3817 educat.
2254 3764 2310 3820 Si
2364 3784 2494 3824 vero
2523 3772 2733 3843 culpam
2775 3778 3086 3846 ingravante
3142 3785 3352 3843 diabolo
3380 3830 3395 3853 ,
3444 3807 3541 3846 cor

1961 3851 2264 3908 induratum
2292 3866 2695 3930 praesumpserit
2744 3867 2795 3921 in
2843 3870 2981 3925 hanc
3025 3888 3221 3943 aquam
3277 3877 3400 3948 igne
3434 3879 3540 3934 fer-

1959 3952 2194 4010 ventem,
2244 3949 2356 4003 sive
2398 3949 2601 4009 ferrum
2648 3958 2900 4026 calidum,
2958 3979 3173 4020 manum
3218 3983 3371 4025 suam
3408 3974 3534 4027 mit-

1960 4041 2096 4101 tere,
2144 4044 2232 4093 tua
2254 4039 2553 4109 justissima
2607 4049 2806 4105 veritas
2861 4053 2960 4109 hoc
2983 4054 3236 4126 declaret,
3280 4064 3409 4119 etin
3441 4066 3538 4120 hu-

1953 4126 2044 4197 jus
2069 4143 2290 4199 corpore
2314 4141 2458 4190 tuam
2479 4138 2762 4196 veritatem
2792 4144 3095 4215 manifesta,
3140 4161 3198 4206 ut
3235 4156 3411 4211 anima
3441 4173 3541 4227 per

1957 4218 2327 4285 pmnitentiam
2377 4226 2629 4284 salvetur.
2694 4232 2759 4287 Et
2805 4236 2848 4291 si
2896 4239 3176 4310 culpabilis
3221 4258 3319 4314 per
3361 4218 3537 4319 aliqua

278 4311 521 4365 terram,
550 4302 606 4358 in
639 4306 898 4376 sapientia
939 4324 1034 4362 sua
1072 4309 1440 4365 benedictione
1479 4321 1678 4368 aztcrna
1704 4355 1718 4378 ,
1768 4318 1859 4385 qui
1889 4393 1924 4400 _
1960 4309 2251 4380 ῐῐιέιῙὲῙὶοὶέί,
2294 4327 2388 4372 aut
2429 4335 2525 4387 per
2570 4322 2765 4380 herbas
2797 4365 2811 4391 ν
2860 4341 3079 4400 peccata
3139 4349 3233 4390 sua
3291 4302 3536 4397 contueri

280 4393 573 4449 meam;
596 4410 783 4452 omnes
809 4408 1024 4454 sanch
1067 4408 1248 4470 pan-es
1297 4411 1510 4458 ῃοςῃ-ος
1552 4412 1605 4460 ει
1634 4406 1860 4474 patriar.
1889 4393 1938 4453 ι)
1963 4400 2213 4496 voluerit,
2271 4414 2359 4461 tua
2407 4408 2630 4467 dextera
2682 4414 2785 4471 hoc
2813 4393 3077 4478 evacuare
3119 4424 3385 4496 dignetur.
3436 4429 3537 4486 Per

278 4484 430 4538 chas
477 4480 714 4551 nostros,
760 4487 1054 4553 Abraham,
1102 4490 1253 4547 Isaac
1282 4501 1338 4545 et
1362 4490 1529 4549 Jacob
1553 4535 1568 4559 ,
1597 4504 1653 4550 et
1685 4497 1862 4551 multi-

279 4572 461 4645 plieet
484 4573 538 4627 in
569 4582 621 4630 te
650 4577 874 4646 gratiam
908 4593 1062 4634 suam
1088 4581 1380 4649 spiritalem
1401 4624 1415 4649 ,
1439 4585 1579 4641 sicut
1607 4587 1861 4657 multipli-

278 4661 443 4716 cavit
488 4678 670 4720 semen
696 4681 881 4722 eorum
909 4677 1163 4741 tanquam
1205 4674 1389 4747 stellas
1432 4677 1587 4744 eteli,
1621 4687 1678 4733 et
1720 4679 1867 4735 velut

281 4765 521 4808 arenam
549 4770 670 4825 qua:
695 4765 778 4812 est
803 4758 857 4812 in
887 4759 1065 4815 littore
1091 4764 1275 4828 maris,
1304 4765 1415 4833 ipse
1437 4775 1682 4838 protegat
1704 4777 1867 4838 atque

278 4843 550 4901 defendat
576 4850 825 4907 omnibus
852 4852 1040 4910 diebus
1069 4856 1191 4909 vitae
1220 4865 1343 4922 tuae,
1371 4868 1425 4913 et
1452 4861 1708 4930 perducat
1731 4871 1782 4918 te
1811 4864 1864 4917 in

283 4947 525 5004 regnum
549 4935 733 5007 gloriae
752 4955 882 4995 suae.
914 4942 1107 4997 Amen.

362 5022 610 5094 Aspiciat
636 5029 691 5083 in
734 5037 790 5085 te
828 5031 1054 5090 Creator
1099 5045 1351 5104 :eternus,
1381 5053 1667 5099 conservet
1711 5046 1762 5100 in
1814 5052 1867 5100 te

278 5115 527 5186 gratiam
552 5133 725 5187 suam,
748 5136 911 5192 quam
941 5142 1102 5197 super
1136 5138 1186 5183 te
1220 5129 1432 5197 infudit,
1462 5142 1693 5190 mentem
1720 5146 1865 5192 tuam

276 5214 473 5278 regat,
500 5211 617 5266 vias
646 5220 767 5268 tuas
798 5215 1025 5289 dirigat,
1057 5222 1408 5293 cogitationes
1458 5236 1578 5282 tuas
1622 5229 1675 5283 in
1725 5230 1868 5287 bono

364 5375 397 5403 ι
427 5364 558 5434 Quae
586 5378 903 5451 sequuntur,
932 5374 983 5428 in
1007 5377 1194 5433 codice
1213 5395 1319 5449 quo
1342 5379 1712 5455 Quercetanus
1743 5403 1871 5443 usus

364 5442 404 5497 ι,
440 5436 768 5499 Appendtcis
791 5442 907 5499 loco
930 5446 1171 5499 subiecta
1198 5458 1341 5499 sunt.

272 5442 404 5497 est.
440 5442 768 5507 Appendicis
791 5442 907 5499 loco
930 5446 1171 5515 subjecta
1198 5442 1385 5504 sunt."
1444 5448 1451 5455 ’
1857 5442 1863 5443 ⁷

367 5505 398 5543 ι’
436 5504 739 5595 Concor‘dat
766 5512 820 5565 in
847 5514 1115 5595 aliquibus
1135 5533 1256 5595 cum
1279 5520 1650 5595 benedictione
1696 5540 1869 5595 aqua),

273 5589 460 5651 g‘uatn
482 5591 546 5630 ex
562 5580 763 5651 _veteri
785 5580 968 5638 codice
1000 5584 1267 5641 Uticensis
1293 5593 1603 5646 monasterii
1656 5580 1874 5651 cxiiihet

271 5643 537 5701 liartene
562 5648 637 5703 De
658 5650 893 5722 antiquis
930 5653 1180 5711 Ecclesia:
1213 5659 1422 5714 [litibus
1449 5643 1869 5737 mminifjiiiél

1965 4491 2296 4561 unigenitum
2328 4497 2608 4555 Dominum
2644 4514 2884 4563 nostrum
2925 4507 3104 4568 Iesum
3132 4491 3403 4575 Christum
3444 4521 3535 4578 Fi-

1965 4581 2094 4637 lium
2120 4592 2289 4652 tuum,
2308 4590 2397 4657 qui
2425 4600 2596 4648 tecum
2621 4596 2750 4651 vivit
2771 4608 2824 4652 et
2852 4612 3040 4672 regnat
3068 4605 3229 4673 Deus,
3258 4608 3311 4664 in
3331 4611 3537 4666 unitate

1967 4669 2199 4744 Spiritus
2217 4681 2409 4748 sancti,
2432 4697 2531 4752 per
2552 4688 2733 4742 omnia
2759 4669 2953 4745 saecula
2976 4695 3316 4754 seculorum.
3340 4700 3534 4759 Amen.

2260 4786 2295 4831 'c
2338 4793 2617 4852 Orationes
2645 4800 2716 4853 ad
2740 4800 2897 4857 horas
2926 4808 3224 4864 canonicos.

2037 4874 2221 4934 Oratio
2266 4882 2336 4936 ad
2387 4881 2646 4941 Primam.
2739 4890 2881 4948 Deus
2908 4934 2924 4959 ,
2975 4896 3068 4965 qui
3112 4899 3179 4953 ad
3212 4902 3536 4975 principium

1968 4966 2124 5023 istius
2167 4971 2273 5026 diei
2300 4989 2398 5043 per
2438 4984 2585 5032 tuam
2629 4982 2856 5050 gratiam
2889 5002 2988 5043 nos
3016 4966 3297 5059 pervenire
3338 4966 3533 5062 fecisti,

1967 5066 2058 5113 tua
2107 5077 2206 5117 nos
2245 5064 2391 5120 salva
2433 5067 2660 5136 virtute;
2707 5082 2767 5127 ut
2818 5075 2873 5129 in
2927 5079 3029 5135 hac
3082 5083 3169 5139 die
3214 5085 3281 5139 ad
3330 5086 3534 5141 nullum

1968 5151 2295 5210 declinemus
2323 5167 2622 5227 peccatum,
2671 5167 2764 5221 sed
2783 5181 2998 5239 semper
3018 5172 3084 5229 ad
3108 5181 3251 5229 tuam
3269 5177 3536 5245 justitiam

1969 5241 2272 5301 faciendam
2298 5258 2479 5305 nostra
2502 5258 2799 5323 procedant
2817 5262 3050 5334 eloquia.
3090 5264 3194 5322 Per
3227 5241 3533 5323 Dominum.

1970 5396 2175 5488 46?,'et
2200 5416 2320 5488 cum
2345 5404 2510 5488 altera
2536 5411 2740 5488 p._474,
2770 5422 2825 5469 et
2846 5430 2969 5488 pag.
2992 5417 3115 5473 482.

2043 5477 2065 5506 ο
2106 5469 2226 5525 Istae
2252 5469 2614 5561 orationes'ad
2652 5469 2817 5561 horas
2832 5469 3383 5561 earfonieashinsertm
3407 5507 3537 5561 quo-

1971 5551 2095 5661 3:182
2097 5553 2245 5662 5sunt
2288 5544 2496 5604 Libello
2546 5550 2856 5610 Precatorio
2898 5556 3073 5611 Caroli
3112 5557 3285 5625 Calvi,
3316 5544 3537 5633 pag‘féi
