4038 6336
363 325 473 387 455

1192 398 1195 401 _
1241 332 1625 393 LITURGICA.
1664 367 1734 376 --
1770 337 1857 393 DE
1896 338 2141 395 PSALM.
2184 341 2337 404 USU.
2380 377 2445 385 -—
2482 347 2658 403 PARS
2692 350 2729 404 Ι.

3512 355 3618 410 466

437 435 583 491 Deus
616 433 707 507 qui
734 436 1119 507 discipulorum
1144 448 1355 495 tuorum
1391 443 1557 511 pedes
1577 444 1815 507 abluens,
1853 446 1942 513 pio
1969 454 2016 508 Α
2044 460 2217 505 torum
2243 461 2474 522 tuorum,
2503 474 2688 512 eorum
2714 460 2935 514 obtentu
2965 460 3031 515 de
3053 470 3144 519 tuo
3190 464 3306 519 sine
3329 465 3434 520 line
3470 466 3617 525 icto-

360 522 564 581 aﬂ'ectu
606 527 686 581 eis
723 529 1024 596 exemplum
1070 533 1381 599 pnebuisti.’
1409 536 1825 605 mandatumque
1856 538 1943 591 de-

357 610 492 668 disti
522 629 537 668 :
565 616 799 671 concede
824 619 1107 687 propitius,
1132 629 1197 672 ut
1245 636 1349 691 per,
1381 623 1697 693 obsequium
1722 625 1941 679 manda—

2047 558 2168 596 ntur
2190 556 2427 615 aspectu.
2476 550 2577 615 Qui
2600 551 2734 604 vivis
2759 560 2814 605 et
2842 567 3051 622 regnas.

375 757 3607 796 ———————————-—-—————-————————-——————-—__.__._._____‘

1046 885 1150 975 21
1210 869 1650 984 OPUSC
1667 869 2053 983 ULUM
2136 867 2939 985 SECUNDUM.

832 1097 1035 1202 DE
1156 1093 2107 1202 PSALMORUM
2241 1093 2538 1200 USU
2665 1094 3121 1206 LIBER

894 1312 1038 1370 CUM
1074 1311 1300 1370 VARIIS
1333 1310 1684 1369 FORMULIS
1721 1308 1814 1364 AD
1848 1307 1981 1364 RES
2018 1308 2480 1377 QUOTIDIANAS
2512 1311 3063 1372 ACCOMMODATIS.

1791 1447 2190 1462 *—

1652 1540 1900 1618 PARS
1975 1539 2315 1616 PRIMA.
2342 1610 2371 1643 ,

991 1738 1113 1784 HOC
1158 1738 1338 1794 OPUS,
1381 1737 1503 1782 HOC
1546 1740 1802 1783 CARMEN
1837 1764 1855 1796 ,
1898 1736 2068 1791 QUOD
2110 1736 2334 1780 CERNIS
2376 1737 2657 1780 ΤΠΑΜΙΤΕ
2702 1740 2965 1792 ωσι-οη,

1350 1839 1657 1881 ALCUINUS
1702 1835 1934 1880 DOMINI
1977 1836 2163 1879 FECIT
2205 1834 2461 1880 BONORE
2505 1834 2625 1877 θυι.

918 2056 953 2088 ⁷⁸
984 2042 1367 2100 ΡΒίΕῈΑΤΙΟ.

421 2161 723 2233 Prophetiie
755 2158 974 2230 spiritus
996 2171 1101 2211 non
1123 2170 1336 2224 semper
1364 2153 1747 2224 prophetarum
1773 2168 1926 2206 men-

348 2257 498 2309 tibus
520 2259 716 2322 praesto
740 2257 842 2314 est,
873 2255 1136 2318 quatenus
1159 2261 1279 2299 cum
1303 2258 1513 2312 semper
1537 2244 1679 2297 hunc
1702 2257 1806 2295 non
1835 2244 1927 2295 ha-

346 2345 499 2406 bent,
525 2358 583 2398 se
603 2343 743 2397 hunc
765 2348 1056 2411 agnoscant
1077 2354 1143 2393 ex
1158 2336 1537 2406 .donohahere,
1561 2328 1681 2389 cum
1703 2334 1921 2387 habent.

348 2433 509 2491 Unde
527 2433 785 2504 propheta
813 2431 1051 2493 Elisaeus,
1086 2444 1208 2484 cum
1230 2428 1296 2482 de
1324 2425 1519 2480 futuris
1542 2433 1686 2480 esset
1698 2425 1925 2493 requisi—

346 2533 461 2589 ιω,
483 2534 541 2578 ut
570 2524 863 2594 prophetize
889 2522 1133 2591 spiritum
1164 2519 1268 2574 sibi
1314 2519 1500 2573 deesse
1523 2518 1757 2589 agnovit,
1784 2516 1925 2585 psal-

347 2623 464 2669 κω
493 2614 617 2669 fecit
655 2612 930 2683 applicari,
980 2620 1041 2665 ut
1082 2610 1374 2681 prophetite
1415 2609 1481 2662 ad
1516 2610 1658 2664 hunc
1704 2610 1923 2678 spiritus

344 2717 449 2773 per
497 2703 705 2758 laudem
757 2702 1064 2772 psalmodiae
1100 2700 1116 2772 Ῐ
1149 2700 1297 2770 Apud
1357 2697 1565 2764 Quem,
1617 2699 1923 2769 spalmodiaa

344 2793 605 2861 spalmis;
630 2795 702 2846 ita
728 2790 945 2862 semper]
970 2790 1333 2852 descenderet,
1366 2798 1526 2860 atque
1540 2789 1654 2859 ejus
1685 2790 1921 2843 animum

341 2883 419 2936 de
442 2883 634 2938 futuris
654 2882 884 2952 repleret
916 2879 1020 2952 (IV
1048 2880 1173 2950 Reg.
1188 2879 1279 2943 'm,
1302 2879 1408 2947 l5).
1469 2881 1582 2934 Vox
1609 2881 1752 2934 enim
1782 2879 1923 2949 psal-

342 2973 544 3027 niodize
576 2987 698 3026 cum
728 2986 821 3041 per
844 2970 1193 3025 intentionem
1221 2970 1397 3024 cordis
1423 2970 1624 3037 agitur,
1654 2985 1751 3038 per
1782 2970 1922 3024 hanc

339 3064 699 3133 omnipotenti
726 3064 833 3118 Deo
855 3063 922 3117 ad
934 3078 1030 3118 cor
1051 3063 1153 3117 iter
1169 3070 1406 3131 paratur,
1432 3071 1491 3117 ut
1515 3063 1731 3117 intenta:
1754 3062 1920 3116 menti

339 3155 433 3210 vel
466 3157 755 3226 prophetiae
790 3155 1064 3226 mysteria,
1111 3156 1195 3209 vel
1232 3155 1659 3224 compunctionis
1688 3153 1919 3222 gratiam

338 3245 611 3301 infundat.
647 3246 797 3302 Unde
818 3246 1078 3314 scriptum
1110 3253 1195 3300 est
1224 3260 1238 3298 :
1271 3244 1603 3313 Sacri/icium
1635 3244 1807 3298 laudis
1827 3244 1921 3298 lio-

339 3337 639 3405 noriﬁcabit
662 3354 763 3402 me,
803 3346 851 3390 et
888 3336 1012 3393 illuc
1043 3337 1144 3391 iter
1185 3336 1324 3407 quod
1373 3336 1642 3391 ostendam
1674 3335 1751 3389 illi
1774 3335 1918 3389 salu-

336 3439 460 3482 tare
482 3427 578 3481 Dei
605 3425 776 3498 (Psal.
818 3442 965 3492 mx,
995 3426 1108 3499 25).
1144 3426 1203 3480 In
1233 3425 1498 3481 sacriﬁcio
1529 3426 1691 3495 igitur
1720 3425 1915 3481 divinae

336 3519 525 3575 laudis
566 3518 624 3577 ﬁt
660 3520 731 3574 ad
770 3517 953 3573 Iesum
984 3512 1104 3573 iter
1132 3517 1478 3581 ostensionis.
1518 3517 1642 3584 quia
1669 3516 1795 3570 diun
1818 3531 1915 3585 per

337 3610 696 3681 psalmodiam
712 3610 1054 3680 compunctio
1070 3609 1379 3674 eﬂunditur,
1397 3609 1482 3663 via
1504 3607 1657 3663 nobis
1681 3608 1733 3661 in
1749 3608 1915 3663 corde

333 3702 427 3764 ﬁt,
452 3717 549 3771 per
593 3718 753 3772 quam
779 3702 848 3757 ad
875 3701 1059 3757 Jesum
1105 3701 1401 3757 veniamus.
1440 3699 1670 3769 Dignum
1716 3697 1914 3767 quippe

332 3800 447 3856 est,
479 3800 537 3845 ut
587 3806 737 3847 mens
783 3808 814 3846 a
840 3791 1192 3862 praesentibus
1230 3790 1517 3853 universis,
1566 3789 1620 3842 in
1652 3795 1912 3857 quantum

330 3881 503 3947 valet,
534 3898 592 3937 se
613 3883 850 3948 mandet,
878 3892 933 3937 et
954 3882 1148 3937 divinis
1180 3882 1427 3937 laudibus
1463 3888 1626 3949 atque
1654 3880 1911 3948 spiritua-

329 3969 483 4028 lihus
532 3972 811 4039 inhaereat,
844 3979 903 4026 ut
929 3972 1170 4029 cdestia
1214 3972 1265 4026 ei
1296 3970 1621 4026 revelentur.
1651 3970 1793 4024 Nihil
1828 3980 1913 4026 est

328 4062 398 4126 in
423 4064 521 4118 hac
549 4063 759 4119 mortali
784 4064 915 4129 vita,
952 4064 1008 4118 in
1031 4078 1139 4133 quo
1166 4063 1433 4133 possimus
1453 4062 1561 4117 Deo
1595 4061 1912 4116 familiarius

328 4154 625 4219 inhaerere,
654 4169 816 4224 quam
860 4154 1027 4224 ipsius
1075 4153 1129 4213 in
1170 4152 1433 4209 laudibus.
1494 4151 1681 4206 Nullus
1729 4153 1911 4221 itaque

328 4243 643 4307 mortalium
664 4251 841 4314 potest
870 4257 971 4297 nec
1024 4242 1211 4309 verbo,
1264 4256 1366 4296 nec
1408 4250 1609 4305 mente,
1654 4242 1911 4297 virtutem

324 4330 685 4408 psalmorum,
717 4335 762 4390 si
790 4349 897 4388 non
920 4332 1053 4405 [Al.,
1071 4333 1160 4403 qui
1189 4332 1323 4404 non]
1337 4331 1619 4402 superﬁcie
1646 4332 1908 4396 labiorum

327 4434 565 4491 tantum,
592 4425 686 4480 sed
711 4425 915 4477 intenta
962 4432 1139 4478 mente
1172 4424 1227 4483 in
1256 4423 1637 4492 omnipotentis
1660 4423 1755 4478 Dei
1795 4424 1909 4478 lau-

322 4517 458 4574 dem
487 4524 776 4579 canuntur,
809 4515 1097 4583 explicare.

400 4607 461 4660 In
486 4606 706 4675 psalmis
730 4606 909 4675 itaque
940 4605 1236 4671 inveniens,
1266 4606 1312 4659 si
1346 4605 1553 4661 intenta
1576 4613 1758 4662 mente
1784 4620 1905 4675 per-

1943 3377 1992 3442 C

1955 2040 2006 2099 B
2027 2039 2374 2093 sericordiam
2400 2037 2495 2093 Dei
2522 2038 2588 2091 ad
2618 2046 2670 2093 te
2694 2054 2971 2107 provocas.
3023 2042 3223 2098 Omnes
3251 2048 3394 2099 enim
3434 2054 3603 2103 virtu-

2028 2137 2110 2184 tes
2135 2130 2190 2182 in
2237 2128 2455 2197 psalmis
2494 2130 2750 2189 invenies.
2794 2130 2838 2183 si
2868 2146 2897 2183 a
2929 2131 3038 2186 Deo
3072 2134 3335 2190 merueris
3360 2176 3375 2200 ,
3405 2147 3463 2191 ut
3504 2140 3600 2195 tibi

2027 2218 2227 2273 revelet
2262 2227 2469 2273 secreta
2491 2218 2819 2287 psalmorum

2440 2327 2653 2383 Primus
2696 2346 2821 2383 usus
2852 2330 3193 2400 psalmorum.

2096 2418 2153 2473 Si
2185 2419 2266 2473 vis
2291 2434 2387 2488 pro
2413 2420 2648 2487 peccatis
2671 2419 3161 2489 tulspmnitentiam
3193 2438 3373 2492 agere,
3396 2439 3449 2480 et
3472 2444 3602 2483 cou-

2025 2509 2254 2563 fessione
2281 2519 2627 2579 peccatorum
2657 2518 2875 2563 tuorum
2910 2510 3121 2564 veniam
3151 2528 3342 2582 rogare
3364 2515 3598 2580 del‘ctis.

2024 2608 2282 2667 quantum
2319 2598 2465 2652 vales
2511 2598 2732 2661 intente,
2785 2615 2892 2653 non
2929 2600 3240 2656 celebritate
3291 2606 3598 2670 verborum.

2022 2689 2117 2744 sed
2140 2695 2319 2743 mente
2340 2689 2626 2759 cogitando
2657 2704 2719 2743 ac
2744 2691 3055 2753 scrutando,
3099 2692 3323 2747 deeanta
3349 2705 3601 2764 septenos

2023 2780 2255 2848 psalmos
2298 2778 2601 2842 Davidicos,
2654 2794 2882 2848 quorum
2916 2780 3128 2834 initium
3172 2782 3277 2837 duo
3309 2798 3323 2836 :
3357 2783 3599 2852 Domine,

2024 2888 2086 2924 ne
2134 2871 2187 2923 in
2211 2870 2422 2939 furore;
2475 2877 2531 2923 et
2565 2870 2691 2933 duo,
2748 2869 2989 2933 Domine,
3037 2871 3261 2937 exaudi;
3292 2873 3443 2927 Beati
3468 2893 3600 2947 quo-

2023 2978 2137 3015 rum
2162 2960 2387 3013 remissa’
2406 2968 2560 3022 sunt;
2600 2967 2654 3012 et
2685 2957 2928 3012 Miserere
2956 2961 3088 3023 mei;
3122 2959 3282 3025 Deus,
3310 2964 3596 3019 secundum

2020 3066 2295 3121 magnam;
2320 3057 2375 3103 et
2396 3048 2471 3103 De
2493 3048 2788 3118 profundis.
2832 3050 2892 3103 Et
2921 3050 3198 3105 celerrime
3225 3052 3598 3111 iuvenics'cle-

2020 3144 2277 3196 mentiam
2306 3138 2419 3194 Dei.

2583 3233 2856 3289 Secundus
2886 3252 3031 3289 usus.

2093 3327 2149 3381 Si
2169 3328 2250 3382 vis
2285 3337 2519 3383 mentem
2573 3336 2717 3381 tuam
2773 3327 3035 3396 spirituali
3069 3330 3264 3398 gaudio
3317 3339 3370 3382 et
3407 3328 3596 3383 laetitia

2020 3416 2341 3482 illuminare,
2373 3427 2427 3471 et
2458 3433 2707 3488 magnam
2746 3433 2894 3487 spem
2926 3417 2991 3473 de
3019 3417 3112 3472 Dei
3143 3418 3473 3489 indulgentia
3501 3420 3597 3475 tibi

2012 3509 2363 3577 promittere;
2406 3518 2460 3563 et
2489 3509 2533 3562 si
2555 3508 2635 3563 vis
2657 3524 2832 3572 orare,
2876 3510 3027 3564 mitte
3080 3519 3310 3564 mentem
3345 3519 3490 3564 tuam
3529 3512 3598 3566 ad

2014 3600 2268 3654 virtutem
2317 3598 2648 3668 psalmorum
2681 3615 2907 3669 quorum
2937 3601 3146 3655 initium
3188 3610 3301 3655 est:
3357 3600 3592 3669 Exaudi,

2013 3690 2256 3754 Domine,
2275 3691 2541 3760 justitiam
2568 3709 2732 3745 meum
2750 3708 2768 3755 ;
2788 3693 2867 3745 Ad
2886 3703 2953 3758 te,
2972 3693 3215 3758 Domine,
3240 3694 3400 3769 (quvi
3415 3714 3433 3760 ;
3456 3694 3595 3749 Deus

2011 3779 2068 3833 in
2092 3781 2296 3833 nomine
2318 3790 2442 3843 tuo;
2475 3780 2614 3834 Deus
2638 3783 2946 3836 misereatur
2974 3786 3169 3848 nostri,
3196 3783 3337 3837 Deus
3359 3787 3413 3839 in
3439 3786 3595 3855 adju-

2013 3869 2234 3933 torium;
2255 3868 2319 3922 In
2333 3878 2398 3935 te,
2420 3870 2653 3935 Domine,
2673 3872 2871 3941 speravi
2886 3871 3048 3943 [.Edit.
3067 3872 3178 3927 Col.
3198 3873 3362 3927 addit.
3381 3871 3552 3945 LXX]
3573 3889 3590 3938 ;

2013 3958 2242 4026 Inclina,
2272 3960 2512 4015 Domine.
2567 3963 2630 4015 Et
2654 3961 2957 4017 nullatenus
3001 3966 3204 4033 puteris
3238 3976 3329 4019 tua
3376 3967 3593 4037 propria

2011 4051 2209 4123 lingua,
2226 4070 2324 4109 nec
2346 4054 2579 4109 humano
2603 4071 2762 4109 sensu
2779 4064 2883 4125 tam
2899 4057 3133 4125 perfecte
3158 4060 3429 4113 miseriam
3445 4068 3591 4115 tuam

2012 4162 2076 4201 ac
2098 4148 2520 4213 tribulationem,
2548 4151 2957 4221 augustinmque
2980 4152 3084 4221 22
3112 4152 3445 4207 diversarum
3472 4160 3590 4208 ten-

2010 4237 2274 4292 tationum
2306 4240 2608 4308 explicare;
2658 4248 2711 4294 et
2754 4240 2896 4295 illius
2946 4243 3370 4297 misericordiam
3396 4243 3589 4315 implo-

2011 4342 2153 4395 rare,
2183 4345 2344 4399 quam
2365 4331 2420 4385 in
2456 4331 2540 4386 his
2562 4331 2803 4401 psalmis,
2836 4341 2889 4388 et
2903 4333 3112 4389 caeteris
3143 4334 3227 4390 his
3257 4335 3543 4392 similibus.

2118 4496 2123 4497 ν
2605 4421 2807 4477 Tertius
2843 4439 2986 4478 usus.

2081 4511 2136 4566 Si
2162 4512 2244 4567 vis
2268 4513 2689 4584 omnipotentem
2729 4516 2898 4571 Deum
2927 4516 3166 4585 laudare,
3196 4529 3248 4574 et
3275 4520 3441 4590 ipsius
3470 4539 3589 4581 nia~

2002 4602 2276 4672 jestatem,
2308 4606 2656 4675 omniumque
2684 4607 3069 4662 beneﬁciorum
3117 4623 3359 4676 suorum,
3394 4612 3588 4681 quibus

325 4697 608 4761 scruteris,
640 4703 696 4752 et
715 4695 779 4750 ad
820 4695 1152 4766 spiritualem
1194 4696 1524 4753 intellectum
1568 4696 1899 4765 perveneris,
1930 4728 1979 4787 ι)
2008 4694 2242 4749 humano
2274 4696 2452 4765 generi
2478 4697 2545 4751 ab
2581 4697 2735 4751 initio
2760 4697 2945 4751 mundi
2979 4698 3032 4751 in
3064 4700 3232 4753 veteri
3264 4704 3587 4758 testamento

325 4786 545 4843 Domini
571 4784 734 4841 Verbi
763 4787 1209 4850 incarnationem,
1252 4788 1681 4858 passionemque,
1735 4795 1789 4841 et
1822 4802 1904 4841 re-

324 4879 740 4943 surrectionem,
772 4887 934 4953 atque
964 4878 1353 4933 ascensionem.
1412 4877 1472 4932 ln
1501 4879 1724 4947 psalmis
1751 4879 1901 4933 inve—

323 4972 449 5025 nies
472 4978 582 5023 tam
613 4969 857 5023 intimam
891 4968 1213 5034 orationem,
1245 4969 1291 5023 si
1330 4970 1538 5023 intenta
1570 4977 1753 5023 mente
1784 4985 1907 5039 per-

322 5062 611 5128 scruteris,
641 5068 900 5131 quantum
930 5074 1037 5114 non
1079 5068 1233 5129 potes
1260 5076 1357 5130 per
1385 5061 1612 5131 teipsum
1641 5060 1906 5115 ullatenus

320 5154 651 5224 excogitare.
706 5152 763 5207 In
808 5152 1027 5222 psalmis
1056 5151 1297 5207 invenies
1322 5152 1567 5206 intimam
1610 5151 1905 5206 confessio-

318 5263 451 5302 nem
473 5253 818 5316 peccatorum
849 5252 1083 5310 tuorum,
1114 5252 1168 5298 et
1187 5245 1449 5314 integram
1472 5244 1902 5313 deprecationem

311 5336 523 5392 divina:
536 5344 698 5405 atque
710 5335 999 5390 Dominicaa
1026 5334 1425 5388 misericordias.
1455 5334 1513 5386 ιιι
1530 5333 1748 5402 psalmis
1770 5349 1903 5402 quo-

311 5443 432 5499 que
455 5428 698 5483 invenies
724 5427 966 5481 omnium
989 5442 1186 5489 rerum,
1218 5439 1335 5493 qua:
1359 5424 1452 5477 tibi
1479 5424 1747 5489 accidunt,
1776 5423 1901 5478 iuti-

312 5534 470 5575 mam
497 5518 794 5590 gratiarum
820 5518 1105 5572 actionem.
1184 5516 1240 5570 in
1273 5514 1489 5584 psalmis
1512 5514 1785 5569 confiteris
1814 5515 1898 5577 in-

310 5608 636 5664 ﬁrmitatem
665 5617 811 5661 tuam
843 5615 1004 5677 atque
1032 5607 1325 5671 miseriam,
1353 5614 1405 5659 et
1418 5620 1512 5675 per
1538 5604 1588 5658 id
1608 5604 1779 5673 ipsum
1800 5604 1900 5658 mi-

2004 4786 2340 4854 patriarchas
2364 4801 2427 4840 ac
2449 4786 2768 4854 prophetas;
2798 4788 2850 4839 in
2877 4802 3017 4841 novo
3052 4805 3266 4859 quoque
3291 4805 3388 4858 per
3412 4790 3587 4846 incar-

2003 4876 2278 4931 nationem
2332 4877 2648 4945 sempiterni
2698 4875 2821 4930 Filii
2854 4878 2934 4931 sui
2978 4878 3233 4933 misertus
3262 4888 3346 4934 est
3382 4885 3586 4953 gratias

2003 4984 2190 5040 agere:
2232 4968 2594 5023 decantaillos
2623 4968 2877 5038 psalmos,
2906 4986 3134 5047 quorum
3160 4972 3347 5029 titulus
3374 4983 3457 5027 est
3494 4974 3584 5027 Al-

2003 5059 2203 5124 leluia,
2263 5067 2317 5113 et
2379 5073 2608 5129 quorum
2676 5059 2889 5113 initium
2945 5070 3069 5125 est,
3138 5058 3245 5115 γει.
3308 5062 3375 5116 Et
3422 5078 3585 5132 super

2007 5167 2167 5207 omne
2202 5152 2305 5205 mel
2339 5158 2393 5205 et
2417 5150 2598 5206 favum
2629 5150 2982 5223 omnipotenti
3034 5151 3144 5215 Deo
3190 5151 3343 5209 dulce
3386 5167 3582 5207 munus

2006 5244 2221 5307 oﬂ'eres,
2250 5244 2295 5298 si
2342 5244 2397 5297 in
2440 5243 2525 5297 his
2547 5243 2766 5313 psalmis
2814 5244 3071 5299 continuo
3120 5243 3265 5297 illum
3290 5242 3475 5297 laudes
3516 5257 3584 5298 ac

2007 5335 2337 5406 magniﬁces.
2371 5334 2467 5389 Vel
2508 5334 2750 5390 Psalmus
2797 5353 2944 5401 LXXI,
2990 5352 3157 5399 Lxxu,
3189 5351 3386 5398 an;
3432 5332 3581 5390 Dixit

2007 5426 2283 5491 Dominus,
2315 5435 2443 5491 etc.,
2475 5443 2679 5498 usque:
2710 5428 2791 5481 Ad
2826 5428 3098 5482 Dominum
3122 5443 3239 5480 cum
3263 5427 3578 5494 tribitlarer;

2007 5513 2336 5583 Conﬁtemini
2362 5516 2617 5583 Domino;
2652 5516 2860 5582 Lauda,
2890 5517 3065 5570 anima
3093 5532 3227 5577 mea,
3258 5512 3574 5583 Dominum;

2006 5604 2241 5660 Laudato
2266 5605 2545 5661 Dominum
2568 5607 2813 5676 quoniam
2837 5605 3001 5658 bonus
3022 5612 3121 5657 est.
3147 5601 3331 5655 Lamia
3360 5600 3575 5662 Jerusa-

390 5737 420 5765 ι
460 5721 588 5778 ιιωε
610 5720 850 5793 prml'atio
876 5737 983 5776 non
1003 5720 1235 5777 cohaeret
1260 5733 1380 5775 cum
1398 5715 1599 5774 Libello
1632 5715 1896 5787 sequenti,
1937 5718 2030 5774 sed
2057 5734 2176 5775 cum
2204 5719 2403 5777 altero:
2445 5717 2624 5795 Ofﬁcia
2652 5736 2740 5791 per
2778 5716 2980 5769 Furius.
