4038 6336
496 340 599 395 867

497 461 635 523 lem;
683 457 918 513 Laudate
940 456 1215 510 Dominum
1244 455 1308 509 de
1333 425 1517 521 oculis:
1535 469 1706 529 usque
1744 454 1811 509 ad
1837 472 1851 509 :
1887 452 2071 508 Omnis

501 552 718 622 spiritus
743 548 919 604 laudet
945 548 1244 602 Dominum.

1080 638 1312 703 Quartus
1338 656 1483 693 usus.

573 730 633 787 Si
653 730 879 787 diversis
904 729 1290 784 tentationibus
1311 729 1541 784 afﬂictus
1561 728 1657 794 sis,
1687 737 1741 783 et
1765 729 1848 785 vel
1884 730 2074 784 huma-

500 825 585 878 nis
612 821 696 876 vel
720 820 1493 890 spiritualibustentationibus
1525 821 1761 889 undique
1794 822 2072 885 astrictus,

500 921 555 966 et
575 911 670 967 tibi
691 910 889 965 videris
909 926 940 963 a
960 908 1067 964 Deo
1088 909 1394 973 derelictus,
1418 910 1510 979 qui
1529 910 1844 980 plerumque
1860 918 2074 965 sanctos

498 1017 627 1056 suos
648 1001 717 1057 ad
747 1008 961 1071 tempus
986 1000 1311 1070 derelinquit
1337 1002 1661 1070 probandos,
1693 1009 1747 1055 et
1772 1017 1876 1071 per
1893 1002 1945 1056 id
1976 1002 2074 1055 tibi

499 1091 746 1147 videatur
781 1089 1007 1144 tentatio
1035 1088 1206 1158 major
1254 1104 1375 1145 esse
1414 1105 1577 1159 quam
1617 1088 1850 1145 tolerare
1877 1090 2072 1160 possis,

497 1183 685 1238 intima
714 1191 894 1237 mente
916 1183 1138 1238 decanta
1190 1182 1307 1236 illos
1350 1183 1605 1252 psalmos,
1659 1198 1887 1252 quorum
1916 1191 2077 1253 caput

499 1282 620 1330 est:
661 1274 827 1341 Deus,
852 1273 994 1329 Deus
1019 1290 1182 1338 nteus,
1212 1275 1405 1344 respice
1424 1274 1479 1328 in
1502 1291 1617 1340 me;
1642 1273 1878 1340 Exaudi,
1910 1273 2074 1341 Deus,

501 1366 792 1419 orationem
836 1381 1040 1429 meam,
1094 1381 1210 1418 cum
1256 1365 1544 1435 deprecor;
1595 1364 1810 1420 Salvum
1838 1382 1919 1420 me
1966 1365 2073 1434 fac,

504 1455 661 1509 Deus.
692 1456 757 1509 Et
800 1455 1036 1511 clemens
1055 1456 1198 1510 Deus
1228 1456 1409 1510 statim
1438 1464 1491 1510 te
1520 1454 1821 1524 adiuvabit,
1877 1463 1931 1509 et
1959 1464 2079 1510 ten-

503 1545 784 1612 tationem,
822 1561 982 1616 quam
1010 1546 1234 1617 pateris,
1260 1545 1492 1601 tuleram
1519 1554 1571 1601 te
1593 1560 1753 1625 posse
1789 1543 2003 1601 efﬁciet.

1103 1655 1328 1720 Quintus
1362 1673 1506 1710 usus.

572 1745 633 1801 Si
658 1744 750 1800 tibi
773 1746 883 1800 vita
910 1758 1149 1815 prasens
1175 1744 1448 1799 fastidiosa
1472 1747 1562 1810 sit,
1593 1753 1647 1800 et
1661 1746 1897 1801 animum
1924 1753 2074 1800 tuum

501 1835 730 1891 delectet
749 1851 1035 1905 supernam
1063 1836 1295 1905 patriam
1324 1836 1699 1905 contemplari,
1749 1844 1803 1890 et
1828 1826 2087 1904 omnipo-~

501 1936 703 1981 tentem
720 1927 887 1982 Deum
901 1927 1112 1982 ardenti
1127 1926 1391 1982 desiderio
1407 1942 1665 1997 quaerere,
1683 1928 1885 1982 intenta
1902 1935 2082 1982 mente

499 2019 600 2074 hos
618 2019 856 2086 psalmos
871 2018 1096 2074 decanta
1118 2037 1130 2072 :
1153 2017 1638 2084 Quemadmodum;
1662 2018 1834 2083 Quam
1853 2017 2080 2083 dilecta;

495 2104 656 2170 Deus,
695 2106 836 2160 Deus
875 2124 1038 2161 meus.
1089 2107 1157 2161 Et
1200 2106 1435 2163 clemens
1462 2106 1603 2161 Deus
1650 2106 1813 2161 citius
1841 2116 2078 2164 mentem

501 2200 648 2255 tuam
678 2196 1063 2251 consolabitur.

1107 2284 1299 2341 Sextus
1330 2303 1477 2341 usus.

572 2375 632 2429 Si
660 2384 710 2430 te
733 2376 789 2430 in
817 2375 1253 2432 tribulationibus
1278 2393 1309 2431 a
1330 2378 1440 2433 Deo
1459 2376 1774 2433 derelictum
1787 2379 2076 2452 intelligas,

502 2474 825 2535 eompuncto
851 2465 1012 2521 corde
1051 2466 1278 2523 decanta
1328 2468 1428 2525 bos
1478 2470 1747 2539 psalmos:
1779 2469 2074 2543 Usquequo,

501 2553 755 2620 Domine;
797 2556 939 2611 Deus
968 2558 1183 2613 auribus
1212 2562 1435 2623 nostris;
1468 2559 1715 2617 Miserere
1738 2565 1861 2630 mei,
1899 2563 2076 2630 Deus;

503 2643 737 2709 Exaudi,
767 2644 928 2710 Deus,
960 2649 1243 2707 orationem
1267 2667 1454 2716 meam,
1480 2661 1528 2705 et
1553 2668 1614 2705 ne
1640 2652 1966 2722 despexeris;
2007 2652 2075 2708 In

498 2743 573 2797 te,
596 2732 834 2799 Domine,
855 2737 1076 2806 speravi.
1119 2738 1186 2792 Et
1211 2738 1353 2795 Deus
1375 2741 1558 2798 statim
1594 2741 1887 2799 laetificabit
1918 2751 1971 2799 te
2018 2744 2075 2798 in

476 2816 751 2885 omnibus
775 2828 1038 2895 angustiis
1069 2830 1190 2885 tuis.

1060 2919 1321 2992 Septimus
1358 2941 1505 2981 usus.

573 3004 701 3065 Post
724 3017 997 3079 acceptam
1022 3013 1281 3083 quietem,
1316 3023 1373 3071 et
1400 3019 1776 3089 prosperitatis
1812 3029 2070 3092 tempore,

500 3096 600 3153 hos
618 3098 851 3167 psalmos
863 3102 1087 3158 decanta
1113 3107 1169 3161 in
1194 3106 1433 3163 laudem:
1463 3109 1777 3166 Benedicam
1802 3112 2065 3181 Domino;

498 3185 745 3254 Benedic,
781 3192 957 3255 anima
987 3211 1122 3261 mea,
1150 3196 1392 3264 Domino,
1419 3208 1475 3254 et
1500 3218 1513 3257 :
1547 3202 1806 3257 Exaltabo
1830 3213 1898 3270 te,
1929 3205 2068 3260 Deus

497 3293 645 3332 meus
670 3296 777 3339 rex.
823 3282 890 3341 Et
910 3283 961 3338 in
985 3286 1130 3340 omni
1152 3295 1391 3357 tempore
1410 3290 1523 3346 sive
1534 3293 1921 3363 prosperitatis,
1955 3295 2069 3349 sive

501 3369 863 3435 adversitatis,
915 3389 1125 3446 semper
1156 3377 1423 3448 Hymnum
1463 3383 1619 3435 trium
1664 3400 1943 3452 puerorum
1973 3385 2068 3440 de-

499 3470 683 3524 eanta.
731 3462 919 3519 Nullus
957 3466 1136 3535 itaque
1162 3468 1415 3523 virtutem
1457 3471 1615 3541 hujus
1644 3473 1874 3528 nominis
1900 3474 2070 3544 expli-

500 3566 629 3604 care
665 3560 863 3621 potest,
920 3556 973 3609 in
1018 3572 1127 3631 quo
1160 3558 1338 3614 omnis
1369 3568 1617 3617 creatura
1643 3562 1712 3617 ad
1744 3562 2068 3619 laudandum

500 3638 812 3701 Creatorem
840 3644 1136 3703 invocatur.

772 3736 783 3747 ‘
1090 3737 1311 3796 Octavus
1336 3759 1479 3798 usus.

572 3821 629 3879 Si
659 3824 890 3883 volueris
916 3827 1100 3884 intima
1125 3841 1299 3888 mente
1316 3848 1567 3891 exercere
1590 3836 1709 3891 tein
1736 3838 1932 3895 divinis
1955 3840 2070 3896 lau-

500 3912 656 3970 dibus
704 3931 767 3971 ac
818 3921 1121 3992 prmceptis,
1158 3932 1214 3977 et
1259 3925 1523 3980 mandatis
1559 3914 1889 3995 cmlestibus,
1930 3930 2075 3999 psalv,

500 4021 666 4072 tuum,
707 4006 858 4069 Beati
904 4012 1226 4069 immaculati
1272 4017 1328 4070 in
1365 4018 1465 4082 via,
1530 4019 1773 4075 decanla.
1836 4021 1902 4076 Et
1945 4022 2072 4081 licet

503 4110 673 4166 usque
718 4099 787 4154 ad
812 4100 1018 4155 obitum
1040 4103 1163 4158 vitte
1212 4113 1316 4160 tua:
1379 4105 1537 4177 hujus
1582 4109 1773 4177 psalmi
1814 4111 2069 4165 virtutem

500 4189 879 4262 contempleris
919 4203 1079 4265 atque
1125 4197 1405 4264 scruteris,
1441 4215 1711 4269 nunquam
1745 4201 1982 4271 perfecte
2007 4202 2071 4256 il-

502 4280 640 4346 lum,
691 4290 752 4335 ut
787 4292 942 4353 puto,
993 4285 1287 4357 intelligere
1341 4290 1556 4357 poteris.
1633 4289 1691 4345 in
1740 4292 1849 4360 quo‘
1895 4292 2073 4347 nullus

506 4384 694 4425 versus
739 4380 861 4437 est,
908 4374 1038 4443 quin
1084 4375 1211 4430 insit
1250 4376 1335 4432 vel
1383 4379 1466 4433 via
1518 4379 1631 4443 Dei,
1678 4381 1759 4433 vel
1805 4380 1923 4445 lex,
1986 4382 2070 4437 vel

505 4458 834 4526 mandatum,
882 4477 974 4516 seu
996 4473 1321 4534 prteceptum
1367 4466 1483 4535 Dei,
1543 4469 1628 4523 vel
1654 4471 1837 4534 verba,
1875 4466 2070 4541 alltju-

504 4549 875 4616 sliﬁcationes,
900 4553 983 4606 vel
1000 4553 1234 4625 judicia,
1264 4563 1355 4608 ant
1380 4572 1672 4614 sermones.
1724 4561 1789 4615 Et
1818 4562 1936 4618 ideo
1962 4580 2069 4618 non

502 4648 587 4695 est
633 4636 727 4698 tibi
774 4656 947 4713 opus,
995 4651 1056 4698 ut
1088 4659 1186 4714 per
1228 4646 1467 4703 diversos
1495 4646 1661 4703 libros
1708 4650 1943 4705 animum
1970 4651 2071 4707 dif‘

504 4729 718 4793 fundas.

1103 4804 1290 4860 Nonus
1328 4822 1472 4860 usus.

577 4917 631 4971 lu
662 4916 913 4985 psalterio
934 4934 1101 4989 usque
1121 4920 1187 4974 ad
1206 4920 1410 4975 obitum
1432 4920 1556 4976 vitae
1585 4930 1687 4977 tua:
1710 4921 1875 4977 habes
1893 4928 2067 4978 matev

506 5003 640 5056 riam
689 5002 922 5072 legendi,
951 5005 1239 5067 scrutandi,
1276 5006 1531 5073 docendi;
1578 5008 1631 5063 in
1677 5023 1783 5077 quo
1829 5008 2071 5063 invenies

504 5093 865 5163 propheticos,
918 5094 1272 5163 evangelieos,
1323 5103 1486 5164 atque
1523 5097 1864 5165 apostolicos,
1909 5105 2073 5166 atque

503 5198 691 5237 onlnes
719 5184 926 5241 divinos
963 5183 1129 5238 libros
1170 5185 1537 5253 spiritualitcr,
1585 5188 1649 5240 ad
1672 5202 1829 5256 quem
1870 5186 2071 5240 intelli-

504 5274 580 5347 git
603 5291 647 5328 ιι·
676 5272 892 5346 [Forte,
936 5284 1095 5343 atque
1142 5272 1565 5348 intelligibiliter]
1586 5291 1648 5330 ex
1684 5285 1834 5345 parte
1872 5284 2072 5331 tracta-

506 5373 589 5418 tos
612 5373 772 5432 atque
803 5362 1119 5433 descriptos,
1149 5371 1203 5416 et
1227 5363 1455 5432 priorem
1478 5373 1640 5432 atque
1668 5362 1956 5418 secundum
1981 5364 2072 5419 ad-

470 5461 722 5509 ‘ventlnn
735 5452 945 5507 Domini
970 5453 1041 5506 ili
1072 5452 1308 5522 reperies
1334 5453 1697 5521 prophetatos.
1744 5452 2073 5508 lncarnatio-

505 5559 629 5604 nem
649 5560 861 5617 quoque
879 5556 928 5601 et
959 5544 1282 5613 passionem,
1307 5541 1880 5611 resurrectionemque,
1911 5552 2074 5612 atque

507 5636 877 5690 ascensionem
896 5634 1251 5697 Dominicam,
1282 5642 1563 5688 etomnem
1590 5633 1841 5688 virtutem
1869 5634 2075 5688 divino-

510 5742 627 5782 rum
662 5727 924 5786 dictorum
970 5728 1020 5782 in
1048 5725 1266 5799 psalmis
1292 5723 1549 5787 invenies,
1598 5723 1641 5778 si
1682 5722 1868 5777 intima
1896 5733 2075 5779 mente

1328 338 1387 393 Β.
1424 335 1486 393 F.
1527 337 1753 393 ALDlNl
1791 337 1924 393 SEU
1960 337 2238 393 ALCUINI
2275 336 2555 394 OPERUM
2592 336 2769 393 PARS
2804 333 2892 392 IV.

3634 339 3733 397 £68

2094 456 2145 514 Δ
2174 451 2551 521 perseruteris,
2596 460 2651 506 et
2677 451 2744 505 ad
2787 449 3080 505 medullam
3110 451 3283 507 intimi
3306 451 3606 511 intellectus
3646 471 3738 527 per

2173 540 2271 595 Dei
2292 540 2521 611 gratiam
2543 539 2877 608 perveneris.

2925 651 2977 711 Ι.

2175 744 2569 807 Abbrevt’atto
2607 752 2861 826 furtiva
2906 748 3239 820 orationis,
3288 747 3443 830 quid
3468 751 3552 812 sit
3589 754 3741 814 satis

2669 844 3016 904 congruum
3050 845 3249 889 orare.

2242 945 2519 1000 imitemur
2554 956 2796 1003 sanctam
2827 949 3125 1005 Ecclesiam
3156 991 3171 1016 ,
3212 949 3366 1020 cujus
3409 961 3467 1008 et
3506 955 3743 1011 membra

2176 1050 2379 1090 sumus.
2410 1036 2527 1106 Ipsa
2549 1037 2695 1091 enim
2723 1046 2827 1103 est,
2859 1054 2977 1109 qua:
3006 1041 3135 1096 dicit
3160 1059 3173 1093 :
3206 1039 3275 1095 In
3304 1041 3492 1097 lectulo
3518 1060 3631 1098 meo
3656 1060 3748 1115 per

2176 1137 2350 1182 noctes
2372 1129 2607 1199 quaesivi,
2633 1147 2785 1200 quem
2807 1130 2979 1202 diligit
3007 1133 3187 1185 anima
3223 1148 3337 1186 mea
3365 1130 3545 1203 (Cant.
3567 1134 3745 1206 111,1).

2175 1219 2243 1273 Et
2270 1219 2397 1274 illud
2434 1221 2500 1274 ad
2534 1221 2848 1275 Dominum:
2902 1218 3104 1276 Memor
3138 1222 3218 1291 fui
3239 1222 3316 1275 tui
3348 1240 3505 1293 super
3528 1232 3747 1278 stratum

2174 1325 2345 1362 meum
2378 1309 2547 1381 (Psal.
2586 1328 2721 1377 un,
2749 1312 2825 1383 7).
2879 1312 3019 1383 Ergo
3051 1328 3176 1367 eum
3209 1328 3241 1367 a
3283 1328 3473 1369 somno
3507 1315 3746 1387 evigilas,

2175 1407 2231 1454 et
2253 1401 2431 1456 crucis
2451 1402 2659 1472 signum
2680 1402 2925 1473 depingis
2943 1404 2994 1457 in
3017 1403 3192 1469 labiis,
3220 1405 3379 1459 tertio
3404 1414 3619 1475 repete:
3643 1406 3749 1461 Do-

2176 1494 2333 1558 mine,
2358 1493 2499 1548 labia
2529 1511 2643 1548 mea
2666 1496 2889 1565 aperies,
2916 1505 2962 1549 et
2989 1513 3045 1549 os
3075 1512 3243 1550 meum
3273 1498 3608 1551 annuntiabit
3629 1497 3748 1551 lau-

2175 1584 2291 1638 dem
2311 1594 2474 1639 tuam.
2517 1585 2652 1640 Huic
2676 1586 2929 1642 continuo
2959 1586 3186 1658 adiunge
3207 1588 3471 1658 psalmum
3496 1589 3748 1646 tertium:

2173 1672 2421 1738 Domine,
2440 1675 2568 1744 quid
2585 1674 2915 1745 multiplicati
2939 1687 3078 1730 sunt.
3140 1678 3209 1731 Et
3253 1679 3566 1734 vicesimum
3594 1696 3754 1749 quar-

2178 1770 2290 1813 tum
2309 1776 2323 1814 :
2346 1762 2427 1815 Ad
2449 1771 2515 1827 te,
2534 1762 2773 1828 Domine,
2798 1761 2958 1817 levavi
2965 1804 2977 1815 .
3000 1763 3196 1819 Etocto
3210 1781 3396 1820 versus
3414 1766 3602 1836 psalmi
3629 1783 3756 1822 cen-

2181 1850 2360 1905 tesimi
2405 1852 2510 1923 23
2545 1854 2722 1907 octavi
2757 1854 2949 1908 decimi
2973 1894 2987 1918 ,
3032 1868 3261 1923 quorum
3300 1866 3462 1926 caput
3492 1865 3603 1912 est:
3646 1857 3757 1910 Ad-

2178 1942 2327 1994 Iuesit
2350 1942 2661 2011 pavimento.
2722 1941 2885 2012 Kyrie
2914 1942 3131 2008 cleison,
3172 1944 3482 2000 Orationem
3511 1946 3755 2002 Domini-

2178 2045 2321 2094 cam,
2371 2030 2711 2100 Adjutorium
2764 2041 2999 2086 nostrum
3047 2033 3101 2086 in
3132 2035 3339 2087 nomine
3368 2032 3620 2099 Domini,
3662 2036 3757 2105 qui

2178 2126 2300 2195 fecit
2330 2125 2511 2179 caelum
2563 2135 2611 2179 et
2648 2135 2864 2190 terram,
2888 2125 3199 2195 Symbolum
3231 2126 3633 2196 Apostolorum,
3675 2138 3755 2194 et,

2176 2213 2475 2269 Benedicite
2513 2216 2689 2268 omnia
2735 2231 2891 2284 opera
2914 2213 3128 2269 Domini
3176 2215 3417 2271 Domino.
3478 2217 3552 2272 Te
3591 2217 3757 2272 Deum

2177 2302 2474 2359 laudamus.
2533 2305 2603 2361 Te
2629 2306 2769 2361 decet
2799 2305 2949 2371 laus;
2980 2307 3034 2362 in
3054 2308 3157 2362 hoc
3181 2324 3337 2364 versu
3367 2324 3573 2379 surges.
3620 2307 3758 2364 Pro-

2175 2403 2291 2462 pter
2306 2411 2489 2449 nomen
2511 2405 2679 2462 tuum,
2726 2388 2970 2451 Domine.
3039 2396 3457 2454 Firmamentum
3484 2416 3676 2467 meum,
3706 2412 3760 2455 et

2177 2486 2437 2557 refugium
2459 2506 2650 2554 meum,
2673 2498 2721 2544 et
2741 2490 2852 2545 dua:
2866 2507 3009 2546 meus
3038 2501 3169 2557 esto,
3187 2492 3406 2547 Domine
3426 2493 3567 2549 Deus
3585 2511 3755 2549 meus.

2174 2576 2234 2632 In
2274 2578 2359 2634 his
2386 2580 2565 2634 verbis
2593 2597 2716 2635 mox
2736 2591 2798 2659 ut
2826 2582 3124 2638 Eeclesiam
3151 2585 3483 2655 ingredieris,
3511 2595 3757 2643 sanetam

2175 2670 2402 2725 adorare
2429 2673 2632 2742 poteris
2654 2669 2993 2728 Trinitatem.

2769 2786 2906 2842 Item
2945 2786 3152 2844 Oratio.

2246 2873 2467 2929 Domine
2490 2876 2632 2929 Deus
2669 2878 3025 2946 omnipotens,
3054 2889 3253 2936 aeterne
3274 2889 3328 2935 et
3354 2881 3657 2949 inetfabilis,
3684 2885 3760 2940 sic

2173 2981 2242 3020 ne
2270 2966 2375 3020 line
2409 2974 2570 3036 atque
2599 2967 2770 3031 initio,
2798 2984 2956 3037 quem
3001 2985 3163 3025 unum
3193 2972 3247 3025 in
3271 2972 3549 3039 Trinitate,
3579 2983 3636 3029 et
3663 2976 3760 3030 tri-

2173 3075 2302 3113 num
2330 3060 2381 3112 in
2404 3060 2610 3113 unitate
2629 3059 2950 3116 conﬁtemur
2974 3081 2987 3115 :
3019 3072 3071 3117 te
3099 3063 3270 3118 solum
3293 3064 3477 3132 adoro,
3502 3075 3556 3121 te
3576 3066 3762 3135 laudo,

2090 3155 2139 3218 ο
2169 3159 2223 3206 te
2252 3151 2533 3217 benedico,
2586 3159 2742 3220 teque
2788 3152 3046 3222 gulorillco.
3098 3154 3236 3219 Tibi,
3268 3172 3301 3211 ο
3346 3157 3660 3214 misericors
3704 3168 3765 3215 et

2169 3239 2420 3303 clemens,
2468 3241 2671 3311 gratias
2698 3240 2894 3305 refero,
2924 3243 3015 3312 qui
3050 3258 3135 3297 me
3179 3254 3401 3300 exutum
3443 3256 3599 3304 nocte
3635 3263 3765 3319 per-

2169 3328 2307 3385 ﬁdia:
2331 3339 2385 3384 et
2411 3333 2632 3397 erroris,
2663 3332 2980 3402 participem
3008 3332 3124 3387 ﬁeri
3152 3334 3387 3389 tribuisti
3416 3338 3600 3407 gratia:
3620 3347 3757 3394 tum.

2167 3419 2394 3486 Perfice,
2424 3436 2627 3491 quaeso,
2662 3421 2908 3486 Domine,
2934 3431 3168 3492 emptum
3196 3423 3251 3477 in
3280 3439 3367 3479 me
3391 3439 3524 3494 opus
3541 3428 3763 3481 miseri-

2168 3512 2363 3567 cordia:
2402 3520 2527 3568 tuae.
2576 3513 2723 3567 Dona
2775 3512 2908 3567 mihi
2957 3527 3172 3584 semper
3216 3515 3475 3586 cogitare,
3524 3516 3669 3587 loqui
3701 3527 3768 3572 et

2167 3618 2351 3673 agere,
2382 3620 2502 3674 quae
2541 3604 2741 3675 placita
2771 3612 2897 3659 sunt
2924 3604 3018 3659 tibi
3046 3620 3060 3670 ;
3110 3613 3167 3660 et
3193 3606 3421 3675 gratuita
3449 3622 3534 3662 me
3558 3608 3768 3678 ubique

2152 3696 2364 3765 pietate
2391 3696 2719 3760 custodiens,
2752 3695 2836 3750 fac
2874 3710 2961 3750 me
3001 3695 3277 3767 indignum
3317 3704 3372 3751 et
3402 3697 3661 3752 miserum
3691 3698 3768 3752 ad

2168 3793 2314 3843 tuam
2343 3786 2625 3856 pervenire
2651 3785 2932 3850 visionem,
2961 3784 3153 3840 Amen.

2912 3896 2994 3957 ll.

2171 3995 2356 4071 Quod
2408 3996 2633 4057 bonum
2679 3996 2764 4055 sit
2793 3987 3129 4057 hominiin
3171 4003 3441 4074 quatuor
3476 3997 3764 4058 subseri-

2246 4076 2379 4153 ptis
2404 4074 2667 4153 psalmis
2706 4082 2761 4153 et
2817 4073 3019 4153 tribus
3049 4073 3291 4153 hymnis
3323 4074 3578 4137 laudare
3626 4078 3759 4137 Do-

2248 4152 2479 4213 minam
2508 4152 2775 4231 singulis
2806 4152 3042 4215 diebus.

2240 4272 2501 4328 Hortatur
2522 4288 2620 4326 nos
2650 4270 2930 4343 Scriptura
2954 4273 3208 4328 divinitus
3229 4274 3508 4346 inspirata,
3534 4277 3719 4331 dicens
3746 4296 3764 4331 :

2175 4362 2278 4429 Qui
2335 4363 2526 4417 timetis
2580 4360 2902 4427 Dominum,
2967 4363 3250 4418 benedicite
3294 4364 3517 4419 Domino
3568 4366 3765 4436 (Psal.

2102 4503 2148 4561 υ
2172 4469 2386 4517 cxxxrv,
2414 4452 2527 4523 20).
2560 4451 2668 4508 Nec
2695 4469 2795 4508 nos
2825 4463 3010 4517 terret,
3035 4455 3176 4524 quod
3198 4456 3454 4525 scriptum
3475 4465 3593 4510 est:
3632 4455 3768 4511 Non

2172 4556 2243 4601 est
2273 4547 2504 4616 speciosa
2544 4545 2661 4599 laus
2690 4546 2743 4599 in
2783 4562 2871 4599 ore
2908 4548 3194 4616 peccatoris
3226 4545 3414 4617 (Ereti.
3445 4562 3533 4609 xv,
3564 4546 3642 4616 9),
3684 4548 3770 4601 si-

2170 4638 2280 4694 lere
2303 4639 2445 4693 enim
2477 4653 2508 4690 a
2535 4636 2689 4692 laude
2718 4636 2993 4692 Creatoris
3024 4638 3193 4693 multo
3222 4639 3481 4692 deterius.
3535 4639 3599 4691 Et
3631 4638 3771 4693 licet

2170 4730 2280 4783 sint
2309 4708 2463 4783 multi
2491 4728 2560 4783 ad
2585 4729 2688 4784 hoc
2713 4743 2847 4799 opus
2874 4728 3096 4798 congrui
3124 4728 3339 4798 psalmi,
3371 4729 3423 4783 in
3463 4728 3547 4783 bis
3573 4738 3770 4784 tamen

2170 4820 2281 4874 Deo
2309 4819 2495 4874 sedulo
2522 4818 2723 4891 poteris
2750 4818 2973 4873 reddere
2999 4817 3234 4883 laudem,
3256 4818 3359 4873 hoc
3383 4819 3542 4873 modo
3568 4837 3579 4870 :
3612 4817 3773 4872 Prze~

2169 4909 2333 4962 misso
2356 4923 2534 4961 versu.
2578 4906 2740 4970 Deus,
2764 4908 2817 4959 in
2842 4905 3165 4976 adjutorium
3204 4923 3376 4960 meum
3417 4908 3648 4972 intende,
3673 4924 3772 4962 sco

2176 5009 2371 5069 quatur
2384 4999 2637 5071 psalmus,
2655 4996 2888 5051 Laudate
2900 5014 3081 5051 nomen
3100 4997 3328 5062 Domini,
3347 4998 3577 5062 laudate,
3600 5001 3766 5063 servi,

2181 5089 2496 5154 Dominum;
2544 5090 2597 5143 in
2648 5104 2755 5158 quo
2802 5089 3066 5160 despectis
3117 5090 3422 5145 nominibus
3464 5091 3770 5145 multorum

2176 5177 2536 5248 falsorumque
2583 5179 2830 5239 deorum,
2874 5195 3011 5233 unus
3044 5180 3184 5233 Deus
3230 5196 3457 5252 magnus
3499 5191 3556 5236 et
3594 5198 3773 5238 \‘CI’US

2177 5271 2437 5326 laudatur.
2466 5270 2896 5335 Bcnedic,anima
2912 5288 3044 5335 mea,
3064 5270 3303 5335 Domino,
3327 5284 3374 5327 et
3396 5276 3593 5338 omnia,
3623 5285 3769 5337 εἰς..

2177 5362 2479 5415 numerosis
2516 5360 2805 5414 virtutibus
2848 5369 2901 5414 et
2943 5360 3197 5416 laudibus
3226 5363 3435 5432 plenus.
3486 5363 3771 5419 Eaaltabo

2175 5466 2243 5519 te,
2268 5456 2405 5509 Deus
2436 5472 2578 5510 meus
2623 5472 2733 5518 rex,
2776 5452 3163 5525 iucundissima
3192 5474 3255 5512 ac
3303 5457 3620 5512 suavissima
3653 5456 3774 5509 Do—

2175 5545 2320 5600 mino
2347 5545 2579 5599 laudatio
2606 5543 2793 5598 David.
2834 5543 3068 5598 Laudate
3109 5546 3389 5599 Dominum
3415 5547 3478 5599 de
3507 5546 3670 5607 ca’lis,
3698 5546 3773 5598 in

2175 5650 2282 5704 quo
2312 5634 2604 5687 invitantur
2630 5648 2816 5687 omnes
2862 5641 3143 5697 creaturae,
3171 5643 3230 5687 ut
3269 5635 3485 5690 laudent
3510 5635 3775 5689 omnium

2175 5723 2508 5781 Creatorem.
2565 5722 2804 5793 Hymnus
2869 5725 3026 5777 trium
3078 5740 3356 5792 puerorum
3402 5725 3548 5779 omni
3602 5724 3781 5778 laude
