  <div class='ocr_page' id='page_1' title='image "/cluster/home/n/w/nwhite01/storage/ocr_20150623/101/hvd.32044004824769/240.png"; bbox 0 0 4038 6336; ppageno 0'>
   <div class='ocr_carea' id='block_1_1' title="bbox 333 324 1906 396">
    <p class='ocr_par' dir='ltr' id='par_1_1' title="bbox 333 324 1905 386">
     <span class='ocr_line' id='line_1_1' title="bbox 333 324 1905 386; baseline 0.002 -4"><span class='ocrx_word' id='word_1_1' title='bbox 333 324 440 382; x_wconf 62' lang='grc' dir='ltr'><strong>κθ</strong></span> <span class='ocrx_word' id='word_1_2' title='bbox 1215 326 1607 385; x_wconf 63' lang='grc' dir='ltr'><strong>ιιτυιιςιϐᾼ..</strong></span> <span class='ocrx_word' id='word_1_3' title='bbox 1643 359 1712 369; x_wconf 92' lang='lat'><strong>—-</strong></span> <span class='ocrx_word' id='word_1_4' title='bbox 1745 330 1831 386; x_wconf 88' lang='lat' dir='ltr'><strong>DE</strong></span> <span class='ocrx_word' id='word_1_5' title='bbox 1865 330 1905 385; x_wconf 84' lang='lat' dir='ltr'><strong>P</strong></span> 
     </span>
    </p>
   </div>
   <div class='ocr_carea' id='block_1_2' title="bbox 2008 324 3579 396">
    <p class='ocr_par' dir='ltr' id='par_1_2' title="bbox 2008 331 3579 396">
     <span class='ocr_line' id='line_1_2' title="bbox 2008 331 3579 396; baseline 0.006 -10"><span class='ocrx_word' id='word_1_6' title='bbox 2008 331 2110 387; x_wconf 79' lang='lat' dir='ltr'><strong>LM.</strong></span> <span class='ocrx_word' id='word_1_7' title='bbox 2155 331 2315 391; x_wconf 84' lang='lat' dir='ltr'><strong>USU.</strong></span> <span class='ocrx_word' id='word_1_8' title='bbox 2342 364 2411 379; x_wconf 82' lang='lat'><strong>——</strong></span> <span class='ocrx_word' id='word_1_9' title='bbox 2430 332 2608 390; x_wconf 82' lang='lat' dir='ltr'><strong>PARS</strong></span> <span class='ocrx_word' id='word_1_10' title='bbox 2644 333 2685 388; x_wconf 89' lang='grc' dir='ltr'><strong>ι.</strong></span> <span class='ocrx_word' id='word_1_11' title='bbox 3473 342 3579 396; x_wconf 71' lang='grc' dir='ltr'><strong>ΠΟ</strong></span> 
     </span>
    </p>
   </div>
   <div class='ocr_carea' id='block_1_3' title="bbox 330 445 3580 534">
    <p class='ocr_par' dir='ltr' id='par_1_3' title="bbox 330 445 3580 534">
     <span class='ocr_line' id='line_1_3' title="bbox 330 445 3580 534; baseline 0.006 -32"><span class='ocrx_word' id='word_1_12' title='bbox 330 448 442 502; x_wconf 89' lang='lat' dir='ltr'><strong>Deo</strong></span> <span class='ocrx_word' id='word_1_13' title='bbox 468 445 773 511; x_wconf 83' lang='lat' dir='ltr'><strong>amabilior,</strong></span> <span class='ocrx_word' id='word_1_14' title='bbox 807 448 858 501; x_wconf 89' lang='lat' dir='ltr'><strong>in</strong></span> <span class='ocrx_word' id='word_1_15' title='bbox 878 463 984 517; x_wconf 88' lang='lat' dir='ltr'><strong>quo</strong></span> <span class='ocrx_word' id='word_1_16' title='bbox 1022 463 1208 509; x_wconf 88' lang='lat' dir='ltr'><strong>omnes</strong></span> <span class='ocrx_word' id='word_1_17' title='bbox 1245 462 1505 507; x_wconf 72' lang='lat' dir='ltr'><strong>creatura:</strong></span> <span class='ocrx_word' id='word_1_18' title='bbox 1531 454 1689 508; x_wconf 80' lang='lat' dir='ltr'><strong>simul</strong></span> <span class='ocrx_word' id='word_1_19' title='bbox 1711 464 1765 509; x_wconf 92' lang='lat' dir='ltr'><strong>et</strong></span> <span class='ocrx_word' id='word_1_20' title='bbox 1791 456 1904 510; x_wconf 80' lang='lat' dir='ltr'><strong>sin-</strong></span> <span class='ocrx_word' id='word_1_21' title='bbox 1943 464 1980 520; x_wconf 71' lang='grc' dir='ltr'><strong>Α</strong></span> <span class='ocrx_word' id='word_1_22' title='bbox 2010 466 2153 513; x_wconf 86' lang='lat' dir='ltr'><strong>stum</strong></span> <span class='ocrx_word' id='word_1_23' title='bbox 2189 468 2518 516; x_wconf 74' lang='lat' dir='ltr'><strong>servatorem</strong></span> <span class='ocrx_word' id='word_1_24' title='bbox 2539 468 2595 515; x_wconf 89' lang='lat' dir='ltr'><strong>et</strong></span> <span class='ocrx_word' id='word_1_25' title='bbox 2628 469 3059 531; x_wconf 85' lang='lat' dir='ltr'><strong>recuperatorem</strong></span> <span class='ocrx_word' id='word_1_26' title='bbox 3088 470 3352 530; x_wconf 87' lang='lat' dir='ltr'><strong>nostrum,</strong></span> <span class='ocrx_word' id='word_1_27' title='bbox 3381 466 3472 534; x_wconf 86' lang='lat' dir='ltr'><strong>qui</strong></span> <span class='ocrx_word' id='word_1_28' title='bbox 3502 474 3580 522; x_wconf 87' lang='lat' dir='ltr'><strong>tc-</strong></span> 
     </span>
    </p>
   </div>
   <div class='ocr_carea' id='block_1_4' title="bbox 326 539 3580 623">
    <p class='ocr_par' dir='ltr' id='par_1_4' title="bbox 326 539 3580 623">
     <span class='ocr_line' id='line_1_4' title="bbox 326 539 3580 623; baseline 0.006 -32"><span class='ocrx_word' id='word_1_29' title='bbox 326 540 553 609; x_wconf 79' lang='lat' dir='ltr'><strong>gulatim</strong></span> <span class='ocrx_word' id='word_1_30' title='bbox 598 540 665 594; x_wconf 88' lang='lat' dir='ltr'><strong>ad</strong></span> <span class='ocrx_word' id='word_1_31' title='bbox 691 539 966 597; x_wconf 70' lang='lat' dir='ltr'><strong>Creatoris</strong></span> <span class='ocrx_word' id='word_1_32' title='bbox 1008 541 1218 597; x_wconf 87' lang='lat' dir='ltr'><strong>laudem</strong></span> <span class='ocrx_word' id='word_1_33' title='bbox 1265 543 1569 601; x_wconf 88' lang='lat' dir='ltr'><strong>hortantur.</strong></span> <span class='ocrx_word' id='word_1_34' title='bbox 1624 545 1692 600; x_wconf 89' lang='lat' dir='ltr'><strong>Te</strong></span> <span class='ocrx_word' id='word_1_35' title='bbox 1737 546 1905 601; x_wconf 85' lang='lat' dir='ltr'><strong>Deum</strong></span> <span class='ocrx_word' id='word_1_36' title='bbox 2003 564 2125 605; x_wconf 91' lang='lat' dir='ltr'><strong>cum</strong></span> <span class='ocrx_word' id='word_1_37' title='bbox 2150 557 2353 605; x_wconf 90' lang='lat' dir='ltr'><strong>etcum</strong></span> <span class='ocrx_word' id='word_1_38' title='bbox 2379 549 2584 621; x_wconf 80' lang='lat' dir='ltr'><strong>Spiritu</strong></span> <span class='ocrx_word' id='word_1_39' title='bbox 2609 558 2798 606; x_wconf 88' lang='lat' dir='ltr'><strong>sancto</strong></span> <span class='ocrx_word' id='word_1_40' title='bbox 2826 552 2959 606; x_wconf 84' lang='lat' dir='ltr'><strong>vivit</strong></span> <span class='ocrx_word' id='word_1_41' title='bbox 2995 560 3051 606; x_wconf 89' lang='lat' dir='ltr'><strong>et</strong></span> <span class='ocrx_word' id='word_1_42' title='bbox 3079 561 3266 623; x_wconf 89' lang='lat' dir='ltr'><strong>regnat</strong></span> <span class='ocrx_word' id='word_1_43' title='bbox 3291 554 3344 608; x_wconf 91' lang='lat' dir='ltr'><strong>in</strong></span> <span class='ocrx_word' id='word_1_44' title='bbox 3382 558 3580 611; x_wconf 63' lang='lat' dir='ltr'><strong>secula</strong></span> 
     </span>
    </p>
   </div>
   <div class='ocr_carea' id='block_1_5' title="bbox 326 628 1809 705">
    <p class='ocr_par' dir='ltr' id='par_1_5' title="bbox 326 628 1809 705">
     <span class='ocr_line' id='line_1_5' title="bbox 326 628 1809 705; baseline 0.007 -24"><span class='ocrx_word' id='word_1_45' title='bbox 326 628 632 694; x_wconf 72' lang='lat' dir='ltr'><strong>laudamus,</strong></span> <span class='ocrx_word' id='word_1_46' title='bbox 664 628 806 683; x_wconf 86' lang='lat' dir='ltr'><strong>nulla</strong></span> <span class='ocrx_word' id='word_1_47' title='bbox 837 630 997 685; x_wconf 84' lang='lat' dir='ltr'><strong>laude</strong></span> <span class='ocrx_word' id='word_1_48' title='bbox 1025 631 1268 697; x_wconf 79' lang='lat' dir='ltr'><strong>inferior,</strong></span> <span class='ocrx_word' id='word_1_49' title='bbox 1301 632 1372 687; x_wconf 85' lang='lat' dir='ltr'><strong>Te</strong></span> <span class='ocrx_word' id='word_1_50' title='bbox 1396 634 1538 689; x_wconf 87' lang='lat' dir='ltr'><strong>decet</strong></span> <span class='ocrx_word' id='word_1_51' title='bbox 1566 635 1809 705; x_wconf 78' lang='lat' dir='ltr'><strong>hymnus.</strong></span> 
     </span>
    </p>
   </div>
   <div class='ocr_carea' id='block_1_6' title="bbox 611 741 1637 803">
    <p class='ocr_par' dir='ltr' id='par_1_6' title="bbox 611 741 1637 803">
     <span class='ocr_line' id='line_1_6' title="bbox 611 741 1637 803; baseline 0.006 -8"><span class='ocrx_word' id='word_1_52' title='bbox 611 741 738 796; x_wconf 86' lang='lat' dir='ltr'><strong>Post</strong></span> <span class='ocrx_word' id='word_1_53' title='bbox 760 742 1089 798; x_wconf 84' lang='lat' dir='ltr'><strong>Dominicam</strong></span> <span class='ocrx_word' id='word_1_54' title='bbox 1119 743 1417 801; x_wconf 80' lang='lat' dir='ltr'><strong>Orationem</strong></span> <span class='ocrx_word' id='word_1_55' title='bbox 1443 765 1637 803; x_wconf 86' lang='lat' dir='ltr'><strong>versus.</strong></span> 
     </span>
    </p>
   </div>
   <div class='ocr_carea' id='block_1_7' title="bbox 400 851 1903 929">
    <p class='ocr_par' dir='ltr' id='par_1_7' title="bbox 400 851 1903 929">
     <span class='ocr_line' id='line_1_7' title="bbox 400 851 1903 929; baseline 0.005 -23"><span class='ocrx_word' id='word_1_56' title='bbox 400 851 690 907; x_wconf 85' lang='lat' dir='ltr'><strong>Benedicat</strong></span> <span class='ocrx_word' id='word_1_57' title='bbox 714 869 812 908; x_wconf 88' lang='lat' dir='ltr'><strong>nos</strong></span> <span class='ocrx_word' id='word_1_58' title='bbox 837 855 1173 923; x_wconf 86' lang='lat' dir='ltr'><strong>omnipotens</strong></span> <span class='ocrx_word' id='word_1_59' title='bbox 1198 865 1254 911; x_wconf 90' lang='lat' dir='ltr'><strong>et</strong></span> <span class='ocrx_word' id='word_1_60' title='bbox 1290 858 1597 914; x_wconf 80' lang='lat' dir='ltr'><strong>misericors</strong></span> <span class='ocrx_word' id='word_1_61' title='bbox 1626 859 1786 925; x_wconf 91' lang='lat' dir='ltr'><strong>Deus,</strong></span> <span class='ocrx_word' id='word_1_62' title='bbox 1814 860 1903 929; x_wconf 85' lang='lat' dir='ltr'><strong>qui</strong></span> 
     </span>
    </p>
   </div>
   <div class='ocr_carea' id='block_1_8' title="bbox 325 943 1908 1015">
    <p class='ocr_par' dir='ltr' id='par_1_8' title="bbox 325 943 1908 1015">
     <span class='ocr_line' id='line_1_8' title="bbox 325 943 1908 1015; baseline 0.004 -17"><span class='ocrx_word' id='word_1_63' title='bbox 325 943 457 998; x_wconf 79' lang='lat' dir='ltr'><strong>fecit</strong></span> <span class='ocrx_word' id='word_1_64' title='bbox 492 943 687 999; x_wconf 69' lang='lat' dir='ltr'><strong>cadum</strong></span> <span class='ocrx_word' id='word_1_65' title='bbox 718 952 772 997; x_wconf 89' lang='lat' dir='ltr'><strong>et</strong></span> <span class='ocrx_word' id='word_1_66' title='bbox 798 952 1018 999; x_wconf 84' lang='lat' dir='ltr'><strong>terram.</strong></span> <span class='ocrx_word' id='word_1_67' title='bbox 1066 945 1438 1003; x_wconf 90' lang='lat' dir='ltr'><strong>Benedicimus</strong></span> <span class='ocrx_word' id='word_1_68' title='bbox 1465 948 1697 1015; x_wconf 84' lang='lat' dir='ltr'><strong>Patrem,</strong></span> <span class='ocrx_word' id='word_1_69' title='bbox 1738 960 1792 1004; x_wconf 93' lang='lat' dir='ltr'><strong>et</strong></span> <span class='ocrx_word' id='word_1_70' title='bbox 1819 951 1908 1005; x_wconf 85' lang='lat' dir='ltr'><strong>Fi-</strong></span> 
     </span>
    </p>
   </div>
   <div class='ocr_carea' id='block_1_9' title="bbox 326 1032 1906 1110">
    <p class='ocr_par' dir='ltr' id='par_1_9' title="bbox 326 1032 1906 1110">
     <span class='ocr_line' id='line_1_9' title="bbox 326 1032 1906 1110; baseline 0.005 -23"><span class='ocrx_word' id='word_1_71' title='bbox 326 1033 484 1097; x_wconf 89' lang='lat' dir='ltr'><strong>lium,</strong></span> <span class='ocrx_word' id='word_1_72' title='bbox 514 1040 569 1086; x_wconf 88' lang='lat' dir='ltr'><strong>et</strong></span> <span class='ocrx_word' id='word_1_73' title='bbox 590 1032 848 1103; x_wconf 83' lang='lat' dir='ltr'><strong>Spiritum</strong></span> <span class='ocrx_word' id='word_1_74' title='bbox 892 1042 1135 1089; x_wconf 87' lang='lat' dir='ltr'><strong>sanctum</strong></span> <span class='ocrx_word' id='word_1_75' title='bbox 1164 1054 1176 1088; x_wconf 94' lang='lat'>:</span> <span class='ocrx_word' id='word_1_76' title='bbox 1220 1037 1495 1092; x_wconf 85' lang='lat' dir='ltr'><strong>laudamus</strong></span> <span class='ocrx_word' id='word_1_77' title='bbox 1516 1048 1571 1093; x_wconf 90' lang='lat' dir='ltr'><strong>et</strong></span> <span class='ocrx_word' id='word_1_78' title='bbox 1598 1040 1906 1110; x_wconf 83' lang='lat' dir='ltr'><strong>superexal-</strong></span> 
     </span>
    </p>
   </div>
   <div class='ocr_carea' id='block_1_10' title="bbox 326 1126 1904 1196">
    <p class='ocr_par' dir='ltr' id='par_1_10' title="bbox 326 1126 1904 1196">
     <span class='ocr_line' id='line_1_10' title="bbox 326 1126 1904 1196; baseline 0.003 -14"><span class='ocrx_word' id='word_1_79' title='bbox 326 1137 507 1182; x_wconf 77' lang='lat' dir='ltr'><strong>tamus</strong></span> <span class='ocrx_word' id='word_1_80' title='bbox 529 1142 651 1181; x_wconf 86' lang='lat' dir='ltr'><strong>eum</strong></span> <span class='ocrx_word' id='word_1_81' title='bbox 684 1128 735 1179; x_wconf 92' lang='lat' dir='ltr'><strong>in</strong></span> <span class='ocrx_word' id='word_1_82' title='bbox 766 1127 979 1191; x_wconf 64' lang='lat' dir='ltr'><strong>smcula.</strong></span> <span class='ocrx_word' id='word_1_83' title='bbox 1024 1126 1345 1184; x_wconf 87' lang='lat' dir='ltr'><strong>Benedictus</strong></span> <span class='ocrx_word' id='word_1_84' title='bbox 1374 1144 1455 1196; x_wconf 91' lang='lat' dir='ltr'><strong>es,</strong></span> <span class='ocrx_word' id='word_1_85' title='bbox 1502 1130 1726 1185; x_wconf 87' lang='lat' dir='ltr'><strong>Domine</strong></span> <span class='ocrx_word' id='word_1_86' title='bbox 1765 1132 1904 1187; x_wconf 89' lang='lat' dir='ltr'><strong>Deus</strong></span> 
     </span>
    </p>
   </div>
   <div class='ocr_carea' id='block_1_11' title="bbox 322 1218 1901 1289">
    <p class='ocr_par' dir='ltr' id='par_1_11' title="bbox 322 1218 1901 1289">
     <span class='ocr_line' id='line_1_11' title="bbox 322 1218 1901 1289; baseline 0.003 -18"><span class='ocrx_word' id='word_1_87' title='bbox 322 1219 549 1272; x_wconf 83' lang='lat' dir='ltr'><strong>Patrum</strong></span> <span class='ocrx_word' id='word_1_88' title='bbox 594 1228 922 1283; x_wconf 81' lang='lat' dir='ltr'><strong>nostrorum,</strong></span> <span class='ocrx_word' id='word_1_89' title='bbox 967 1226 1029 1272; x_wconf 82' lang='lat' dir='ltr'><strong>et</strong></span> <span class='ocrx_word' id='word_1_90' title='bbox 1074 1218 1336 1274; x_wconf 84' lang='lat' dir='ltr'><strong>laudabile</strong></span> <span class='ocrx_word' id='word_1_91' title='bbox 1365 1228 1420 1274; x_wconf 90' lang='lat' dir='ltr'><strong>et</strong></span> <span class='ocrx_word' id='word_1_92' title='bbox 1461 1220 1749 1289; x_wconf 84' lang='lat' dir='ltr'><strong>gloriosum</strong></span> <span class='ocrx_word' id='word_1_93' title='bbox 1801 1238 1901 1277; x_wconf 88' lang='lat' dir='ltr'><strong>no-</strong></span> 
     </span>
    </p>
   </div>
   <div class='ocr_carea' id='block_1_12' title="bbox 324 1308 1903 1375">
    <p class='ocr_par' dir='ltr' id='par_1_12' title="bbox 324 1308 1903 1375">
     <span class='ocr_line' id='line_1_12' title="bbox 324 1308 1903 1375; baseline 0.001 -11"><span class='ocrx_word' id='word_1_94' title='bbox 324 1326 453 1366; x_wconf 86' lang='lat' dir='ltr'><strong>men</strong></span> <span class='ocrx_word' id='word_1_95' title='bbox 484 1319 635 1364; x_wconf 90' lang='lat' dir='ltr'><strong>tuum</strong></span> <span class='ocrx_word' id='word_1_96' title='bbox 662 1309 715 1363; x_wconf 94' lang='lat' dir='ltr'><strong>in</strong></span> <span class='ocrx_word' id='word_1_97' title='bbox 745 1309 958 1364; x_wconf 78' lang='lat' dir='ltr'><strong>saecula.</strong></span> <span class='ocrx_word' id='word_1_98' title='bbox 1002 1308 1104 1375; x_wconf 91' lang='lat' dir='ltr'><strong>Qui</strong></span> <span class='ocrx_word' id='word_1_99' title='bbox 1146 1310 1345 1366; x_wconf 84' lang='lat' dir='ltr'><strong>timetis</strong></span> <span class='ocrx_word' id='word_1_100' title='bbox 1388 1311 1690 1375; x_wconf 89' lang='lat' dir='ltr'><strong>Dominum,</strong></span> <span class='ocrx_word' id='word_1_101' title='bbox 1741 1312 1903 1366; x_wconf 87' lang='lat' dir='ltr'><strong>bene-</strong></span> 
     </span>
    </p>
   </div>
   <div class='ocr_carea' id='block_1_13' title="bbox 302 1400 1902 1468">
    <p class='ocr_par' dir='ltr' id='par_1_13' title="bbox 302 1400 1902 1468">
     <span class='ocr_line' id='line_1_13' title="bbox 302 1400 1902 1468; baseline -0.002 -11"><span class='ocrx_word' id='word_1_102' title='bbox 302 1402 490 1457; x_wconf 26' lang='lat' dir='ltr'><strong>.dicite</strong></span> <span class='ocrx_word' id='word_1_103' title='bbox 538 1400 764 1456; x_wconf 90' lang='lat' dir='ltr'><strong>Domino</strong></span> <span class='ocrx_word' id='word_1_104' title='bbox 806 1418 819 1455; x_wconf 90' lang='lat'><strong>:</strong></span> <span class='ocrx_word' id='word_1_105' title='bbox 854 1400 1167 1455; x_wconf 88' lang='lat' dir='ltr'><strong>benedictus</strong></span> <span class='ocrx_word' id='word_1_106' title='bbox 1208 1401 1465 1455; x_wconf 87' lang='lat' dir='ltr'><strong>Dominus</strong></span> <span class='ocrx_word' id='word_1_107' title='bbox 1511 1415 1576 1455; x_wconf 78' lang='lat' dir='ltr'><strong>ex</strong></span> <span class='ocrx_word' id='word_1_108' title='bbox 1617 1400 1765 1465; x_wconf 91' lang='lat' dir='ltr'><strong>Sion,</strong></span> <span class='ocrx_word' id='word_1_109' title='bbox 1811 1401 1902 1468; x_wconf 91' lang='lat' dir='ltr'><strong>qui</strong></span> 
     </span>
    </p>
   </div>
   <div class='ocr_carea' id='block_1_14' title="bbox 324 1489 1903 1553">
    <p class='ocr_par' dir='ltr' id='par_1_14' title="bbox 324 1489 1903 1553">
     <span class='ocr_line' id='line_1_14' title="bbox 324 1489 1903 1553; baseline -0.001 -7"><span class='ocrx_word' id='word_1_110' title='bbox 324 1493 539 1547; x_wconf 80' lang='lat' dir='ltr'><strong>habitat</strong></span> <span class='ocrx_word' id='word_1_111' title='bbox 566 1492 621 1546; x_wconf 90' lang='lat' dir='ltr'><strong>in</strong></span> <span class='ocrx_word' id='word_1_112' title='bbox 649 1489 966 1546; x_wconf 77' lang='lat' dir='ltr'><strong>Jerusalem.</strong></span> <span class='ocrx_word' id='word_1_113' title='bbox 991 1489 1216 1544; x_wconf 86' lang='lat' dir='ltr'><strong>Cantate</strong></span> <span class='ocrx_word' id='word_1_114' title='bbox 1241 1489 1485 1553; x_wconf 91' lang='lat' dir='ltr'><strong>Domino,</strong></span> <span class='ocrx_word' id='word_1_115' title='bbox 1523 1498 1579 1543; x_wconf 91' lang='lat' dir='ltr'><strong>et</strong></span> <span class='ocrx_word' id='word_1_116' title='bbox 1605 1489 1903 1544; x_wconf 87' lang='lat' dir='ltr'><strong>benedicite</strong></span> 
     </span>
    </p>
   </div>
   <div class='ocr_carea' id='block_1_15' title="bbox 322 1578 1902 1651">
    <p class='ocr_par' dir='ltr' id='par_1_15' title="bbox 322 1578 1902 1651">
     <span class='ocr_line' id='line_1_15' title="bbox 322 1578 1902 1651; baseline -0.003 -12"><span class='ocrx_word' id='word_1_117' title='bbox 322 1599 526 1639; x_wconf 89' lang='lat' dir='ltr'><strong>nomen</strong></span> <span class='ocrx_word' id='word_1_118' title='bbox 552 1582 705 1651; x_wconf 90' lang='lat' dir='ltr'><strong>ejus:</strong></span> <span class='ocrx_word' id='word_1_119' title='bbox 749 1582 885 1635; x_wconf 85' lang='lat' dir='ltr'><strong>bene</strong></span> <span class='ocrx_word' id='word_1_120' title='bbox 909 1580 1148 1634; x_wconf 84' lang='lat' dir='ltr'><strong>nuntiate</strong></span> <span class='ocrx_word' id='word_1_121' title='bbox 1173 1579 1238 1634; x_wconf 91' lang='lat' dir='ltr'><strong>de</strong></span> <span class='ocrx_word' id='word_1_122' title='bbox 1274 1579 1361 1634; x_wconf 88' lang='lat' dir='ltr'><strong>die</strong></span> <span class='ocrx_word' id='word_1_123' title='bbox 1412 1580 1465 1634; x_wconf 92' lang='lat' dir='ltr'><strong>ln</strong></span> <span class='ocrx_word' id='word_1_124' title='bbox 1494 1579 1635 1634; x_wconf 87' lang='lat' dir='ltr'><strong>diem</strong></span> <span class='ocrx_word' id='word_1_125' title='bbox 1671 1578 1902 1634; x_wconf 89' lang='lat' dir='ltr'><strong>salutare</strong></span> 
     </span>
    </p>
   </div>
   <div class='ocr_carea' id='block_1_16' title="bbox 324 1670 1902 1746">
    <p class='ocr_par' dir='ltr' id='par_1_16' title="bbox 324 1670 1902 1746">
     <span class='ocr_line' id='line_1_16' title="bbox 324 1670 1902 1746; baseline -0.004 -15"><span class='ocrx_word' id='word_1_126' title='bbox 324 1678 465 1746; x_wconf 81' lang='lat' dir='ltr'><strong>ejus.</strong></span> <span class='ocrx_word' id='word_1_127' title='bbox 501 1674 610 1729; x_wconf 85' lang='lat' dir='ltr'><strong>Nos</strong></span> <span class='ocrx_word' id='word_1_128' title='bbox 638 1673 728 1744; x_wconf 91' lang='lat' dir='ltr'><strong>qui</strong></span> <span class='ocrx_word' id='word_1_129' title='bbox 753 1672 1001 1736; x_wconf 82' lang='lat' dir='ltr'><strong>vivimus,</strong></span> <span class='ocrx_word' id='word_1_130' title='bbox 1026 1670 1391 1726; x_wconf 90' lang='lat' dir='ltr'><strong>benedicimus</strong></span> <span class='ocrx_word' id='word_1_131' title='bbox 1415 1670 1677 1737; x_wconf 88' lang='lat' dir='ltr'><strong>Domino;</strong></span> <span class='ocrx_word' id='word_1_132' title='bbox 1711 1686 1774 1725; x_wconf 80' lang='lat' dir='ltr'><strong>ex</strong></span> <span class='ocrx_word' id='word_1_133' title='bbox 1799 1671 1902 1725; x_wconf 86' lang='lat' dir='ltr'><strong>hoc</strong></span> 
     </span>
    </p>
   </div>
   <div class='ocr_carea' id='block_1_17' title="bbox 2003 641 3581 716">
    <p class='ocr_par' dir='ltr' id='par_1_17' title="bbox 2003 641 3581 716">
     <span class='ocr_line' id='line_1_17' title="bbox 2003 641 3581 716; baseline 0.006 -21"><span class='ocrx_word' id='word_1_134' title='bbox 2003 641 2343 696; x_wconf 71' lang='lat' dir='ltr'><strong>saeculorum.</strong></span> <span class='ocrx_word' id='word_1_135' title='bbox 2388 641 2581 698; x_wconf 84' lang='lat' dir='ltr'><strong>Amen.</strong></span> <span class='ocrx_word' id='word_1_136' title='bbox 2633 644 2743 699; x_wconf 93' lang='lat' dir='ltr'><strong>Deo</strong></span> <span class='ocrx_word' id='word_1_137' title='bbox 2769 645 2989 714; x_wconf 88' lang='lat' dir='ltr'><strong>gratias,</strong></span> <span class='ocrx_word' id='word_1_138' title='bbox 3043 645 3153 700; x_wconf 90' lang='lat' dir='ltr'><strong>Deo</strong></span> <span class='ocrx_word' id='word_1_139' title='bbox 3200 646 3424 716; x_wconf 87' lang='lat' dir='ltr'><strong>gratias,</strong></span> <span class='ocrx_word' id='word_1_140' title='bbox 3470 648 3581 705; x_wconf 73' lang='lat' dir='ltr'><strong>Deo</strong></span> 
     </span>
    </p>
   </div>
   <div class='ocr_carea' id='block_1_18' title="bbox 2002 730 3350 804">
    <p class='ocr_par' dir='ltr' id='par_1_18' title="bbox 2002 730 3350 804">
     <span class='ocr_line' id='line_1_18' title="bbox 2002 730 3350 804; baseline 0.005 -20"><span class='ocrx_word' id='word_1_141' title='bbox 2002 732 2223 801; x_wconf 81' lang='lat' dir='ltr'><strong>gratias.</strong></span> <span class='ocrx_word' id='word_1_142' title='bbox 2254 730 2540 789; x_wconf 88' lang='lat' dir='ltr'><strong>Benedicta</strong></span> <span class='ocrx_word' id='word_1_143' title='bbox 2566 733 2737 804; x_wconf 88' lang='lat' dir='ltr'><strong>gloria</strong></span> <span class='ocrx_word' id='word_1_144' title='bbox 2765 734 2977 791; x_wconf 90' lang='lat' dir='ltr'><strong>Domini</strong></span> <span class='ocrx_word' id='word_1_145' title='bbox 3004 738 3068 792; x_wconf 87' lang='lat' dir='ltr'><strong>de</strong></span> <span class='ocrx_word' id='word_1_146' title='bbox 3096 736 3212 793; x_wconf 83' lang='lat' dir='ltr'><strong>loco</strong></span> <span class='ocrx_word' id='word_1_147' title='bbox 3233 754 3350 793; x_wconf 92' lang='lat' dir='ltr'><strong>suo.</strong></span> 
     </span>
    </p>
   </div>
   <div class='ocr_carea' id='block_1_19' title="bbox 2732 855 2840 918">
    <p class='ocr_par' dir='ltr' id='par_1_19' title="bbox 2732 855 2840 918">
     <span class='ocr_line' id='line_1_19' title="bbox 2732 855 2840 918; baseline 0 0"><span class='ocrx_word' id='word_1_148' title='bbox 2732 855 2840 918; x_wconf 84' lang='lat' dir='ltr'><strong>Ii].</strong></span> 
     </span>
    </p>
   </div>
   <div class='ocr_carea' id='block_1_20' title="bbox 2042 969 3532 1059">
    <p class='ocr_par' dir='ltr' id='par_1_20' title="bbox 2042 969 3532 1059">
     <span class='ocr_line' id='line_1_20' title="bbox 2042 969 3532 1059; baseline 0.008 -29"><span class='ocrx_word' id='word_1_149' title='bbox 2042 969 2434 1045; x_wconf 67' lang='lat' dir='ltr'><strong>Paznitentia,</strong></span> <span class='ocrx_word' id='word_1_150' title='bbox 2470 979 2524 1032; x_wconf 84' lang='lat' dir='ltr'><strong>et</strong></span> <span class='ocrx_word' id='word_1_151' title='bbox 2548 971 2816 1050; x_wconf 77' lang='lat' dir='ltr'><strong>publicae</strong></span> <span class='ocrx_word' id='word_1_152' title='bbox 2841 979 3219 1052; x_wconf 70' lang='lat' dir='ltr'><strong>poenitcntiae</strong></span> <span class='ocrx_word' id='word_1_153' title='bbox 3248 982 3532 1059; x_wconf 82' lang='lat' dir='ltr'><strong>gemitus.</strong></span> 
     </span>
    </p>
   </div>
   <div class='ocr_carea' id='block_1_21' title="bbox 2072 1070 3579 1149">
    <p class='ocr_par' dir='ltr' id='par_1_21' title="bbox 2072 1070 3579 1149">
     <span class='ocr_line' id='line_1_21' title="bbox 2072 1070 3579 1149; baseline 0.007 -25"><span class='ocrx_word' id='word_1_154' title='bbox 2072 1070 2322 1140; x_wconf 85' lang='lat' dir='ltr'><strong>Legimus</strong></span> <span class='ocrx_word' id='word_1_155' title='bbox 2355 1070 2421 1124; x_wconf 87' lang='lat' dir='ltr'><strong>de</strong></span> <span class='ocrx_word' id='word_1_156' title='bbox 2446 1070 2672 1126; x_wconf 91' lang='lat' dir='ltr'><strong>Domino</strong></span> <span class='ocrx_word' id='word_1_157' title='bbox 2698 1072 2937 1129; x_wconf 78' lang='lat' dir='ltr'><strong>Christo.</strong></span> <span class='ocrx_word' id='word_1_158' title='bbox 2967 1078 3093 1146; x_wconf 87' lang='lat' dir='ltr'><strong>quia</strong></span> <span class='ocrx_word' id='word_1_159' title='bbox 3131 1088 3241 1131; x_wconf 85' lang='lat' dir='ltr'><strong>erat</strong></span> <span class='ocrx_word' id='word_1_160' title='bbox 3270 1088 3579 1149; x_wconf 82' lang='lat' dir='ltr'><strong>pernoctans</strong></span> 
     </span>
    </p>
   </div>
   <div class='ocr_carea' id='block_1_22' title="bbox 2000 1157 3581 1235">
    <p class='ocr_par' dir='ltr' id='par_1_22' title="bbox 2000 1157 3581 1235">
     <span class='ocr_line' id='line_1_22' title="bbox 2000 1157 3581 1235; baseline 0.004 -21"><span class='ocrx_word' id='word_1_161' title='bbox 2000 1161 2056 1214; x_wconf 89' lang='lat' dir='ltr'><strong>in</strong></span> <span class='ocrx_word' id='word_1_162' title='bbox 2084 1158 2404 1212; x_wconf 80' lang='lat' dir='ltr'><strong>orationibus</strong></span> <span class='ocrx_word' id='word_1_163' title='bbox 2432 1157 2582 1230; x_wconf 87' lang='lat' dir='ltr'><strong>(Luc.</strong></span> <span class='ocrx_word' id='word_1_164' title='bbox 2607 1175 2678 1222; x_wconf 71' lang='lat' dir='ltr'><strong>vr,</strong></span> <span class='ocrx_word' id='word_1_165' title='bbox 2714 1160 2824 1230; x_wconf 72' lang='grc'>12).</span> <span class='ocrx_word' id='word_1_166' title='bbox 2852 1161 2987 1227; x_wconf 86' lang='lat' dir='ltr'><strong>Quid</strong></span> <span class='ocrx_word' id='word_1_167' title='bbox 3016 1179 3143 1233; x_wconf 85' lang='lat' dir='ltr'><strong>ergo</strong></span> <span class='ocrx_word' id='word_1_168' title='bbox 3184 1165 3241 1219; x_wconf 91' lang='lat' dir='ltr'><strong>in</strong></span> <span class='ocrx_word' id='word_1_169' title='bbox 3283 1166 3581 1235; x_wconf 83' lang='lat' dir='ltr'><strong>iniquitati-</strong></span> 
     </span>
    </p>
   </div>
   <div class='ocr_carea' id='block_1_23' title="bbox 2002 1246 3583 1318">
    <p class='ocr_par' dir='ltr' id='par_1_23' title="bbox 2002 1246 3583 1318">
     <span class='ocr_line' id='line_1_23' title="bbox 2002 1246 3583 1318; baseline 0.007 -17"><span class='ocrx_word' id='word_1_170' title='bbox 2002 1246 2100 1303; x_wconf 90' lang='lat' dir='ltr'><strong>bus</strong></span> <span class='ocrx_word' id='word_1_171' title='bbox 2127 1251 2370 1318; x_wconf 87' lang='lat' dir='ltr'><strong>concepti</strong></span> <span class='ocrx_word' id='word_1_172' title='bbox 2395 1259 2450 1305; x_wconf 90' lang='lat' dir='ltr'><strong>et</strong></span> <span class='ocrx_word' id='word_1_173' title='bbox 2497 1250 2551 1303; x_wconf 89' lang='lat' dir='ltr'><strong>in</strong></span> <span class='ocrx_word' id='word_1_174' title='bbox 2583 1250 2814 1317; x_wconf 85' lang='lat' dir='ltr'><strong>delictis,</strong></span> <span class='ocrx_word' id='word_1_175' title='bbox 2856 1254 3052 1308; x_wconf 79' lang='lat' dir='ltr'><strong>lectulo</strong></span> <span class='ocrx_word' id='word_1_176' title='bbox 3096 1254 3441 1313; x_wconf 76' lang='lat' dir='ltr'><strong>confoventes</strong></span> <span class='ocrx_word' id='word_1_177' title='bbox 3484 1273 3583 1312; x_wconf 84' lang='lat' dir='ltr'><strong>nos</strong></span> 
     </span>
    </p>
   </div>
   <div class='ocr_carea' id='block_1_24' title="bbox 2002 1336 3577 1408">
    <p class='ocr_par' dir='ltr' id='par_1_24' title="bbox 2002 1336 3577 1408">
     <span class='ocr_line' id='line_1_24' title="bbox 2002 1336 3577 1408; baseline 0.003 -17"><span class='ocrx_word' id='word_1_178' title='bbox 2002 1336 2228 1391; x_wconf 82' lang='lat' dir='ltr'><strong>delicate</strong></span> <span class='ocrx_word' id='word_1_179' title='bbox 2251 1338 2552 1407; x_wconf 85' lang='lat' dir='ltr'><strong>palpamus,</strong></span> <span class='ocrx_word' id='word_1_180' title='bbox 2578 1339 2623 1392; x_wconf 90' lang='lat' dir='ltr'><strong>si</strong></span> <span class='ocrx_word' id='word_1_181' title='bbox 2647 1339 2737 1393; x_wconf 87' lang='lat' dir='ltr'><strong>ille</strong></span> <span class='ocrx_word' id='word_1_182' title='bbox 2765 1342 3117 1408; x_wconf 86' lang='lat' dir='ltr'><strong>pernoctabat</strong></span> <span class='ocrx_word' id='word_1_183' title='bbox 3142 1341 3195 1394; x_wconf 91' lang='lat' dir='ltr'><strong>in</strong></span> <span class='ocrx_word' id='word_1_184' title='bbox 3224 1342 3577 1404; x_wconf 84' lang='lat' dir='ltr'><strong>orationibus,</strong></span> 
     </span>
    </p>
   </div>
   <div class='ocr_carea' id='block_1_25' title="bbox 2000 1424 3586 1498">
    <p class='ocr_par' dir='ltr' id='par_1_25' title="bbox 2000 1424 3586 1498">
     <span class='ocr_line' id='line_1_25' title="bbox 2000 1424 3586 1498; baseline 0.004 -21"><span class='ocrx_word' id='word_1_185' title='bbox 2000 1424 2092 1491; x_wconf 87' lang='lat' dir='ltr'><strong>qui</strong></span> <span class='ocrx_word' id='word_1_186' title='bbox 2129 1426 2272 1479; x_wconf 92' lang='lat' dir='ltr'><strong>omni</strong></span> <span class='ocrx_word' id='word_1_187' title='bbox 2295 1441 2515 1494; x_wconf 86' lang='lat' dir='ltr'><strong>prorsus</strong></span> <span class='ocrx_word' id='word_1_188' title='bbox 2541 1428 2856 1498; x_wconf 90' lang='lat' dir='ltr'><strong>contagione</strong></span> <span class='ocrx_word' id='word_1_189' title='bbox 2887 1429 3107 1483; x_wconf 86' lang='lat' dir='ltr'><strong>carebat</strong></span> <span class='ocrx_word' id='word_1_190' title='bbox 3130 1429 3379 1498; x_wconf 83' lang='lat' dir='ltr'><strong>peccati?</strong></span> <span class='ocrx_word' id='word_1_191' title='bbox 3419 1427 3586 1483; x_wconf 89' lang='lat' dir='ltr'><strong>Scru-</strong></span> 
     </span>
    </p>
   </div>
   <div class='ocr_carea' id='block_1_26' title="bbox 2002 1514 3581 1585">
    <p class='ocr_par' dir='ltr' id='par_1_26' title="bbox 2002 1514 3581 1585">
     <span class='ocr_line' id='line_1_26' title="bbox 2002 1514 3581 1585; baseline 0.001 -18"><span class='ocrx_word' id='word_1_192' title='bbox 2002 1519 2179 1567; x_wconf 89' lang='lat' dir='ltr'><strong>temur</strong></span> <span class='ocrx_word' id='word_1_193' title='bbox 2207 1528 2335 1583; x_wconf 84' lang='lat' dir='ltr'><strong>ergo</strong></span> <span class='ocrx_word' id='word_1_194' title='bbox 2366 1514 2479 1567; x_wconf 85' lang='lat' dir='ltr'><strong>vias</strong></span> <span class='ocrx_word' id='word_1_195' title='bbox 2524 1524 2759 1579; x_wconf 89' lang='lat' dir='ltr'><strong>nostras,</strong></span> <span class='ocrx_word' id='word_1_196' title='bbox 2801 1524 2855 1568; x_wconf 88' lang='lat' dir='ltr'><strong>et</strong></span> <span class='ocrx_word' id='word_1_197' title='bbox 2881 1516 3144 1585; x_wconf 82' lang='lat' dir='ltr'><strong>duplicem</strong></span> <span class='ocrx_word' id='word_1_198' title='bbox 3176 1516 3230 1569; x_wconf 89' lang='lat' dir='ltr'><strong>in</strong></span> <span class='ocrx_word' id='word_1_199' title='bbox 3260 1515 3581 1584; x_wconf 73' lang='lat' dir='ltr'><strong>poenitentia</strong></span> 
     </span>
    </p>
   </div>
   <div class='ocr_carea' id='block_1_27' title="bbox 1999 1604 3582 1674">
    <p class='ocr_par' dir='ltr' id='par_1_27' title="bbox 1999 1604 3582 1674">
     <span class='ocr_line' id='line_1_27' title="bbox 1999 1604 3582 1674; baseline 0.001 -18"><span class='ocrx_word' id='word_1_200' title='bbox 1999 1604 2255 1673; x_wconf 76' lang='lat' dir='ltr'><strong>gemitum</strong></span> <span class='ocrx_word' id='word_1_201' title='bbox 2280 1605 2571 1659; x_wconf 88' lang='lat' dir='ltr'><strong>habeamus</strong></span> <span class='ocrx_word' id='word_1_202' title='bbox 2597 1605 2651 1659; x_wconf 89' lang='lat' dir='ltr'><strong>in</strong></span> <span class='ocrx_word' id='word_1_203' title='bbox 2672 1605 2884 1660; x_wconf 68' lang='lat' dir='ltr'><strong>saeculo.</strong></span> <span class='ocrx_word' id='word_1_204' title='bbox 2913 1604 3200 1669; x_wconf 88' lang='lat' dir='ltr'><strong>Nimirum,</strong></span> <span class='ocrx_word' id='word_1_205' title='bbox 3225 1604 3350 1674; x_wconf 89' lang='lat' dir='ltr'><strong>quia</strong></span> <span class='ocrx_word' id='word_1_206' title='bbox 3372 1611 3426 1658; x_wconf 91' lang='lat' dir='ltr'><strong>et</strong></span> <span class='ocrx_word' id='word_1_207' title='bbox 3443 1605 3582 1658; x_wconf 90' lang='lat' dir='ltr'><strong>bona</strong></span> 
     </span>
    </p>
   </div>
   <div class='ocr_carea' id='block_1_28' title="bbox 2003 1692 3581 1762">
    <p class='ocr_par' dir='ltr' id='par_1_28' title="bbox 2003 1692 3581 1762">
     <span class='ocr_line' id='line_1_28' title="bbox 2003 1692 3581 1762; baseline 0.001 -17"><span class='ocrx_word' id='word_1_208' title='bbox 2003 1706 2120 1761; x_wconf 71' lang='lat' dir='ltr'><strong>qua:</strong></span> <span class='ocrx_word' id='word_1_209' title='bbox 2146 1693 2403 1762; x_wconf 86' lang='lat' dir='ltr'><strong>oportuit,</strong></span> <span class='ocrx_word' id='word_1_210' title='bbox 2434 1709 2538 1748; x_wconf 88' lang='lat' dir='ltr'><strong>non</strong></span> <span class='ocrx_word' id='word_1_211' title='bbox 2568 1692 2813 1758; x_wconf 78' lang='lat' dir='ltr'><strong>fecimus,</strong></span> <span class='ocrx_word' id='word_1_212' title='bbox 2842 1702 2899 1747; x_wconf 90' lang='lat' dir='ltr'><strong>et</strong></span> <span class='ocrx_word' id='word_1_213' title='bbox 2940 1693 3079 1747; x_wconf 89' lang='lat' dir='ltr'><strong>mala</strong></span> <span class='ocrx_word' id='word_1_214' title='bbox 3109 1707 3227 1762; x_wconf 81' lang='lat' dir='ltr'><strong>quae</strong></span> <span class='ocrx_word' id='word_1_215' title='bbox 3273 1708 3378 1747; x_wconf 93' lang='lat' dir='ltr'><strong>non</strong></span> <span class='ocrx_word' id='word_1_216' title='bbox 3419 1708 3581 1761; x_wconf 84' lang='lat' dir='ltr'><strong>opor—</strong></span> 
     </span>
    </p>
   </div>
   <div class='ocr_carea' id='block_1_29' title="bbox 325 1754 3587 1873">
    <p class='ocr_par' dir='ltr' id='par_1_29' title="bbox 325 1754 3587 1873">
     <span class='ocr_line' id='line_1_29' title="bbox 325 1754 3587 1873; baseline -0.004 -50"><span class='ocrx_word' id='word_1_217' title='bbox 325 1783 473 1823; x_wconf 87' lang='lat' dir='ltr'><strong>nunc</strong></span> <span class='ocrx_word' id='word_1_218' title='bbox 494 1775 549 1821; x_wconf 90' lang='lat' dir='ltr'><strong>et</strong></span> <span class='ocrx_word' id='word_1_219' title='bbox 566 1779 735 1835; x_wconf 78' lang='lat' dir='ltr'><strong>usque</strong></span> <span class='ocrx_word' id='word_1_220' title='bbox 760 1765 814 1819; x_wconf 90' lang='lat' dir='ltr'><strong>in</strong></span> <span class='ocrx_word' id='word_1_221' title='bbox 837 1763 1112 1819; x_wconf 69' lang='lat' dir='ltr'><strong>smculum.</strong></span> <span class='ocrx_word' id='word_1_222' title='bbox 1136 1763 1456 1818; x_wconf 87' lang='lat' dir='ltr'><strong>Benedictus</strong></span> <span class='ocrx_word' id='word_1_223' title='bbox 1482 1754 1901 1817; x_wconf 34' lang='lat' dir='ltr'><strong>Dominus&#39;Deus</strong></span> <span class='ocrx_word' id='word_1_224' title='bbox 1939 1814 1984 1873; x_wconf 73' lang='grc' dir='ltr'><strong>Β</strong></span> <span class='ocrx_word' id='word_1_225' title='bbox 2011 1754 2127 1848; x_wconf 46' lang='lat' dir='ltr'><strong>fuit,</strong></span> <span class='ocrx_word' id='word_1_226' title='bbox 2159 1754 2365 1853; x_wconf 62' lang='lat' dir='ltr'><strong>o&#39;pemﬁ</strong></span> <span class='ocrx_word' id='word_1_227' title='bbox 2390 1754 2598 1840; x_wconf 39' lang='lat' dir='ltr'><strong>sumus.</strong></span> <span class='ocrx_word' id='word_1_228' title='bbox 2645 1754 2915 1840; x_wconf 45' lang='lat' dir='ltr'><strong>canamus</strong></span> <span class='ocrx_word' id='word_1_229' title='bbox 2948 1754 3208 1854; x_wconf 50' lang='lat' dir='ltr'><strong>mantelia</strong></span> <span class='ocrx_word' id='word_1_230' title='bbox 3238 1784 3419 1840; x_wconf 65' lang='lat' dir='ltr'><strong>sedula</strong></span> <span class='ocrx_word' id='word_1_231' title='bbox 3447 1754 3587 1839; x_wconf 39' lang='grc' dir='ltr'><strong>θεοί,</strong></span> 
     </span>
     <span class='ocr_line' id='line_1_30' title="bbox 325 1850 3529 1873; baseline 0 0"><span class='ocrx_word' id='word_1_232' title='bbox 325 1867 347 1873; x_wconf 83' lang='grc'><strong>-</strong></span> <span class='ocrx_word' id='word_1_233' title='bbox 477 1856 491 1873; x_wconf 76' lang='grc' dir='ltr'><strong>Ι</strong></span> <span class='ocrx_word' id='word_1_234' title='bbox 614 1857 627 1869; x_wconf 75' lang='grc' dir='ltr'><strong>ο</strong></span> <span class='ocrx_word' id='word_1_235' title='bbox 652 1856 775 1873; x_wconf 41' lang='grc' dir='ltr'><strong>ρλ-ρ.</strong></span> <span class='ocrx_word' id='word_1_236' title='bbox 834 1853 1055 1873; x_wconf 31' lang='grc' dir='ltr'><strong>κε,,ι.ειε-</strong></span> <span class='ocrx_word' id='word_1_237' title='bbox 1091 1868 1278 1873; x_wconf 71' lang='lat'><strong>_--.__.-</strong></span> <span class='ocrx_word' id='word_1_238' title='bbox 1307 1852 1473 1873; x_wconf 62' lang='lat' dir='ltr'><strong>--I_-_-</strong></span> <span class='ocrx_word' id='word_1_239' title='bbox 1501 1859 1546 1873; x_wconf 64' lang='grc' dir='ltr'><strong>,Α</strong></span> <span class='ocrx_word' id='word_1_240' title='bbox 1569 1850 1902 1873; x_wconf 64' lang='grc' dir='ltr'><strong>1.--,Δξ-ι-.---</strong></span> <span class='ocrx_word' id='word_1_241' title='bbox 3525 1856 3529 1860; x_wconf 93' lang='lat'><strong><em>&#39;</em></strong></span> 
     </span>
    </p>
   </div>
   <div class='ocr_carea' id='block_1_30' title="bbox 324 1850 1906 1926">
    <p class='ocr_par' dir='ltr' id='par_1_30' title="bbox 324 1850 1906 1926">
     <span class='ocr_line' id='line_1_31' title="bbox 324 1850 1906 1926; baseline -0.006 -13"><span class='ocrx_word' id='word_1_242' title='bbox 324 1856 516 1926; x_wconf 68' lang='lat' dir='ltr'><strong>Israel,</strong></span> <span class='ocrx_word' id='word_1_243' title='bbox 540 1857 629 1926; x_wconf 86' lang='lat' dir='ltr'><strong>qui</strong></span> <span class='ocrx_word' id='word_1_244' title='bbox 651 1856 779 1909; x_wconf 75' lang='lat' dir='ltr'><strong>fecit</strong></span> <span class='ocrx_word' id='word_1_245' title='bbox 801 1853 1060 1908; x_wconf 89' lang='lat' dir='ltr'><strong>mirabilia</strong></span> <span class='ocrx_word' id='word_1_246' title='bbox 1091 1868 1284 1924; x_wconf 86' lang='lat' dir='ltr'><strong>magna</strong></span> <span class='ocrx_word' id='word_1_247' title='bbox 1304 1852 1474 1907; x_wconf 90' lang='lat' dir='ltr'><strong>solus:</strong></span> <span class='ocrx_word' id='word_1_248' title='bbox 1495 1859 1549 1907; x_wconf 91' lang='lat' dir='ltr'><strong>et</strong></span> <span class='ocrx_word' id='word_1_249' title='bbox 1569 1850 1906 1907; x_wconf 89' lang='lat' dir='ltr'><strong>benedictum</strong></span> 
     </span>
    </p>
   </div>
   <div class='ocr_carea' id='block_1_31' title="bbox 327 1943 1911 2018">
    <p class='ocr_par' dir='ltr' id='par_1_31' title="bbox 327 1943 1911 2018">
     <span class='ocr_line' id='line_1_32' title="bbox 327 1943 1911 2018; baseline -0.009 -12"><span class='ocrx_word' id='word_1_250' title='bbox 327 1965 531 2006; x_wconf 81' lang='lat' dir='ltr'><strong>nomen</strong></span> <span class='ocrx_word' id='word_1_251' title='bbox 553 1946 851 2018; x_wconf 87' lang='lat' dir='ltr'><strong>majestatis</strong></span> <span class='ocrx_word' id='word_1_252' title='bbox 872 1943 987 2014; x_wconf 89' lang='lat' dir='ltr'><strong>ejus</strong></span> <span class='ocrx_word' id='word_1_253' title='bbox 1012 1946 1064 1999; x_wconf 93' lang='lat' dir='ltr'><strong>in</strong></span> <span class='ocrx_word' id='word_1_254' title='bbox 1087 1952 1369 2008; x_wconf 66' lang='lat' dir='ltr'><strong>aeternum,</strong></span> <span class='ocrx_word' id='word_1_255' title='bbox 1389 1944 1515 1997; x_wconf 91' lang='lat' dir='ltr'><strong>etin</strong></span> <span class='ocrx_word' id='word_1_256' title='bbox 1537 1944 1791 2001; x_wconf 66' lang='lat' dir='ltr'><strong>saeculum</strong></span> <span class='ocrx_word' id='word_1_257' title='bbox 1811 1959 1911 1998; x_wconf 61' lang='lat' dir='ltr'><strong>sm.</strong></span> 
     </span>
    </p>
   </div>
   <div class='ocr_carea' id='block_1_32' title="bbox 324 2031 1908 2103">
    <p class='ocr_par' dir='ltr' id='par_1_32' title="bbox 324 2031 1908 2103">
     <span class='ocr_line' id='line_1_33' title="bbox 324 2031 1908 2103; baseline -0.004 -10"><span class='ocrx_word' id='word_1_258' title='bbox 324 2041 456 2097; x_wconf 78' lang='lat' dir='ltr'><strong>cali.</strong></span> <span class='ocrx_word' id='word_1_259' title='bbox 478 2038 792 2095; x_wconf 88' lang='lat' dir='ltr'><strong>Benedicam</strong></span> <span class='ocrx_word' id='word_1_260' title='bbox 806 2036 1028 2091; x_wconf 88' lang='lat' dir='ltr'><strong>Domino</strong></span> <span class='ocrx_word' id='word_1_261' title='bbox 1042 2034 1096 2095; x_wconf 85' lang='lat' dir='ltr'><strong>in</strong></span> <span class='ocrx_word' id='word_1_262' title='bbox 1115 2034 1258 2088; x_wconf 82' lang='lat' dir='ltr'><strong>omni</strong></span> <span class='ocrx_word' id='word_1_263' title='bbox 1284 2043 1542 2102; x_wconf 83' lang='lat' dir='ltr'><strong>tempore,</strong></span> <span class='ocrx_word' id='word_1_264' title='bbox 1562 2047 1775 2103; x_wconf 88' lang='lat' dir='ltr'><strong>semper</strong></span> <span class='ocrx_word' id='word_1_265' title='bbox 1792 2031 1908 2086; x_wconf 89' lang='lat' dir='ltr'><strong>laus</strong></span> 
     </span>
    </p>
   </div>
   <div class='ocr_carea' id='block_1_33' title="bbox 324 2123 1905 2202">
    <p class='ocr_par' dir='ltr' id='par_1_33' title="bbox 324 2123 1905 2202">
     <span class='ocr_line' id='line_1_34' title="bbox 324 2123 1905 2202; baseline -0.006 -17"><span class='ocrx_word' id='word_1_266' title='bbox 324 2133 447 2202; x_wconf 79' lang='lat' dir='ltr'><strong>ejus</strong></span> <span class='ocrx_word' id='word_1_267' title='bbox 468 2130 521 2184; x_wconf 90' lang='lat' dir='ltr'><strong>in</strong></span> <span class='ocrx_word' id='word_1_268' title='bbox 541 2144 635 2184; x_wconf 88' lang='lat' dir='ltr'><strong>ore</strong></span> <span class='ocrx_word' id='word_1_269' title='bbox 658 2143 798 2183; x_wconf 89' lang='lat' dir='ltr'><strong>meo.</strong></span> <span class='ocrx_word' id='word_1_270' title='bbox 818 2127 1066 2181; x_wconf 86' lang='lat' dir='ltr'><strong>Laudabo</strong></span> <span class='ocrx_word' id='word_1_271' title='bbox 1087 2140 1279 2180; x_wconf 90' lang='lat' dir='ltr'><strong>nomen</strong></span> <span class='ocrx_word' id='word_1_272' title='bbox 1304 2124 1395 2179; x_wconf 89' lang='lat' dir='ltr'><strong>Dei</strong></span> <span class='ocrx_word' id='word_1_273' title='bbox 1415 2124 1519 2178; x_wconf 90' lang='lat' dir='ltr'><strong>mei</strong></span> <span class='ocrx_word' id='word_1_274' title='bbox 1540 2139 1660 2177; x_wconf 90' lang='lat' dir='ltr'><strong>cum</strong></span> <span class='ocrx_word' id='word_1_275' title='bbox 1675 2123 1905 2187; x_wconf 90' lang='lat' dir='ltr'><strong>cantico,</strong></span> 
     </span>
    </p>
   </div>
   <div class='ocr_carea' id='block_1_34' title="bbox 324 2214 1909 2293">
    <p class='ocr_par' dir='ltr' id='par_1_34' title="bbox 324 2214 1909 2293">
     <span class='ocr_line' id='line_1_35' title="bbox 324 2214 1909 2293; baseline -0.008 -13"><span class='ocrx_word' id='word_1_276' title='bbox 324 2233 385 2280; x_wconf 85' lang='lat' dir='ltr'><strong>et</strong></span> <span class='ocrx_word' id='word_1_277' title='bbox 406 2222 760 2293; x_wconf 85' lang='lat' dir='ltr'><strong>magniﬁcabo</strong></span> <span class='ocrx_word' id='word_1_278' title='bbox 780 2235 901 2276; x_wconf 92' lang='lat' dir='ltr'><strong>eum</strong></span> <span class='ocrx_word' id='word_1_279' title='bbox 923 2220 977 2273; x_wconf 92' lang='lat' dir='ltr'><strong>in</strong></span> <span class='ocrx_word' id='word_1_280' title='bbox 999 2218 1173 2272; x_wconf 84' lang='lat' dir='ltr'><strong>laude.</strong></span> <span class='ocrx_word' id='word_1_281' title='bbox 1191 2216 1436 2271; x_wconf 88' lang='lat' dir='ltr'><strong>Laudent</strong></span> <span class='ocrx_word' id='word_1_282' title='bbox 1454 2230 1574 2270; x_wconf 88' lang='lat' dir='ltr'><strong>eum</strong></span> <span class='ocrx_word' id='word_1_283' title='bbox 1591 2214 1712 2268; x_wconf 66' lang='lat' dir='ltr'><strong>caeli</strong></span> <span class='ocrx_word' id='word_1_284' title='bbox 1732 2224 1785 2267; x_wconf 92' lang='lat' dir='ltr'><strong>et</strong></span> <span class='ocrx_word' id='word_1_285' title='bbox 1810 2221 1909 2268; x_wconf 86' lang='lat' dir='ltr'><strong>ter-</strong></span> 
     </span>
    </p>
   </div>
   <div class='ocr_carea' id='block_1_35' title="bbox 327 2304 1907 2383">
    <p class='ocr_par' dir='ltr' id='par_1_35' title="bbox 327 2304 1907 2383">
     <span class='ocr_line' id='line_1_36' title="bbox 327 2304 1907 2383; baseline -0.006 -15"><span class='ocrx_word' id='word_1_286' title='bbox 327 2331 420 2383; x_wconf 64' lang='lat' dir='ltr'><strong>ra,</strong></span> <span class='ocrx_word' id='word_1_287' title='bbox 436 2327 602 2377; x_wconf 88' lang='lat' dir='ltr'><strong>mare,</strong></span> <span class='ocrx_word' id='word_1_288' title='bbox 627 2319 681 2365; x_wconf 89' lang='lat' dir='ltr'><strong>et</strong></span> <span class='ocrx_word' id='word_1_289' title='bbox 696 2310 875 2365; x_wconf 88' lang='lat' dir='ltr'><strong>omnia</strong></span> <span class='ocrx_word' id='word_1_290' title='bbox 890 2322 1007 2379; x_wconf 68' lang='lat' dir='ltr'><strong>qum</strong></span> <span class='ocrx_word' id='word_1_291' title='bbox 1023 2308 1076 2362; x_wconf 95' lang='lat' dir='ltr'><strong>in</strong></span> <span class='ocrx_word' id='word_1_292' title='bbox 1098 2308 1175 2362; x_wconf 89' lang='lat' dir='ltr'><strong>eis</strong></span> <span class='ocrx_word' id='word_1_293' title='bbox 1190 2314 1330 2361; x_wconf 90' lang='lat' dir='ltr'><strong>sunt.</strong></span> <span class='ocrx_word' id='word_1_294' title='bbox 1354 2305 1592 2361; x_wconf 87' lang='lat' dir='ltr'><strong>Cantabo</strong></span> <span class='ocrx_word' id='word_1_295' title='bbox 1611 2304 1837 2358; x_wconf 86' lang='lat' dir='ltr'><strong>Domino</strong></span> <span class='ocrx_word' id='word_1_296' title='bbox 1854 2304 1907 2359; x_wconf 92' lang='lat' dir='ltr'><strong>in</strong></span> 
     </span>
    </p>
   </div>
   <div class='ocr_carea' id='block_1_36' title="bbox 325 2392 1908 2470">
    <p class='ocr_par' dir='ltr' id='par_1_36' title="bbox 325 2392 1908 2470">
     <span class='ocr_line' id='line_1_37' title="bbox 325 2392 1908 2470; baseline -0.005 -16"><span class='ocrx_word' id='word_1_297' title='bbox 325 2404 439 2457; x_wconf 85' lang='lat' dir='ltr'><strong>vita</strong></span> <span class='ocrx_word' id='word_1_298' title='bbox 464 2416 604 2467; x_wconf 88' lang='lat' dir='ltr'><strong>mea,</strong></span> <span class='ocrx_word' id='word_1_299' title='bbox 624 2399 848 2470; x_wconf 88' lang='lat' dir='ltr'><strong>psallam</strong></span> <span class='ocrx_word' id='word_1_300' title='bbox 871 2398 980 2455; x_wconf 86' lang='lat' dir='ltr'><strong>Deo</strong></span> <span class='ocrx_word' id='word_1_301' title='bbox 1009 2395 1399 2467; x_wconf 87' lang='lat' dir='ltr'><strong>me0,quanditt</strong></span> <span class='ocrx_word' id='word_1_302' title='bbox 1419 2409 1530 2449; x_wconf 85' lang='lat' dir='ltr'><strong>ero.</strong></span> <span class='ocrx_word' id='word_1_303' title='bbox 1557 2393 1747 2448; x_wconf 84' lang='lat' dir='ltr'><strong>Suavis</strong></span> <span class='ocrx_word' id='word_1_304' title='bbox 1775 2392 1908 2447; x_wconf 89' lang='lat' dir='ltr'><strong>sitei</strong></span> 
     </span>
    </p>
   </div>
   <div class='ocr_carea' id='block_1_37' title="bbox 327 2482 1908 2563">
    <p class='ocr_par' dir='ltr' id='par_1_37' title="bbox 327 2482 1908 2563">
     <span class='ocr_line' id='line_1_38' title="bbox 327 2482 1908 2563; baseline -0.009 -11"><span class='ocrx_word' id='word_1_305' title='bbox 327 2495 574 2553; x_wconf 85' lang='lat' dir='ltr'><strong>laudatio</strong></span> <span class='ocrx_word' id='word_1_306' title='bbox 601 2509 740 2557; x_wconf 90' lang='lat' dir='ltr'><strong>mea,</strong></span> <span class='ocrx_word' id='word_1_307' title='bbox 778 2507 877 2563; x_wconf 91' lang='lat' dir='ltr'><strong>ego</strong></span> <span class='ocrx_word' id='word_1_308' title='bbox 920 2506 1048 2546; x_wconf 89' lang='lat' dir='ltr'><strong>vero</strong></span> <span class='ocrx_word' id='word_1_309' title='bbox 1081 2487 1385 2544; x_wconf 83' lang='lat' dir='ltr'><strong>delectabor</strong></span> <span class='ocrx_word' id='word_1_310' title='bbox 1428 2487 1482 2542; x_wconf 91' lang='lat' dir='ltr'><strong>in</strong></span> <span class='ocrx_word' id='word_1_311' title='bbox 1528 2486 1773 2541; x_wconf 92' lang='lat' dir='ltr'><strong>Domino.</strong></span> <span class='ocrx_word' id='word_1_312' title='bbox 1824 2482 1908 2538; x_wconf 86' lang='lat' dir='ltr'><strong>Sit</strong></span> 
     </span>
    </p>
   </div>
   <div class='ocr_carea' id='block_1_38' title="bbox 325 2578 1907 2659">
    <p class='ocr_par' dir='ltr' id='par_1_38' title="bbox 325 2578 1907 2659">
     <span class='ocr_line' id='line_1_39' title="bbox 325 2578 1907 2659; baseline -0.009 -13"><span class='ocrx_word' id='word_1_313' title='bbox 325 2589 503 2659; x_wconf 74' lang='lat' dir='ltr'><strong>gloria</strong></span> <span class='ocrx_word' id='word_1_314' title='bbox 528 2586 739 2649; x_wconf 79' lang='lat' dir='ltr'><strong>Domini</strong></span> <span class='ocrx_word' id='word_1_315' title='bbox 761 2586 815 2640; x_wconf 88' lang='lat' dir='ltr'><strong>in</strong></span> <span class='ocrx_word' id='word_1_316' title='bbox 842 2584 1092 2640; x_wconf 62' lang='lat' dir='ltr'><strong>saeculum</strong></span> <span class='ocrx_word' id='word_1_317' title='bbox 1119 2582 1322 2646; x_wconf 53' lang='lat' dir='ltr'><strong>saeculi,</strong></span> <span class='ocrx_word' id='word_1_318' title='bbox 1359 2581 1626 2637; x_wconf 61' lang='lat' dir='ltr'><strong>laetabitur</strong></span> <span class='ocrx_word' id='word_1_319' title='bbox 1650 2578 1907 2633; x_wconf 83' lang='lat' dir='ltr'><strong>Dominus</strong></span> 
     </span>
    </p>
   </div>
   <div class='ocr_carea' id='block_1_39' title="bbox 324 2673 1902 2751">
    <p class='ocr_par' dir='ltr' id='par_1_39' title="bbox 324 2673 1902 2751">
     <span class='ocr_line' id='line_1_40' title="bbox 324 2673 1902 2751; baseline -0.01 -13"><span class='ocrx_word' id='word_1_320' title='bbox 324 2681 388 2738; x_wconf 75' lang='lat' dir='ltr'><strong>in</strong></span> <span class='ocrx_word' id='word_1_321' title='bbox 416 2681 671 2751; x_wconf 85' lang='lat' dir='ltr'><strong>operibus</strong></span> <span class='ocrx_word' id='word_1_322' title='bbox 704 2681 836 2734; x_wconf 92' lang='lat' dir='ltr'><strong>suis.</strong></span> <span class='ocrx_word' id='word_1_323' title='bbox 860 2675 1096 2731; x_wconf 84' lang='lat' dir='ltr'><strong>Laudem</strong></span> <span class='ocrx_word' id='word_1_324' title='bbox 1123 2674 1334 2729; x_wconf 89' lang='lat' dir='ltr'><strong>Domini</strong></span> <span class='ocrx_word' id='word_1_325' title='bbox 1362 2673 1595 2742; x_wconf 86' lang='lat' dir='ltr'><strong>loquitur</strong></span> <span class='ocrx_word' id='word_1_326' title='bbox 1616 2688 1676 2728; x_wconf 84' lang='lat' dir='ltr'><strong>os</strong></span> <span class='ocrx_word' id='word_1_327' title='bbox 1703 2686 1902 2736; x_wconf 87' lang='lat' dir='ltr'><strong>meum,</strong></span> 
     </span>
    </p>
   </div>
   <div class='ocr_carea' id='block_1_40' title="bbox 320 2762 1907 2831">
    <p class='ocr_par' dir='ltr' id='par_1_40' title="bbox 320 2762 1907 2831">
     <span class='ocr_line' id='line_1_41' title="bbox 320 2762 1907 2831; baseline -0.008 -2"><span class='ocrx_word' id='word_1_328' title='bbox 320 2784 386 2829; x_wconf 82' lang='lat' dir='ltr'><strong>et</strong></span> <span class='ocrx_word' id='word_1_329' title='bbox 406 2771 685 2827; x_wconf 88' lang='lat' dir='ltr'><strong>benedicat</strong></span> <span class='ocrx_word' id='word_1_330' title='bbox 711 2768 886 2825; x_wconf 89' lang='lat' dir='ltr'><strong>omnis</strong></span> <span class='ocrx_word' id='word_1_331' title='bbox 904 2783 1032 2823; x_wconf 88' lang='lat' dir='ltr'><strong>caro</strong></span> <span class='ocrx_word' id='word_1_332' title='bbox 1051 2782 1244 2821; x_wconf 91' lang='lat' dir='ltr'><strong>nomen</strong></span> <span class='ocrx_word' id='word_1_333' title='bbox 1271 2774 1513 2820; x_wconf 89' lang='lat' dir='ltr'><strong>sanctum</strong></span> <span class='ocrx_word' id='word_1_334' title='bbox 1535 2762 1651 2831; x_wconf 86' lang='lat' dir='ltr'><strong>ejus</strong></span> <span class='ocrx_word' id='word_1_335' title='bbox 1677 2764 1729 2818; x_wconf 92' lang='lat' dir='ltr'><strong>in</strong></span> <span class='ocrx_word' id='word_1_336' title='bbox 1750 2771 1907 2817; x_wconf 65' lang='lat' dir='ltr'><strong>teter-</strong></span> 
     </span>
    </p>
   </div>
   <div class='ocr_carea' id='block_1_41' title="bbox 322 2853 1903 2925">
    <p class='ocr_par' dir='ltr' id='par_1_41' title="bbox 322 2853 1903 2925">
     <span class='ocr_line' id='line_1_42' title="bbox 322 2853 1903 2925; baseline -0.008 -8"><span class='ocrx_word' id='word_1_337' title='bbox 322 2878 480 2925; x_wconf 83' lang='lat' dir='ltr'><strong>num,</strong></span> <span class='ocrx_word' id='word_1_338' title='bbox 509 2861 642 2915; x_wconf 88' lang='lat' dir='ltr'><strong>etin</strong></span> <span class='ocrx_word' id='word_1_339' title='bbox 670 2858 921 2914; x_wconf 69' lang='lat' dir='ltr'><strong>sacculum</strong></span> <span class='ocrx_word' id='word_1_340' title='bbox 950 2855 1150 2912; x_wconf 63' lang='lat' dir='ltr'><strong>saeculi.</strong></span> <span class='ocrx_word' id='word_1_341' title='bbox 1184 2854 1267 2910; x_wconf 91' lang='lat' dir='ltr'><strong>Sit</strong></span> <span class='ocrx_word' id='word_1_342' title='bbox 1288 2869 1479 2909; x_wconf 90' lang='lat' dir='ltr'><strong>nomen</strong></span> <span class='ocrx_word' id='word_1_343' title='bbox 1504 2853 1716 2908; x_wconf 90' lang='lat' dir='ltr'><strong>Domini</strong></span> <span class='ocrx_word' id='word_1_344' title='bbox 1742 2854 1903 2908; x_wconf 90' lang='lat' dir='ltr'><strong>bene-</strong></span> 
     </span>
    </p>
   </div>
   <div class='ocr_carea' id='block_1_42' title="bbox 321 2943 1597 3018">
    <p class='ocr_par' dir='ltr' id='par_1_42' title="bbox 321 2943 1597 3018">
     <span class='ocr_line' id='line_1_43' title="bbox 321 2943 1597 3018; baseline -0.011 -8"><span class='ocrx_word' id='word_1_345' title='bbox 321 2954 553 3018; x_wconf 84' lang='lat' dir='ltr'><strong>dictum,</strong></span> <span class='ocrx_word' id='word_1_346' title='bbox 584 2966 649 3005; x_wconf 79' lang='lat' dir='ltr'><strong>ex</strong></span> <span class='ocrx_word' id='word_1_347' title='bbox 674 2950 775 3005; x_wconf 83' lang='lat' dir='ltr'><strong>hoc</strong></span> <span class='ocrx_word' id='word_1_348' title='bbox 802 2962 944 3003; x_wconf 85' lang='lat' dir='ltr'><strong>nunc</strong></span> <span class='ocrx_word' id='word_1_349' title='bbox 968 2954 1023 3003; x_wconf 90' lang='lat' dir='ltr'><strong>et</strong></span> <span class='ocrx_word' id='word_1_350' title='bbox 1048 2961 1217 3015; x_wconf 88' lang='lat' dir='ltr'><strong>usque</strong></span> <span class='ocrx_word' id='word_1_351' title='bbox 1244 2944 1298 2998; x_wconf 86' lang='lat' dir='ltr'><strong>in</strong></span> <span class='ocrx_word' id='word_1_352' title='bbox 1325 2943 1597 2999; x_wconf 66' lang='lat' dir='ltr'><strong>saeculum.</strong></span> 
     </span>
    </p>
   </div>
   <div class='ocr_carea' id='block_1_43' title="bbox 871 3058 1367 3113">
    <p class='ocr_par' dir='ltr' id='par_1_43' title="bbox 871 3058 1367 3113">
     <span class='ocr_line' id='line_1_44' title="bbox 871 3058 1367 3113; baseline -0.008 0"><span class='ocrx_word' id='word_1_353' title='bbox 871 3058 1172 3113; x_wconf 82' lang='lat' dir='ltr'><strong>Gratiarum</strong></span> <span class='ocrx_word' id='word_1_354' title='bbox 1209 3058 1367 3111; x_wconf 88' lang='lat' dir='ltr'><strong>actio.</strong></span> 
     </span>
    </p>
   </div>
   <div class='ocr_carea' id='block_1_44' title="bbox 398 3147 1975 3222">
    <p class='ocr_par' dir='ltr' id='par_1_44' title="bbox 398 3147 1975 3222">
     <span class='ocr_line' id='line_1_45' title="bbox 398 3147 1975 3222; baseline -0.006 -12"><span class='ocrx_word' id='word_1_355' title='bbox 398 3154 615 3210; x_wconf 88' lang='lat' dir='ltr'><strong>Gratias</strong></span> <span class='ocrx_word' id='word_1_356' title='bbox 636 3152 733 3206; x_wconf 86' lang='lat' dir='ltr'><strong>tibi</strong></span> <span class='ocrx_word' id='word_1_357' title='bbox 755 3166 855 3222; x_wconf 86' lang='lat' dir='ltr'><strong>ago</strong></span> <span class='ocrx_word' id='word_1_358' title='bbox 876 3150 1081 3205; x_wconf 88' lang='lat' dir='ltr'><strong>inﬁnita</strong></span> <span class='ocrx_word' id='word_1_359' title='bbox 1108 3148 1492 3210; x_wconf 89' lang='lat' dir='ltr'><strong>misericordia,</strong></span> <span class='ocrx_word' id='word_1_360' title='bbox 1517 3147 1740 3203; x_wconf 92' lang='lat' dir='ltr'><strong>Domine</strong></span> <span class='ocrx_word' id='word_1_361' title='bbox 1761 3147 1903 3201; x_wconf 86' lang='lat' dir='ltr'><strong>Deus</strong></span> <span class='ocrx_word' id='word_1_362' title='bbox 1930 3160 1975 3222; x_wconf 73' lang='grc' dir='ltr'><strong>ρ</strong></span> 
     </span>
    </p>
   </div>
   <div class='ocr_carea' id='block_1_45' title="bbox 320 3239 1907 3316">
    <p class='ocr_par' dir='ltr' id='par_1_45' title="bbox 320 3239 1907 3316">
     <span class='ocr_line' id='line_1_46' title="bbox 320 3239 1907 3316; baseline -0.005 -15"><span class='ocrx_word' id='word_1_363' title='bbox 320 3246 687 3316; x_wconf 84' lang='lat' dir='ltr'><strong>omnipotens,</strong></span> <span class='ocrx_word' id='word_1_364' title='bbox 712 3243 805 3313; x_wconf 90' lang='lat' dir='ltr'><strong>qui</strong></span> <span class='ocrx_word' id='word_1_365' title='bbox 830 3257 916 3297; x_wconf 89' lang='lat' dir='ltr'><strong>me</strong></span> <span class='ocrx_word' id='word_1_366' title='bbox 949 3257 1045 3310; x_wconf 87' lang='lat' dir='ltr'><strong>per</strong></span> <span class='ocrx_word' id='word_1_367' title='bbox 1068 3255 1263 3309; x_wconf 85' lang='lat' dir='ltr'><strong>aquam</strong></span> <span class='ocrx_word' id='word_1_368' title='bbox 1290 3239 1429 3295; x_wconf 76' lang='lat' dir='ltr'><strong>sacri</strong></span> <span class='ocrx_word' id='word_1_369' title='bbox 1468 3239 1822 3308; x_wconf 82' lang='lat' dir='ltr'><strong>baptismatis,</strong></span> <span class='ocrx_word' id='word_1_370' title='bbox 1852 3248 1907 3293; x_wconf 90' lang='lat' dir='ltr'><strong>et</strong></span> 
     </span>
    </p>
   </div>
   <div class='ocr_carea' id='block_1_46' title="bbox 322 3328 1904 3400">
    <p class='ocr_par' dir='ltr' id='par_1_46' title="bbox 322 3328 1904 3400">
     <span class='ocr_line' id='line_1_47' title="bbox 322 3328 1904 3400; baseline -0.007 -8"><span class='ocrx_word' id='word_1_371' title='bbox 322 3336 731 3392; x_wconf 80' lang='lat' dir='ltr'><strong>renovationem</strong></span> <span class='ocrx_word' id='word_1_372' title='bbox 761 3333 932 3389; x_wconf 85' lang='lat' dir='ltr'><strong>sancti</strong></span> <span class='ocrx_word' id='word_1_373' title='bbox 980 3331 1212 3400; x_wconf 88' lang='lat' dir='ltr'><strong>Spiritus</strong></span> <span class='ocrx_word' id='word_1_374' title='bbox 1238 3330 1304 3384; x_wconf 90' lang='lat' dir='ltr'><strong>ab</strong></span> <span class='ocrx_word' id='word_1_375' title='bbox 1332 3328 1684 3398; x_wconf 81' lang='lat' dir='ltr'><strong>originalibus</strong></span> <span class='ocrx_word' id='word_1_376' title='bbox 1712 3328 1904 3382; x_wconf 77' lang='lat' dir='ltr'><strong>vincu-</strong></span> 
     </span>
    </p>
   </div>
   <div class='ocr_carea' id='block_1_47' title="bbox 322 3418 1905 3496">
    <p class='ocr_par' dir='ltr' id='par_1_47' title="bbox 322 3418 1905 3496">
     <span class='ocr_line' id='line_1_48' title="bbox 322 3418 1905 3496; baseline -0.007 -13"><span class='ocrx_word' id='word_1_377' title='bbox 322 3430 399 3483; x_wconf 72' lang='lat' dir='ltr'><strong>iis</strong></span> <span class='ocrx_word' id='word_1_378' title='bbox 428 3426 709 3496; x_wconf 80' lang='lat' dir='ltr'><strong>expedisti.</strong></span> <span class='ocrx_word' id='word_1_379' title='bbox 747 3422 965 3481; x_wconf 86' lang='lat' dir='ltr'><strong>Gratias</strong></span> <span class='ocrx_word' id='word_1_380' title='bbox 992 3421 1086 3476; x_wconf 89' lang='lat' dir='ltr'><strong>tibi</strong></span> <span class='ocrx_word' id='word_1_381' title='bbox 1115 3436 1236 3491; x_wconf 87' lang='lat' dir='ltr'><strong>ago,</strong></span> <span class='ocrx_word' id='word_1_382' title='bbox 1270 3421 1359 3489; x_wconf 89' lang='lat' dir='ltr'><strong>qui</strong></span> <span class='ocrx_word' id='word_1_383' title='bbox 1399 3434 1484 3474; x_wconf 90' lang='lat' dir='ltr'><strong>me</strong></span> <span class='ocrx_word' id='word_1_384' title='bbox 1514 3418 1567 3473; x_wconf 89' lang='lat' dir='ltr'><strong>in</strong></span> <span class='ocrx_word' id='word_1_385' title='bbox 1599 3428 1650 3474; x_wconf 92' lang='lat' dir='ltr'><strong>te</strong></span> <span class='ocrx_word' id='word_1_386' title='bbox 1684 3418 1905 3473; x_wconf 78' lang='lat' dir='ltr'><strong>credere</strong></span> 
     </span>
    </p>
   </div>
   <div class='ocr_carea' id='block_1_48' title="bbox 324 3511 1905 3581">
    <p class='ocr_par' dir='ltr' id='par_1_48' title="bbox 324 3511 1905 3581">
     <span class='ocr_line' id='line_1_49' title="bbox 324 3511 1905 3581; baseline -0.004 -9"><span class='ocrx_word' id='word_1_387' title='bbox 324 3526 479 3572; x_wconf 80' lang='lat' dir='ltr'><strong>recte</strong></span> <span class='ocrx_word' id='word_1_388' title='bbox 508 3515 702 3581; x_wconf 78' lang='lat' dir='ltr'><strong>fecisti,</strong></span> <span class='ocrx_word' id='word_1_389' title='bbox 729 3522 785 3570; x_wconf 92' lang='lat' dir='ltr'><strong>et</strong></span> <span class='ocrx_word' id='word_1_390' title='bbox 810 3522 1026 3569; x_wconf 86' lang='lat' dir='ltr'><strong>tuorum</strong></span> <span class='ocrx_word' id='word_1_391' title='bbox 1064 3527 1149 3567; x_wconf 91' lang='lat' dir='ltr'><strong>me</strong></span> <span class='ocrx_word' id='word_1_392' title='bbox 1186 3511 1423 3565; x_wconf 86' lang='lat' dir='ltr'><strong>ﬁdelium</strong></span> <span class='ocrx_word' id='word_1_393' title='bbox 1448 3525 1675 3567; x_wconf 88' lang='lat' dir='ltr'><strong>numero</strong></span> <span class='ocrx_word' id='word_1_394' title='bbox 1698 3511 1905 3566; x_wconf 88' lang='lat' dir='ltr'><strong>sociare</strong></span> 
     </span>
    </p>
   </div>
   <div class='ocr_carea' id='block_1_49' title="bbox 318 3602 1907 3676">
    <p class='ocr_par' dir='ltr' id='par_1_49' title="bbox 318 3602 1907 3676">
     <span class='ocr_line' id='line_1_50' title="bbox 318 3602 1907 3676; baseline -0.001 -14"><span class='ocrx_word' id='word_1_395' title='bbox 318 3610 580 3676; x_wconf 78' lang='lat' dir='ltr'><strong>dignatus</strong></span> <span class='ocrx_word' id='word_1_396' title='bbox 608 3623 687 3663; x_wconf 89' lang='lat' dir='ltr'><strong>es.</strong></span> <span class='ocrx_word' id='word_1_397' title='bbox 716 3606 793 3662; x_wconf 88' lang='lat' dir='ltr'><strong>Te</strong></span> <span class='ocrx_word' id='word_1_398' title='bbox 833 3604 989 3663; x_wconf 85' lang='lat' dir='ltr'><strong>laudo</strong></span> <span class='ocrx_word' id='word_1_399' title='bbox 1016 3613 1072 3660; x_wconf 92' lang='lat' dir='ltr'><strong>et</strong></span> <span class='ocrx_word' id='word_1_400' title='bbox 1098 3603 1356 3675; x_wconf 86' lang='lat' dir='ltr'><strong>gloriﬁco,</strong></span> <span class='ocrx_word' id='word_1_401' title='bbox 1404 3602 1907 3660; x_wconf 78' lang='lat' dir='ltr'><strong>misericordissime</strong></span> 
     </span>
    </p>
   </div>
   <div class='ocr_carea' id='block_1_50' title="bbox 322 3696 1903 3770">
    <p class='ocr_par' dir='ltr' id='par_1_50' title="bbox 322 3696 1903 3770">
     <span class='ocr_line' id='line_1_51' title="bbox 322 3696 1903 3770; baseline -0.003 -14"><span class='ocrx_word' id='word_1_402' title='bbox 322 3701 575 3764; x_wconf 84' lang='lat' dir='ltr'><strong>Domine,</strong></span> <span class='ocrx_word' id='word_1_403' title='bbox 614 3700 707 3770; x_wconf 87' lang='lat' dir='ltr'><strong>qui</strong></span> <span class='ocrx_word' id='word_1_404' title='bbox 743 3713 831 3753; x_wconf 90' lang='lat' dir='ltr'><strong>me</strong></span> <span class='ocrx_word' id='word_1_405' title='bbox 857 3713 953 3768; x_wconf 88' lang='lat' dir='ltr'><strong>per</strong></span> <span class='ocrx_word' id='word_1_406' title='bbox 975 3697 1225 3753; x_wconf 89' lang='lat' dir='ltr'><strong>universa</strong></span> <span class='ocrx_word' id='word_1_407' title='bbox 1251 3696 1478 3751; x_wconf 88' lang='lat' dir='ltr'><strong>crimina</strong></span> <span class='ocrx_word' id='word_1_408' title='bbox 1501 3705 1903 3766; x_wconf 89' lang='lat' dir='ltr'><strong>percurrentem</strong></span> 
     </span>
    </p>
   </div>
   <div class='ocr_carea' id='block_1_51' title="bbox 321 3785 1907 3860">
    <p class='ocr_par' dir='ltr' id='par_1_51' title="bbox 321 3785 1907 3860">
     <span class='ocr_line' id='line_1_52' title="bbox 321 3785 1907 3860; baseline -0.003 -15"><span class='ocrx_word' id='word_1_409' title='bbox 321 3806 437 3851; x_wconf 69' lang='lat' dir='ltr'><strong>non</strong></span> <span class='ocrx_word' id='word_1_410' title='bbox 471 3805 529 3845; x_wconf 91' lang='lat' dir='ltr'><strong>es</strong></span> <span class='ocrx_word' id='word_1_411' title='bbox 554 3804 746 3860; x_wconf 88' lang='lat' dir='ltr'><strong>passus</strong></span> <span class='ocrx_word' id='word_1_412' title='bbox 768 3788 946 3858; x_wconf 88' lang='lat' dir='ltr'><strong>perire</strong></span> <span class='ocrx_word' id='word_1_413' title='bbox 973 3805 989 3853; x_wconf 89' lang='lat'><strong>;</strong></span> <span class='ocrx_word' id='word_1_414' title='bbox 1033 3788 1126 3842; x_wconf 91' lang='lat' dir='ltr'><strong>sed</strong></span> <span class='ocrx_word' id='word_1_415' title='bbox 1150 3785 1259 3859; x_wconf 66' lang='grc'><strong>24</strong></span> <span class='ocrx_word' id='word_1_416' title='bbox 1291 3786 1519 3856; x_wconf 84' lang='lat' dir='ltr'><strong>benigne</strong></span> <span class='ocrx_word' id='word_1_417' title='bbox 1558 3800 1818 3841; x_wconf 90' lang='lat' dir='ltr'><strong>revocans</strong></span> <span class='ocrx_word' id='word_1_418' title='bbox 1842 3788 1907 3842; x_wconf 91' lang='lat' dir='ltr'><strong>de</strong></span> 
     </span>
    </p>
   </div>
   <div class='ocr_carea' id='block_1_52' title="bbox 320 3874 1906 3951">
    <p class='ocr_par' dir='ltr' id='par_1_52' title="bbox 320 3874 1906 3951">
     <span class='ocr_line' id='line_1_53' title="bbox 320 3874 1906 3951; baseline -0.004 -17"><span class='ocrx_word' id='word_1_419' title='bbox 320 3879 598 3951; x_wconf 79' lang='lat' dir='ltr'><strong>profundo</strong></span> <span class='ocrx_word' id='word_1_420' title='bbox 638 3893 726 3933; x_wconf 89' lang='lat' dir='ltr'><strong>me</strong></span> <span class='ocrx_word' id='word_1_421' title='bbox 773 3877 1071 3946; x_wconf 88' lang='lat' dir='ltr'><strong>iniquitatis</strong></span> <span class='ocrx_word' id='word_1_422' title='bbox 1118 3884 1379 3944; x_wconf 89' lang='lat' dir='ltr'><strong>ereptum,</strong></span> <span class='ocrx_word' id='word_1_423' title='bbox 1429 3875 1496 3929; x_wconf 93' lang='lat' dir='ltr'><strong>ad</strong></span> <span class='ocrx_word' id='word_1_424' title='bbox 1536 3874 1906 3945; x_wconf 72' lang='lat' dir='ltr'><strong>paenitentiam</strong></span> 
     </span>
    </p>
   </div>
   <div class='ocr_carea' id='block_1_53' title="bbox 325 3950 1909 4040">
    <p class='ocr_par' dir='ltr' id='par_1_53' title="bbox 325 3950 1909 4040">
     <span class='ocr_line' id='line_1_54' title="bbox 325 3950 1909 4040; baseline -0.002 -18"><span class='ocrx_word' id='word_1_425' title='bbox 325 3968 651 4040; x_wconf 78' lang='lat' dir='ltr'><strong>perduxisti.</strong></span> <span class='ocrx_word' id='word_1_426' title='bbox 692 3966 768 4022; x_wconf 88' lang='lat' dir='ltr'><strong>Te</strong></span> <span class='ocrx_word' id='word_1_427' title='bbox 788 3965 971 4031; x_wconf 89' lang='lat' dir='ltr'><strong>laudo,</strong></span> <span class='ocrx_word' id='word_1_428' title='bbox 996 3973 1051 4020; x_wconf 89' lang='lat' dir='ltr'><strong>et</strong></span> <span class='ocrx_word' id='word_1_429' title='bbox 1087 3964 1347 4036; x_wconf 87' lang='lat' dir='ltr'><strong>gloriﬁco,</strong></span> <span class='ocrx_word' id='word_1_430' title='bbox 1373 3965 1466 4034; x_wconf 91' lang='lat' dir='ltr'><strong>qui</strong></span> <span class='ocrx_word' id='word_1_431' title='bbox 1495 3979 1580 4019; x_wconf 88' lang='lat' dir='ltr'><strong>me</strong></span> <span class='ocrx_word' id='word_1_432' title='bbox 1609 3966 1675 4020; x_wconf 90' lang='lat' dir='ltr'><strong>de</strong></span> <span class='ocrx_word' id='word_1_433' title='bbox 1695 3950 1909 4020; x_wconf 61' lang='lat' dir='ltr'><strong>internae</strong></span> 
     </span>
    </p>
   </div>
   <div class='ocr_carea' id='block_1_54' title="bbox 323 4054 1909 4127">
    <p class='ocr_par' dir='ltr' id='par_1_54' title="bbox 323 4054 1909 4127">
     <span class='ocr_line' id='line_1_55' title="bbox 323 4054 1909 4127; baseline -0.004 -11"><span class='ocrx_word' id='word_1_434' title='bbox 323 4059 528 4116; x_wconf 81' lang='lat' dir='ltr'><strong>mortis</strong></span> <span class='ocrx_word' id='word_1_435' title='bbox 565 4058 806 4122; x_wconf 85' lang='lat' dir='ltr'><strong>interitu,</strong></span> <span class='ocrx_word' id='word_1_436' title='bbox 854 4058 920 4112; x_wconf 92' lang='lat' dir='ltr'><strong>de</strong></span> <span class='ocrx_word' id='word_1_437' title='bbox 948 4056 1121 4127; x_wconf 63' lang='lat' dir='ltr'><strong>poenis</strong></span> <span class='ocrx_word' id='word_1_438' title='bbox 1148 4066 1205 4111; x_wconf 91' lang='lat' dir='ltr'><strong>et</strong></span> <span class='ocrx_word' id='word_1_439' title='bbox 1246 4054 1406 4124; x_wconf 84' lang='lat' dir='ltr'><strong>hujus</strong></span> <span class='ocrx_word' id='word_1_440' title='bbox 1448 4057 1627 4110; x_wconf 91' lang='lat' dir='ltr'><strong>carnis</strong></span> <span class='ocrx_word' id='word_1_441' title='bbox 1657 4056 1909 4111; x_wconf 82' lang='lat' dir='ltr'><strong>cruciati-</strong></span> 
     </span>
    </p>
   </div>
   <div class='ocr_carea' id='block_1_55' title="bbox 326 4146 1905 4219">
    <p class='ocr_par' dir='ltr' id='par_1_55' title="bbox 326 4146 1905 4219">
     <span class='ocr_line' id='line_1_56' title="bbox 326 4146 1905 4219; baseline -0.004 -12"><span class='ocrx_word' id='word_1_442' title='bbox 326 4153 456 4214; x_wconf 82' lang='lat' dir='ltr'><strong>bus,</strong></span> <span class='ocrx_word' id='word_1_443' title='bbox 502 4151 554 4204; x_wconf 92' lang='lat' dir='ltr'><strong>in</strong></span> <span class='ocrx_word' id='word_1_444' title='bbox 596 4165 701 4219; x_wconf 84' lang='lat' dir='ltr'><strong>qua</strong></span> <span class='ocrx_word' id='word_1_445' title='bbox 737 4148 896 4217; x_wconf 82' lang='lat' dir='ltr'><strong>aﬁligi</strong></span> <span class='ocrx_word' id='word_1_446' title='bbox 927 4149 1119 4219; x_wconf 86' lang='lat' dir='ltr'><strong>dignus</strong></span> <span class='ocrx_word' id='word_1_447' title='bbox 1159 4163 1297 4214; x_wconf 92' lang='lat' dir='ltr'><strong>sum,</strong></span> <span class='ocrx_word' id='word_1_448' title='bbox 1343 4148 1604 4202; x_wconf 86' lang='lat' dir='ltr'><strong>hactenus</strong></span> <span class='ocrx_word' id='word_1_449' title='bbox 1648 4146 1905 4201; x_wconf 89' lang='lat' dir='ltr'><strong>liberasti.</strong></span> 
     </span>
    </p>
   </div>
   <div class='ocr_carea' id='block_1_56' title="bbox 325 4236 1906 4309">
    <p class='ocr_par' dir='ltr' id='par_1_56' title="bbox 325 4236 1906 4309">
     <span class='ocr_line' id='line_1_57' title="bbox 325 4236 1906 4309; baseline -0.003 -13"><span class='ocrx_word' id='word_1_450' title='bbox 325 4240 456 4296; x_wconf 77' lang='lat' dir='ltr'><strong>Tibi</strong></span> <span class='ocrx_word' id='word_1_451' title='bbox 486 4256 586 4309; x_wconf 88' lang='lat' dir='ltr'><strong>ago</strong></span> <span class='ocrx_word' id='word_1_452' title='bbox 612 4239 797 4295; x_wconf 88' lang='lat' dir='ltr'><strong>laudes</strong></span> <span class='ocrx_word' id='word_1_453' title='bbox 822 4247 874 4293; x_wconf 90' lang='lat' dir='ltr'><strong>et</strong></span> <span class='ocrx_word' id='word_1_454' title='bbox 918 4239 1140 4309; x_wconf 84' lang='lat' dir='ltr'><strong>gratias,</strong></span> <span class='ocrx_word' id='word_1_455' title='bbox 1171 4238 1265 4308; x_wconf 92' lang='lat' dir='ltr'><strong>qui</strong></span> <span class='ocrx_word' id='word_1_456' title='bbox 1305 4252 1391 4292; x_wconf 89' lang='lat' dir='ltr'><strong>me</strong></span> <span class='ocrx_word' id='word_1_457' title='bbox 1419 4238 1485 4292; x_wconf 93' lang='lat' dir='ltr'><strong>de</strong></span> <span class='ocrx_word' id='word_1_458' title='bbox 1511 4236 1694 4292; x_wconf 91' lang='lat' dir='ltr'><strong>multis</strong></span> <span class='ocrx_word' id='word_1_459' title='bbox 1718 4238 1906 4292; x_wconf 91' lang='lat' dir='ltr'><strong>morti-</strong></span> 
     </span>
    </p>
   </div>
   <div class='ocr_carea' id='block_1_57' title="bbox 320 4328 1905 4399">
    <p class='ocr_par' dir='ltr' id='par_1_57' title="bbox 320 4328 1905 4399">
     <span class='ocr_line' id='line_1_58' title="bbox 320 4328 1905 4399; baseline -0.003 -13"><span class='ocrx_word' id='word_1_460' title='bbox 320 4334 453 4395; x_wconf 84' lang='lat' dir='ltr'><strong>bus,</strong></span> <span class='ocrx_word' id='word_1_461' title='bbox 485 4330 547 4385; x_wconf 93' lang='lat' dir='ltr'><strong>de</strong></span> <span class='ocrx_word' id='word_1_462' title='bbox 574 4328 758 4385; x_wconf 86' lang='lat' dir='ltr'><strong>multis</strong></span> <span class='ocrx_word' id='word_1_463' title='bbox 783 4329 1106 4399; x_wconf 87' lang='lat' dir='ltr'><strong>opprobriis,</strong></span> <span class='ocrx_word' id='word_1_464' title='bbox 1147 4328 1543 4384; x_wconf 89' lang='lat' dir='ltr'><strong>calamitatibus</strong></span> <span class='ocrx_word' id='word_1_465' title='bbox 1568 4336 1623 4382; x_wconf 89' lang='lat' dir='ltr'><strong>et</strong></span> <span class='ocrx_word' id='word_1_466' title='bbox 1651 4328 1905 4391; x_wconf 87' lang='lat' dir='ltr'><strong>miseriis,</strong></span> 
     </span>
    </p>
   </div>
   <div class='ocr_carea' id='block_1_58' title="bbox 316 4418 1908 4488">
    <p class='ocr_par' dir='ltr' id='par_1_58' title="bbox 316 4418 1908 4488">
     <span class='ocr_line' id='line_1_59' title="bbox 316 4418 1908 4488; baseline -0.004 -10"><span class='ocrx_word' id='word_1_467' title='bbox 316 4422 398 4478; x_wconf 87' lang='lat' dir='ltr'><strong>de</strong></span> <span class='ocrx_word' id='word_1_468' title='bbox 423 4420 826 4477; x_wconf 84' lang='lat' dir='ltr'><strong>immanissimis</strong></span> <span class='ocrx_word' id='word_1_469' title='bbox 862 4420 1060 4476; x_wconf 89' lang='lat' dir='ltr'><strong>diaboli</strong></span> <span class='ocrx_word' id='word_1_470' title='bbox 1088 4418 1317 4488; x_wconf 85' lang='lat' dir='ltr'><strong>laqueis,</strong></span> <span class='ocrx_word' id='word_1_471' title='bbox 1348 4419 1413 4473; x_wconf 89' lang='lat' dir='ltr'><strong>de</strong></span> <span class='ocrx_word' id='word_1_472' title='bbox 1444 4419 1739 4476; x_wconf 89' lang='lat' dir='ltr'><strong>immundis</strong></span> <span class='ocrx_word' id='word_1_473' title='bbox 1768 4418 1908 4474; x_wconf 87' lang='lat' dir='ltr'><strong>desi-</strong></span> 
     </span>
    </p>
   </div>
   <div class='ocr_carea' id='block_1_59' title="bbox 2010 1873 3587 1947">
    <p class='ocr_par' dir='ltr' id='par_1_59' title="bbox 2010 1873 3587 1947">
     <span class='ocr_line' id='line_1_60' title="bbox 2010 1873 3587 1947; baseline 0.001 -20"><span class='ocrx_word' id='word_1_474' title='bbox 2010 1874 2321 1944; x_wconf 89' lang='lat' dir='ltr'><strong>procatione</strong></span> <span class='ocrx_word' id='word_1_475' title='bbox 2347 1875 2446 1933; x_wconf 84' lang='lat' dir='ltr'><strong>bos</strong></span> <span class='ocrx_word' id='word_1_476' title='bbox 2470 1881 2674 1947; x_wconf 87' lang='lat' dir='ltr'><strong>septem</strong></span> <span class='ocrx_word' id='word_1_477' title='bbox 2696 1874 2977 1929; x_wconf 86' lang='lat' dir='ltr'><strong>Davidicos</strong></span> <span class='ocrx_word' id='word_1_478' title='bbox 3004 1873 3262 1943; x_wconf 89' lang='lat' dir='ltr'><strong>psalmos,</strong></span> <span class='ocrx_word' id='word_1_479' title='bbox 3289 1888 3422 1942; x_wconf 91' lang='lat' dir='ltr'><strong>quos</strong></span> <span class='ocrx_word' id='word_1_480' title='bbox 3450 1888 3587 1942; x_wconf 80' lang='lat' dir='ltr'><strong>pene</strong></span> 
     </span>
    </p>
   </div>
   <div class='ocr_carea' id='block_1_60' title="bbox 2010 1964 3587 2034">
    <p class='ocr_par' dir='ltr' id='par_1_60' title="bbox 2010 1964 3587 2034">
     <span class='ocr_line' id='line_1_61' title="bbox 2010 1964 3587 2034; baseline -0.001 -14"><span class='ocrx_word' id='word_1_481' title='bbox 2010 1980 2197 2020; x_wconf 87' lang='lat' dir='ltr'><strong>omnes</strong></span> <span class='ocrx_word' id='word_1_482' title='bbox 2226 1964 2530 2034; x_wconf 77' lang='lat' dir='ltr'><strong>Spirituales</strong></span> <span class='ocrx_word' id='word_1_483' title='bbox 2563 1965 2664 2019; x_wconf 88' lang='lat' dir='ltr'><strong>viri</strong></span> <span class='ocrx_word' id='word_1_484' title='bbox 2704 1964 3215 2034; x_wconf 85' lang='lat' dir='ltr'><strong>congruentissimos</strong></span> <span class='ocrx_word' id='word_1_485' title='bbox 3258 1964 3587 2032; x_wconf 72' lang='lat' dir='ltr'><strong>pmnitentia:</strong></span> 
     </span>
    </p>
   </div>
   <div class='ocr_carea' id='block_1_61' title="bbox 2010 2053 3587 2121">
    <p class='ocr_par' dir='ltr' id='par_1_61' title="bbox 2010 2053 3587 2121">
     <span class='ocr_line' id='line_1_62' title="bbox 2010 2053 3587 2121; baseline -0.001 -11"><span class='ocrx_word' id='word_1_486' title='bbox 2010 2057 2365 2121; x_wconf 86' lang='lat' dir='ltr'><strong>tradiderunt,</strong></span> <span class='ocrx_word' id='word_1_487' title='bbox 2397 2058 2449 2111; x_wconf 89' lang='lat' dir='ltr'><strong>id</strong></span> <span class='ocrx_word' id='word_1_488' title='bbox 2474 2066 2590 2112; x_wconf 88' lang='lat' dir='ltr'><strong>est:</strong></span> <span class='ocrx_word' id='word_1_489' title='bbox 2628 2055 2872 2111; x_wconf 82' lang='lat' dir='ltr'><strong>Miserere</strong></span> <span class='ocrx_word' id='word_1_490' title='bbox 2898 2056 3018 2120; x_wconf 85' lang='lat' dir='ltr'><strong>mei,</strong></span> <span class='ocrx_word' id='word_1_491' title='bbox 3047 2054 3223 2119; x_wconf 87' lang='lat' dir='ltr'><strong>Deus;</strong></span> <span class='ocrx_word' id='word_1_492' title='bbox 3255 2053 3493 2118; x_wconf 84' lang='lat' dir='ltr'><strong>Domine,</strong></span> <span class='ocrx_word' id='word_1_493' title='bbox 3525 2070 3587 2108; x_wconf 78' lang='lat' dir='ltr'><strong>ne</strong></span> 
     </span>
    </p>
   </div>
   <div class='ocr_carea' id='block_1_62' title="bbox 2009 2146 3588 2220">
    <p class='ocr_par' dir='ltr' id='par_1_62' title="bbox 2009 2146 3588 2220">
     <span class='ocr_line' id='line_1_63' title="bbox 2009 2146 3588 2220; baseline -0.004 -16"><span class='ocrx_word' id='word_1_494' title='bbox 2009 2152 2061 2204; x_wconf 86' lang='lat' dir='ltr'><strong>in</strong></span> <span class='ocrx_word' id='word_1_495' title='bbox 2086 2152 2166 2204; x_wconf 86' lang='lat' dir='ltr'><strong>ira</strong></span> <span class='ocrx_word' id='word_1_496' title='bbox 2190 2161 2280 2205; x_wconf 83' lang='lat' dir='ltr'><strong>tua</strong></span> <span class='ocrx_word' id='word_1_497' title='bbox 2310 2168 2500 2220; x_wconf 81' lang='lat' dir='ltr'><strong>arguas</strong></span> <span class='ocrx_word' id='word_1_498' title='bbox 2527 2166 2650 2215; x_wconf 81' lang='lat' dir='ltr'><strong>me;</strong></span> <span class='ocrx_word' id='word_1_499' title='bbox 2685 2148 2835 2204; x_wconf 86' lang='lat' dir='ltr'><strong>Beati</strong></span> <span class='ocrx_word' id='word_1_500' title='bbox 2857 2165 3121 2220; x_wconf 86' lang='lat' dir='ltr'><strong>quorum;</strong></span> <span class='ocrx_word' id='word_1_501' title='bbox 3167 2147 3404 2210; x_wconf 88' lang='lat' dir='ltr'><strong>Domine,</strong></span> <span class='ocrx_word' id='word_1_502' title='bbox 3448 2162 3510 2201; x_wconf 86' lang='lat' dir='ltr'><strong>ne</strong></span> <span class='ocrx_word' id='word_1_503' title='bbox 3533 2146 3588 2199; x_wconf 85' lang='lat' dir='ltr'><strong>in</strong></span> 
     </span>
    </p>
   </div>
   <div class='ocr_carea' id='block_1_63' title="bbox 2007 2239 3587 2313">
    <p class='ocr_par' dir='ltr' id='par_1_63' title="bbox 2007 2239 3587 2313">
     <span class='ocr_line' id='line_1_64' title="bbox 2007 2239 3587 2313; baseline -0.004 -17"><span class='ocrx_word' id='word_1_504' title='bbox 2007 2243 2089 2296; x_wconf 91' lang='lat' dir='ltr'><strong>ira</strong></span> <span class='ocrx_word' id='word_1_505' title='bbox 2117 2253 2274 2296; x_wconf 89' lang='lat' dir='ltr'><strong>tua...</strong></span> <span class='ocrx_word' id='word_1_506' title='bbox 2300 2243 2546 2313; x_wconf 85' lang='lat' dir='ltr'><strong>quoniam</strong></span> <span class='ocrx_word' id='word_1_507' title='bbox 2586 2244 2791 2312; x_wconf 79' lang='lat' dir='ltr'><strong>sagitta:</strong></span> <span class='ocrx_word' id='word_1_508' title='bbox 2819 2251 2945 2305; x_wconf 74' lang='lat' dir='ltr'><strong>tute,</strong></span> <span class='ocrx_word' id='word_1_509' title='bbox 2976 2249 3082 2294; x_wconf 89' lang='lat' dir='ltr'><strong>etc.</strong></span> <span class='ocrx_word' id='word_1_510' title='bbox 3108 2256 3124 2304; x_wconf 82' lang='lat'><strong>;</strong></span> <span class='ocrx_word' id='word_1_511' title='bbox 3161 2239 3400 2298; x_wconf 86' lang='lat' dir='ltr'><strong>Domine,</strong></span> <span class='ocrx_word' id='word_1_512' title='bbox 3429 2253 3587 2290; x_wconf 59' lang='lat' dir='ltr'><strong>excut-</strong></span> 
     </span>
    </p>
   </div>
   <div class='ocr_carea' id='block_1_64' title="bbox 2007 2328 3587 2400">
    <p class='ocr_par' dir='ltr' id='par_1_64' title="bbox 2007 2328 3587 2400">
     <span class='ocr_line' id='line_1_65' title="bbox 2007 2328 3587 2400; baseline -0.003 -14"><span class='ocrx_word' id='word_1_513' title='bbox 2007 2332 2063 2392; x_wconf 60' lang='grc' dir='ltr'><strong>αἱ</strong></span> <span class='ocrx_word' id='word_1_514' title='bbox 2090 2335 2377 2387; x_wconf 85' lang='lat' dir='ltr'><strong>orationem</strong></span> <span class='ocrx_word' id='word_1_515' title='bbox 2400 2348 2589 2396; x_wconf 84' lang='lat' dir='ltr'><strong>meam,</strong></span> <span class='ocrx_word' id='word_1_516' title='bbox 2619 2341 2668 2385; x_wconf 86' lang='lat' dir='ltr'><strong>et</strong></span> <span class='ocrx_word' id='word_1_517' title='bbox 2699 2330 2899 2385; x_wconf 88' lang='lat' dir='ltr'><strong>clamor</strong></span> <span class='ocrx_word' id='word_1_518' title='bbox 2922 2348 2938 2396; x_wconf 88' lang='lat'><strong><em>;</em></strong></span> <span class='ocrx_word' id='word_1_519' title='bbox 2977 2331 3050 2383; x_wconf 79' lang='lat' dir='ltr'><strong>De</strong></span> <span class='ocrx_word' id='word_1_520' title='bbox 3070 2330 3344 2400; x_wconf 79' lang='lat' dir='ltr'><strong>profundis</strong></span> <span class='ocrx_word' id='word_1_521' title='bbox 3374 2346 3386 2357; x_wconf 93' lang='grc'><strong>·</strong></span> <span class='ocrx_word' id='word_1_522' title='bbox 3410 2328 3587 2382; x_wconf 85' lang='lat' dir='ltr'><strong>Domi-</strong></span> 
     </span>
    </p>
   </div>
   <div class='ocr_carea' id='block_1_65' title="bbox 2009 2422 3109 2490">
    <p class='ocr_par' dir='ltr' id='par_1_65' title="bbox 2009 2422 3109 2490">
     <span class='ocr_line' id='line_1_66' title="bbox 2009 2422 3109 2490; baseline -0.001 -14"><span class='ocrx_word' id='word_1_523' title='bbox 2009 2440 2091 2490; x_wconf 88' lang='lat' dir='ltr'><strong>ne,</strong></span> <span class='ocrx_word' id='word_1_524' title='bbox 2121 2425 2312 2478; x_wconf 76' lang='lat' dir='ltr'><strong>exaudi</strong></span> <span class='ocrx_word' id='word_1_525' title='bbox 2341 2424 2624 2479; x_wconf 87' lang='lat' dir='ltr'><strong>orationem</strong></span> <span class='ocrx_word' id='word_1_526' title='bbox 2654 2440 2841 2487; x_wconf 87' lang='lat' dir='ltr'><strong>meam,</strong></span> <span class='ocrx_word' id='word_1_527' title='bbox 2874 2422 3109 2476; x_wconf 79' lang='lat' dir='ltr'><strong>auribus.</strong></span> 
     </span>
    </p>
   </div>
   <div class='ocr_carea' id='block_1_66' title="bbox 2288 2543 3399 2598">
    <p class='ocr_par' dir='ltr' id='par_1_66' title="bbox 2288 2543 3399 2598">
     <span class='ocr_line' id='line_1_67' title="bbox 2288 2543 3399 2598; baseline -0.002 0"><span class='ocrx_word' id='word_1_528' title='bbox 2288 2543 2414 2598; x_wconf 83' lang='lat' dir='ltr'><strong>Post</strong></span> <span class='ocrx_word' id='word_1_529' title='bbox 2449 2543 2773 2597; x_wconf 87' lang='lat' dir='ltr'><strong>Dominicam</strong></span> <span class='ocrx_word' id='word_1_530' title='bbox 2799 2544 3084 2597; x_wconf 88' lang='lat' dir='ltr'><strong>orationem</strong></span> <span class='ocrx_word' id='word_1_531' title='bbox 3110 2558 3321 2597; x_wconf 75' lang='lat' dir='ltr'><strong>versus:</strong></span> <span class='ocrx_word' id='word_1_532' title='bbox 3392 2572 3399 2575; x_wconf 87' lang='grc'><strong>-</strong></span> 
     </span>
    </p>
   </div>
   <div class='ocr_carea' id='block_1_67' title="bbox 2077 2652 3588 2727">
    <p class='ocr_par' dir='ltr' id='par_1_67' title="bbox 2077 2652 3588 2727">
     <span class='ocr_line' id='line_1_68' title="bbox 2077 2652 3588 2727; baseline -0.005 -15"><span class='ocrx_word' id='word_1_533' title='bbox 2077 2658 2190 2727; x_wconf 84' lang='lat' dir='ltr'><strong>Ego</strong></span> <span class='ocrx_word' id='word_1_534' title='bbox 2214 2658 2344 2721; x_wconf 77' lang='lat' dir='ltr'><strong>dixi,</strong></span> <span class='ocrx_word' id='word_1_535' title='bbox 2373 2656 2615 2721; x_wconf 86' lang='lat' dir='ltr'><strong>Domine,</strong></span> <span class='ocrx_word' id='word_1_536' title='bbox 2661 2657 2916 2710; x_wconf 88' lang='lat' dir='ltr'><strong>miserere</strong></span> <span class='ocrx_word' id='word_1_537' title='bbox 2944 2654 3070 2719; x_wconf 91' lang='lat' dir='ltr'><strong>mei,</strong></span> <span class='ocrx_word' id='word_1_538' title='bbox 3103 2654 3355 2723; x_wconf 90' lang='lat' dir='ltr'><strong>quoniam</strong></span> <span class='ocrx_word' id='word_1_539' title='bbox 3389 2652 3588 2721; x_wconf 76' lang='lat' dir='ltr'><strong>iniqui-</strong></span> 
     </span>
    </p>
   </div>
   <div class='ocr_carea' id='block_1_68' title="bbox 2009 2741 3588 2817">
    <p class='ocr_par' dir='ltr' id='par_1_68' title="bbox 2009 2741 3588 2817">
     <span class='ocr_line' id='line_1_69' title="bbox 2009 2741 3588 2817; baseline -0.007 -12"><span class='ocrx_word' id='word_1_540' title='bbox 2009 2758 2146 2805; x_wconf 87' lang='lat' dir='ltr'><strong>tates</strong></span> <span class='ocrx_word' id='word_1_541' title='bbox 2176 2762 2307 2802; x_wconf 79' lang='lat' dir='ltr'><strong>mea:</strong></span> <span class='ocrx_word' id='word_1_542' title='bbox 2336 2760 2697 2817; x_wconf 75' lang='lat' dir='ltr'><strong>supergressa:</strong></span> <span class='ocrx_word' id='word_1_543' title='bbox 2740 2752 2866 2799; x_wconf 90' lang='lat' dir='ltr'><strong>sunt</strong></span> <span class='ocrx_word' id='word_1_544' title='bbox 2901 2752 3062 2813; x_wconf 90' lang='lat' dir='ltr'><strong>caput</strong></span> <span class='ocrx_word' id='word_1_545' title='bbox 3100 2758 3303 2806; x_wconf 89' lang='lat' dir='ltr'><strong>meum,</strong></span> <span class='ocrx_word' id='word_1_546' title='bbox 3331 2741 3588 2810; x_wconf 86' lang='lat' dir='ltr'><strong>multipli-</strong></span> 
     </span>
    </p>
   </div>
   <div class='ocr_carea' id='block_1_69' title="bbox 2006 2832 3568 2908">
    <p class='ocr_par' dir='ltr' id='par_1_69' title="bbox 2006 2832 3568 2908">
     <span class='ocr_line' id='line_1_70' title="bbox 2006 2832 3568 2908; baseline -0.007 -12"><span class='ocrx_word' id='word_1_547' title='bbox 2006 2849 2139 2897; x_wconf 70' lang='lat' dir='ltr'><strong>cata:</strong></span> <span class='ocrx_word' id='word_1_548' title='bbox 2167 2848 2295 2896; x_wconf 91' lang='lat' dir='ltr'><strong>sunt</strong></span> <span class='ocrx_word' id='word_1_549' title='bbox 2333 2853 2495 2907; x_wconf 91' lang='lat' dir='ltr'><strong>super</strong></span> <span class='ocrx_word' id='word_1_550' title='bbox 2523 2836 2744 2908; x_wconf 89' lang='lat' dir='ltr'><strong>capillos</strong></span> <span class='ocrx_word' id='word_1_551' title='bbox 2785 2836 2981 2906; x_wconf 89' lang='lat' dir='ltr'><strong>capitis</strong></span> <span class='ocrx_word' id='word_1_552' title='bbox 3017 2834 3143 2889; x_wconf 91' lang='lat' dir='ltr'><strong>mei.</strong></span> <span class='ocrx_word' id='word_1_553' title='bbox 3172 2833 3289 2900; x_wconf 82' lang='lat' dir='ltr'><strong>Quo</strong></span> <span class='ocrx_word' id='word_1_554' title='bbox 3317 2833 3405 2887; x_wconf 89' lang='lat' dir='ltr'><strong>ibo</strong></span> <span class='ocrx_word' id='word_1_555' title='bbox 3426 2846 3455 2885; x_wconf 90' lang='lat' dir='ltr'><strong>a</strong></span> <span class='ocrx_word' id='word_1_556' title='bbox 3485 2832 3568 2901; x_wconf 77' lang='lat' dir='ltr'><strong>Spi</strong></span> 
     </span>
    </p>
   </div>
   <div class='ocr_carea' id='block_1_70' title="bbox 2005 2922 3589 3000">
    <p class='ocr_par' dir='ltr' id='par_1_70' title="bbox 2005 2922 3589 3000">
     <span class='ocr_line' id='line_1_71' title="bbox 2005 2922 3589 3000; baseline -0.007 -13"><span class='ocrx_word' id='word_1_557' title='bbox 2005 2935 2111 2989; x_wconf 90' lang='lat' dir='ltr'><strong>ritu</strong></span> <span class='ocrx_word' id='word_1_558' title='bbox 2163 2932 2300 2986; x_wconf 91' lang='lat' dir='ltr'><strong>tuo?</strong></span> <span class='ocrx_word' id='word_1_559' title='bbox 2336 2931 2495 3000; x_wconf 88' lang='lat' dir='ltr'><strong>Eripe</strong></span> <span class='ocrx_word' id='word_1_560' title='bbox 2537 2944 2624 2984; x_wconf 91' lang='lat' dir='ltr'><strong>me</strong></span> <span class='ocrx_word' id='word_1_561' title='bbox 2670 2928 2735 2984; x_wconf 92' lang='lat' dir='ltr'><strong>de</strong></span> <span class='ocrx_word' id='word_1_562' title='bbox 2774 2925 3006 2982; x_wconf 89' lang='lat' dir='ltr'><strong>inimicis</strong></span> <span class='ocrx_word' id='word_1_563' title='bbox 3034 2924 3194 2991; x_wconf 89' lang='lat' dir='ltr'><strong>meis,</strong></span> <span class='ocrx_word' id='word_1_564' title='bbox 3240 2922 3381 2978; x_wconf 91' lang='lat' dir='ltr'><strong>Deus</strong></span> <span class='ocrx_word' id='word_1_565' title='bbox 3418 2938 3589 2987; x_wconf 74' lang='lat' dir='ltr'><strong>meus,</strong></span> 
     </span>
    </p>
   </div>
   <div class='ocr_carea' id='block_1_71' title="bbox 2008 3016 3589 3092">
    <p class='ocr_par' dir='ltr' id='par_1_71' title="bbox 2008 3016 3589 3092">
     <span class='ocr_line' id='line_1_72' title="bbox 2008 3016 3589 3092; baseline -0.007 -12"><span class='ocrx_word' id='word_1_566' title='bbox 2008 3024 2234 3092; x_wconf 84' lang='lat' dir='ltr'><strong>Suscipe</strong></span> <span class='ocrx_word' id='word_1_567' title='bbox 2263 3038 2348 3079; x_wconf 88' lang='lat' dir='ltr'><strong>me</strong></span> <span class='ocrx_word' id='word_1_568' title='bbox 2397 3022 2691 3078; x_wconf 85' lang='lat' dir='ltr'><strong>secundum</strong></span> <span class='ocrx_word' id='word_1_569' title='bbox 2728 3021 3002 3091; x_wconf 89' lang='lat' dir='ltr'><strong>eloquium</strong></span> <span class='ocrx_word' id='word_1_570' title='bbox 3028 3028 3199 3074; x_wconf 91' lang='lat' dir='ltr'><strong>tuum.</strong></span> <span class='ocrx_word' id='word_1_571' title='bbox 3245 3017 3326 3073; x_wconf 81' lang='lat' dir='ltr'><strong>Ab</strong></span> <span class='ocrx_word' id='word_1_572' title='bbox 3368 3016 3589 3072; x_wconf 78' lang='lat' dir='ltr'><strong>occultis</strong></span> 
     </span>
    </p>
   </div>
   <div class='ocr_carea' id='block_1_72' title="bbox 2010 3105 3586 3180">
    <p class='ocr_par' dir='ltr' id='par_1_72' title="bbox 2010 3105 3586 3180">
     <span class='ocr_line' id='line_1_73' title="bbox 2010 3105 3586 3180; baseline -0.006 -10"><span class='ocrx_word' id='word_1_573' title='bbox 2010 3117 2145 3169; x_wconf 91' lang='lat' dir='ltr'><strong>meis</strong></span> <span class='ocrx_word' id='word_1_574' title='bbox 2173 3114 2369 3170; x_wconf 89' lang='lat' dir='ltr'><strong>munda</strong></span> <span class='ocrx_word' id='word_1_575' title='bbox 2394 3128 2500 3178; x_wconf 87' lang='lat' dir='ltr'><strong>me,</strong></span> <span class='ocrx_word' id='word_1_576' title='bbox 2531 3112 2774 3167; x_wconf 90' lang='lat' dir='ltr'><strong>Domine.</strong></span> <span class='ocrx_word' id='word_1_577' title='bbox 2814 3111 3042 3180; x_wconf 88' lang='lat' dir='ltr'><strong>Propter</strong></span> <span class='ocrx_word' id='word_1_578' title='bbox 3069 3124 3263 3164; x_wconf 90' lang='lat' dir='ltr'><strong>nomen</strong></span> <span class='ocrx_word' id='word_1_579' title='bbox 3295 3116 3464 3172; x_wconf 90' lang='lat' dir='ltr'><strong>tuum,</strong></span> <span class='ocrx_word' id='word_1_580' title='bbox 3492 3105 3586 3161; x_wconf 84' lang='lat' dir='ltr'><strong>Do-</strong></span> 
     </span>
    </p>
   </div>
   <div class='ocr_carea' id='block_1_73' title="bbox 2009 3197 3568 3277">
    <p class='ocr_par' dir='ltr' id='par_1_73' title="bbox 2009 3197 3568 3277">
     <span class='ocr_line' id='line_1_74' title="bbox 2009 3197 3568 3277; baseline -0.008 -15"><span class='ocrx_word' id='word_1_581' title='bbox 2009 3208 2176 3274; x_wconf 85' lang='lat' dir='ltr'><strong>mine,</strong></span> <span class='ocrx_word' id='word_1_582' title='bbox 2217 3205 2595 3277; x_wconf 87' lang='lat' dir='ltr'><strong>propitiaberis</strong></span> <span class='ocrx_word' id='word_1_583' title='bbox 2635 3210 2853 3275; x_wconf 89' lang='lat' dir='ltr'><strong>peccato</strong></span> <span class='ocrx_word' id='word_1_584' title='bbox 2882 3214 3020 3256; x_wconf 87' lang='lat' dir='ltr'><strong>meo.</strong></span> <span class='ocrx_word' id='word_1_585' title='bbox 3050 3199 3312 3267; x_wconf 85' lang='lat' dir='ltr'><strong>Quoniam</strong></span> <span class='ocrx_word' id='word_1_586' title='bbox 3342 3197 3568 3266; x_wconf 85' lang='lat' dir='ltr'><strong>iniquita</strong></span> 
     </span>
    </p>
   </div>
   <div class='ocr_carea' id='block_1_74' title="bbox 2009 3288 3589 3371">
    <p class='ocr_par' dir='ltr' id='par_1_74' title="bbox 2009 3288 3589 3371">
     <span class='ocr_line' id='line_1_75' title="bbox 2009 3288 3589 3371; baseline -0.006 -20"><span class='ocrx_word' id='word_1_587' title='bbox 2009 3307 2118 3353; x_wconf 88' lang='lat' dir='ltr'><strong>tem</strong></span> <span class='ocrx_word' id='word_1_588' title='bbox 2144 3313 2243 3368; x_wconf 87' lang='lat' dir='ltr'><strong>ego</strong></span> <span class='ocrx_word' id='word_1_589' title='bbox 2266 3313 2517 3371; x_wconf 87' lang='lat' dir='ltr'><strong>agnosco.</strong></span> <span class='ocrx_word' id='word_1_590' title='bbox 2545 3295 2805 3351; x_wconf 79' lang='lat' dir='ltr'><strong>Delictum</strong></span> <span class='ocrx_word' id='word_1_591' title='bbox 2833 3310 3010 3349; x_wconf 91' lang='lat' dir='ltr'><strong>meum</strong></span> <span class='ocrx_word' id='word_1_592' title='bbox 3052 3293 3324 3362; x_wconf 89' lang='lat' dir='ltr'><strong>cognitum</strong></span> <span class='ocrx_word' id='word_1_593' title='bbox 3354 3288 3589 3361; x_wconf 84' lang='lat' dir='ltr'><strong>[Supp(.,</strong></span> 
     </span>
    </p>
   </div>
   <div class='ocr_carea' id='block_1_75' title="bbox 2009 3380 3589 3461">
    <p class='ocr_par' dir='ltr' id='par_1_75' title="bbox 2009 3380 3589 3461">
     <span class='ocr_line' id='line_1_76' title="bbox 2009 3380 3589 3461; baseline -0.008 -18"><span class='ocrx_word' id='word_1_594' title='bbox 2009 3389 2103 3446; x_wconf 88' lang='lat' dir='ltr'><strong>tibi</strong></span> <span class='ocrx_word' id='word_1_595' title='bbox 2136 3388 2282 3461; x_wconf 81' lang='lat' dir='ltr'><strong>feci].</strong></span> <span class='ocrx_word' id='word_1_596' title='bbox 2332 3387 2561 3457; x_wconf 80' lang='lat' dir='ltr'><strong>Adjutor</strong></span> <span class='ocrx_word' id='word_1_597' title='bbox 2606 3401 2757 3441; x_wconf 91' lang='lat' dir='ltr'><strong>meus</strong></span> <span class='ocrx_word' id='word_1_598' title='bbox 2786 3393 2927 3448; x_wconf 89' lang='lat' dir='ltr'><strong>esto,</strong></span> <span class='ocrx_word' id='word_1_599' title='bbox 2976 3399 3043 3437; x_wconf 91' lang='lat' dir='ltr'><strong>ne</strong></span> <span class='ocrx_word' id='word_1_600' title='bbox 3092 3380 3437 3449; x_wconf 83' lang='lat' dir='ltr'><strong>derelinquas</strong></span> <span class='ocrx_word' id='word_1_601' title='bbox 3481 3394 3589 3432; x_wconf 87' lang='lat' dir='ltr'><strong>me.</strong></span> 
     </span>
    </p>
   </div>
   <div class='ocr_carea' id='block_1_76' title="bbox 2008 3471 3590 3546">
    <p class='ocr_par' dir='ltr' id='par_1_76' title="bbox 2008 3471 3590 3546">
     <span class='ocr_line' id='line_1_77' title="bbox 2008 3471 3590 3546; baseline -0.006 -14"><span class='ocrx_word' id='word_1_602' title='bbox 2008 3479 2270 3546; x_wconf 88' lang='lat' dir='ltr'><strong>Quoniam</strong></span> <span class='ocrx_word' id='word_1_603' title='bbox 2296 3488 2351 3532; x_wconf 91' lang='lat' dir='ltr'><strong>tu</strong></span> <span class='ocrx_word' id='word_1_604' title='bbox 2390 3495 2450 3533; x_wconf 92' lang='lat' dir='ltr'><strong>es</strong></span> <span class='ocrx_word' id='word_1_605' title='bbox 2478 3477 2737 3546; x_wconf 86' lang='lat' dir='ltr'><strong>patientia</strong></span> <span class='ocrx_word' id='word_1_606' title='bbox 2775 3490 2913 3529; x_wconf 85' lang='lat' dir='ltr'><strong>mea.</strong></span> <span class='ocrx_word' id='word_1_607' title='bbox 2958 3471 3186 3541; x_wconf 81' lang='lat' dir='ltr'><strong>Adjutor</strong></span> <span class='ocrx_word' id='word_1_608' title='bbox 3228 3484 3379 3525; x_wconf 90' lang='lat' dir='ltr'><strong>meus</strong></span> <span class='ocrx_word' id='word_1_609' title='bbox 3423 3479 3480 3523; x_wconf 90' lang='lat' dir='ltr'><strong>tu</strong></span> <span class='ocrx_word' id='word_1_610' title='bbox 3508 3484 3590 3524; x_wconf 86' lang='lat' dir='ltr'><strong>es.</strong></span> 
     </span>
    </p>
   </div>
   <div class='ocr_carea' id='block_1_77' title="bbox 2010 3566 2948 3626">
    <p class='ocr_par' dir='ltr' id='par_1_77' title="bbox 2010 3566 2948 3626">
     <span class='ocr_line' id='line_1_78' title="bbox 2010 3566 2948 3626; baseline -0.01 0"><span class='ocrx_word' id='word_1_611' title='bbox 2010 3573 2093 3626; x_wconf 89' lang='lat' dir='ltr'><strong>Sit</strong></span> <span class='ocrx_word' id='word_1_612' title='bbox 2120 3586 2314 3625; x_wconf 86' lang='lat' dir='ltr'><strong>nomen</strong></span> <span class='ocrx_word' id='word_1_613' title='bbox 2345 3568 2556 3623; x_wconf 89' lang='lat' dir='ltr'><strong>Domini</strong></span> <span class='ocrx_word' id='word_1_614' title='bbox 2588 3566 2948 3621; x_wconf 77' lang='lat' dir='ltr'><strong>benedictum.</strong></span> 
     </span>
    </p>
   </div>
   <div class='ocr_carea' id='block_1_78' title="bbox 2216 3676 3357 3756">
    <p class='ocr_par' dir='ltr' id='par_1_78' title="bbox 2216 3676 3357 3756">
     <span class='ocr_line' id='line_1_79' title="bbox 2216 3676 3357 3756; baseline -0.01 -20"><span class='ocrx_word' id='word_1_615' title='bbox 2216 3726 2217 3729; x_wconf 54' lang='grc' dir='ltr'><strong>η</strong></span> <span class='ocrx_word' id='word_1_616' title='bbox 2248 3683 2381 3756; x_wconf 67' lang='lat' dir='ltr'><strong>(AL,</strong></span> <span class='ocrx_word' id='word_1_617' title='bbox 2410 3679 2679 3752; x_wconf 84' lang='lat' dir='ltr'><strong>Sequitur]</strong></span> <span class='ocrx_word' id='word_1_618' title='bbox 2710 3676 2980 3749; x_wconf 79' lang='lat' dir='ltr'><strong>Confessio</strong></span> <span class='ocrx_word' id='word_1_619' title='bbox 3003 3682 3357 3746; x_wconf 82' lang='lat' dir='ltr'><strong>peccatorum.</strong></span> 
     </span>
    </p>
   </div>
   <div class='ocr_carea' id='block_1_79' title="bbox 2079 3781 3589 3859">
    <p class='ocr_par' dir='ltr' id='par_1_79' title="bbox 2079 3781 3589 3859">
     <span class='ocr_line' id='line_1_80' title="bbox 2079 3781 3589 3859; baseline -0.01 -9"><span class='ocrx_word' id='word_1_620' title='bbox 2079 3796 2222 3859; x_wconf 85' lang='lat' dir='ltr'><strong>Tibi,</strong></span> <span class='ocrx_word' id='word_1_621' title='bbox 2251 3793 2475 3848; x_wconf 90' lang='lat' dir='ltr'><strong>Domine</strong></span> <span class='ocrx_word' id='word_1_622' title='bbox 2515 3792 2680 3857; x_wconf 89' lang='lat' dir='ltr'><strong>Deus,</strong></span> <span class='ocrx_word' id='word_1_623' title='bbox 2720 3789 2980 3846; x_wconf 87' lang='lat' dir='ltr'><strong>conﬁteor</strong></span> <span class='ocrx_word' id='word_1_624' title='bbox 3032 3786 3262 3842; x_wconf 85' lang='lat' dir='ltr'><strong>crimina</strong></span> <span class='ocrx_word' id='word_1_625' title='bbox 3292 3794 3347 3838; x_wconf 90' lang='lat' dir='ltr'><strong>et</strong></span> <span class='ocrx_word' id='word_1_626' title='bbox 3377 3781 3589 3838; x_wconf 88' lang='lat' dir='ltr'><strong>delicta.</strong></span> 
     </span>
    </p>
   </div>
   <div class='ocr_carea' id='block_1_80' title="bbox 2010 3873 3589 3955">
    <p class='ocr_par' dir='ltr' id='par_1_80' title="bbox 2010 3873 3589 3955">
     <span class='ocr_line' id='line_1_81' title="bbox 2010 3873 3589 3955; baseline -0.009 -15"><span class='ocrx_word' id='word_1_627' title='bbox 2010 3886 2090 3940; x_wconf 88' lang='lat' dir='ltr'><strong>Tu</strong></span> <span class='ocrx_word' id='word_1_628' title='bbox 2137 3893 2357 3955; x_wconf 89' lang='lat' dir='ltr'><strong>propter</strong></span> <span class='ocrx_word' id='word_1_629' title='bbox 2403 3882 2725 3937; x_wconf 68' lang='lat' dir='ltr'><strong>ineﬂ’abilem</strong></span> <span class='ocrx_word' id='word_1_630' title='bbox 2770 3881 3025 3950; x_wconf 89' lang='lat' dir='ltr'><strong>pietatem</strong></span> <span class='ocrx_word' id='word_1_631' title='bbox 3071 3885 3126 3931; x_wconf 90' lang='lat' dir='ltr'><strong>et</strong></span> <span class='ocrx_word' id='word_1_632' title='bbox 3171 3873 3589 3930; x_wconf 82' lang='lat' dir='ltr'><strong>misericordiam</strong></span> 
     </span>
    </p>
   </div>
   <div class='ocr_carea' id='block_1_81' title="bbox 2011 3962 3590 4045">
    <p class='ocr_par' dir='ltr' id='par_1_81' title="bbox 2011 3962 3590 4045">
     <span class='ocr_line' id='line_1_82' title="bbox 2011 3962 3590 4045; baseline -0.009 -17"><span class='ocrx_word' id='word_1_633' title='bbox 2011 3981 2157 4028; x_wconf 88' lang='lat' dir='ltr'><strong>tuam</strong></span> <span class='ocrx_word' id='word_1_634' title='bbox 2197 3971 2409 4039; x_wconf 88' lang='lat' dir='ltr'><strong>suscipe</strong></span> <span class='ocrx_word' id='word_1_635' title='bbox 2452 3984 2635 4039; x_wconf 71' lang='lat' dir='ltr'><strong>QUIBSO</strong></span> <span class='ocrx_word' id='word_1_636' title='bbox 2675 3967 3070 4045; x_wconf 62' lang='lat' dir='ltr'><strong>confessionem</strong></span> <span class='ocrx_word' id='word_1_637' title='bbox 3102 3979 3313 4019; x_wconf 86' lang='lat' dir='ltr'><strong>meam:</strong></span> <span class='ocrx_word' id='word_1_638' title='bbox 3344 3963 3452 4016; x_wconf 89' lang='lat' dir='ltr'><strong>imo</strong></span> <span class='ocrx_word' id='word_1_639' title='bbox 3481 3962 3590 4034; x_wconf 83' lang='lat' dir='ltr'><strong>ipsc</strong></span> 
     </span>
    </p>
   </div>
   <div class='ocr_carea' id='block_1_82' title="bbox 2008 4052 3570 4133">
    <p class='ocr_par' dir='ltr' id='par_1_82' title="bbox 2008 4052 3570 4133">
     <span class='ocr_line' id='line_1_83' title="bbox 2008 4052 3570 4133; baseline -0.006 -17"><span class='ocrx_word' id='word_1_640' title='bbox 2008 4063 2228 4133; x_wconf 82' lang='lat' dir='ltr'><strong>largire,</strong></span> <span class='ocrx_word' id='word_1_641' title='bbox 2256 4069 2315 4115; x_wconf 89' lang='lat' dir='ltr'><strong>ut</strong></span> <span class='ocrx_word' id='word_1_642' title='bbox 2341 4071 2452 4115; x_wconf 89' lang='lat' dir='ltr'><strong>toto</strong></span> <span class='ocrx_word' id='word_1_643' title='bbox 2485 4059 2646 4115; x_wconf 90' lang='lat' dir='ltr'><strong>corde</strong></span> <span class='ocrx_word' id='word_1_644' title='bbox 2694 4058 2973 4114; x_wconf 86' lang='lat' dir='ltr'><strong>conﬁtear.</strong></span> <span class='ocrx_word' id='word_1_645' title='bbox 3025 4056 3104 4110; x_wconf 91' lang='lat' dir='ltr'><strong>Tu</strong></span> <span class='ocrx_word' id='word_1_646' title='bbox 3149 4054 3312 4118; x_wconf 89' lang='lat' dir='ltr'><strong>enim,</strong></span> <span class='ocrx_word' id='word_1_647' title='bbox 3363 4052 3570 4109; x_wconf 81' lang='lat' dir='ltr'><strong>clemen</strong></span> 
     </span>
    </p>
   </div>
   <div class='ocr_carea' id='block_1_83' title="bbox 2011 4143 3589 4221">
    <p class='ocr_par' dir='ltr' id='par_1_83' title="bbox 2011 4143 3589 4221">
     <span class='ocr_line' id='line_1_84' title="bbox 2011 4143 3589 4221; baseline -0.008 -12"><span class='ocrx_word' id='word_1_648' title='bbox 2011 4154 2217 4209; x_wconf 84' lang='lat' dir='ltr'><strong>tissime</strong></span> <span class='ocrx_word' id='word_1_649' title='bbox 2246 4151 2488 4214; x_wconf 85' lang='lat' dir='ltr'><strong>Domine,</strong></span> <span class='ocrx_word' id='word_1_650' title='bbox 2538 4150 2790 4221; x_wconf 86' lang='lat' dir='ltr'><strong>dignatus</strong></span> <span class='ocrx_word' id='word_1_651' title='bbox 2815 4164 2874 4204; x_wconf 86' lang='lat' dir='ltr'><strong>es</strong></span> <span class='ocrx_word' id='word_1_652' title='bbox 2917 4148 3135 4204; x_wconf 84' lang='lat' dir='ltr'><strong>dicere:</strong></span> <span class='ocrx_word' id='word_1_653' title='bbox 3194 4143 3331 4199; x_wconf 82' lang='lat' dir='ltr'><strong>Nolo</strong></span> <span class='ocrx_word' id='word_1_654' title='bbox 3377 4154 3589 4198; x_wconf 84' lang='lat' dir='ltr'><strong>mortem</strong></span> 
     </span>
    </p>
   </div>
   <div class='ocr_carea' id='block_1_84' title="bbox 2010 4236 3589 4314">
    <p class='ocr_par' dir='ltr' id='par_1_84' title="bbox 2010 4236 3589 4314">
     <span class='ocr_line' id='line_1_85' title="bbox 2010 4236 3589 4314; baseline -0.008 -16"><span class='ocrx_word' id='word_1_655' title='bbox 2010 4243 2315 4314; x_wconf 81' lang='lat' dir='ltr'><strong>peccatoris,</strong></span> <span class='ocrx_word' id='word_1_656' title='bbox 2348 4241 2437 4297; x_wconf 82' lang='lat' dir='ltr'><strong>sed</strong></span> <span class='ocrx_word' id='word_1_657' title='bbox 2462 4250 2515 4295; x_wconf 89' lang='lat' dir='ltr'><strong>ut</strong></span> <span class='ocrx_word' id='word_1_658' title='bbox 2538 4249 2867 4295; x_wconf 78' lang='lat' dir='ltr'><strong>convertatur</strong></span> <span class='ocrx_word' id='word_1_659' title='bbox 2889 4248 2935 4294; x_wconf 87' lang='lat' dir='ltr'><strong>et</strong></span> <span class='ocrx_word' id='word_1_660' title='bbox 2973 4238 3105 4292; x_wconf 79' lang='lat' dir='ltr'><strong>rirat</strong></span> <span class='ocrx_word' id='word_1_661' title='bbox 3131 4236 3370 4305; x_wconf 72' lang='lat' dir='ltr'><strong>(Ezech.,</strong></span> <span class='ocrx_word' id='word_1_662' title='bbox 3399 4249 3589 4299; x_wconf 76' lang='lat' dir='ltr'><strong>xxxtu,</strong></span> 
     </span>
    </p>
   </div>
   <div class='ocr_carea' id='block_1_85' title="bbox 2013 4325 3589 4407">
    <p class='ocr_par' dir='ltr' id='par_1_85' title="bbox 2013 4325 3589 4407">
     <span class='ocr_line' id='line_1_86' title="bbox 2013 4325 3589 4407; baseline -0.006 -18"><span class='ocrx_word' id='word_1_663' title='bbox 2013 4336 2122 4407; x_wconf 78' lang='lat' dir='ltr'><strong>il).</strong></span> <span class='ocrx_word' id='word_1_664' title='bbox 2167 4334 2338 4398; x_wconf 72' lang='lat' dir='ltr'><strong>(iube,</strong></span> <span class='ocrx_word' id='word_1_665' title='bbox 2368 4332 2648 4388; x_wconf 88' lang='lat' dir='ltr'><strong>ebrietatis</strong></span> <span class='ocrx_word' id='word_1_666' title='bbox 2688 4341 2742 4385; x_wconf 86' lang='lat' dir='ltr'><strong>et</strong></span> <span class='ocrx_word' id='word_1_667' title='bbox 2771 4330 3003 4399; x_wconf 77' lang='lat' dir='ltr'><strong>crapula:</strong></span> <span class='ocrx_word' id='word_1_668' title='bbox 3053 4329 3199 4385; x_wconf 85' lang='lat' dir='ltr'><strong>vitiis</strong></span> <span class='ocrx_word' id='word_1_669' title='bbox 3249 4326 3435 4382; x_wconf 63' lang='lat' dir='ltr'><strong>infelix</strong></span> <span class='ocrx_word' id='word_1_670' title='bbox 3478 4325 3589 4380; x_wconf 75' lang='lat' dir='ltr'><strong>sine</strong></span> 
     </span>
    </p>
   </div>
   <div class='ocr_carea' id='block_1_86' title="bbox 2012 4417 3569 4513">
    <p class='ocr_par' dir='ltr' id='par_1_86' title="bbox 2012 4417 3569 4513">
     <span class='ocr_line' id='line_1_87' title="bbox 2012 4417 3569 4513; baseline -0.006 -32"><span class='ocrx_word' id='word_1_671' title='bbox 2012 4426 2412 4513; x_wconf 58' lang='lat' dir='ltr'><strong>intermissione</strong></span> <span class='ocrx_word' id='word_1_672' title='bbox 2434 4424 2702 4490; x_wconf 86' lang='lat' dir='ltr'><strong>deservio,</strong></span> <span class='ocrx_word' id='word_1_673' title='bbox 2734 4440 2797 4478; x_wconf 91' lang='lat' dir='ltr'><strong>ac</strong></span> <span class='ocrx_word' id='word_1_674' title='bbox 2825 4430 3043 4493; x_wconf 85' lang='lat' dir='ltr'><strong>propter</strong></span> <span class='ocrx_word' id='word_1_675' title='bbox 3070 4423 3172 4476; x_wconf 88' lang='lat' dir='ltr'><strong>hoc</strong></span> <span class='ocrx_word' id='word_1_676' title='bbox 3197 4427 3453 4491; x_wconf 76' lang='lat' dir='ltr'><strong>gravatur</strong></span> <span class='ocrx_word' id='word_1_677' title='bbox 3479 4417 3569 4472; x_wconf 91' lang='lat' dir='ltr'><strong>ani</strong></span> 
     </span>
    </p>
   </div>
   <div class='ocr_carea' id='block_1_87' title="bbox 319 4506 1906 4585">
    <p class='ocr_par' dir='ltr' id='par_1_87' title="bbox 319 4509 1906 4580">
     <span class='ocr_line' id='line_1_88' title="bbox 319 4509 1906 4580; baseline -0.001 -13"><span class='ocrx_word' id='word_1_678' title='bbox 319 4512 496 4567; x_wconf 86' lang='lat' dir='ltr'><strong>deriis</strong></span> <span class='ocrx_word' id='word_1_679' title='bbox 527 4519 859 4580; x_wconf 79' lang='lat' dir='ltr'><strong>exemptum,</strong></span> <span class='ocrx_word' id='word_1_680' title='bbox 906 4510 1133 4579; x_wconf 88' lang='lat' dir='ltr'><strong>diruptis</strong></span> <span class='ocrx_word' id='word_1_681' title='bbox 1175 4509 1420 4574; x_wconf 86' lang='lat' dir='ltr'><strong>vinculis,</strong></span> <span class='ocrx_word' id='word_1_682' title='bbox 1454 4511 1648 4580; x_wconf 89' lang='lat' dir='ltr'><strong>quibus</strong></span> <span class='ocrx_word' id='word_1_683' title='bbox 1690 4512 1906 4566; x_wconf 86' lang='lat' dir='ltr'><strong>tenebar</strong></span> 
     </span>
    </p>
   </div>
   <div class='ocr_carea' id='block_1_88' title="bbox 2008 4506 3589 4585">
    <p class='ocr_par' dir='ltr' id='par_1_88' title="bbox 2013 4506 3589 4585">
     <span class='ocr_line' id='line_1_89' title="bbox 2013 4506 3589 4585; baseline -0.006 -14"><span class='ocrx_word' id='word_1_684' title='bbox 2013 4506 2103 4571; x_wconf 72' lang='lat' dir='ltr'><strong>ma</strong></span> <span class='ocrx_word' id='word_1_685' title='bbox 2147 4532 2287 4581; x_wconf 87' lang='lat' dir='ltr'><strong>mea,</strong></span> <span class='ocrx_word' id='word_1_686' title='bbox 2332 4524 2388 4570; x_wconf 91' lang='lat' dir='ltr'><strong>et</strong></span> <span class='ocrx_word' id='word_1_687' title='bbox 2431 4530 2628 4585; x_wconf 88' lang='lat' dir='ltr'><strong>corpus</strong></span> <span class='ocrx_word' id='word_1_688' title='bbox 2664 4529 2882 4572; x_wconf 88' lang='lat' dir='ltr'><strong>meum:</strong></span> <span class='ocrx_word' id='word_1_689' title='bbox 2921 4506 3060 4567; x_wconf 88' lang='lat' dir='ltr'><strong>unde</strong></span> <span class='ocrx_word' id='word_1_690' title='bbox 3102 4510 3495 4571; x_wconf 87' lang='lat' dir='ltr'><strong>somniculosus</strong></span> <span class='ocrx_word' id='word_1_691' title='bbox 3532 4524 3589 4563; x_wconf 74' lang='lat' dir='ltr'><strong>ac</strong></span> 
     </span>
    </p>
   </div>
   <div class='ocr_carea' id='block_1_89' title="bbox 319 4603 1900 4673">
    <p class='ocr_par' dir='ltr' id='par_1_89' title="bbox 319 4603 1900 4673">
     <span class='ocr_line' id='line_1_90' title="bbox 319 4603 1900 4673; baseline 0.001 -14"><span class='ocrx_word' id='word_1_692' title='bbox 319 4604 607 4669; x_wconf 88' lang='lat' dir='ltr'><strong>astrictus,</strong></span> <span class='ocrx_word' id='word_1_693' title='bbox 635 4603 929 4672; x_wconf 90' lang='lat' dir='ltr'><strong>perducere</strong></span> <span class='ocrx_word' id='word_1_694' title='bbox 957 4604 1204 4673; x_wconf 84' lang='lat' dir='ltr'><strong>dignatus</strong></span> <span class='ocrx_word' id='word_1_695' title='bbox 1230 4616 1288 4657; x_wconf 88' lang='lat' dir='ltr'><strong>es</strong></span> <span class='ocrx_word' id='word_1_696' title='bbox 1314 4603 1380 4658; x_wconf 89' lang='lat' dir='ltr'><strong>ad</strong></span> <span class='ocrx_word' id='word_1_697' title='bbox 1418 4604 1697 4657; x_wconf 88' lang='lat' dir='ltr'><strong>servitium</strong></span> <span class='ocrx_word' id='word_1_698' title='bbox 1728 4613 1900 4660; x_wconf 90' lang='lat' dir='ltr'><strong>tuum.</strong></span> 
     </span>
    </p>
   </div>
   <div class='ocr_carea' id='block_1_90' title="bbox 320 4691 1906 4764">
    <p class='ocr_par' dir='ltr' id='par_1_90' title="bbox 320 4691 1906 4764">
     <span class='ocr_line' id='line_1_91' title="bbox 320 4691 1906 4764; baseline 0.001 -17"><span class='ocrx_word' id='word_1_699' title='bbox 320 4693 450 4747; x_wconf 78' lang='lat' dir='ltr'><strong>Tibi</strong></span> <span class='ocrx_word' id='word_1_700' title='bbox 479 4707 581 4762; x_wconf 86' lang='lat' dir='ltr'><strong>ago</strong></span> <span class='ocrx_word' id='word_1_701' title='bbox 608 4691 816 4758; x_wconf 87' lang='lat' dir='ltr'><strong>laudes,</strong></span> <span class='ocrx_word' id='word_1_702' title='bbox 839 4701 894 4747; x_wconf 90' lang='lat' dir='ltr'><strong>et</strong></span> <span class='ocrx_word' id='word_1_703' title='bbox 920 4692 1140 4763; x_wconf 83' lang='lat' dir='ltr'><strong>gratias,</strong></span> <span class='ocrx_word' id='word_1_704' title='bbox 1163 4692 1251 4761; x_wconf 90' lang='lat' dir='ltr'><strong>qui</strong></span> <span class='ocrx_word' id='word_1_705' title='bbox 1282 4708 1365 4747; x_wconf 91' lang='lat' dir='ltr'><strong>me</strong></span> <span class='ocrx_word' id='word_1_706' title='bbox 1392 4693 1625 4762; x_wconf 88' lang='lat' dir='ltr'><strong>eripiens</strong></span> <span class='ocrx_word' id='word_1_707' title='bbox 1648 4710 1678 4747; x_wconf 87' lang='lat' dir='ltr'><strong>a</strong></span> <span class='ocrx_word' id='word_1_708' title='bbox 1701 4693 1906 4764; x_wconf 86' lang='lat' dir='ltr'><strong>jurgio-</strong></span> 
     </span>
    </p>
   </div>
   <div class='ocr_carea' id='block_1_91' title="bbox 320 4783 1906 4855">
    <p class='ocr_par' dir='ltr' id='par_1_91' title="bbox 320 4783 1906 4855">
     <span class='ocr_line' id='line_1_92' title="bbox 320 4783 1906 4855; baseline 0.001 -16"><span class='ocrx_word' id='word_1_709' title='bbox 320 4800 449 4839; x_wconf 83' lang='lat' dir='ltr'><strong>rum</strong></span> <span class='ocrx_word' id='word_1_710' title='bbox 494 4784 763 4855; x_wconf 87' lang='lat' dir='ltr'><strong>procellis,</strong></span> <span class='ocrx_word' id='word_1_711' title='bbox 823 4785 916 4839; x_wconf 90' lang='lat' dir='ltr'><strong>des</strong></span> <span class='ocrx_word' id='word_1_712' title='bbox 958 4784 1087 4839; x_wconf 88' lang='lat' dir='ltr'><strong>mihi</strong></span> <span class='ocrx_word' id='word_1_713' title='bbox 1125 4799 1403 4839; x_wconf 87' lang='lat' dir='ltr'><strong>servorum</strong></span> <span class='ocrx_word' id='word_1_714' title='bbox 1452 4792 1662 4839; x_wconf 89' lang='lat' dir='ltr'><strong>tuorum</strong></span> <span class='ocrx_word' id='word_1_715' title='bbox 1700 4783 1906 4855; x_wconf 81' lang='lat' dir='ltr'><strong>perfrui</strong></span> 
     </span>
    </p>
   </div>
   <div class='ocr_carea' id='block_1_92' title="bbox 316 4875 1905 4949">
    <p class='ocr_par' dir='ltr' id='par_1_92' title="bbox 316 4875 1905 4949">
     <span class='ocr_line' id='line_1_93' title="bbox 316 4875 1905 4949; baseline 0.002 -19"><span class='ocrx_word' id='word_1_716' title='bbox 316 4876 613 4941; x_wconf 86' lang='lat' dir='ltr'><strong>charitate,</strong></span> <span class='ocrx_word' id='word_1_717' title='bbox 645 4876 735 4947; x_wconf 91' lang='lat' dir='ltr'><strong>qui</strong></span> <span class='ocrx_word' id='word_1_718' title='bbox 767 4875 893 4930; x_wconf 89' lang='lat' dir='ltr'><strong>mihi</strong></span> <span class='ocrx_word' id='word_1_719' title='bbox 934 4875 1158 4930; x_wconf 88' lang='lat' dir='ltr'><strong>salutem</strong></span> <span class='ocrx_word' id='word_1_720' title='bbox 1183 4876 1441 4946; x_wconf 90' lang='lat' dir='ltr'><strong>corporis,</strong></span> <span class='ocrx_word' id='word_1_721' title='bbox 1473 4884 1528 4931; x_wconf 89' lang='lat' dir='ltr'><strong>et</strong></span> <span class='ocrx_word' id='word_1_722' title='bbox 1554 4877 1717 4932; x_wconf 91' lang='lat' dir='ltr'><strong>animi</strong></span> <span class='ocrx_word' id='word_1_723' title='bbox 1745 4877 1905 4949; x_wconf 88' lang='lat' dir='ltr'><strong>largi-</strong></span> 
     </span>
    </p>
   </div>
   <div class='ocr_carea' id='block_1_93' title="bbox 318 4966 1904 5041">
    <p class='ocr_par' dir='ltr' id='par_1_93' title="bbox 318 4966 1904 5041">
     <span class='ocr_line' id='line_1_94' title="bbox 318 4966 1904 5041; baseline 0 -18"><span class='ocrx_word' id='word_1_724' title='bbox 318 4969 403 5023; x_wconf 90' lang='lat' dir='ltr'><strong>ris</strong></span> <span class='ocrx_word' id='word_1_725' title='bbox 432 4967 688 5041; x_wconf 88' lang='lat' dir='ltr'><strong>quietem.</strong></span> <span class='ocrx_word' id='word_1_726' title='bbox 719 4966 837 5021; x_wconf 90' lang='lat' dir='ltr'><strong>Tibi</strong></span> <span class='ocrx_word' id='word_1_727' title='bbox 865 4966 1068 5031; x_wconf 88' lang='lat' dir='ltr'><strong>laudes,</strong></span> <span class='ocrx_word' id='word_1_728' title='bbox 1097 4967 1214 5030; x_wconf 91' lang='lat' dir='ltr'><strong>tibi,</strong></span> <span class='ocrx_word' id='word_1_729' title='bbox 1260 4967 1507 5033; x_wconf 87' lang='lat' dir='ltr'><strong>Domine,</strong></span> <span class='ocrx_word' id='word_1_730' title='bbox 1551 4968 1778 5023; x_wconf 90' lang='lat' dir='ltr'><strong>decanto</strong></span> <span class='ocrx_word' id='word_1_731' title='bbox 1804 4968 1904 5024; x_wconf 79' lang='lat' dir='ltr'><strong>lio-</strong></span> 
     </span>
    </p>
   </div>
   <div class='ocr_carea' id='block_1_94' title="bbox 316 5057 1908 5129">
    <p class='ocr_par' dir='ltr' id='par_1_94' title="bbox 316 5057 1908 5129">
     <span class='ocr_line' id='line_1_95' title="bbox 316 5057 1908 5129; baseline -0.001 -15"><span class='ocrx_word' id='word_1_732' title='bbox 316 5073 514 5114; x_wconf 88' lang='lat' dir='ltr'><strong>norem</strong></span> <span class='ocrx_word' id='word_1_733' title='bbox 542 5067 598 5112; x_wconf 91' lang='lat' dir='ltr'><strong>et</strong></span> <span class='ocrx_word' id='word_1_734' title='bbox 621 5057 868 5128; x_wconf 77' lang='lat' dir='ltr'><strong>gloriam,</strong></span> <span class='ocrx_word' id='word_1_735' title='bbox 897 5057 988 5129; x_wconf 90' lang='lat' dir='ltr'><strong>qui</strong></span> <span class='ocrx_word' id='word_1_736' title='bbox 1018 5057 1255 5127; x_wconf 90' lang='lat' dir='ltr'><strong>quotidie</strong></span> <span class='ocrx_word' id='word_1_737' title='bbox 1285 5072 1371 5113; x_wconf 90' lang='lat' dir='ltr'><strong>me</strong></span> <span class='ocrx_word' id='word_1_738' title='bbox 1408 5065 1463 5112; x_wconf 89' lang='lat' dir='ltr'><strong>et</strong></span> <span class='ocrx_word' id='word_1_739' title='bbox 1492 5057 1606 5111; x_wconf 90' lang='lat' dir='ltr'><strong>sine</strong></span> <span class='ocrx_word' id='word_1_740' title='bbox 1635 5058 1908 5113; x_wconf 45' lang='lat' dir='ltr'><strong>intermis‘</strong></span> 
     </span>
    </p>
   </div>
   <div class='ocr_carea' id='block_1_95' title="bbox 315 5145 1908 5219">
    <p class='ocr_par' dir='ltr' id='par_1_95' title="bbox 315 5145 1908 5219">
     <span class='ocr_line' id='line_1_96' title="bbox 315 5145 1908 5219; baseline 0.001 -16"><span class='ocrx_word' id='word_1_741' title='bbox 315 5150 479 5203; x_wconf 88' lang='lat' dir='ltr'><strong>sione</strong></span> <span class='ocrx_word' id='word_1_742' title='bbox 516 5145 934 5217; x_wconf 75' lang='lat' dir='ltr'><strong>delinqurnlem,</strong></span> <span class='ocrx_word' id='word_1_743' title='bbox 960 5158 1014 5203; x_wconf 88' lang='lat' dir='ltr'><strong>et</strong></span> <span class='ocrx_word' id='word_1_744' title='bbox 1042 5159 1130 5202; x_wconf 89' lang='lat' dir='ltr'><strong>tua</strong></span> <span class='ocrx_word' id='word_1_745' title='bbox 1168 5156 1433 5219; x_wconf 54' lang='lat' dir='ltr'><strong>praecepta</strong></span> <span class='ocrx_word' id='word_1_746' title='bbox 1476 5157 1908 5218; x_wconf 90' lang='lat' dir='ltr'><strong>postponentem,</strong></span> 
     </span>
    </p>
   </div>
   <div class='ocr_carea' id='block_1_96' title="bbox 316 5237 1907 5311">
    <p class='ocr_par' dir='ltr' id='par_1_96' title="bbox 316 5237 1907 5311">
     <span class='ocr_line' id='line_1_97' title="bbox 316 5237 1907 5311; baseline 0.003 -20"><span class='ocrx_word' id='word_1_747' title='bbox 316 5247 477 5291; x_wconf 86' lang='lat' dir='ltr'><strong>tanta</strong></span> <span class='ocrx_word' id='word_1_748' title='bbox 508 5237 682 5293; x_wconf 87' lang='lat' dir='ltr'><strong>adhuc</strong></span> <span class='ocrx_word' id='word_1_749' title='bbox 722 5239 984 5310; x_wconf 89' lang='lat' dir='ltr'><strong>patientia</strong></span> <span class='ocrx_word' id='word_1_750' title='bbox 1027 5239 1266 5309; x_wconf 88' lang='lat' dir='ltr'><strong>quotidie</strong></span> <span class='ocrx_word' id='word_1_751' title='bbox 1316 5238 1427 5311; x_wconf 80' lang='lat' dir='ltr'><strong>[ad]</strong></span> <span class='ocrx_word' id='word_1_752' title='bbox 1477 5239 1907 5297; x_wconf 89' lang='lat' dir='ltr'><strong>emendationem</strong></span> 
     </span>
    </p>
   </div>
   <div class='ocr_carea' id='block_1_97' title="bbox 314 5320 1905 5399">
    <p class='ocr_par' dir='ltr' id='par_1_97' title="bbox 314 5320 1905 5399">
     <span class='ocr_line' id='line_1_98' title="bbox 314 5320 1905 5399; baseline 0.002 -16"><span class='ocrx_word' id='word_1_753' title='bbox 314 5336 629 5398; x_wconf 79' lang='lat' dir='ltr'><strong>exspectas.</strong></span> <span class='ocrx_word' id='word_1_754' title='bbox 658 5327 870 5395; x_wconf 78' lang='lat' dir='ltr'><strong>Quaeso,</strong></span> <span class='ocrx_word' id='word_1_755' title='bbox 895 5328 1122 5384; x_wconf 89' lang='lat' dir='ltr'><strong>Domine</strong></span> <span class='ocrx_word' id='word_1_756' title='bbox 1144 5328 1287 5384; x_wconf 91' lang='lat' dir='ltr'><strong>Deus</strong></span> <span class='ocrx_word' id='word_1_757' title='bbox 1311 5344 1489 5395; x_wconf 90' lang='lat' dir='ltr'><strong>meus,</strong></span> <span class='ocrx_word' id='word_1_758' title='bbox 1532 5330 1624 5399; x_wconf 91' lang='lat' dir='ltr'><strong>qui</strong></span> <span class='ocrx_word' id='word_1_759' title='bbox 1651 5330 1782 5385; x_wconf 91' lang='lat' dir='ltr'><strong>mibi</strong></span> <span class='ocrx_word' id='word_1_760' title='bbox 1812 5320 1905 5386; x_wconf 87' lang='lat' dir='ltr'><strong>us-</strong></span> 
     </span>
    </p>
   </div>
   <div class='ocr_carea' id='block_1_98' title="bbox 314 5417 1908 5486">
    <p class='ocr_par' dir='ltr' id='par_1_98' title="bbox 314 5417 1908 5486">
     <span class='ocr_line' id='line_1_99' title="bbox 314 5417 1908 5486; baseline 0.004 -19"><span class='ocrx_word' id='word_1_761' title='bbox 314 5431 432 5486; x_wconf 85' lang='lat' dir='ltr'><strong>que</strong></span> <span class='ocrx_word' id='word_1_762' title='bbox 461 5417 527 5471; x_wconf 91' lang='lat' dir='ltr'><strong>ad</strong></span> <span class='ocrx_word' id='word_1_763' title='bbox 560 5425 881 5486; x_wconf 70' lang='lat' dir='ltr'><strong>przesentem</strong></span> <span class='ocrx_word' id='word_1_764' title='bbox 926 5417 1115 5471; x_wconf 84' lang='lat' dir='ltr'><strong>horam</strong></span> <span class='ocrx_word' id='word_1_765' title='bbox 1166 5425 1307 5472; x_wconf 90' lang='lat' dir='ltr'><strong>tuam</strong></span> <span class='ocrx_word' id='word_1_766' title='bbox 1345 5417 1768 5474; x_wconf 90' lang='lat' dir='ltr'><strong>misericordiam</strong></span> <span class='ocrx_word' id='word_1_767' title='bbox 1807 5419 1908 5474; x_wconf 90' lang='lat' dir='ltr'><strong>im-</strong></span> 
     </span>
    </p>
   </div>
   <div class='ocr_carea' id='block_1_99' title="bbox 315 5506 1901 5579">
    <p class='ocr_par' dir='ltr' id='par_1_99' title="bbox 315 5506 1901 5579">
     <span class='ocr_line' id='line_1_100' title="bbox 315 5506 1901 5579; baseline 0.004 -21"><span class='ocrx_word' id='word_1_768' title='bbox 315 5506 561 5576; x_wconf 84' lang='lat' dir='ltr'><strong>pendere</strong></span> <span class='ocrx_word' id='word_1_769' title='bbox 584 5507 835 5577; x_wconf 89' lang='lat' dir='ltr'><strong>dignatus</strong></span> <span class='ocrx_word' id='word_1_770' title='bbox 865 5524 942 5573; x_wconf 88' lang='lat' dir='ltr'><strong>es,</strong></span> <span class='ocrx_word' id='word_1_771' title='bbox 966 5507 1165 5579; x_wconf 86' lang='lat' dir='ltr'><strong>perﬁce</strong></span> <span class='ocrx_word' id='word_1_772' title='bbox 1192 5523 1326 5579; x_wconf 91' lang='lat' dir='ltr'><strong>opus</strong></span> <span class='ocrx_word' id='word_1_773' title='bbox 1351 5508 1734 5563; x_wconf 65' lang='lat' dir='ltr'><strong>misericordia:</strong></span> <span class='ocrx_word' id='word_1_774' title='bbox 1764 5518 1901 5575; x_wconf 65' lang='lat' dir='ltr'><strong>tuae;</strong></span> 
     </span>
    </p>
   </div>
   <div class='ocr_carea' id='block_1_100' title="bbox 320 5598 1904 5669">
    <p class='ocr_par' dir='ltr' id='par_1_100' title="bbox 320 5598 1904 5669">
     <span class='ocr_line' id='line_1_101' title="bbox 320 5598 1904 5669; baseline 0.001 -16"><span class='ocrx_word' id='word_1_775' title='bbox 320 5599 497 5653; x_wconf 62' lang='lat' dir='ltr'><strong>libera</strong></span> <span class='ocrx_word' id='word_1_776' title='bbox 522 5614 608 5653; x_wconf 92' lang='lat' dir='ltr'><strong>mc</strong></span> <span class='ocrx_word' id='word_1_777' title='bbox 635 5614 666 5653; x_wconf 88' lang='lat' dir='ltr'><strong>a</strong></span> <span class='ocrx_word' id='word_1_778' title='bbox 693 5598 845 5654; x_wconf 89' lang='lat' dir='ltr'><strong>malis</strong></span> <span class='ocrx_word' id='word_1_779' title='bbox 872 5600 1142 5664; x_wconf 89' lang='lat' dir='ltr'><strong>omnibus,</strong></span> <span class='ocrx_word' id='word_1_780' title='bbox 1172 5615 1292 5669; x_wconf 72' lang='lat' dir='ltr'><strong>qua:</strong></span> <span class='ocrx_word' id='word_1_781' title='bbox 1316 5606 1569 5669; x_wconf 89' lang='lat' dir='ltr'><strong>premunt</strong></span> <span class='ocrx_word' id='word_1_782' title='bbox 1603 5614 1704 5663; x_wconf 89' lang='lat' dir='ltr'><strong>me,</strong></span> <span class='ocrx_word' id='word_1_783' title='bbox 1746 5600 1904 5655; x_wconf 90' lang='lat' dir='ltr'><strong>sicuti</strong></span> 
     </span>
    </p>
   </div>
   <div class='ocr_carea' id='block_1_101' title="bbox 323 5689 1903 5764">
    <p class='ocr_par' dir='ltr' id='par_1_101' title="bbox 323 5689 1903 5764">
     <span class='ocr_line' id='line_1_102' title="bbox 323 5689 1903 5764; baseline 0.001 -17"><span class='ocrx_word' id='word_1_784' title='bbox 323 5689 580 5762; x_wconf 68' lang='lat' dir='ltr'><strong>cwpisti;</strong></span> <span class='ocrx_word' id='word_1_785' title='bbox 620 5690 762 5747; x_wconf 87' lang='lat' dir='ltr'><strong>salva</strong></span> <span class='ocrx_word' id='word_1_786' title='bbox 801 5706 887 5747; x_wconf 86' lang='lat' dir='ltr'><strong>me</strong></span> <span class='ocrx_word' id='word_1_787' title='bbox 922 5706 1090 5763; x_wconf 84' lang='lat' dir='ltr'><strong>usque</strong></span> <span class='ocrx_word' id='word_1_788' title='bbox 1120 5691 1172 5748; x_wconf 91' lang='lat' dir='ltr'><strong>in</strong></span> <span class='ocrx_word' id='word_1_789' title='bbox 1204 5690 1363 5747; x_wconf 86' lang='lat' dir='ltr'><strong>ﬁnem</strong></span> <span class='ocrx_word' id='word_1_790' title='bbox 1391 5705 1487 5764; x_wconf 85' lang='lat' dir='ltr'><strong>per</strong></span> <span class='ocrx_word' id='word_1_791' title='bbox 1523 5689 1703 5748; x_wconf 84' lang='lat' dir='ltr'><strong>Jesum</strong></span> <span class='ocrx_word' id='word_1_792' title='bbox 1747 5689 1903 5749; x_wconf 83' lang='lat' dir='ltr'><strong>Chri-</strong></span> 
     </span>
    </p>
   </div>
   <div class='ocr_carea' id='block_1_102' title="bbox 2010 4605 3591 4680">
    <p class='ocr_par' dir='ltr' id='par_1_102' title="bbox 2010 4605 3591 4680">
     <span class='ocr_line' id='line_1_103' title="bbox 2010 4605 3591 4680; baseline -0.004 -17"><span class='ocrx_word' id='word_1_793' title='bbox 2010 4617 2251 4680; x_wconf 89' lang='lat' dir='ltr'><strong>torpeus,</strong></span> <span class='ocrx_word' id='word_1_794' title='bbox 2299 4610 2449 4664; x_wconf 87' lang='lat' dir='ltr'><strong>tarde</strong></span> <span class='ocrx_word' id='word_1_795' title='bbox 2498 4609 2566 4663; x_wconf 89' lang='lat' dir='ltr'><strong>ad</strong></span> <span class='ocrx_word' id='word_1_796' title='bbox 2606 4609 2880 4662; x_wconf 88' lang='lat' dir='ltr'><strong>orationes</strong></span> <span class='ocrx_word' id='word_1_797' title='bbox 2930 4615 2986 4661; x_wconf 82' lang='lat' dir='ltr'><strong>et</strong></span> <span class='ocrx_word' id='word_1_798' title='bbox 3031 4605 3203 4661; x_wconf 81' lang='lat' dir='ltr'><strong>otﬁcia</strong></span> <span class='ocrx_word' id='word_1_799' title='bbox 3250 4620 3497 4669; x_wconf 89' lang='lat' dir='ltr'><strong>accurro,</strong></span> <span class='ocrx_word' id='word_1_800' title='bbox 3542 4609 3591 4657; x_wconf 83' lang='lat' dir='ltr'><strong>et</strong></span> 
     </span>
    </p>
   </div>
   <div class='ocr_carea' id='block_1_103' title="bbox 2012 4696 3591 4769">
    <p class='ocr_par' dir='ltr' id='par_1_103' title="bbox 2012 4696 3591 4769">
     <span class='ocr_line' id='line_1_104' title="bbox 2012 4696 3591 4769; baseline -0.005 -13"><span class='ocrx_word' id='word_1_801' title='bbox 2012 4716 2227 4769; x_wconf 87' lang='lat' dir='ltr'><strong>semper</strong></span> <span class='ocrx_word' id='word_1_802' title='bbox 2245 4700 2512 4755; x_wconf 87' lang='lat' dir='ltr'><strong>alienatus</strong></span> <span class='ocrx_word' id='word_1_803' title='bbox 2527 4708 2582 4754; x_wconf 92' lang='lat' dir='ltr'><strong>et</strong></span> <span class='ocrx_word' id='word_1_804' title='bbox 2600 4699 2874 4769; x_wconf 80' lang='lat' dir='ltr'><strong>negligens</strong></span> <span class='ocrx_word' id='word_1_805' title='bbox 2891 4699 3104 4753; x_wconf 85' lang='lat' dir='ltr'><strong>assisto.</strong></span> <span class='ocrx_word' id='word_1_806' title='bbox 3129 4696 3591 4755; x_wconf 71' lang='lat' dir='ltr'><strong>Fornicationibus</strong></span> 
     </span>
    </p>
   </div>
   <div class='ocr_carea' id='block_1_104' title="bbox 2011 4787 3592 4858">
    <p class='ocr_par' dir='ltr' id='par_1_104' title="bbox 2011 4787 3592 4858">
     <span class='ocr_line' id='line_1_105' title="bbox 2011 4787 3592 4858; baseline -0.003 -13"><span class='ocrx_word' id='word_1_807' title='bbox 2011 4800 2067 4845; x_wconf 90' lang='lat' dir='ltr'><strong>et</strong></span> <span class='ocrx_word' id='word_1_808' title='bbox 2087 4791 2322 4847; x_wconf 89' lang='lat' dir='ltr'><strong>libidinis</strong></span> <span class='ocrx_word' id='word_1_809' title='bbox 2349 4789 2682 4845; x_wconf 87' lang='lat' dir='ltr'><strong>stercoribus</strong></span> <span class='ocrx_word' id='word_1_810' title='bbox 2708 4788 3046 4858; x_wconf 83' lang='lat' dir='ltr'><strong>putrefactus</strong></span> <span class='ocrx_word' id='word_1_811' title='bbox 3072 4804 3215 4853; x_wconf 86' lang='lat' dir='ltr'><strong>sum,</strong></span> <span class='ocrx_word' id='word_1_812' title='bbox 3246 4795 3300 4841; x_wconf 89' lang='lat' dir='ltr'><strong>et</strong></span> <span class='ocrx_word' id='word_1_813' title='bbox 3337 4787 3482 4842; x_wconf 89' lang='lat' dir='ltr'><strong>intus</strong></span> <span class='ocrx_word' id='word_1_814' title='bbox 3502 4801 3592 4841; x_wconf 54' lang='lat' dir='ltr'><strong>ex.</strong></span> 
     </span>
    </p>
   </div>
   <div class='ocr_carea' id='block_1_105' title="bbox 2013 4876 3591 4951">
    <p class='ocr_par' dir='ltr' id='par_1_105' title="bbox 2013 4876 3591 4951">
     <span class='ocr_line' id='line_1_106' title="bbox 2013 4876 3591 4951; baseline -0.004 -15"><span class='ocrx_word' id='word_1_815' title='bbox 2013 4882 2288 4951; x_wconf 84' lang='lat' dir='ltr'><strong>teriusque</strong></span> <span class='ocrx_word' id='word_1_816' title='bbox 2316 4889 2457 4935; x_wconf 87' lang='lat' dir='ltr'><strong>totus</strong></span> <span class='ocrx_word' id='word_1_817' title='bbox 2485 4879 2812 4949; x_wconf 80' lang='lat' dir='ltr'><strong>inquinatus.</strong></span> <span class='ocrx_word' id='word_1_818' title='bbox 2866 4876 3133 4931; x_wconf 86' lang='lat' dir='ltr'><strong>Pollutum</strong></span> <span class='ocrx_word' id='word_1_819' title='bbox 3172 4886 3256 4932; x_wconf 88' lang='lat' dir='ltr'><strong>est</strong></span> <span class='ocrx_word' id='word_1_820' title='bbox 3300 4892 3363 4932; x_wconf 85' lang='lat' dir='ltr'><strong>os</strong></span> <span class='ocrx_word' id='word_1_821' title='bbox 3392 4890 3591 4938; x_wconf 88' lang='lat' dir='ltr'><strong>meum,</strong></span> 
     </span>
    </p>
   </div>
   <div class='ocr_carea' id='block_1_106' title="bbox 2013 4968 3591 5036">
    <p class='ocr_par' dir='ltr' id='par_1_106' title="bbox 2013 4968 3591 5036">
     <span class='ocr_line' id='line_1_107' title="bbox 2013 4968 3591 5036; baseline -0.004 -11"><span class='ocrx_word' id='word_1_822' title='bbox 2013 4980 2067 5025; x_wconf 90' lang='lat' dir='ltr'><strong>et</strong></span> <span class='ocrx_word' id='word_1_823' title='bbox 2093 4972 2230 5026; x_wconf 88' lang='lat' dir='ltr'><strong>labia</strong></span> <span class='ocrx_word' id='word_1_824' title='bbox 2262 4987 2400 5033; x_wconf 88' lang='lat' dir='ltr'><strong>mea,</strong></span> <span class='ocrx_word' id='word_1_825' title='bbox 2426 4968 2567 5023; x_wconf 90' lang='lat' dir='ltr'><strong>oeuli</strong></span> <span class='ocrx_word' id='word_1_826' title='bbox 2595 4968 2717 5027; x_wconf 87' lang='lat' dir='ltr'><strong>mei,</strong></span> <span class='ocrx_word' id='word_1_827' title='bbox 2744 4974 2798 5020; x_wconf 89' lang='lat' dir='ltr'><strong>et</strong></span> <span class='ocrx_word' id='word_1_828' title='bbox 2835 4982 2995 5022; x_wconf 89' lang='lat' dir='ltr'><strong>aures</strong></span> <span class='ocrx_word' id='word_1_829' title='bbox 3025 4982 3182 5030; x_wconf 79' lang='lat' dir='ltr'><strong>meae,</strong></span> <span class='ocrx_word' id='word_1_830' title='bbox 3210 4974 3400 5036; x_wconf 83' lang='lat' dir='ltr'><strong>gustus</strong></span> <span class='ocrx_word' id='word_1_831' title='bbox 3421 4980 3591 5028; x_wconf 87' lang='lat' dir='ltr'><strong>meus,</strong></span> 
     </span>
    </p>
   </div>
   <div class='ocr_carea' id='block_1_107' title="bbox 2011 5056 3593 5130">
    <p class='ocr_par' dir='ltr' id='par_1_107' title="bbox 2011 5056 3593 5130">
     <span class='ocr_line' id='line_1_108' title="bbox 2011 5056 3593 5130; baseline -0.004 -16"><span class='ocrx_word' id='word_1_832' title='bbox 2011 5062 2215 5130; x_wconf 91' lang='lat' dir='ltr'><strong>pariter</strong></span> <span class='ocrx_word' id='word_1_833' title='bbox 2240 5060 2491 5114; x_wconf 87' lang='lat' dir='ltr'><strong>odoratus</strong></span> <span class='ocrx_word' id='word_1_834' title='bbox 2529 5066 2583 5113; x_wconf 86' lang='lat' dir='ltr'><strong>et</strong></span> <span class='ocrx_word' id='word_1_835' title='bbox 2623 5065 2817 5122; x_wconf 88' lang='lat' dir='ltr'><strong>tactus,</strong></span> <span class='ocrx_word' id='word_1_836' title='bbox 2846 5066 2901 5112; x_wconf 92' lang='lat' dir='ltr'><strong>et</strong></span> <span class='ocrx_word' id='word_1_837' title='bbox 2931 5073 3101 5128; x_wconf 88' lang='lat' dir='ltr'><strong>usque</strong></span> <span class='ocrx_word' id='word_1_838' title='bbox 3127 5058 3196 5112; x_wconf 88' lang='lat' dir='ltr'><strong>ad</strong></span> <span class='ocrx_word' id='word_1_839' title='bbox 3224 5060 3364 5112; x_wconf 88' lang='lat' dir='ltr'><strong>hanc</strong></span> <span class='ocrx_word' id='word_1_840' title='bbox 3407 5056 3593 5111; x_wconf 85' lang='lat' dir='ltr'><strong>horam</strong></span> 
     </span>
    </p>
   </div>
   <div class='ocr_carea' id='block_1_108' title="bbox 2012 5149 3698 5223">
    <p class='ocr_par' dir='ltr' id='par_1_108' title="bbox 2012 5149 3698 5223">
     <span class='ocr_line' id='line_1_109' title="bbox 2012 5149 3698 5223; baseline -0.003 -19"><span class='ocrx_word' id='word_1_841' title='bbox 2012 5150 2429 5218; x_wconf 76' lang='lat' dir='ltr'><strong>cogitationibus</strong></span> <span class='ocrx_word' id='word_1_842' title='bbox 2456 5149 2610 5207; x_wconf 85' lang='lat' dir='ltr'><strong>vanis</strong></span> <span class='ocrx_word' id='word_1_843' title='bbox 2647 5157 2702 5207; x_wconf 88' lang='lat' dir='ltr'><strong>et</strong></span> <span class='ocrx_word' id='word_1_844' title='bbox 2745 5149 3109 5219; x_wconf 76' lang='lat' dir='ltr'><strong>spurcissimis</strong></span> <span class='ocrx_word' id='word_1_845' title='bbox 3149 5149 3458 5205; x_wconf 87' lang='lat' dir='ltr'><strong>sordidatur</strong></span> <span class='ocrx_word' id='word_1_846' title='bbox 3496 5161 3591 5201; x_wconf 90' lang='lat' dir='ltr'><strong>cor</strong></span> <span class='ocrx_word' id='word_1_847' title='bbox 3690 5217 3698 5223; x_wconf 19' lang='grc' dir='ltr'><em>μ</em></span> 
     </span>
    </p>
   </div>
   <div class='ocr_carea' id='block_1_109' title="bbox 2014 5235 3587 5305">
    <p class='ocr_par' dir='ltr' id='par_1_109' title="bbox 2014 5235 3587 5305">
     <span class='ocr_line' id='line_1_110' title="bbox 2014 5235 3587 5305; baseline -0.004 -10"><span class='ocrx_word' id='word_1_848' title='bbox 2014 5255 2212 5295; x_wconf 80' lang='lat' dir='ltr'><strong>incum.</strong></span> <span class='ocrx_word' id='word_1_849' title='bbox 2265 5239 2507 5295; x_wconf 89' lang='lat' dir='ltr'><strong>Tristitia</strong></span> <span class='ocrx_word' id='word_1_850' title='bbox 2550 5240 2828 5296; x_wconf 88' lang='lat' dir='ltr'><strong>demersus</strong></span> <span class='ocrx_word' id='word_1_851' title='bbox 2873 5256 3012 5305; x_wconf 91' lang='lat' dir='ltr'><strong>sum,</strong></span> <span class='ocrx_word' id='word_1_852' title='bbox 3054 5239 3242 5296; x_wconf 89' lang='lat' dir='ltr'><strong>acedia</strong></span> <span class='ocrx_word' id='word_1_853' title='bbox 3279 5235 3587 5298; x_wconf 81' lang='lat' dir='ltr'><strong>dissolutus,</strong></span> 
     </span>
    </p>
   </div>
   <div class='ocr_carea' id='block_1_110' title="bbox 2013 5327 3593 5399">
    <p class='ocr_par' dir='ltr' id='par_1_110' title="bbox 2013 5327 3593 5399">
     <span class='ocr_line' id='line_1_111' title="bbox 2013 5327 3593 5399; baseline -0.004 -16"><span class='ocrx_word' id='word_1_854' title='bbox 2013 5329 2107 5384; x_wconf 74' lang='lat' dir='ltr'><strong>ira:</strong></span> <span class='ocrx_word' id='word_1_855' title='bbox 2136 5329 2340 5384; x_wconf 81' lang='lat' dir='ltr'><strong>facibus</strong></span> <span class='ocrx_word' id='word_1_856' title='bbox 2369 5328 2728 5386; x_wconf 83' lang='lat' dir='ltr'><strong>inﬂammatus</strong></span> <span class='ocrx_word' id='word_1_857' title='bbox 2771 5346 2888 5385; x_wconf 88' lang='lat' dir='ltr'><strong>sum</strong></span> <span class='ocrx_word' id='word_1_858' title='bbox 2915 5372 2930 5397; x_wconf 95' lang='lat'><strong>,</strong></span> <span class='ocrx_word' id='word_1_859' title='bbox 2977 5328 3286 5399; x_wconf 90' lang='lat' dir='ltr'><strong>cupiditatis</strong></span> <span class='ocrx_word' id='word_1_860' title='bbox 3320 5327 3443 5397; x_wconf 88' lang='lat' dir='ltr'><strong>igne</strong></span> <span class='ocrx_word' id='word_1_861' title='bbox 3469 5338 3593 5395; x_wconf 87' lang='lat' dir='ltr'><strong>per-</strong></span> 
     </span>
    </p>
   </div>
   <div class='ocr_carea' id='block_1_111' title="bbox 2016 5413 3593 5485">
    <p class='ocr_par' dir='ltr' id='par_1_111' title="bbox 2016 5413 3593 5485">
     <span class='ocr_line' id='line_1_112' title="bbox 2016 5413 3593 5485; baseline -0.004 -11"><span class='ocrx_word' id='word_1_862' title='bbox 2016 5428 2189 5485; x_wconf 84' lang='lat' dir='ltr'><strong>ustus,</strong></span> <span class='ocrx_word' id='word_1_863' title='bbox 2233 5419 2445 5475; x_wconf 72' lang='lat' dir='ltr'><strong>invidiae</strong></span> <span class='ocrx_word' id='word_1_864' title='bbox 2488 5422 2709 5475; x_wconf 88' lang='lat' dir='ltr'><strong>venenis</strong></span> <span class='ocrx_word' id='word_1_865' title='bbox 2735 5419 2965 5475; x_wconf 79' lang='lat' dir='ltr'><strong>infectus</strong></span> <span class='ocrx_word' id='word_1_866' title='bbox 2993 5434 3135 5483; x_wconf 88' lang='lat' dir='ltr'><strong>sum,</strong></span> <span class='ocrx_word' id='word_1_867' title='bbox 3188 5415 3427 5471; x_wconf 80' lang='lat' dir='ltr'><strong>fraterno</strong></span> <span class='ocrx_word' id='word_1_868' title='bbox 3469 5413 3593 5468; x_wconf 90' lang='lat' dir='ltr'><strong>odio</strong></span> 
     </span>
    </p>
   </div>
   <div class='ocr_carea' id='block_1_112' title="bbox 2012 5503 3589 5576">
    <p class='ocr_par' dir='ltr' id='par_1_112' title="bbox 2012 5503 3589 5576">
     <span class='ocr_line' id='line_1_113' title="bbox 2012 5503 3589 5576; baseline -0.004 -12"><span class='ocrx_word' id='word_1_869' title='bbox 2012 5510 2295 5576; x_wconf 82' lang='lat' dir='ltr'><strong>toxicatus,</strong></span> <span class='ocrx_word' id='word_1_870' title='bbox 2326 5511 2657 5568; x_wconf 87' lang='lat' dir='ltr'><strong>detractione</strong></span> <span class='ocrx_word' id='word_1_871' title='bbox 2701 5511 2988 5567; x_wconf 89' lang='lat' dir='ltr'><strong>convulsus</strong></span> <span class='ocrx_word' id='word_1_872' title='bbox 3028 5524 3169 5574; x_wconf 91' lang='lat' dir='ltr'><strong>sum,</strong></span> <span class='ocrx_word' id='word_1_873' title='bbox 3200 5505 3347 5562; x_wconf 89' lang='lat' dir='ltr'><strong>omni</strong></span> <span class='ocrx_word' id='word_1_874' title='bbox 3386 5503 3589 5562; x_wconf 91' lang='lat' dir='ltr'><strong>malitia</strong></span> 
     </span>
    </p>
   </div>
   <div class='ocr_carea' id='block_1_113' title="bbox 2006 5597 3591 5666">
    <p class='ocr_par' dir='ltr' id='par_1_113' title="bbox 2006 5597 3591 5666">
     <span class='ocr_line' id='line_1_114' title="bbox 2006 5597 3591 5666; baseline -0.004 -8"><span class='ocrx_word' id='word_1_875' title='bbox 2006 5600 2326 5666; x_wconf 75' lang='lat' dir='ltr'><strong>tabefactus,</strong></span> <span class='ocrx_word' id='word_1_876' title='bbox 2352 5602 2617 5659; x_wconf 85' lang='lat' dir='ltr'><strong>oblivione</strong></span> <span class='ocrx_word' id='word_1_877' title='bbox 2640 5612 2692 5658; x_wconf 84' lang='lat' dir='ltr'><strong>et</strong></span> <span class='ocrx_word' id='word_1_878' title='bbox 2718 5602 2918 5659; x_wconf 81' lang='lat' dir='ltr'><strong>desidia</strong></span> <span class='ocrx_word' id='word_1_879' title='bbox 2950 5602 3232 5656; x_wconf 88' lang='lat' dir='ltr'><strong>hebetatus</strong></span> <span class='ocrx_word' id='word_1_880' title='bbox 3261 5614 3379 5654; x_wconf 90' lang='lat' dir='ltr'><strong>sum</strong></span> <span class='ocrx_word' id='word_1_881' title='bbox 3408 5615 3422 5664; x_wconf 91' lang='lat'><strong>;</strong></span> <span class='ocrx_word' id='word_1_882' title='bbox 3450 5597 3591 5652; x_wconf 80' lang='lat' dir='ltr'><strong>frau-</strong></span> 
     </span>
    </p>
   </div>
   <div class='ocr_carea' id='block_1_114' title="bbox 2008 5690 3588 5767">
    <p class='ocr_par' dir='ltr' id='par_1_114' title="bbox 2008 5690 3588 5767">
     <span class='ocr_line' id='line_1_115' title="bbox 2008 5690 3588 5767; baseline -0.004 -16"><span class='ocrx_word' id='word_1_883' title='bbox 2008 5695 2075 5751; x_wconf 89' lang='lat' dir='ltr'><strong>de</strong></span> <span class='ocrx_word' id='word_1_884' title='bbox 2119 5702 2173 5750; x_wconf 88' lang='lat' dir='ltr'><strong>et</strong></span> <span class='ocrx_word' id='word_1_885' title='bbox 2216 5695 2483 5767; x_wconf 84' lang='lat' dir='ltr'><strong>hypocrisi</strong></span> <span class='ocrx_word' id='word_1_886' title='bbox 2532 5698 2774 5757; x_wconf 83' lang='lat' dir='ltr'><strong>obrutus,</strong></span> <span class='ocrx_word' id='word_1_887' title='bbox 2828 5693 3112 5765; x_wconf 80' lang='lat' dir='ltr'><strong>fragilitate</strong></span> <span class='ocrx_word' id='word_1_888' title='bbox 3156 5700 3211 5747; x_wconf 90' lang='lat' dir='ltr'><strong>et</strong></span> <span class='ocrx_word' id='word_1_889' title='bbox 3260 5690 3588 5766; x_wconf 86' lang='lat' dir='ltr'><strong>negligentia</strong></span> 
     </span>
    </p>
   </div>
  </div>
