4038 6336
472 328 569 382 ΓΗ

475 529 687 586 culatus
733 546 875 598 sum,
914 546 1065 585 vana:
1105 530 1286 601 gloriae
1326 531 1547 587 levitate
1590 532 1852 602 turgidus.
1903 528 2059 597 Srepe

469 622 739 693 majorum
761 626 911 696 jussa
956 629 1277 696 contempsi.
1326 627 1483 697 Smpe
1522 629 1787 683 rebellans
1831 633 1887 680 et
1915 641 2059 679 mur-

469 730 694 772 murans
721 719 926 775 exstiti.
951 716 1103 788 Saepe
1123 720 1285 774 corde
1316 721 1520 787 tumido
1546 721 1924 775 excusationes
1956 717 2059 783 .fal‘

470 818 561 860 sas
581 807 770 877 objeci.
797 807 1026 871 Promisi
1047 808 1112 861 de
1132 810 1223 871 his
1239 818 1295 869 et
1310 810 1677 880 hujuscemodi
1700 809 1855 862 malis
1877 824 2058 862 emen-

468 897 759 963 dationem,
789 906 845 955 et
871 915 1089 971 semper
1113 902 1167 955 in
1198 901 1405 956 eisdem
1431 901 1663 963 relabor.
1686 899 1913 975 Propter
1941 898 2056 953 haec

465 989 690 1043 delenda
715 976 1020 1046 coenobium
1044 992 1196 1061 petii,
1229 992 1321 1046 sed
1351 1007 1565 1061 semper
1603 993 1657 1046 in
1698 992 1937 1045 deterius
1965 1006 2050 1044 eo.

463 1076 737 1147 Praecepta
761 1087 851 1133 tua
880 1081 998 1135 sine
1024 1080 1428 1135 intermissione
1465 1089 1771 1135 contemno.
1810 1078 2052 1133 Promis-

462 1167 650 1224 siones
697 1185 867 1236 meas,
910 1172 1105 1239 quibus
1144 1187 1231 1225 me
1273 1179 1515 1226 sanctam
1565 1170 1802 1241 regulam
1845 1176 2055 1223 scruta-

460 1264 644 1311 turum
675 1257 807 1329 [Al.,
852 1260 1213 1331 servaturum]
1238 1260 1521 1329 spopondi,
1556 1258 1843 1313 momentis
1871 1258 2054 1327 singu-

457 1344 529 1400 lis
557 1347 717 1401 violo.
768 1347 994 1417 Semper
1021 1349 1207 1405 infelix
1234 1351 1301 1404 ad
1337 1350 1709 1415 scurrilitates,
1755 1349 1823 1403 ad
1851 1349 2052 1402 vanilo-

460 1434 608 1502 quia,
639 1435 707 1489 ad
734 1437 1061 1492 otiositatem
1106 1437 1321 1493 festino.
1376 1438 1490 1494 Heu
1518 1440 1644 1493 me!
1694 1446 1908 1506 quanta:
1945 1438 2048 1491 im-

458 1526 711 1594 pietates,
741 1537 957 1596 quantae
983 1530 1347 1599 blasphemiae,
1392 1539 1606 1600 quanta:
1634 1530 1861 1585 diversa:
1904 1538 2052 1583 tene-

460 1615 574 1669 brae
604 1615 844 1670 lacerant
887 1625 1126 1673 mentem
1174 1620 1391 1673 meam!
1439 1620 1571 1686 Qua:
1614 1620 1887 1684 universa,
1939 1617 2047 1672 nisi

460 1702 723 1775 ineffabili
762 1706 1018 1762 bonitatis
1049 1716 1153 1762 tuae
1181 1709 1552 1773 misericordia
1596 1710 1825 1780 repellas
1868 1725 1931 1763 ac
1957 1710 2045 1763 de-

458 1793 571 1850 ‘eas
597 1813 610 1861 ;
641 1805 849 1852 mortua
876 1808 959 1853 est
997 1799 1051 1853 in
1080 1801 1319 1869 peccatis
1342 1802 1520 1861 anima
1549 1817 1689 1857 mea.
1720 1801 1878 1855 Plura
1918 1809 2046 1855 sunt

456 1885 598 1940 maia
638 1902 775 1953 mea,
810 1889 863 1943 in
904 1891 1097 1961 quibus
1135 1908 1232 1961 per
1272 1893 1631 1963 ignorantiam
1674 1894 1857 1967 lapsus
1886 1908 2037 1948 sum:

454 1972 627 2043 plura,
659 1991 777 2046 quae
814 1979 995 2034 animo
1042 1997 1164 2035 meo
1203 1983 1538 2038 exciderunt.
1586 1984 1872 2047 Innumera
1916 1992 2045 2047 sunt

454 2067 676 2121 omnino
705 2068 863 2136 mala,
904 2085 1023 2139 qum
1050 2072 1216 2127 miser
1254 2075 1522 2140 commisi,
1555 2082 1611 2128 et
1647 2082 1850 2142 quanta
1889 2088 2044 2127 enar-

451 2170 576 2211 rare
605 2172 715 2212 non
743 2158 949 2215 suflicio
974 2179 985 2214 :
1017 2176 1115 2231 pro
1144 2164 1338 2233 quibus
1382 2164 1633 2218 omnibus
1659 2164 1791 2218 mihi
1831 2164 2043 2234 perdito

454 2257 724 2306 tormenta
751 2254 974 2323 pariter,
1005 2263 1061 2309 et
1099 2271 1329 2321 vermes,
1359 2265 1415 2311 et
1460 2257 1596 2328 ignis
1639 2265 1861 2326 paratur
1894 2264 2044 2311 aeter-

454 2356 578 2395 nus.
603 2340 888 2410 Succurre,
916 2344 1142 2401 Domine
1162 2345 1291 2402 Je’su
1317 2346 1548 2412 Christe,
1580 2348 1709 2401 mihi
1734 2348 2041 2402 miserrimo

453 2438 511 2488 et
535 2433 787 2502 captivo;
811 2444 867 2491 et
894 2452 962 2491 ne
987 2453 1074 2491 me.
1104 2439 1282 2508 perire
1318 2439 1564 2508 patiaris,
1592 2454 1752 2509 quem
1791 2440 2041 2510 dignatus

453 2534 516 2579 es
544 2521 812 2579 redimere
851 2527 1091 2595 pretioso
1136 2530 1401 2600 sanguine
1444 2538 1554 2585 tuo.
1606 2530 1687 2586 Ne
1730 2532 1924 2601 perdas
1952 2546 2041 2585 me

452 2625 578 2672 cum
604 2615 842 2683 peccatis
868 2618 1023 2687 meis,
1055 2634 1230 2688 neque
1259 2620 1313 2677 in
1337 2628 1598 2681 aeternum
1627 2636 1874 2677 reserves
1898 2621 2038 2676 mala

453 2716 596 2765 mea.
624 2701 703 2758 Ne
736 2704 989 2774 projicias
1028 2723 1117 2763 me
1140 2724 1171 2763 a
1200 2708 1342 2764 facie
1369 2718 1478 2775 tua,
1527 2726 1597 2766 ne
1634 2711 1900 2781 despicias
1927 2702 2035 2777 me,

452 2806 635 2865 neque,
658 2796 956 2854 confundas
984 2814 1071 2854 me
1100 2808 1417 2870 peccantem
1455 2802 1509 2855 in
1554 2809 1626 2856 te.
1670 2800 2039 2859 Reminiseere

452 2883 866 2942 miserationum
895 2895 1130 2944 tuarum.
1163 2889 1265 2957 Qui
1306 2890 1442 2946 facis
1468 2906 1660 2962 magna
1689 2899 1746 2947 et
1769 2891 2036 2953 mirabilia

450 2976 656 3050 absque
677 2993 925 3049 numero,
966 2994 1120 3043 serva
1144 2997 1232 3043 me
1269 2982 1502 3057 gratuito
1542 2996 1765 3043 munere
1792 2990 1904 3037 tuo.
1934 2980 2036 3049 Qui

454 3079 561 3120 non
586 3068 833 3135 sprevisti
860 3068 1225 3139 publicanum,
1259 3087 1327 3126 ne
1351 3086 1577 3145 spernas
1606 3086 1710 3126 me.
1743 3071 1845 3138 Qui
1870 3072 2035 3130 latro-

734 390 739 393 ,
1323 328 1381 383 Β.
1423 327 1483 384 F.
1510 326 1733 383 ALBINI
1774 325 1906 383 SEU
1945 325 2220 385 ALCUINI
2257 330 2539 389 OPERUM
2575 331 2753 388 PARS
2789 331 2879 388 IV.

474 410 781 511 languidus,
812 442 1081 513 periuriis,
1111 441 1367 507 falsitate,
1395 451 1453 497 et
1492 441 1786 498 mendaciis
1814 440 1921 509 25
1948 454 2062 492 ma-
2086 445 2140 503 Α

3626 328 3728 385 472

2908 441 3013 503 ιν.

2181 554 2209 584 ι
2233 537 2633 615 Supplicatio
2666 554 2791 615 pro
2828 537 3039 614 gratia
3068 534 3332 615 virtutes
3359 552 3567 615 omnes
3595 553 3729 596 con-

2277 613 2565 694 sequendi
2598 613 2845 675 (initia
2876 614 3199 674 contraria
3228 613 3609 676 emendandi.

2227 731 2516 787 Pollicetur
2540 734 2695 789 nobis
2722 731 2956 798 Veritas,
2997 748 3117 803 qua:
3160 733 3347 802 utique
3383 734 3561 788 nescit
3587 748 3732 788 men-

2157 822 2246 877 tiri
2272 842 2284 877 :
2316 820 2556 889 Pulsate,
2582 834 2630 877 et
2668 825 2930 892 aperietur
2953 824 3093 877 vobis
3131 822 3347 893 (Matth.
3379 838 3476 887 vn,
3508 822 3583 893 7).
3614 822 3731 876 Pul-

2155 927 2336 975 scmus
2355 929 2485 984 ergo
2497 915 2720 985 januam
2743 914 3093 983 psalmorum,
3114 922 3173 968 ut
3196 915 3405 983 aperiat
3440 915 3620 979 nobis,
3639 916 3731 984 qui

2155 1002 2211 1056 in
2241 1004 2460 1072 psalmis
2488 1005 2714 1059 habitat.
2745 1005 2863 1075 Ipse
2886 1012 2969 1059 est
2991 1005 3135 1059 enim
3174 1005 3397 1070 ostium,
3419 1014 3470 1059 et
3503 1006 3617 1075 ipse
3647 1013 3733 1061 est

2152 1095 2426 1149 ostiarius.
2466 1094 2785 1150 Scrutemur
2827 1105 3090 1163 praeterea
3144 1096 3243 1153 hos
3290 1104 3497 1164 septem
3537 1099 3734 1152 decan-

2152 1184 2342 1238 tandos
2380 1184 2566 1238 sedulo
2601 1184 2858 1252 psalmos,
2888 1192 2944 1237 et
2968 1183 3270 1246 videbimus
3308 1184 3434 1255 plus
3455 1201 3549 1241 eos
3575 1200 3735 1255 posse

2151 1274 2204 1327 in
2233 1274 2499 1339 oratione,
2520 1290 2682 1346 quam
2711 1274 2980 1328 humanus
3006 1272 3200 1331 sufﬁcit
3228 1289 3428 1335 sermo.
3455 1275 3511 1330 In
3540 1276 3624 1330 his
3652 1276 3734 1329 di-

2148 1363 2286 1416 vina:
2309 1362 2441 1432 legis
2471 1364 2815 1417 dulcissimus
2843 1377 3014 1427 amor,
3043 1363 3108 1417 de
3136 1364 3483 1435 perceptione
3511 1364 3735 1419 alterius

2146 1454 2272 1507 vita:
2317 1453 2576 1508 ﬁdissima
2612 1468 2757 1522 spes,
2799 1462 2987 1507 contra
3024 1453 3322 1521 spiritualia
3366 1453 3529 1519 bella,
3573 1454 3733 1507 fortia

2146 1558 2318 1608 arma,
2350 1543 2403 1595 in
2430 1543 2775 1597 tribulatione
2818 1543 3091 1613 singulare
3126 1543 3434 1611 pnesidium
3464 1563 3477 1598 :
3529 1552 3735 1613 tempo—

2146 1633 2315 1688 ralem
2364 1634 2638 1698 timorem,
2686 1634 3072 1703 tristitiamque
3120 1633 3418 1703 expellunt,
3466 1635 3732 1704 spirituali

2142 1723 2480 1793 jucunditate
2500 1732 2662 1793 atque
2683 1724 2866 1778 laetitia
2890 1734 3100 1780 mentes
3122 1726 3428 1780 exhilarant
3454 1745 3465 1779 :
3493 1726 3733 1791 Exaudi,

2144 1815 2383 1876 Domine,
2405 1815 2667 1884 justitiam
2696 1833 2896 1881 meam;
2921 1816 3000 1869 Ad
3024 1827 3093 1881 te,
3125 1817 3368 1880 Domine,
3397 1817 3559 1871 levavi
3576 1836 3595 1883 ;
3624 1817 3734 1871 Do-

2145 1905 2315 1959 minus
2340 1904 2655 1959 illuminatio
2678 1923 2828 1971 mea;
2857 1907 3005 1972 Inte,
3034 1907 3275 1972 Domine,
3300 1908 3535 1977 speravi;
3566 1907 3731 1971 Deus,

2142 1998 2198 2052 in
2219 2007 2267 2062 te
2286 2000 2503 2068 sperari,
2528 1998 2783 2064 Domine;
2801 1999 3029 2065 Incliua,
3048 2001 3287 2067 Domine,
3310 2018 3490 2055 aurem
3514 2010 3658 2055 tuam
3676 2002 3727 2057 ι).

2388 2111 2517 2166 Post
2547 2111 2876 2167 Dominicam
2922 2112 3225 2169 Orationem
3265 2129 3480 2170 versus:

2213 2223 2433 2281 Custodi
2456 2225 2691 2279 animam
2717 2240 2911 2293 meam,
2936 2234 2989 2282 et
3019 2228 3166 2297 eripe
3194 2243 3299 2293 me,
3326 2227 3555 2284 Domine
3578 2246 3593 2296 ;
3620 2244 3731 2284 non

2141 2319 2461 2385 confundar,
2508 2319 2767 2389 quoniam
2810 2321 3055 2376 invocavi
3108 2331 3179 2376 te.
3234 2321 3649 2377 Confundantur
3673 2332 3731 2377 et

2139 2411 2415 2476 deficiant,
2446 2412 2795 2467 detrahentes
2824 2413 3018 2475 anima:
3058 2429 3225 2467 meze:
3258 2415 3572 2483 operiantur
3605 2430 3734 2469 con-

2140 2505 2353 2560 fusione
2379 2512 2435 2560 et
2467 2505 2690 2574 pudore,
2713 2505 2807 2574 qui
2834 2514 3082 2574 quazrunt
3119 2506 3258 2562 mala
3284 2507 3435 2559 mihi.
3462 2507 3727 2578 Exsurge,

2139 2595 2384 2661 Domine,
2415 2597 2649 2666 prteveni
2673 2611 2787 2660 eos,
2819 2597 2927 2666 26
2948 2605 3001 2650 et
3021 2598 3273 2652 subverte
3296 2614 3410 2664 eos,
3440 2600 3587 2668 eripe
3617 2601 3734 2654 ani-

2139 2702 2281 2742 mam
2307 2702 2480 2741 meam
2500 2687 2569 2740 ab
2597 2687 2781 2756 impio,
2806 2686 3067 2740 frameam
3095 2687 3437 2740 inimicorum
3465 2688 3535 2742 de
3562 2704 3728 2741 manu

2140 2788 2251 2834 tua.
2276 2781 2418 2834 Deus
2440 2795 2615 2843 meus,
2639 2780 2787 2849 eripe
2812 2794 2898 2832 me
2927 2779 2993 2832 de
3024 2794 3186 2831 manu
3224 2778 3548 2847 peccatoris,
3581 2787 3637 2832 et
3660 2779 3728 2833 de

2138 2885 2301 2924 manu
2328 2878 2517 2924 contra
2542 2870 2712 2939 legem
2738 2868 2947 2938 agentis
2976 2876 3031 2921 et
3052 2868 3239 2937 iniqui.
3272 2868 3493 2921 Intende
3534 2868 3730 2922 animte

2138 2975 2292 3024 mete,
2320 2968 2371 3017 et
2396 2960 2562 3013 libera
2586 2975 2728 3023 eam,
2756 2966 2978 3028 propter
2999 2959 3245 3013 inimicos
3266 2974 3415 3013 meos
3445 2960 3595 3029 eripe
3617 2975 3723 3012 me.

2138 3048 2268 3103 Esto
2299 3049 2431 3102 mihi
2461 3049 2513 3102 in
2542 3048 2710 3102 Deum
2740 3056 3124 3119 protectorem,
3153 3056 3207 3102 et
3241 3049 3293 3102 in
3336 3048 3513 3102 locum
3555 3049 3732 3102 muni-

587 3116 833 3135 -r---"
900 3116 1225 3135 --ην--..ψη
1260 3116 1326 3126 ..ν
1351 3116 1375 3125 _
1419 3116 1576 3131 -.,..._
1606 3116 1710 3126 ...ω
1793 3116 1845 3133 ..,
1870 3116 2013 3130 -......
2740 3116 2757 3119 -

450 3156 508 3210 ni
538 3156 594 3211 in
619 3172 778 3212 cruce
814 3116 988 3229 ρξείιο
1017 3162 1338 3229 subvenisti,
1368 3116 1591 3219 szlbveni
1618 3116 1896 3232 ωίιιίῗρυί
1922 3182 2035 3225 ωυ,
2054 3116 2108 3185 c
2137 3150 2270 3205 tum,
2308 3150 2369 3196 ut
2406 3141 2612 3232 salvum
2642 3156 2736 3232 me,
2770 3140 2955 3232 facias.
2990 3140 3215 3232 Enaudi,
3246 3140 3495 3232 Domine,
3528 3156 3725 3196 vocem

450 3247 573 3304 lieri
600 3252 891 3318 peccatrici
940 3252 1085 3309 ﬂenti
1129 3256 1199 3310 ad
1248 3257 1475 3328 vestigia
1518 3266 1609 3312 tua
1656 3257 1907 3313 misertus
1951 3274 2030 3323 es,

451 3340 713 3397 miserere
738 3343 864 3397 mei.
896 3342 994 3399 Cui
1018 3355 1102 3401 est
1128 3362 1252 3402 cum
1282 3347 1393 3403 Deo
1417 3348 1578 3403 Patre
1606 3356 1661 3405 et
1687 3358 1879 3405 sancto
1917 3347 2035 3417 Spi-

451 3430 563 3493 ι’ἰιιι
599 3432 652 3493 in
692 3431 899 3503 Deitate
924 3437 1226 3493 substantia
1266 3437 1452 3510 [Forte
1488 3439 1648 3506 deest,
1690 3439 1821 3513 una]
1847 3455 2033 3510 aequus

452 3521 645 3589 honor,
676 3534 728 3579 et
749 3540 846 3595 par
864 3526 1028 3599 gloria
1060 3529 1115 3592 in
1144 3530 1338 3585 saecula
1366 3530 1699 3586 seculorum.
1726 3530 1921 3587 Amen.
2012 3602 2013 3605 η

673 3659 796 3713 Alia
823 3662 992 3715 oratio
1019 3662 1085 3716 de
1121 3662 1443 3733 confessione
1470 3675 1819 3736 peccatorum.

521 3793 875 3866 Omnipotens
913 3805 969 3852 et
1015 3797 1327 3854 misericors
1375 3798 1538 3866 Deus,
1583 3800 1731 3857 solus
1773 3804 2034 3867 essentia-

449 3887 575 3944 liter
600 3888 792 3955 bonus,
815 3888 945 3944 velit
984 3889 1135 3956 nolit,
1165 3891 1409 3961 cogitatio
1441 3891 1665 3947 hominis
1704 3894 2034 3962 conﬁtebitur

398 3982 399 3985 “
449 3979 544 4033 tibi
573 3976 745 4051 (Psai.
798 3996 958 4045 Lxxv,
1010 3981 1116 4051 ll).
1154 3979 1268 4036 Sed
1296 3990 1351 4036 et
1387 3997 1488 4054 ego
1514 3982 1821 4038 voluntarie
1858 3984 2030 4038 confi-

447 4076 569 4123 teor
592 4084 678 4125 me
716 4083 992 4149 peccasse,
1025 4077 1079 4124 et
1116 4071 1277 4139 impie
1305 4072 1479 4142 egisse
1518 4071 1572 4126 in
1620 4081 1913 4151 conspectu
1939 4082 2033 4128 tuo

446 4158 599 4229 iuxta
621 4175 809 4229 omnes
838 4161 1289 4227 abominationes,
1313 4178 1447 4232 quas
1471 4164 1687 4233 iniquus
1708 4163 1885 4220 facere
1908 4179 2034 4220 con-

447 4251 663 4321 suevit;
688 4251 787 4307 sed
819 4253 1199 4317 misericordia:
1229 4262 1330 4308 tuae
1370 4255 1741 4324 magnitudine
1778 4264 2031 4326 peccato.

448 4354 570 4394 rum
600 4354 841 4395 meorum
887 4342 1123 4397 vincitur
1167 4344 1497 4414 magnitudo.
1549 4344 1719 4415 Major
1761 4355 1845 4401 est
1886 4347 2029 4401 enim

447 4428 821 4486 misericordia
846 4437 935 4484 tua
967 4431 1132 4485 totius
1160 4434 1342 4487 mundi
1390 4436 1648 4503 peccatis,
1677 4443 1732 4489 et
1774 4436 1895 4491 ideo
1922 4452 2033 4499 σιτι-
2060 4466 2108 4525 D

447 4528 545 4575 net
564 4520 696 4575 mihi
721 4520 787 4575 de
811 4520 1138 4592 indulgentia
1167 4537 1310 4590 spes,
1338 4524 1462 4591 quia
1491 4532 1673 4579 manet
1711 4525 1841 4579 mihi
1863 4526 2037 4580 omni-

447 4611 552 4667 bus
598 4610 745 4685 [νοω
768 4613 1015 4667 omnibus
1043 4612 1320 4685 redundat]
1370 4613 1437 4667 de
1466 4615 1833 4670 misericordia
1877 4618 2037 4671 certi-

447 4702 599 4757 tudo.
633 4702 843 4759 Ablutis
860 4718 1000 4775 ergo
1039 4703 1288 4759 sordibus
1330 4705 1727 4774 praeteritorum
1766 4722 2029 4775 meorum,

448 4793 519 4850 da
544 4793 677 4849 mihi
703 4801 760 4848 et
783 4793 937 4859 velle,
962 4802 1019 4849 et
1044 4809 1204 4875 posse
1243 4794 1586 4864 praesentium
1617 4795 1878 4850 malorum
1908 4812 2035 4851 cau-

447 4897 542 4941 sas
565 4883 840 4949 excidere,
883 4899 985 4939 nec
1028 4899 1216 4939 eorum
1260 4886 1693 4963 suggestionibus
1738 4888 1793 4941 in
1823 4888 2033 4957 reliquo

446 4975 653 5032 aditum
680 4973 957 5040 adbibere,
1001 4975 1095 5030 sed
1133 4991 1429 5047 congruum
1472 4976 1648 5032 locum
1692 4987 1747 5033 et
1774 4978 2028 5047 spatium,

447 5076 504 5125 et
529 5067 720 5138 dignos
744 5065 1077 5145 pteuitentize
1106 5066 1310 5122 fructus
1335 5076 1459 5137 peto
1488 5068 1618 5122 mihi
1647 5084 1754 5122 non
1776 5052 2028 5141 deneges.

448 5159 666 5215 Certum
696 5167 780 5214 est
800 5174 920 5214 eum
948 5156 1153 5231 [Forte,
1180 5148 1387 5214 certum
1418 5168 1501 5214 est
1521 5159 1692 5233 enim]
1721 5162 1774 5231 in
1802 5162 2030 5223 salutem

444 5249 753 5306 mortalium
776 5249 1027 5320 gaudium
1056 5256 1203 5302 tuum
1226 5249 1503 5318 perficere,
1534 5251 1625 5327 qui
1650 5266 1756 5305 non
1784 5253 1865 5318 vis
1894 5269 2031 5308 mor-

450 5349 558 5395 tem
580 5340 902 5410 peccatoris,
950 5339 1044 5394 sed
1082 5348 1141 5393 ut
1165 5347 1509 5395 convertatur
1536 5347 1591 5393 et
1617 5341 1762 5396 vivat
1783 5345 1922 5413 apud
1953 5354 2027 5409 te,

448 5429 541 5501 qui
567 5431 619 5484 in
649 5429 821 5484 tribus
840 5430 1087 5498 personis
1115 5430 1251 5484 vivis
1279 5438 1333 5484 et
1355 5445 1548 5503 regnas
1579 5430 1720 5487 Deus
1742 5433 1798 5497 in
1834 5436 2029 5505 szecuia

447 5522 783 5577 saeculorum.
823 5522 1015 5581 Amen.

523 5666 547 5726 Ρ
579 5653 635 5708 In
676 5654 942 5726 prioribus
969 5655 1294 5712 editionibus
1322 5657 1521 5712 omissa
1553 5674 1675 5714 esse
1702 5660 1915 5716 videtur
1940 5679 2027 5718 ruv

448 5721 599 5780 brica
628 5721 722 5780 seu
746 5726 947 5791 titulus,
976 5725 1066 5797 qui
1095 5726 1180 5781 hic
1209 5742 1239 5781 a
1267 5727 1422 5784 nobis
1444 5729 1718 5801 suppletus
1744 5738 1847 5786 est.

2136 3247 2334 3296 meam,
2363 3246 2469 3301 qua
2514 3231 2741 3285 clamavi
2781 3230 2847 3284 ad
2888 3237 2963 3294 te,
2996 3230 3256 3284 miserere
3298 3231 3404 3285 mei
3438 3240 3494 3284 et
3528 3232 3726 3285 exaudi

2136 3338 2242 3377 me.
2268 3322 2494 3385 Exaudi,
2515 3321 2763 3385 Domine,
2789 3336 2975 3375 vocem
2998 3322 3391 3390 deprecationis
3417 3337 3572 3385 mese,
3594 3324 3726 3376 dum

2133 3428 2230 3468 oro
2252 3414 2319 3467 ad
2350 3421 2427 3477 te,
2458 3421 2513 3466 et
2544 3415 2669 3467 dum
2698 3413 2900 3466 extollo
2938 3428 3129 3467 manus
3174 3428 3327 3467 meas
3369 3414 3436 3467 ad
3464 3414 3727 3482 templum

2136 3512 2384 3559 sanctum
2409 3510 2579 3557 tuum.
2612 3503 2782 3557 Intret
2810 3504 2984 3557 oratio
3022 3520 3145 3557 mea
3171 3504 3226 3557 in
3256 3512 3549 3574 conspectu
3589 3513 3682 3558 tuo
3708 3522 3724 3558 :

2135 3595 2334 3649 inclina
2363 3610 2548 3649 aurem
2572 3602 2719 3648 tuam
2743 3594 2808 3648 ad
2840 3596 3278 3663 deprecationem
3316 3611 3514 3659 meam,
3548 3594 3732 3650 Domi-

2133 3702 2222 3742 ne.
2249 3686 2417 3740 Intret
2443 3684 2734 3754 postulatio
2772 3699 2890 3738 mea
2920 3685 2975 3738 iu
3002 3692 3296 3755 conspectu
3330 3693 3441 3749 tuo,
3472 3685 3727 3749 Domine,

2135 3777 2429 3833 secundum
2458 3776 2730 3845 eloquium
2763 3786 2909 3829 tuum
2949 3776 3098 3845 eripe
3128 3792 3232 3830 me.
3280 3777 3441 3846 Eripe
3486 3792 3591 3841 me,
3624 3776 3733 3831 Do-

2134 3868 2301 3931 mine,
2333 3868 2401 3921 ab
2446 3866 2664 3923 homine
2706 3865 2890 3928 malo;
2930 3882 2959 3919 a
3007 3866 3127 3920 viro
3174 3867 3361 3936 iniquo
3398 3866 3567 3921 libera
3612 3882 3722 3921 me.

2135 3955 2297 4025 Eripe
2320 3970 2407 4010 me
2438 3956 2503 4009 de
2530 3956 2879 4024 operantibus
2904 3955 3266 4025 iniquitatem,
3289 3966 3345 4011 et
3364 3957 3429 4011 de
3450 3957 3580 4020 viris
3603 3973 3731 4012 san-

2136 4052 2355 4121 guinum
2383 4049 2529 4104 salva
2560 4065 2663 4103 me.
2697 4048 3096 4105 Convertantur
3139 4050 3345 4103 inimici
3389 4049 3494 4102 mei
3525 4057 3734 4102 retror-

2134 4154 2273 4203 sum,
2306 4140 2360 4193 in
2391 4155 2710 4209 quactmque
2753 4141 2838 4194 die
2882 4141 3201 4195 invocavero
3231 4147 3303 4204 te,
3341 4153 3467 4195 ecce
3493 4140 3730 4209 cognovi

2134 4230 2389 4301 quoniam
2414 4229 2556 4284 Deus
2592 4245 2746 4284 meus
2771 4245 2831 4283 es
2850 4238 2928 4283 tu.
2960 4231 3069 4285 Fac
3092 4245 3320 4295 mecum,
3366 4231 3612 4295 Domine,
3644 4231 3724 4285 si-

2134 4337 2296 4390 gnum
2320 4321 2374 4374 in
2398 4321 2617 4385 bonum,
2645 4330 2704 4375 ut
2726 4322 2942 4375 videant
2973 4324 3064 4391 qui
3091 4338 3178 4378 me
3219 4324 3467 4388 oderunt,
3498 4331 3556 4377 et
3586 4338 3725 4381 con-

2134 4412 2447 4466 fundantur.
2479 4410 2563 4467 Sit
2608 4426 2803 4467 nomen
2847 4413 3059 4469 Domini
3108 4416 3468 4481 benedictum,
3501 4430 3569 4471 ex
3614 4415 3725 4471 hoc

2134 4517 2279 4557 nunc
2300 4510 2354 4557 et
2375 4517 2544 4572 usque
2563 4502 2620 4557 in
2644 4504 2919 4558 saecuknn.

2772 4614 3088 4671 Postuiatia.

2201 4728 2405 4795 Prmsta,
2430 4729 2585 4795 mihi,
2630 4729 2875 4797 Domine,
2904 4730 3154 4799 spiritum
3178 4771 3200 4801 ι
3221 4740 3281 4785 ιιι
3305 4738 3365 4788 te.
3397 4737 3510 4785 tota
3540 4731 3726 4786 cordis

2131 4818 2425 4874 intentione
2449 4822 2765 4889 exquiram;
2786 4821 2983 4875 deinde
3002 4830 3060 4874 ut
3083 4822 3241 4890 digna
3265 4830 3479 4891 petam;
3511 4833 3728 4892 postre-

2132 4925 2220 4964 mo
2241 4917 2299 4962 ut
2324 4909 2635 4978 petitionum
2665 4925 2904 4977 mearum
2934 4910 3181 4966 eli'ectum
3212 4927 3536 4981 consequar.
3574 4914 3727 4968 Exue

2131 5014 2219 5053 me
2248 5015 2275 5051 a
2301 5000 2535 5067 peccatis
2588 5000 2899 5068 prmtcritis,
2929 5000 3138 5069 custodi
3179 5016 3264 5055 me
3293 5001 3361 5054 ab
3388 5001 3730 5056 imminenti-

2132 5088 2252 5153 bus,
2295 5088 2442 5142 muni
2492 5105 2577 5142 me
2622 5106 2651 5143 a
2699 5088 2912 5143 futuris.
2956 5090 3104 5145 Dona
3138 5092 3269 5153 mihi
3311 5091 3418 5146 cibi
3451 5101 3729 5161 potusque

2130 5186 2515 5246 congruentem
2548 5178 2959 5251 abstinentiam,
2987 5179 3250 5235 castitatis
3272 5179 3571 5250 cingulum,
3600 5197 3721 5235 cor-

2129 5266 2212 5319 dis
2238 5266 2609 5337 labiorumque
2635 5269 2971 5333 munditiam,
3002 5270 3201 5343 largire
3223 5271 3354 5325 mihi
3376 5271 3726 5340 patientiam,

2130 5356 2611 5425 longanimitatem,
2638 5360 3049 5430 benignitatem,
3072 5363 3412 5425 modestiam,
3438 5363 3729 5431 spiritualc

2130 5443 2483 5521 gaudium,et
2530 5443 2825 5521 perfectum
2868 5447 3050 5500 mundi
3097 5455 3483 5518 contemptum.
3519 5449 3731 5505 Tribue

2129 5518 2262 5595 mihi
2290 5534 2473 5613 [nullil
2488 5518 2822 5592 occasionem
2850 5536 3086 5591 scandali
3118 5539 3379 5607 prmbcre,
3405 5538 3732 5609 simplicita-

2208 5669 2235 5708 δ
2267 5668 2539 5739 Septimus
2565 5669 2800 5742 psalmus
2822 5671 2909 5728 hic
2937 5671 3106 5729 deest.
