4038 6336
314 325 427 382 475

1187 313 1575 374 LITURGICA.
1615 343 1687 354 —
1721 312 1810 368 DE
1843 310 2091 368 PSALM.
2131 311 2290 371 USU.
2324 342 2396 353 —
2431 310 2612 367 PARS
2650 311 2694 367 l.

3471 314 3577 371 4⁵14

316 447 431 496 tein
479 433 880 506 puritatemque
925 429 1166 502 diligere,
1190 429 1452 484 instanter
1505 442 1568 482 ea
1590 442 1710 496 quae
1757 425 1906 495 pacis
1931 433 1984 488 Α
2009 424 2080 478 bit
2106 423 2244 478 vobis
2291 422 2471 494 (Joan.
2504 439 2618 490 xiv,
2672 421 2782 495 15).
2834 421 3070 479 Obsecro
3096 431 3168 488 te,
3213 415 3286 480 ut
3323 423 3418 480 des
3444 427 3578 484 mihi

319 538 448 583 sunt
469 525 644 596 sequi.
689 523 868 593 Longe
901 521 986 576 fac
1021 537 1051 575 a
1078 534 1165 574 me
1187 518 1534 590 hypocrisim,
1566 517 1741 572 tribue
1769 516 1902 571 mihi

315 631 507 687 veram
526 613 903 676 humilitatem,
929 611 1141 688 plenam
1169 607 1581 672 confessionem,
1609 605 1904 677 perfectam

319 707 774 768 emendationem.
802 703 966 758 Aufer
987 718 1016 756 a
1045 702 1223 771 lingua
1256 716 1372 755 mea
1390 699 1907 769 jurandiconsuetu-

319 803 527 865 dinem,
558 797 958 852 mendaciorum
988 794 1259 857 nebulam,
1287 792 1634 848 detractionis
1676 799 1903 859 pestem,

318 887 768 948 murmurationis
788 886 1097 956 ingluviem,
1122 883 1470 939 scurrilitatis
1499 898 1563 937 ae
1587 881 1905 951 stultiloquli

318 982 641 1036 vanitatem.
683 977 830 1032 Pone
863 974 1162 1030 custodiam
1182 973 1264 1028 orl
1301 987 1445 1035 meo,
1489 980 1546 1027 et
1565 972 1761 1025 ostium
1798 970 1906 1025 cirv

320 1070 662 1128 cumstantiaa
694 1067 848 1122 labiis
875 1066 1027 1121 meis.
1056 1064 1300 1120 Concede
1325 1065 1478 1129 mihi,
1510 1078 1710 1132 quaeso,
1739 1062 1906 1132 majo-

322 1178 446 1218 rum
471 1161 629 1216 subdi
661 1159 921 1229 imperiis,
943 1169 998 1212 et
1017 1155 1182 1230 alacri
1226 1155 1389 1210 corde
1413 1155 1480 1208 ad
1517 1155 1900 1219 obedientiam,

321 1252 393 1308 ad
419 1251 870 1321 compassionem,
895 1249 962 1304 ad
979 1247 1321 1304 concordiam
1359 1247 1475 1302 sine
1504 1261 1654 1300 mora
1682 1261 1905 1300 concur-

323 1358 469 1398 rere.
484 1342 562 1396 Da
588 1341 720 1395 mihi
744 1341 798 1394 in
818 1339 1069 1394 omnibus
1091 1337 1490 1402 discretionem,
1513 1344 1571 1390 ut
1595 1336 1799 1405 possim
1826 1335 1903 1390 in--

323 1440 412 1485 ter
449 1431 588 1485 bona
629 1429 877 1498 malaque
909 1428 1236 1490 discernere,
1281 1435 1342 1480 ut
1384 1427 1553 1481 bonos
1590 1425 1803 1479 valeam
1833 1425 1902 1481 ad

321 1524 551 1580 meliora
578 1523 872 1588 exhortari,
892 1530 947 1576 et
969 1536 1063 1576 eos
1084 1521 1175 1589 qui
1214 1521 1439 1575 adverse
1459 1520 1794 1592 gradiuntur,
1835 1519 1904 1574 ad

325 1625 434 1672 tua:
473 1616 810 1672 rectitudinis
850 1614 1048 1669 lineam
1081 1629 1352 1669 revocare.
1393 1613 1582 1668 Excita
1629 1621 1902 1682 torporem

320 1727 532 1778 meum,
571 1719 628 1765 et
651 1709 914 1764 desidiam
942 1723 1118 1763 meam
1147 1707 1254 1762 tuis
1293 1706 1545 1772 stimulis,
1585 1714 1640 1760 et
1685 1705 1771 1760 fac
1814 1721 1901 1760 me

2003 528 2128 588 cum
2155 513 2346 568 eodem
2391 512 2525 566 Filio
2555 522 2645 568 tuo
2686 519 2738 567 te
2774 513 2826 566 in
2856 513 3107 568 omnibus
3153 514 3475 571 benedicere
3519 524 3576 573 et

2003 603 2323 682 glorificare,
2352 605 2478 673 quia
2531 621 2759 674 quorum
2796 621 2900 660 una
2933 614 3015 661 est
3060 607 3380 673 substantia,
3411 625 3578 666 unum

2003 705 2060 750 et
2105 699 2308 752 datum.
2364 697 2469 752 Des
2498 698 2660 752 etiam
2712 698 2846 752 mihi
2895 713 2994 768 per
3044 698 3193 752 illum
3237 707 3441 754 etcum
3483 700 3578 754 illo

2001 796 2344 855 peccatorum
2392 787 2629 841 omnium
2654 788 2884 853 veniam,
2937 796 2992 842 et
3021 790 3396 844 mandatorum
3449 800 3572 846 tuo-

2004 892 2124 930 rum
2185 877 2512 942 custodiam;
2565 876 2904 931 dilectionem
2965 887 3128 940 tuam,
3169 888 3223 933 et
3268 879 3570 936 fraternum

2003 982 2262 1031 amorem,
2289 975 2476 1022 contra
2507 967 2778 1021 diabolum
2807 967 2964 1022 fortia
2991 984 3161 1034 arma,
3211 978 3265 1024 et
3290 985 3416 1042 erga
3460 970 3571 1024 fra-

2005 1066 2114 1116 tres
2165 1057 2492 1118 charilatem
2544 1055 2882 1126 perfectam;
2929 1061 3338 1127 temperantiam
3387 1062 3492 1116 cibi
3523 1071 3577 1117 et

2000 1157 2184 1218 potus,
2214 1155 2268 1203 et
2307 1147 2544 1204 libidinis
2565 1148 2982 1213 continentiam;
3007 1149 3245 1203 auditum
3271 1161 3496 1219 castum,
3523 1160 3578 1207 et

2002 1239 2298 1310 simplicem
2327 1240 2532 1304 visum;
2587 1238 2877 1308 puritatem
2909 1239 3108 1304 cordis,
3157 1247 3210 1295 et
3259 1243 3576 1298 munditiam

2001 1329 2274 1397 corporis;
2321 1329 2702 1398 cogitationem
2757 1329 3033 1394 mundam,
3088 1339 3144 1384 et
3191 1330 3300 1384 oris
3320 1339 3374 1384 et
3399 1332 3579 1388 cordis

2001 1417 2321 1482 custodiam,
2370 1427 2544 1473 utnec
2571 1433 2666 1475 cor
2708 1417 2852 1472 intus
2899 1418 3237 1488 iniquitatem
3283 1422 3572 1490 concipiat,

2002 1521 2102 1560 nec
2135 1505 2314 1576 lingua
2379 1506 2526 1562 foras
2586 1509 2888 1578 parturiat;
2945 1517 3004 1563 ut
3049 1523 3148 1564 nec
3185 1509 3318 1572 falsa
3365 1511 3576 1581 loquar,

2001 1611 2102 1651 nec
2128 1612 2254 1651 vera
2313 1605 2540 1660 taceam,
2587 1613 2684 1654 nec
2735 1599 3016 1654 salutifera
3072 1600 3418 1664 abscondam,
3475 1615 3577 1656 nec

2001 1684 2278 1742 mortifera
2324 1685 2616 1754 proferam.
2646 1685 2842 1740 Precor
2876 1703 3024 1756 ergo,
3067 1695 3124 1740 ut
3173 1689 3267 1743 des
3306 1688 3437 1742 mihi
3488 1669 3577 1744 as-

323 1777 544 1860 ειτεηυέ
588 1815 938 1872 perseverare
983 1800 1038 1854 in
1065 1799 1350 1870 pmcgpﬁs
1389 1806 1445 1853 ει
1486 1797 1731 1854 laudibus
1775 1797 1901 1851 ιιιίε,
1938 1777 1979 1838 Β
2008 1779 2311 1834 siduitatem
2346 1779 2624 1843 orationis,
2659 1777 3017 1847 frequentiam
3047 1779 3310 1844 lectionis,
3358 1789 3415 1834 ut
3442 1795 3580 1850 prae-

322 1896 478 1951 Dona
503 1895 634 1948 mihi
663 1893 1020 1964 prudentiam,
1045 1893 1328 1961 justitiam,
1370 1890 1758 1954 fortitudinem,
1789 1888 1905 1942 sive

321 1985 762 2055 temperantiam.
787 1981 1006 2053 Largire
1033 1981 1163 2035 mihi
1192 1980 1352 2036 ﬁdem
1382 1988 1606 2046 rectam,
1635 1994 1786 2049 spem
1826 1981 1908 2033 in-

321 2091 668 2139 concussam,
691 2072 1010 2129 charitatem
1030 2072 1343 2142 perfectam.
1365 2071 1588 2125 lnfunde
1611 2070 1760 2125 cor-di
1785 2085 1906 2124 meo

323 2165 578 2234 spiritum
617 2162 893 2231 sapientia:
921 2170 976 2216 et
1002 2161 1325 2226 intellectus,
1357 2161 1567 2215 consilii
1605 2167 1658 2214 et
1699 2159 1910 2215 fortitu-

323 2255 492 2319 dinis,
522 2253 764 2309 scientia:
805 2259 859 2308 et
887 2252 1123 2322 pietatis,
1171 2260 1332 2321 atque
1370 2251 1582 2305 timoris
1610 2250 1708 2302 tui.
1757 2249 1906 2304 Dona

321 2345 482 2410 mihi,
524 2344 769 2408 Domine,
815 2344 1244 2398 benedictionem
1289 2344 1354 2397 de
1399 2357 1522 2397 rore
1563 2341 1707 2406 cceli,
1757 2350 1812 2395 et
1841 2342 1908 2396 de

321 2437 651 2509 pinguedine
702 2444 896 2490 terras:
946 2435 1014 2510 da
1061 2436 1320 2506 irriguum
1367 2434 1638 2503 superius,
1687 2441 1742 2488 et
1786 2432 1909 2486 irri-

323 2542 493 2597 guum
531 2525 774 2580 inferius.
806 2523 1053 2580 Concede
1082 2525 1294 2579 misera:
1335 2524 1530 2578 animae
1570 2537 1704 2578 mea:
1741 2522 1911 2590 lique-

325 2616 448 2671 ﬁeri
477 2617 600 2687 igne
622 2616 900 2670 charitatis
926 2623 1052 2680 tuae,
1077 2614 1162 2668 fac
1185 2629 1271 2668 me
1292 2623 1386 2668 tuo
1405 2613 1676 2668 desiderio
1698 2611 1903 2683 [Forte,

325 2707 408 2762 tui
435 2706 746 2779 desiderio],
791 2708 992 2762 mundo
1039 2706 1278 2764 funditus
1312 2708 1610 2781 exstingui.
1660 2706 1908 2761 Concede

326 2800 466 2854 mihi
493 2815 586 2854 eor
610 2799 805 2853 habere
853 2797 1145 2853 contritum
1170 2806 1226 2852 et
1261 2798 1598 2852 humiliatum
1642 2813 1826 2855 coram
1855 2804 1909 2852 te

309 2908 568 2962 semper.
618 2893 861 2964 Largire,
893 2907 979 2949 me
1018 2892 1070 2953 in
1117 2900 1408 2961 conspectu
1457 2900 1550 2950 tuo
1585 2907 1683 2962 per
1729 2893 1908 2962 ignem

323 2983 763 3054 compunctionis
790 2983 1021 3042 hostiam
1061 2984 1235 3036 vivam
1277 2983 1408 3037 ﬁeri.
1444 2981 1662 3037 Summa
1707 2990 1909 3037 :cterna

323 3074 443 3138 lux,
476 3074 714 3136 illumina
743 3090 847 3130 me.
876 3073 1096 3129 Summa
1134 3082 1333 3130 aeterna
1371 3075 1562 3138 virtus,
1593 3074 1759 3128 libera
1797 3089 1903 3128 me.

326 3162 557 3226 Summa
578 3173 778 3226 aeterna
807 3165 1085 3229 fortitudo,
1109 3165 1350 3224 conferta
1375 3179 1481 3224 me.
1514 3163 1732 3219 Summa
1755 3173 1909 3219 mter-

325 3269 404 3308 na
432 3254 719 3323 sapientia,
741 3255 945 3324 depelle
965 3254 1215 3318 tenebras
1235 3255 1550 3326 ignorantiae
1575 3271 1723 3308 mea-3.
1750 3255 1908 3309 Sum-

322 3360 428 3414 ma
462 3353 661 3400 aeterna
690 3345 1081 3411 misericordia,
1129 3346 1388 3401 miserere
1429 3347 1553 3402 mei.
1597 3345 1746 3405 Dona
1775 3345 1907 3400 mihi

326 3443 456 3490 toto
478 3437 637 3490 corde
661 3451 802 3500 meo,
833 3443 942 3491 tota
971 3437 1150 3492 anima
1179 3453 1321 3502 mea,
1350 3438 1480 3492 totis
1518 3437 1722 3496 viribus
1751 3437 1905 3501 meis,

327 3527 622 3596 exquirere
646 3526 839 3582 faciem
880 3535 1029 3582 tuam
1058 3543 1290 3596 semper.
1320 3527 1387 3581 Et
1409 3528 1609 3596 perduc
1637 3543 1722 3582 me
1754 3529 1912 3581 mise-

325 3617 508 3672 ricors
529 3617 597 3672 ad
618 3625 764 3671 tuam
785 3619 1184 3672 sanctissimam
1203 3618 1484 3673 visionem.
1505 3618 1681 3684 Adsit,
1705 3634 1907 3688 quaeso,

329 3705 472 3760 mihi
499 3705 776 3761 beatorum
827 3707 1138 3778 angelorum
1169 3715 1380 3762 tuorum
1417 3708 1506 3776 pia
1545 3709 1816 3774 custodia,
1856 3717 1911 3762 et

325 3806 533 3868 praesta
567 3806 629 3852 ut
676 3800 816 3868 apud
863 3807 916 3854 te
963 3814 1060 3869 pro
1103 3814 1191 3855 me
1241 3799 1554 3855 felicissima
1601 3807 1914 3854 sanctorum

329 3896 555 3944 tuorum
594 3891 807 3960 agmina
847 3890 1206 3953 intercedant.
1237 3889 1484 3946 Concede
1512 3890 1642 3944 mihi
1685 3890 1916 3960 fragilis-

329 3980 482 4036 simo
507 3979 687 4034 dilecti
710 3981 806 4045 tui,
836 3979 1014 4034 Patris
1032 3981 1140 4038 mei
1169 3981 1442 4042 Benedicti
1465 3981 1614 4049 sequi
1635 3987 1691 4034 et
1713 3979 1914 4034 imitari

329 4071 585 4142 vestigia,
629 4078 688 4125 ut
727 4087 936 4126 merear
981 4071 1236 4140 consequi
1274 4071 1698 4126 misericordiam
1742 4078 1913 4136 tuam,

328 4170 398 4217 et
420 4163 487 4216 ad
529 4161 720 4232 gaudia
751 4163 1034 4231 pervenire
1073 4163 1358 4232 promissa.
1413 4161 1516 4221 Per
1558 4161 1742 4216 Jesum
1767 4161 1919 4216 Chrir

331 4260 485 4308 stum
507 4251 698 4306 Filium
727 4259 874 4306 tuum
899 4252 1184 4308 Dominum
1211 4259 1480 4317 nostrum,
1523 4253 1614 4322 qui
1643 4262 1820 4307 tecum
1858 4253 1915 4313 in

331 4341 550 4396 unitate
592 4339 824 4411 Spiritus
868 4342 1041 4397 sancti
1084 4341 1218 4396 vivit
1243 4350 1299 4396 et
1341 4351 1530 4414 regnat
1574 4359 1672 4413 per
1705 4342 1917 4398 infinita

331 4431 554 4490 mula.
580 4432 774 4487 Amen.

549 4545 671 4600 Alia
695 4547 861 4600 oratio
889 4546 958 4600 ad
984 4546 1196 4604 Patrem
1217 4547 1273 4601 in
1309 4546 1514 4601 nomine
1537 4543 1686 4600 Filii.

410 4635 552 4692 Deus
595 4634 880 4691 ineﬂ'abilis
927 4644 982 4691 et
1027 4636 1506 4705 incircumscriptus
1550 4644 1778 4702 natum,
1829 4636 1912 4691 in—

331 4725 559 4783 stitutor
605 4726 844 4780 omnium
913 4741 1116 4792 rerum,
1175 4735 1231 4782 et
1287 4727 1496 4781 Domini
1559 4728 1732 4782 nostri
1787 4726 1915 4783 Jesu

333 4815 542 4876 Christi
605 4816 769 4874 Pater
797 4859 812 4884 ,
868 4819 964 4888 qui
1015 4819 1262 4874 eumdem
1297 4819 1553 4875 dilectum
1602 4819 1795 4875 Filium
1848 4821 1916 4876 de

333 4911 466 4966 sinu
525 4917 623 4966 tuo.
682 4909 881 4965 misisti
934 4909 1002 4964 ad
1052 4909 1321 4979 publicum
1383 4920 1629 4966 nostrum
1661 4952 1676 4978 ,
1741 4911 1916 4968 susci-

333 5019 469 5077 pere
509 5011 755 5064 nostr-am
781 5001 967 5067 vitam,
1015 5009 1074 5055 ut
1117 5001 1270 5056 nobis
1314 5002 1538 5057 donaret
1583 5017 1758 5066 suam,
1810 5001 1916 5072 27

334 5102 596 5164 essetque
620 5093 895 5163 perfectus
911 5091 1054 5147 Deus
1075 5107 1141 5147 ex
1168 5091 1348 5156 Patre,
1371 5101 1426 5147 et
1454 5092 1726 5163 perfectus
1755 5092 1918 5146 homo

333 5204 408 5244 ex
435 5194 630 5250 matre,
679 5192 824 5240 totus
859 5184 1022 5248 Deus,
1051 5191 1106 5239 et
1143 5192 1287 5239 totus
1321 5184 1510 5248 homo;
1563 5199 1703 5238 unus
1744 5183 1916 5237 idem-

333 5294 451 5351 que
503 5275 775 5340 Christus,
804 5281 1038 5329 internus
1069 5280 1124 5328 et
1151 5273 1476 5342 temporalis,
1514 5272 1835 5328 immortalis
1865 5279 1920 5327 et

336 5369 662 5432 moriturus,
716 5374 933 5421 creator
959 5374 1015 5420 et
1059 5373 1314 5430 oreatus,,.
1358 5363 1515 5420 fortis
1545 5372 1599 5419 et
1650 5363 1917 5426 infirmus,

339 5461 586 5518 nutritor
612 5467 668 5514 et
717 5457 973 5522 nutritus,
1029 5456 1219 5512 Pastor
1261 5465 1316 5510 et
1368 5456 1504 5520 ovis,
1558 5455 1923 5525 temporaliter

341 5558 616 5611 mortuus,
676 5556 856 5602 tecum
899 5547 954 5601 in
981 5555 1242 5602 aeternum
1269 5546 1480 5610 vivens,
1503 5545 1622 5599 suis
1649 5544 1923 5599 dilectori-

339 5641 450 5696 bus
468 5639 594 5693 vitae
616 5638 999 5707 municipatum
1020 5636 1339 5708 promittens
1357 5635 1518 5698 dedit,
1545 5635 1730 5707 eisque
1753 5632 1920 5689 dixit:

343 5731 713 5801 Quodcunque
743 5729 992 5800 petieritis
1043 5726 1254 5784 Patrem
1283 5727 1340 5781 in
1404 5725 1608 5781 nomine
1645 5740 1778 5792 meo,
1821 5723 1919 5777 ad-

2005 1881 2161 1942 cepta
2189 1881 2280 1926 tua
2308 1871 2714 1942 infatigabiliter
2742 1872 2932 1943 legam,
2965 1882 3020 1928 et
3046 1873 3437 1943 inexplebiliter
3460 1875 3580 1929 dili-

2006 1976 2147 2030 gam,
2178 1969 2234 2016 et
2277 1960 2565 2016 efficaciter
2616 1962 2935 2030 eompleam,
2975 1971 3030 2016 et
3072 1962 3331 2031 quidquid
3386 1963 3438 2016 in
3491 1978 3578 2018 me

2003 2047 2230 2124 pravum
2259 2054 2681 2122 deprehendero,
2736 2055 3037 2124 corrigam;
3095 2055 3236 2123 quod
3267 2064 3468 2109 rectum
3495 2064 3580 2109 est

2006 2151 2237 2208 teneam,
2295 2144 2437 2213 quod
2461 2143 2703 2198 deforme
2731 2159 3066 2212 componam,
3122 2143 3262 2213 quod
3293 2144 3578 2213 pulchrum

2006 2234 2271 2298 excolam,
2303 2235 2445 2303 quod
2467 2241 2657 2288 sanum
2687 2250 2916 2299 servem,
2967 2235 3108 2305 quod
3137 2235 3410 2289 infirmum
3455 2250 3575 2289 cor—

2009 2325 2279 2378 roborem.
2332 2325 2436 2378 Des
2463 2326 2682 2392 insuper
2724 2325 2854 2378 mihi
2904 2325 3182 2394 despicere
3241 2325 3574 2394 temporalia,

2007 2427 2061 2471 et
2087 2429 2287 2478 interna
2314 2419 2556 2488 diligere,
2585 2429 2643 2474 ut
2667 2428 2937 2474 mortuum
2969 2421 3100 2474 mihi
3131 2421 3379 2490 deputem
3425 2437 3584 2476 mun—

2008 2507 2156 2560 dum.
2208 2506 2316 2564 Nec
2344 2508 2600 2575 gaudens,
2633 2523 2732 2562 nec
2759 2507 2945 2582 lugens
2965 2507 3030 2562 de
3068 2510 3468 2579 temporalibus,
3519 2514 3584 2564 ut

2009 2612 2107 2652 nec
2158 2607 2394 2651 metuam
2451 2597 2650 2666 aliquid
2694 2599 2986 2668 temporale
3035 2614 3134 2658 nec
3177 2587 3419 2670 diligam,
3473 2613 3574 2654 nec

2007 2688 2219 2743 blandis
2241 2703 2578 2757 corrumpor,
2605 2703 2706 2744 nec
2740 2688 2982 2742 adversis
3012 2689 3308 2742 conculiar.
3349 2689 3416 2743 Et
3444 2687 3574 2756 quia

2009 2778 2121 2852 ipse
2148 2786 2270 2832 tuus
2295 2781 2452 2834 unice
2482 2787 2638 2835 natus
2660 2779 2795 2836 dixit
2826 2793 2839 2831 :
2873 2777 3038 2831 Nemo
3073 2779 3210 2831 venit
3237 2777 3306 2830 ad
3349 2794 3450 2842 me,
3481 2778 3582 2829 nisi

2009 2867 2190 2932 Pater,
2228 2870 2318 2940 qui
2355 2870 2490 2922 misit
2545 2885 2640 2932 me,
2684 2869 2901 2921 traxerit
2937 2885 3055 2921 eum
3107 2868 3288 2938 (Joan.
3342 2884 3418 2932 γι,
3465 2867 3576 2936 44),

2009 2962 2259 3025 obsecro,
2301 2961 2546 3026 Domine,
2578 2968 2632 3014 et
2671 2960 2981 3029 suppliciter
3018 2975 3168 3028 rogo,
3199 2960 3354 3012 trahe
3391 2974 3474 3012 me
3523 2967 3578 3011 tu

2011 3052 2077 3106 ad
2101 3051 2292 3119 ipsum,
2330 3060 2384 3105 et
2413 3051 2522 3119 ipse
2569 3065 2654 3104 me
2704 3051 3070 3124 perduc-atad
3113 3058 3164 3105 te
3191 3051 3333 3112 illuc,
3390 3049 3477 3103 ubi
3501 3058 3584 3103 est

1936 3131 1981 3193 C
2011 3143 2334 3211 sempiterna
2358 3141 2487 3208 vita,
2542 3149 2596 3196 et
2623 3141 2950 3210 sempiterno
2973 3143 3160 3206 beata;
3194 3149 3395 3197 aeterna
3426 3156 3579 3194 secu-

2009 3235 2163 3298 ritas,
2212 3242 2265 3287 et
2317 3248 2506 3287 secura
2558 3233 2962 3302 tranquillitas;
2997 3231 3122 3285 felix
3175 3231 3470 3295 aeternitas,
3521 3240 3578 3285 et

2008 3332 2206 3377 mtetna
2234 3322 2492 3388 felicitas;
2555 3323 2644 3377 ubi
2677 3329 2760 3376 est
2787 3338 2940 3376 amor
2964 3320 3254 3390 perfectus,
3307 3329 3363 3374 et
3398 3319 3579 3376 nullus

2009 3415 2198 3480 timor;
2247 3415 2338 3468 ubi
2376 3423 2456 3469 est
2503 3415 2617 3468 dies
2637 3422 2888 3476 mtcrnus,
2917 3421 2971 3466 et
3006 3428 3147 3467 unus
3180 3411 3419 3465 onmium
3469 3412 3579 3480 spi-

2011 3507 2145 3560 ritus
2185 3524 2197 3562 :
2232 3507 2321 3564 ubi
2349 3515 2404 3559 tu
2438 3522 2558 3563 cum
2587 3505 2694 3571 illo,
2724 3515 2778 3559 et
2803 3506 2888 3558 ille
2912 3513 3085 3560 tecum
3115 3505 3167 3557 in
3211 3502 3586 3557 communione

2013 3598 2182 3652 sancti
2214 3596 2446 3666 Spiritus
2493 3595 2822 3650 mternaliter
2847 3610 2909 3648 ac
2939 3593 3390 3662 sempiterualiter
3445 3590 3584 3644 vivis

2013 3697 2067 3742 et
2127 3703 2320 3758 regnas
2361 3689 2522 3744 Deus.
2567 3689 2670 3742 Per
2734 3687 2913 3747 omnia
2975 3685 3170 3740 Si'CClliil
3235 3683 3575 3740 saeculorum.

2012 3781 2206 3841 Amen.

2769 3893 2842 3952 V.

2015 3996 2142 4057 Pro
2173 3993 2689 4072 contemplatione
2725 4001 2781 4052 et
2814 4009 3020 4072 aucore
3049 3989 3321 4072 caelestis
3333 3991 3580 4069 patrita,

2096 4093 2230 4154 qua:
2281 4069 2535 4135 nonnisi
2569 4093 2605 4132 a
2635 4070 2853 4134 mundi
2886 4069 3412 4148 contemptoribus
3441 4088 3589 4148 pcr-

2097 4154 2253 4232 cipit
2263 4171 2360 4214 ur.
3043 4189 3056 4196 -

2088 4272 2356 4328 Admonet
2387 4287 2486 4326 nes
2524 4272 2718 4326 beatus
2762 4267 3066 4339 Apostolus,
3099 4267 3286 4322 dicens
3317 4283 3331 4319 :
3364 4263 3422 4320 Si
3459 4282 3590 4318 con-

2019 4367 2318 4422 surrea'istis
2365 4381 2483 4419 cum
2513 4364 2743 4428 Christo,
2792 4380 2910 4434 quia
2937 4377 3146 4416 sursum
3199 4369 3319 4415 sunt
3347 4360 3588 4431 quwrite,

1942 4488 1995 4549 υ
2021 4459 2109 4512 ubi
2153 4457 2389 4512 Christus
2429 4457 2584 4511 estin
2609 4455 2822 4509 dextera
2868 4453 2964 4508 Dei
2995 4453 3176 4508 sedens
3227 4451 3450 4549 (Coloss.
3505 4467 3589 4549 ut,

2021 4551 2094 4623 l).
2142 4551 2204 4604 Et
2235 4550 2424 4604 iterum
2464 4567 2479 4602 :
2524 4548 2720 4602 Nostra
2775 4555 2948 4600 autem
2995 4546 3320 4599 conversatio
3342 4544 3396 4597 in
3447 4542 3588 4597 oculis

2019 4647 2093 4693 est
2155 4635 2374 4710 (Philip.
2405 4651 2486 4701 Ill,
2541 4635 2654 4704 20).
2704 4634 2762 4688 Si
2789 4649 2917 4703 ergo
2939 4641 3123 4688 nostra
3153 4631 3494 4694 conversatio
3521 4631 3582 4686 in

2020 4729 2172 4784 caelis
2210 4735 2314 4792 est,
2351 4727 2626 4797 lugeamus
2673 4739 2772 4778 nos
2794 4724 2848 4777 in
2892 4724 2996 4778 hoc
3025 4723 3342 4778 calamitose
3363 4721 3583 4785 itinere,

2021 4816 2254 4888 quandiu
2279 4817 2589 4871 exsulamus
2609 4817 2661 4870 in
2692 4815 2797 4868 hoc
2839 4829 2870 4867 a
2899 4813 3097 4883 patria.
3130 4811 3597 4867 Transcendamus

2021 4906 2485 4976 contemplationis
2503 4903 2767 4974 pcnnulis,
2814 4912 3006 4957 cuncta
3037 4917 3158 4972 quae
3217 4909 3493 4970 creperum
3525 4915 3593 4954 ex

2025 5005 2289 5066 tempore,
2343 5005 2545 5050 etcum
2593 5003 2836 5063 tempore
2887 4993 3185 5058 ﬁniuntur;
3242 4999 3296 5046 et
3330 4991 3401 5045 ad
3447 4989 3595 5044 illam

2025 5087 2153 5142 totis
2181 5083 2464 5140 desideriis
2489 5083 2714 5154 patriam
2746 5091 2926 5138 mente
2975 5083 3279 5146 volitemus,
3329 5083 3398 5133 ad
3429 5090 3593 5146 quam

2011 5175 2080 5231 in
2111 5185 2353 5244 tempore
2382 5174 2644 5244 pergitur,
2699 5172 2792 5227 sed
2834 5171 2949 5227 sine
2994 5179 3233 5240 tempore
3264 5167 3482 5221 vivitur.
3511 5165 3594 5219 Ad

2025 5265 2361 5321 accendenda
2409 5279 2536 5335 ergo
2558 5271 2739 5318 nostra
2768 5263 3056 5326 desideria,
3106 5263 3208 5316 hos
3231 5258 3474 5328 quinque
3498 5272 3595 5311 ca-

2027 5371 2218 5412 namus
2273 5357 2466 5426 spiritu
2520 5363 2574 5410 et
2609 5363 2788 5410 mente
2839 5354 3080 5423 quotidie
3131 5351 3414 5421 psalmos:
3447 5347 3594 5402 Sicut

2021 5463 2235 5512 cervus;
2263 5446 2458 5500 Judica
2483 5462 2563 5500 me
2591 5445 2753 5509 Deus,
2795 5455 2842 5498 et
2868 5444 3135 5506 discerne;
3163 5439 3234 5493 Te
3261 5439 3403 5492 decet
3444 5438 3599 5507 hym—

2025 5556 2122 5594 nus
2157 5539 2326 5604 Deus;
2361 5537 2530 5604 Quam
2556 5535 2807 5590 amabilia
2833 5543 2992 5596 sunt;
3024 5530 3159 5584 Voce
3189 5546 3303 5583 mea
3325 5529 3394 5582 ad
3423 5528 3601 5581 Domi-

2023 5649 2147 5687 num
2183 5631 2422 5694 clamavi,
2464 5645 2584 5683 voce
2633 5643 2749 5681 mea
2791 5626 2858 5679 ad
2886 5623 3190 5676 Dominum.
3241 5618 3306 5672 lli
3348 5618 3600 5675 etiamin

2026 5719 2369 5779 tribulatione
2407 5727 2616 5778 mentes
2643 5715 2991 5773 consolantur
3017 5719 3072 5769 et
3091 5707 3398 5768 sublevant.
