4038 6336
455 308 561 368 Πῧ

749 417 872 473 Post
898 413 1199 471 Orationem
1222 413 1546 467 Dominicam
1568 426 1762 466 versus.

526 530 605 587 Te
629 530 784 585 decet
830 527 1062 596 hymnus
1089 523 1232 576 Deus
1285 522 1338 575 in
1369 520 1521 583 Sion,
1575 526 1629 573 et
1655 518 1751 573 tibi
1778 517 2035 572 reddetur

454 629 641 677 votum
668 619 723 674 in
781 613 1096 669 Jerusalem.
1125 610 1235 664 Illic
1264 610 1407 665 enim
1432 607 1794 662 ascenderunt
1840 604 2031 667 tribus,

454 713 628 767 tribus
674 705 907 768 Domini,
938 702 1305 757 testimonium
1335 699 1520 763 Israel,
1571 697 1639 751 ad
1667 695 2033 751 conﬁtendum

455 801 660 858 nomini
707 808 818 853 tuo.
869 795 1116 857 Domine,
1147 791 1339 847 exaudi
1379 790 1687 844 orationem
1736 802 1937 851 meam,
1966 785 2034 839 ad

455 901 510 947 te
549 890 724 945 omnis
752 886 927 941 oratio
973 885 1174 939 veniat.
1213 882 1413 937 Beatus
1441 894 1602 952 quem
1634 878 1841 949 elegisti
1866 884 1920 931 et
1947 891 2034 930 as-

454 979 751 1051 sumpsisti,
794 975 1119 1033 inhabitabit
1146 975 1199 1027 in
1224 972 1377 1027 atriis
1404 971 1532 1025 tuis.
1583 968 1699 1023 Heu
1727 968 1842 1023 me!
1891 965 2034 1035 quod

452 1070 719 1128 incolatus
766 1064 1301 1136 meus‘prolongatus
1354 1071 1460 1127 est,
1512 1060 1750 1116 habitavi
1796 1073 1916 1114 cum
1945 1059 2034 1112 ha-

451 1163 750 1218 bitantibus
801 1160 996 1224 Cedar,
1044 1150 1283 1211 multum‘
1301 1154 1476 1210 incola
1524 1152 1626 1207 fuit
1678 1153 1858 1207 anima
1886 1165 2027 1205 mea.

452 1251 678 1324 Negavit
704 1250 972 1306 consolari
1021 1249 1201 1302 anima
1243 1262 1382 1311 mea,
1434 1259 1645 1299 memor
1696 1242 1769 1296 iui
1810 1241 1929 1305 Dei,
1976 1247 2033 1295 et

455 1342 755 1397 delectatus
803 1355 942 1394 sum.
1004 1338 1209 1393 Deiecit
1237 1352 1331 1391 cor
1367 1350 1569 1398 meum,
1622 1341 1678 1389 et
1705 1347 1834 1387 caro
1863 1346 2027 1385 mea:

452 1420 595 1489 Deus
624 1431 801 1487 cordis
827 1431 953 1494 mei,
982 1437 1037 1483 et
1061 1444 1187 1499 pars
1216 1442 1335 1481 mea
1373 1425 1515 1480 Deus
1554 1424 1607 1478 in
1624 1421 1839 1478 sarcula.
1892 1419 2031 1486 Quid

452 1526 598 1579 enim
636 1522 765 1577 mihi
790 1529 960 1576 restat
1002 1521 1055 1574 in
1102 1517 1257 1583 cmlo,
1289 1525 1345 1572 et
1370 1532 1401 1570 a
1431 1524 1484 1569 te
1512 1514 1640 1585 quid
1662 1512 1818 1601 ‘volui
1869 1525 2033 1581 super

458 1616 701 1671 terram?
733 1614 1000 1681 Quoniam
1034 1612 1211 1666 incola
1238 1626 1336 1681 ego
1367 1625 1486 1664 sum
1516 1606 1656 1679 apud
1685 1607 1813 1661 tein
1860 1615 2028 1671 terra,

453 1716 510 1763 et
528 1708 845 1779 peregrinus
873 1705 1012 1760 sicut
1030 1719 1218 1759 omnes
1260 1711 1443 1772 patres
1490 1702 1617 1755 mei.
1681 1697 1862 1753 Sitivit
1888 1698 1941 1751 in
1976 1705 2027 1750 te

454 1799 634 1852 anima
677 1813 817 1861 mea,
872 1812 1034 1866 quam
1088 1794 1453 1864 multipliciter
1493 1802 1547 1848 et
1570 1807 1698 1846 caro
1734 1806 1874 1845 mea.
1930 1789 2031 1844 Do-

449 1889 615 1953 mine,
642 1888 799 1943 dilexi
818 1889 928 1958 28
942 1888 1194 1942 decorem
1218 1887 1409 1941 domus
1432 1893 1554 1948 tum,
1578 1892 1633 1937 et
1656 1872 1830 1937 locum
1853 1880 2033 1935 taber—

450 1979 631 2034 naculi
686 1979 870 2050 gloria:
898 1987 1020 2032 tum.
1056 1978 1203 2032 Tene
1232 1990 1453 2030 manum
1497 1978 1774 2029 dexteram
1829 1986 2030 2036 meam,

449 2078 503 2125 et
534 2071 588 2124 in
621 2069 896 2124 voluntate
932 2077 1021 2122 tua
1048 2068 1222 2122 deduc
1242 2079 1354 2129 me,
1396 2074 1451 2118 et
1481 2080 1602 2118 cum
1627 2063 1794 2135 gloria
1816 2077 2033 2117 assume

446 2187 554 2226 me.
595 2170 666 2225 Ut
689 2171 898 2224 videam
951 2168 1283 2223 voluntatem
1333 2165 1568 2229 Domini,
1619 2173 1676 2219 et
1712 2172 1967 2233 protegar
1999 2178 2030 2216 a

448 2259 647 2330 templo
672 2267 863 2314 sancto
895 2258 1030 2328 ejus.
1085 2257 1155 2312 Ut
1210 2256 1425 2310 audiam
1476 2268 1661 2307 vocem
1706 2251 2032 2305 laudationis

450 2359 577 2415 tute,
615 2359 670 2405 et
693 2365 942 2404 enarrem
978 2348 1226 2402 universa
1254 2344 1521 2400 mirabilia
1550 2353 1658 2398 tua.
1689 2343 1756 2397 Et
1800 2352 1861 2396 ut
1883 2342 2033 2395 inha-

447 2439 614 2493 bitem
643 2439 696 2492 in
718 2439 878 2492 domo
921 2437 1132 2491 Domini
1181 2436 1234 2489 in
1261 2434 1594 2505 longitudine
1639 2432 1866 2487 dierum.
1916 2430 2028 2500 Ego

448 2536 630 2581 autem
675 2542 800 2581 cum
829 2526 1040 2596 justitia
1062 2522 1333 2594 apparebo
1387 2524 1441 2577 in
1465 2528 1756 2591 conspectu
1781 2530 1891 2584 tuo,
1947 2532 2032 2572 sa-

447 2616 625 2670 tiabor
680 2616 807 2670 dum
838 2613 1275 2669 manifestabitur
1300 2612 1467 2683 gloria
1492 2620 1603 2665 tua.
1634 2611 1858 2665 Domine
1885 2609 2028 2663 Deus

447 2718 622 2769 meus,
668 2703 724 2757 in
763 2712 1027 2758 aeternum
1064 2700 1363 2756 conﬁtebor
1408 2700 1521 2754 tibi.
1580 2698 1663 2752 Sit
1692 2713 1887 2752 nomen
1923 2696 2029 2752 Do—

445 2791 576 2846 mini
604 2792 967 2856 benedictum,
997 2808 1064 2845 ex
1085 2791 1189 2844 hoc
1219 2805 1363 2844 nunc
1387 2798 1441 2842 et
1467 2803 1636 2857 usque
1657 2790 1711 2841 in
1746 2786 2021 2842 szeculum.

584 2878 855 2951 Confessio
884 2880 1083 2945 Patris,
1108 2889 1154 2934 et
1180 2879 1328 2945 Filii,
1357 2889 1403 2933 et
1430 2878 1657 2949 Spiritus
1678 2880 1873 2932 sancti.

472 2962 484 2981 ’
515 2972 825 3028 Conﬁtebor
877 2972 993 3035 tibi,
1046 2971 1294 3035 Domine,
1335 2986 1431 3024 rex
1486 2969 1608 3023 cmli
1649 2976 1703 3023 et
1751 2978 1929 3033 terrae,
1970 2975 2027 3023 et

1303 302 1363 354 Β.
1402 266 1477 353 r.
1505 295 1731 352 manu
1770 295 1899 353 seu
1938 293 2215 351 ALcum
2252 289 2537 346 opsauu
2567 288 2748 345 psus
2782 286 2871 345 iv.

2057 410 2108 468 Α
2135 410 2302 466 ctant,
2328 416 2430 456 nec
2456 400 2706 455 voluntas
2750 399 2948 463 variat,
2977 411 3080 454 nec
3103 394 3450 453 necessitudo
3468 408 3715 453 corrum-

3602 284 3713 343 476

2136 495 2235 564 pit,
2277 508 2375 548 nec
2422 499 2614 546 mcesta
2654 489 2994 560 perturbant,
3041 504 3144 544 nec
3185 488 3305 543 laeta
3375 486 3708 546 demulceut.

2134 584 2232 638 Cui
2257 598 2355 636 nec
2375 581 2571 636 oblivio
2610 578 2766 643 tollit,
2788 593 2890 632 nec
2921 578 3180 631 memoria
3213 576 3419 641 reddit;
3452 591 3552 631 nec
3580 592 3716 646 prte-

2136 673 2294 726 terita
2346 678 2662 733 transeunt,
2712 683 2812 723 nec
2855 667 3036 722 futura
3088 667 3403 721 succedunt.
3457 666 3555 721 Cui
3606 680 3713 720 nec

2132 762 2281 831 origo
2310 761 2543 824 initium,
2582 774 2684 814 nec
2710 766 2950 828 tempora
2967 757 3384 820 incrementum,
3417 770 3518 810 nec
3544 770 3708 811 casus

2133 850 2297 905 ﬁnem
2326 850 2476 904 dabit
2511 868 2523 903 :
2557 849 2652 903 sed
2683 857 2809 903 ante
2838 846 3055 911 saecula,
3082 854 3138 900 et
3170 846 3225 899 in
3255 844 3487 922 saxulis,
3529 854 3588 900 et
3611 860 3715 914 per

2133 943 2332 998 saecula
2382 944 2436 998 in
2478 951 2738 998 aeternum
2768 941 2922 995 vivis.
2978 940 3046 994 Et
3065 939 3261 995 esttibi
3289 939 3543 1009 perennis
3565 938 3709 1005 laus,

2130 1042 2184 1089 et
2208 1044 2409 1090 aeterna
2454 1033 2643 1105 gloria,
2671 1047 2881 1087 summa
2910 1039 3173 1102 potestas,
3213 1029 3570 1100 etsingularis
3617 1029 3718 1085 ho-

2130 1140 2251 1191 nor,
2314 1133 2634 1194 perpetuum
2682 1137 2932 1193 regnum,
2985 1131 3041 1177 et
3085 1122 3205 1175 sine
3238 1119 3347 1177 ﬁne
3374 1120 3713 1190 imperium;

2129 1232 2228 1287 per
2276 1215 2551 1272 indefessa
2610 1223 2667 1271 et
2725 1214 3049 1270 immortalia
3111 1213 3307 1273 saecula
3354 1212 3713 1281 saeuior-um.

2128 1308 2322 1364 Amen.

2866 1377 2950 1437 VI
2961 1421 2976 1435 .

2127 1474 2255 1535 Pro
2315 1474 2720 1536 custodienda
2778 1474 3129 1554 humilitate
3162 1520 3177 1546 ,
3240 1483 3297 1535 et-
3354 1474 3715 1554 cognitione

2564 1554 2840 1614 humanw
2870 1553 3267 1634 fragilitatis.

2198 1671 2437 1726 Revocat
2486 1687 2584 1726 nos
2643 1672 2710 1726 ad
2754 1670 3074 1727 humilitatis
3122 1670 3361 1741 regulam
3429 1669 3721 1740 Scriptura.

2062 1748 2107 1808 Β
2132 1764 2447 1834 praecipiens
2476 1783 2487 1816 :
2517 1763 2724 1829 Quanto
2768 1780 2984 1833 magnus
3029 1780 3106 1828 es,
3162 1763 3384 1817 humilia
3425 1773 3473 1818 te
3519 1765 3574 1817 in
3598 1780 3715 1817 om-

2134 1854 2283 1908 nibus
2315 1854 2505 1924 (Eccli.
2544 1872 2629 1920 m,
2666 1855 2777 1925 20).
2825 1855 2996 1921 Quam
3047 1853 3184 1908 bene
3210 1854 3528 1909 humilitatis
3559 1869 3717 1925 regu-

2131 1944 2240 1999 lam
2282 1944 2553 1999 Abraham
2609 1954 2851 2009 noverat,
2886 1946 2977 2016 qui
3016 1960 3139 1999 cum
3168 1960 3235 2000 ex
3276 1943 3557 1999 Dominica
3585 1958 3716 1997 con-

2132 2034 2461 2090 fabulatione
2498 2034 2675 2089 extolli
2729 2035 3015 2105 potuisset,
3058 2033 3325 2102 abjectum
3375 2041 3431 2091 et
3473 2033 3717 2103 despica-

2130 2126 2291 2182 bilem
2334 2140 2393 2179 se
2450 2126 2839 2195 pronuntiavit,
2898 2126 3123 2183 dicens:
3158 2123 3368 2194 Loquar
3414 2124 3481 2177 ad
3521 2123 3713 2178 Domi-

2132 2234 2256 2272 num
2276 2230 2470 2281 meum,
2502 2232 2619 2269 cum
2642 2217 2740 2270 sim
2760 2215 2928 2284 pulvis
2956 2225 3003 2269 et
3027 2215 3159 2269 cinis
3198 2214 3352 2286 (Gen.
3394 2231 3551 2280 xvttt,
3580 2215 3716 2286 27)?

2132 2308 2274 2378 Ergo
2310 2316 2369 2362 ut
2395 2308 2461 2363 de
2488 2308 2643 2362 nobis
2691 2322 2905 2378 semper
2934 2306 3156 2361 humilia
3204 2308 3522 2371 sentiamus,
3576 2322 3717 2361 ven-

2130 2400 2347 2455 tilemus
2376 2400 2615 2470 quotidie
2642 2400 2741 2455 hos
2770 2414 2954 2455 coram
2983 2398 3213 2454 Domino
3247 2399 3482 2468 psalmos
3514 2418 3528 2453 :
3559 2399 3714 2465 Dixi,

2129 2491 2455 2555 custodiam;
2510 2489 2717 2555 Nonne,
2749 2490 2971 2545 Domine
3014 2490 3093 2562 [ω
3115 2499 3221 2554 est,
3265 2506 3434 2546 nonne
3454 2490 3564 2544 Deo
3588 2491 3717 2545 sub-

2120 2580 2263 2652 jecta
2305 2581 2460 2653 erit];
2496 2582 2738 2647 Domine,
2781 2600 2883 2635 non
2910 2592 2984 2636 est
3012 2582 3303 2636 exaltatum
3335 2598 3426 2635 cor
3453 2597 3665 2645 meum.»

2380 2691 2508 2745 Post
2543 2691 2868 2746 Dominicam
2918 2691 3224 2747 Orationem
3259 2710 3454 2748 versus.

2199 2788 2489 2853 Memento,
2521 2789 2766 2854 Domine,
2812 2791 3067 2859 quoniam
3096 2792 3271 2861 pulvis
3300 2808 3502 2855 sumus,
3547 2793 3727 2851 homo.

2128 2880 2269 2933 sicut
2315 2878 2545 2949 [fenum]
2580 2880 2695 2932 dies
2718 2880 2853 2948 ejus,
2878 2888 2934 2933 et
2979 2880 3120 2934 sicut
3164 2879 3262 2935 ﬁos
3297 2881 3429 2952 agri,
3462 2883 3537 2937 ita
3566 2882 3716 2939 εωθ-

2126 2970 2283 3023 rebit.
2312 2968 2447 3034 Quia
2483 2966 2705 3039 spiritus
2731 2970 3085 3037 pertransibit
3121 2969 3190 3024 ab
3232 2986 3320 3035 eo,
3361 2980 3412 3027 et
3444 2988 3551 3027 non
3579 2975 3713 3039 erit,

443 3061 745 3119 honoriﬁco
798 3071 852 3116 te
894 3060 1162 3116 sacriﬁcio
1206 3061 1426 3115 laudis:
1462 3068 1518 3115 et
1569 3060 1693 3129 quia
1750 3060 2020 3114 exteriora
2047 3080 2093 3143 ο
2125 3067 2179 3115 et
2225 3075 2333 3114 non
2356 3069 2645 3131 cognoscet
2695 3060 2924 3130 amplius
2948 3060 3125 3116 locum
3154 3078 3330 3117 suum.
3373 3064 3553 3119 Exibit
3592 3066 3710 3136 spi-

442 3154 577 3208 mihi
607 3168 833 3207 munera
881 3152 1097 3217 desunt,
1153 3167 1274 3222 quae
1309 3160 1434 3206 sunt
1468 3152 1523 3204 in
1578 3165 1663 3203 me
1690 3158 1813 3203 vota
1844 3149 2025 3203 lauda-

442 3245 611 3300 tionis
649 3243 872 3299 reddam
894 3244 1009 3298 tibi.
1041 3242 1213 3298 Credo
1250 3252 1302 3299 te
1350 3251 1461 3297 toto
1488 3242 1670 3307 corde,
1690 3250 1745 3295 et
1775 3257 1869 3296 ore
1897 3256 2026 3295 con-

444 3337 605 3393 ﬁteor
657 3336 895 3401 Patrem,
921 3344 977 3391 et
1011 3335 1238 3401 Filium,
1294 3341 1351 3391 et
1388 3334 1648 3403 Spiritum
1672 3344 1942 3399 sanctum,
1968 3335 2022 3389 in

442 3425 691 3495 personis
743 3428 1067 3491 ternionem,
1113 3426 1167 3479 in
1217 3424 1517 3479 substantia
1566 3424 1852 3489 unionem;
1912 3441 2021 3480 non

441 3532 660 3587 corpus,
698 3526 792 3572 aut
821 3518 875 3572 in
903 3532 1128 3588 corpore
1155 3516 1412 3587 positum,
1463 3530 1639 3585 neque
1681 3530 1747 3569 ex
1793 3516 2023 3571 diversis

442 3607 724 3681 speciebus
765 3616 856 3662 aut
887 3608 1126 3671 mistum,
1165 3613 1258 3660 aut
1284 3605 1649 3660 membrorum
1670 3607 2022 3676 compagibus

441 3697 754 3770 eﬂigiatum,
793 3699 890 3754 sed
932 3700 1113 3764 unius,
1158 3698 1438 3768 simplicis,
1465 3698 1814 3769 incorporeae,
1857 3708 2023 3768 atque

442 3788 729 3843 invisibilis
778 3798 1022 3853 natum;
1069 3788 1201 3843 nihil
1237 3789 1290 3843 in
1335 3797 1388 3843 te
1435 3787 1609 3858 majus
1660 3800 1754 3844 aut
1799 3790 2022 3846 inferius

441 3878 729 3933 habentem
749 3896 763 3944 ;
788 3879 880 3933 sed
894 3893 991 3948 per
1010 3893 1223 3933 omnem
1240 3879 1479 3944 modum,
1498 3894 1565 3933 ex
1583 3880 1729 3934 omni
1743 3888 1893 3948 parte
1905 3880 2022 3934 sine

442 3968 788 4023 deformitate
854 3968 1173 4037 perfectum,
1225 3971 1343 4024 sine
1398 3971 1702 4040 quantitate
1746 3984 2018 4040 magnum,

442 4059 559 4114 sine
603 4058 864 4128 qualitate
894 4059 1128 4125 bonum,
1179 4061 1298 4115 sine
1330 4070 1570 4131 tempore
1607 4062 2019 4130 sempiternum,

440 4151 560 4205 sine
606 4160 778 4205 morte
826 4152 1022 4217 vitam,
1089 4153 1208 4206 sine
1252 4151 1565 4207 inﬁrmitate
1637 4152 1852 4217 fortem,
1903 4152 2022 4206 sine

439 4242 721 4295 mendacio
759 4242 1063 4306 veritatem,
1113 4243 1230 4296 sine
1255 4242 1372 4297 loco
1410 4242 1611 4312 ubique
1661 4251 1854 4306 totum,
1900 4242 2019 4295 sine

441 4332 547 4386 situ
575 4332 772 4399 ubique
822 4339 1162 4401 praesentem,
1217 4332 1336 4387 sine
1361 4332 1678 4399 extensione
1700 4332 1881 4386 omnia
1920 4332 2018 4386 im-

440 4419 699 4493 plentem,
758 4418 875 4471 sine
924 4420 1295 4473 contractione
1358 4421 1556 4489 ubique
1616 4428 2010 4487 occurrentem,
2044 4427 2092 4487 υ

440 4510 559 4564 sine
589 4517 734 4562 motu
762 4509 943 4567 omnia
974 4509 1467 4574 transcendentem,
1528 4511 1645 4565 sine
1694 4518 1837 4565 statu
1873 4511 2013 4567 infra

440 4601 620 4657 omnia
670 4608 1000 4663 manentem,
1044 4600 1161 4654 sine
1190 4600 1483 4670 indigentia
1511 4604 1692 4655 omnia
1713 4612 2011 4672 creantem,

440 4693 558 4747 sine
588 4691 789 4744 ‘labore
845 4691 1024 4744 omnia
1064 4698 1360 4761 regentem,
1415 4692 1532 4746 sine
1572 4693 1655 4746 sui
1708 4694 1862 4747 initio
1902 4710 2016 4749 om-

440 4782 599 4836 nibus
646 4782 1125 4847 initiumdantem,
1153 4782 1271 4836 sine
1298 4783 1381 4836 sui
1407 4782 1538 4854 [Αι.,
1576 4783 1676 4855 tui]
1716 4787 2014 4842 mutatione

437 4872 621 4925 omnia
658 4871 933 4925 mutabilia
989 4872 1306 4938 facientem;
1363 4874 1417 4928 in
1478 4876 1853 4947 magnitudine
1897 4877 2016 4931 inﬁ-

437 4962 628 5025 nitum,
669 4962 721 5015 in
770 4960 965 5017 virtute
995 4963 1443 5032 omnipotentem,
1489 4964 1543 5018 in
1589 4965 1832 5020 bonitate
1872 4981 2016 5021 sum-

436 5065 607 5114 tuum,
658 5050 710 5104 in
745 5050 1009 5120 sapientia
1050 5052 1500 5118 inaestimabilem,
1542 5054 1595 5108 in
1638 5055 1881 5110 consiliis
1913 5064 2017 5109 ter-

435 5141 668 5204 ribilem,
718 5140 771 5194 in
814 5140 1038 5211 justitiis
1082 5141 1307 5211 justum,
1362 5142 1416 5197 in
1470 5144 1891 5213 cogitationibus
1935 5159 2017 5199 se-

437 5233 822 5297 cretissimum,
877 5234 931 5287 in
963 5234 1143 5288 verbis
1188 5249 1454 5298 veracem,
1500 5235 1555 5289 in
1587 5226 1840 5304 operibus
1888 5251 2015 5291 san-

438 5330 603 5384 ctum,
626 5323 680 5375 in
722 5323 1105 5377 misericordiis
1130 5324 1428 5393 copiosum,
1469 5339 1596 5394 erga
1635 5324 2013 5393 delinquentes

438 5412 911 5481 patientissimum,
957 5429 1084 5483 erga
1119 5414 1387 5483 patientes
1411 5414 1591 5483 pium;
1624 5430 1841 5485 semper
1866 5416 2010 5471 idem

439 5516 613 5570 ipsum
642 5511 899 5557 teternum
927 5519 991 5558 ac
1016 5506 1422 5572 sempiternum,
1451 5505 1809 5560 immortalem
1850 5515 2013 5576 atque

439 5588 945 5646 incommutabilem.
976 5601 1146 5659 Quem
1165 5609 1265 5649 nec
1293 5596 1466 5664 spatia
1489 5595 1733 5661 dilatant,
1768 5610 1869 5652 nec
1893 5597 2013 5652 bre-

440 5678 579 5733 vitas
625 5680 858 5739 locorum
889 5692 1161 5753 angustat,
1211 5699 1311 5741 nec
1339 5688 1675 5757 receptacula
1717 5686 1826 5743 ulla
1860 5703 2011 5747 coar-

2128 3151 2264 3205 ritus
2303 3151 2439 3221 ejus,
2469 3160 2525 3204 et
2575 3158 2876 3206 revertetur
2929 3151 2984 3205 in
3040 3160 3241 3206 terram
3296 3169 3451 3208 suam
3482 3173 3495 3209 :
3526 3156 3580 3210 in
3613 3156 3704 3212 illa

2126 3242 2212 3297 die
2255 3243 2505 3311 peribunt
2553 3258 2742 3298 omnes
2786 3244 3141 3314 cogitationes
3193 3262 3400 3301 eorum.
3453 3248 3708 3319 Egodixi

2125 3334 2180 3388 in
2231 3349 2459 3389 excessu
2512 3336 2710 3390 mentis
2765 3351 2900 3391 mea:
2946 3352 2962 3391 :
3010 3336 3199 3413 Omnis
3236 3340 3396 3395 homo
3445 3343 3700 3399 mendax.

2125 3424 2445 3489 Memorare,
2496 3425 2743 3491 Domine,
2801 3442 2921 3496 quze
2948 3437 3032 3484 est
3060 3444 3181 3485 mea
3208 3431 3509 3486 substantia
3542 3451 3554 3485 :
3586 3449 3698 3495 non

2124 3516 2268 3570 enim
2318 3531 2458 3569 vane
2526 3517 2855 3573 constituisti
2913 3518 3049 3574 ﬁlios
3100 3520 3400 3585 hominum.
3446 3522 3708 3590 Domine,

2122 3606 2250 3675 quid
2274 3615 2358 3661 est
2393 3606 2574 3672 homo,
2642 3609 2783 3677 quod
2816 3609 3098 3665 innotuisti
3147 3612 3229 3675 ei;
3280 3621 3373 3668 aut
3418 3613 3559 3669 ﬁlius
3606 3616 3696 3671 ho-

2122 3698 2308 3763 minis,
2346 3699 2600 3767 quoniam
2626 3708 2844 3770 reputas
2873 3702 3031 3759 eum?
3080 3702 3406 3764 Humiliatus
3457 3723 3579 3761 sum
3618 3724 3685 3763 us

2120 3803 2465 3859 quequaque,
2495 3789 2743 3856 Domine,
2774 3792 2987 3848 viviﬁca
3010 3810 3099 3850 me
3128 3797 3424 3851 secundum
3474 3799 3709 3855 verbum

2122 3886 2292 3933 tuum.
2345 3879 2478 3935 Vide
2508 3881 2867 3938 humilitatem
2900 3900 3098 3951 meam,
3158 3896 3214 3941 et
3243 3887 3390 3957 eripe
3416 3903 3502 3942 me
3528 3906 3541 3941 :
3571 3889 3700 3960 quia

2121 3967 2294 4039 legem
2324 3979 2468 4024 tuam
2515 3988 2623 4027 non
2663 3989 2781 4028 sum
2810 3974 3025 4031 oblitus.
3085 3976 3408 4033 Custodiens
3449 3980 3701 4049 parvulos

2106 4050 2402 4120 'Dominus,
2430 4059 2743 4117 humiliatus
2774 4078 2912 4129 sum,
2939 4072 2995 4119 et
3019 4065 3267 4125 liberavit
3293 4082 3398 4122 me.
3441 4068 3551 4139 Ego
3572 4084 3701 4125 vero

2121 4163 2324 4219 egenus
2360 4160 2415 4205 et
2440 4167 2644 4223 pauper
2689 4154 2798 4225 29
2842 4171 2985 4223 sum,
3024 4156 3285 4215 Dominus
3314 4176 3501 4215 curam
3536 4161 3699 4217 habet

2123 4241 2248 4295 mei.
2276 4240 2358 4296 Sit
2384 4258 2581 4299 nomen
2625 4244 2838 4301 Domini
2867 4248 3232 4316 benedictum,
3274 4267 3337 4307 ex
3360 4253 3461 4307 hoc
3480 4268 3624 4308 nunc
3645 4262 3699 4309 et

2118 4345 2290 4400 usque
2318 4332 2370 4385 in
2411 4336 2680 4391 saeculum.

2722 4428 2927 4487 Oratio.

2187 4511 2413 4569 Domine
2438 4512 2839 4586 Jesu‘Christe,
2874 4522 2965 4590 qui
2993 4522 3045 4576 in
3072 4524 3214 4580 hunc
3244 4528 3502 4583 mundum
3529 4545 3697 4599 prop-

2117 4607 2201 4655 ter
2223 4612 2533 4670 peccatores
2580 4607 2647 4663 de
2704 4610 2825 4664 sinu
2863 4611 3045 4668 Patris
3069 4615 3355 4681 advenisti,
3397 4627 3454 4672 ut
3486 4634 3586 4673 nos
3623 4622 3693 4674 de

2115 4694 2303 4749 eodem
2330 4706 2553 4765 peccato
2584 4701 2903 4770 redimeres,
2946 4706 3074 4775 quia
3105 4708 3218 4761 scio
3243 4717 3300 4763 et
3327 4711 3492 4765 credo
3518 4728 3532 4775 ;
3586 4727 3695 4767 non

2115 4784 2552 4853 propterjustos,
2583 4791 2677 4845 sed
2713 4802 2935 4862 propter
2963 4806 3282 4864 peccatores
3318 4801 3372 4854 in
3413 4810 3558 4856 terra
3593 4803 3695 4857 ha-

2113 4871 2288 4929 bitare
2324 4877 2560 4934 voluisti.
2602 4880 2807 4938 Exaudi
2840 4900 2947 4950 me,
2977 4886 3205 4943 Domine
3244 4890 3407 4955 Deus,
3441 4901 3696 4961 pecuum-

2115 4977 2229 5017 rem
2258 4973 2313 5019 et
2353 4967 2692 5037 culpabilem,
2728 4980 2782 5027 et
2812 4974 3089 5046 indignum
3120 4988 3177 5033 et
3209 4980 3585 5051 negligentem,
3638 4989 3697 5036 et

2113 5054 2423 5111 obnoxium.
2454 5058 2571 5113 Tibi
2599 5062 2861 5118 conﬁteor
2887 5067 3067 5121 omnia
3097 5079 3319 5137 peccata
3345 5088 3487 5137 mea,
3505 5075 3692 5130 omnia

2113 5142 2255 5196 mala
2297 5158 2438 5211 mea,
2488 5148 2747 5216 quidquid
2796 5152 2851 5206 in
2904 5154 3007 5209 hoc
3064 5158 3263 5212 saeculo
3292 5161 3456 5226 gessi,
3494 5162 3695 5219 delicto

2114 5246 2257 5297 meo,
2287 5239 2429 5297 actu,
2461 5236 2577 5291 sive
2604 5237 2805 5308 iniquis
2837 5244 3277 5312 cogitationibus,
3340 5251 3407 5304 de
3437 5254 3696 5310 omnibus

2113 5321 2321 5375 veniam
2351 5331 2496 5391 peto.
2525 5325 2772 5394 Peccavi,
2793 5329 2974 5398 juravi
3004 5351 3016 5387 :
3052 5344 3231 5390 tamen
3278 5346 3331 5393 te
3366 5355 3474 5395 non
3520 5342 3693 5397 abue-

2111 5411 2254 5481 gavi,
2289 5414 2414 5483 quia
2447 5417 2560 5471 scio
2588 5426 2645 5472 et
2672 5421 2834 5475 credo
2874 5426 3000 5493 quia
3036 5434 3093 5479 tu
3132 5426 3297 5484 Pater
3336 5446 3415 5485 es.
3468 5432 3695 5503 lndulge

2111 5505 2267 5571 mihi,
2294 5505 2528 5564 Christe.
2579 5510 2655 5566 Te
2682 5512 2861 5580 laudo,
2895 5522 2945 5572 te
2993 5519 3302 5590 magniﬁco,
3334 5531 3386 5577 te
3422 5523 3693 5593 gloriﬁco,

2113 5594 2348 5654 Trinitas
2377 5608 2582 5655 sancta.
2634 5600 2752 5657 Tibi
2778 5606 2980 5673 gratias
3007 5623 3108 5679 ago
3142 5610 3195 5664 in
3239 5612 3493 5668 omnitus
3540 5615 3697 5669 inﬁr-

2111 5686 2387 5747 mitatibus
2412 5690 2575 5759 meis,
2611 5694 2737 5763 quia
2760 5710 2865 5751 non
2887 5696 3062 5755 habeo
3087 5716 3239 5758 suem
3269 5702 3323 5757 in
3348 5703 3535 5763 alium.
3582 5704 3691 5760 nisi
