4038 6336
369 380 477 436 477

1255 388 1642 447 LITURGICA.
1680 421 1749 431 —
1785 387 2151 444 DE~PSALM.
2194 388 2350 445 USU.
2392 419 2460 429 —
2496 390 2679 446 PARS
2718 390 2757 444 ῐ.

3502 399 3606 456 678

369 498 522 563 inte,
554 499 696 555 Deus
731 514 903 555 meus.
930 500 1010 557 Ad
1034 510 1245 573 portum
1281 500 1533 558 Ecclesia:
1558 512 1681 570 tuae,
1705 503 1935 568 Christe,
1968 507 2017 565 Α
2043 510 2152 557 tuo.
2178 502 2416 573 Angelus
2451 503 2696 570 Michael,
2721 504 2943 575 angelus
2970 504 3206 569 Gabriel,
3258 507 3478 579 angelus
3501 511 3607 566 Ra-

366 591 642 663 confugio,
672 600 726 646 et
740 599 864 645 ante
886 593 1109 662 pignora
1133 602 1438 648 sanctorum
1462 603 1672 648 tuorum
1694 602 1936 662 prostra-

367 691 459 739 tus
483 682 866 752 indulgentiam
885 690 1029 751 peto.
1061 682 1258 738 Precor
1280 695 1336 738 et
1358 685 1599 755 supplico
1631 686 1747 751 tibi,
1773 687 1932 752 Deus,

365 783 429 828 ut
450 773 581 829 mihi
607 774 900 829 concedere
927 775 1161 845 digneris
1187 792 1285 845 pro
1318 784 1404 831 tua
1430 778 1800 833 misericordia
1836 780 1935 834 mi-

366 863 740 928 sericordiam,
777 871 831 917 et
858 864 1109 933 pietatem
1144 881 1309 934 usque
1364 867 1414 920 in
1444 867 1605 922 ﬁnem
1652 884 1853 935 meum,
1882 878 1937 923 et

367 953 423 1007 in
448 953 534 1007 illa
569 955 702 1007 hora
747 954 1055 1020 tremenda,
1086 956 1299 1024 quando
1337 957 1516 1009 anima
1562 972 1681 1011 mea
1735 957 1935 1027 migra-

368 1053 489 1098 tura
525 1045 629 1098 erit
676 1044 741 1099 de
790 1060 1016 1114 corpore
1063 1060 1203 1100 meo.
1259 1045 1460 1100 Prmsta
1519 1046 1652 1100 mihi
1714 1062 1931 1100 sensum

369 1141 601 1195 rectum,
633 1130 791 1186 ﬁdem
820 1141 1040 1196 rectam,
1068 1140 1123 1187 et
1154 1133 1545 1188 credulitatem.
1584 1133 1933 1202 Omnipotens

369 1219 532 1284 Deus,
560 1220 701 1275 Deus
730 1236 900 1284 meus,
921 1222 1112 1276 exaudi
1156 1237 1260 1284 me,
1286 1230 1345 1275 ut
1377 1223 1609 1276 animam
1642 1238 1816 1277 meam
1871 1222 1933 1276 li-

368 1310 562 1365 berare
591 1311 826 1380 digneris
861 1312 925 1365 de
953 1310 1160 1365 inferno
1190 1311 1449 1367 inferiori.
1504 1313 1645 1368 Deus
1689 1316 1932 1384 omnipo-

370 1406 512 1462 tens,
540 1399 707 1455 libera
737 1416 821 1455 me
847 1401 907 1455 de
930 1416 1088 1470 poena
1106 1401 1372 1456 infernali.
1394 1404 1536 1458 Deus
1566 1405 1928 1473 omnipotens,

367 1488 639 1545 liberame
669 1492 733 1545 de
756 1492 876 1561 igne
894 1491 1331 1561 inexstinguihili.
1380 1492 1521 1547 Deus
1569 1494 1929 1562 omnipotens,

368 1581 538 1636 libera
567 1598 653 1637 me
683 1584 747 1637 de
782 1583 1110 1651 protoplasto
1154 1583 1369 1637 Satana.
1406 1584 1545 1637 Deus
1567 1584 1928 1653 omnipotens,

366 1671 537 1726 libera
564 1687 650 1727 me
683 1673 749 1726 de
780 1672 1054 1727 vermibus
1083 1673 1493 1729 immortalibus.
1555 1675 1695 1728 Deus
1753 1675 1928 1730 omni-

367 1773 582 1832 potens,
610 1764 777 1819 libera
829 1778 914 1818 me
967 1764 1033 1818 de
1099 1765 1378 1819 mansione
1428 1766 1734 1835 impiorum.
1790 1766 1931 1819 Deus

2036 593 2214 664 phael,
2239 608 2427 648 omnes
2451 594 2648 665 angeli,
2673 608 2859 650 omnes
2879 597 3206 667 archangeli,
3237 612 3424 655 omnes
3448 601 3602 657 thro-

2036 682 2115 749 ni,
2144 698 2331 738 omnes
2361 684 2772 750 dominationes,
2801 702 2989 742 omnes
3014 688 3347 758 principatus
3371 700 3427 746 et
3452 702 3605 762 pote-

2036 780 2225 837 states,
2254 789 2444 828 omnes
2455 774 2779 843 patriarchze
2791 788 2847 830 et
2858 778 3151 848 prophetae,
3167 795 3355 838 omnes
3371 784 3601 854 apostoli

2034 872 2089 919 et
2121 873 2405 934 martyres,
2432 880 2619 920 omnes
2670 866 3007 922 confessores
3034 877 3088 923 et
3126 870 3383 940 virgines,
3416 875 3470 928 in
3509 877 3601 931 ad-

2028 953 2288 1022 jutorium
2311 963 2365 1008 et
2416 954 2672 1008 auxilium
2703 956 2960 1010 assistant
2996 958 3148 1024 mihi,
3186 975 3284 1029 per
3314 962 3599 1020 Dominum

2033 1053 2272 1099 nostrum
2291 1044 2473 1099 Jesum
2499 1043 2793 1099 Christum.
2825 1046 3121 1114 Matthteus,
3152 1049 3596 1118 Marcus,Lucas,

2032 1132 2285 1188 Joannes.
2313 1131 2627 1203 Sancte30
2645 1132 2862 1203 Georgi,
2882 1132 3078 1189 famule
3104 1137 3176 1190 mi
3206 1135 3602 1209 [Forte,famu-

2032 1223 2081 1299 le
2106 1221 2351 1293 Christi],
2401 1223 2671 1277 intercede
2715 1239 2813 1291 pro
2860 1237 2946 1277 me
2983 1223 3186 1280 famulo
3237 1234 3348 1283 tuo.
3400 1228 3600 1287 Sancte

2032 1311 2432 1382 Christophore,
2452 1313 2722 1368 intercede
2734 1329 2831 1382 pro
2847 1330 2953 1368 me.
2972 1315 3212 1380 Domine,
3256 1318 3320 1373 de
3333 1318 3459 1375 limo
3491 1329 3600 1377 ter-

2033 1418 2105 1457 rae
2127 1401 2369 1457 formasti
2403 1418 2506 1464 me,
2541 1402 2751 1458 ossibus
2774 1413 2827 1457 et
2850 1405 3001 1459 venis
3020 1407 3338 1477 compegisti
3368 1423 3474 1464 me.
3499 1411 3599 1466 Do-

2033 1494 2194 1553 mine,
2223 1507 2320 1560 pro
2342 1500 2433 1546 tua
2460 1493 2660 1562 pietate
2686 1493 2891 1547 salvum
2921 1510 3006 1549 me
3049 1493 3154 1549 fac.
3181 1495 3293 1550 Pax
3322 1498 3431 1563 hic,
3458 1499 3599 1556 Deus

2031 1582 2137 1637 hic.
2166 1582 2411 1645 Domine,
2455 1583 2647 1638 exaudi
2693 1584 2991 1639 orationem
3048 1602 3245 1653 meam,
3297 1596 3353 1643 et
3395 1589 3599 1645 clamor

2030 1686 2181 1725 meus
2203 1675 2269 1725 ad
2292 1679 2344 1726 te
2370 1673 2569 1727 veniat.
2601 1673 2734 1740 Quia
2766 1675 2865 1729 tibi
2893 1675 2991 1730 soli
3035 1678 3251 1746 peccavi
3297 1686 3350 1733 et
3395 1680 3595 1736 malum

2031 1777 2211 1815 coram
2235 1772 2293 1815 te
2322 1761 2425 1819 feci
2452 1778 2465 1815 :
2500 1764 2621 1832 quia
2649 1773 2869 1833 peccata
2890 1781 3008 1820 mea
3043 1767 3452 1825 innumerabilia
3467 1782 3596 1827 sunt

364 1854 721 1922 omnipotens,
757 1853 925 1908 libera
972 1868 1058 1908 me
1102 1855 1166 1909 de
1221 1855 1465 1925 angustia
1512 1864 1733 1909 artema.
1789 1856 1930 1909 Deus
1964 1850 2203 1921 Bgvalde.
2229 1849 2451 1905 Veniam
2476 1866 2573 1919 pro
2599 1852 2683 1906 his
2710 1862 2856 1921 peto,
2893 1853 3137 1921 Domine,
3168 1859 3402 1925 peccatis
3420 1868 3474 1913 et
3494 1876 3593 1916 nc-

363 1943 721 2012 omuipoteus,
751 1942 919 1997 libera
946 1958 1034 1997 me
1071 1943 1136 1997 de
1163 1945 1414 1999 omnibus
1433 1945 1609 1999 malis.
1637 1945 1781 2000 Deus
1809 1961 1926 2001 om-

363 2034 631 2102 nipotens,
670 2033 899 2089 liberare
922 2033 1161 2102 digneris
1185 2037 1421 2091 animam
1452 2052 1630 2092 meam
1660 2037 1727 2093 de
1776 2044 1928 2094 tene-

360 2122 478 2177 bris
504 2123 881 2178 exterioribus.
936 2123 1070 2189 Quia
1125 2125 1181 2179 in
1236 2133 1287 2180 te
1339 2126 1570 2193 confido,
1618 2128 1745 2197 quia
1792 2143 1927 2198 opus

359 2228 617 2267 manuum
640 2222 848 2268 tuarum
869 2230 987 2270 sum
1011 2230 1132 2285 ego,
1162 2231 1229 2271 ne
1262 2231 1348 2272 me
1371 2219 1656 2288 despicias,
1686 2218 1922 2275 Christe.

358 2302 511 2373 Rogo
540 2313 778 2358 sanctam
799 2320 864 2359 ac
883 2304 1249 2359 beatissimam
1280 2318 1508 2362 matrem
1543 2316 1783 2363 nostram
1812 2308 1925 2364 Ma-

357 2394 520 2457 riam,
544 2409 675 2464 rogo
702 2395 889 2465 viginti
910 2406 1141 2466 quatuor
1170 2400 1429 2463 seniores,
1460 2416 1649 2455 omnes
1708 2409 1925 2455 sanctos

356 2483 577 2555 angelos
599 2492 718 2539 tuos
740 2486 1027 2556 deprecor,
1055 2488 1305 2544 omnibus
1352 2492 1554 2546 sanctis
1596 2492 1925 2561 patriarchis

354 2590 420 2628 ac
436 2574 715 2644 pr0phetis
742 2576 1002 2646 supplico,
1023 2592 1210 2632 omnes
1240 2580 1508 2648 apostolos
1536 2590 1591 2636 et
1633 2591 1920 2652 martyres,

351 2665 770 2728 modumsatis
806 2675 946 2737 tuos,
994 2677 1155 2741 tuque
1185 2668 1423 2743 virgines
1472 2686 1639 2741 rogo:
1673 2674 1923 2728 similiter

353 2777 546 2817 omnes
574 2770 787 2819 sanctos
817 2770 954 2827 tuos,
986 2771 1039 2816 et
1056 2764 1257 2819 electos
1295 2765 1390 2819 Dei
1439 2766 1631 2821 invoco
1660 2764 1713 2821 in
1758 2765 1919 2821 auxi-

352 2852 487 2908 lium
516 2869 716 2908 meum.
746 2854 812 2908 Et
833 2855 886 2907 in
913 2854 1000 2908 illa
1041 2856 1320 2911 tremenda
1370 2858 1522 2922 hora,
1574 2874 1678 2928 qua
1739 2860 1919 2913 anima

351 2960 477 3000 mea
497 2960 779 3015 egressura
818 2932 1005 3002 eritde
1031 2964 1255 3020 corpore
1280 2966 1419 3015 meo,
1468 2960 1655 3006 sancte
1696 2952 1920 3006 archan-

352 3035 494 3105 gele,
529 3035 810 3105 deprecor,
837 3038 929 3106 qui
961 3038 1261 3095 animarum
1293 3041 1727 3110 accipiendarum
1764 3056 1919 3097 acce-

350 3126 480 3194 pisti
508 3134 825 3195 potestatem
844 3168 859 3192 ,
886 3136 947 3182 ut
965 3130 1198 3184 animam
1220 3146 1397 3185 meam
1417 3131 1691 3200 suscipere
1729 3132 1914 3200 digne-

2025 1940 2296 2010 gligentiis
2312 1942 2463 2005 meis,
2490 1958 2589 2011 pro
2617 1958 2753 1997 vana
2780 1944 2972 2015 gloria,
3006 1962 3104 2015 pro
3154 1951 3593 2018 concupiscentia

2024 2033 2249 2098 carnali,
2279 2048 2378 2102 pro
2407 2035 2782 2100 delectatione,
2807 2051 2906 2105 pro
2934 2038 3245 2106 pollutione,
3302 2056 3401 2109 pro
3448 2058 3596 2096 mur-

2024 2125 2342 2186 muratione,
2376 2140 2474 2194 pro
2494 2125 2716 2189 invidia,
2741 2141 2839 2194 pro
2868 2127 3138 2196 superbia,
3164 2143 3262 2196 pro
3288 2130 3595 2184 somnolen-

2025 2213 2120 2278 tia,
2148 2229 2247 2282 pro
2271 2215 2587 2280 visionibus,
2617 2231 2717 2283 pro
2742 2216 3163 2286 cogitationibus
3182 2220 3319 2273 meis
3368 2219 3589 2289 iniquis,

2022 2320 2121 2374 pro
2154 2306 2445 2370 adulterio,
2480 2322 2578 2375 pro
2600 2305 2974 2371 fornicatione,
3002 2321 3100 2375 pro
3156 2309 3259 2363 hoc
3310 2310 3451 2377 quod
3493 2324 3592 2379 ego

2024 2395 2093 2448 ad
2114 2410 2250 2464 opus
2288 2393 2384 2448 Dei
2433 2394 2586 2449 tarde
2616 2397 2794 2451 venio.
2837 2393 3068 2450 Peccata
3110 2410 3226 2450 mea
3262 2412 3365 2451 nec
3388 2392 3588 2462 dicere,

2022 2497 2122 2538 nec
2150 2483 2429 2537 nominare
2449 2499 2685 2553 possum.
2733 2484 2877 2540 Reus
2905 2502 3045 2550 sum,
3070 2486 3381 2555 iniquitates
3418 2492 3590 2553 meas,

2022 2580 2078 2626 et
2096 2573 2327 2627 malitias
2348 2588 2496 2627 meas
2526 2589 2632 2627 non
2662 2575 2938 2641 abscondi,
2969 2576 3095 2644 quia
3137 2577 3247 2630 scio
3297 2585 3351 2631 et
3395 2579 3588 2644 credo,

2022 2665 2166 2733 quod
2192 2674 2245 2719 tu
2272 2666 2392 2733 pius
2411 2665 2573 2719 Pater
2591 2680 2668 2720 es.
2698 2665 2777 2720 Ne
2805 2665 2937 2737 [Al.,
2961 2666 3091 2738 Nec]
3120 2683 3205 2721 me
3227 2668 3589 2737 derelinquas,

2020 2753 2513 2810 Patermisericors
2535 2795 2549 2819 ,
2574 2756 2665 2809 sed
2695 2754 2916 2826 dignare
2944 2756 3218 2827 indulgere
3234 2758 3375 2825 quod
3388 2758 3592 2812 malum

2020 2848 2122 2915 egi.
2156 2846 2423 2901 Succurre
2445 2845 2577 2899 mihi
2598 2845 2739 2915 pius,
2773 2846 3075 2911 invisibilis,
3116 2847 3304 2913 dulcis,
3340 2855 3393 2900 et
3440 2862 3589 2901 ama-

2017 2938 2162 3003 bilis,
2186 2947 2469 3006 antequam
2491 2947 2646 3006 porta
2676 2936 2970 2992 inferorum
2994 2937 3283 2992 absorbeat
3332 2952 3443 3002 me,
3493 2954 3591 2993 an-

2020 3037 2234 3098 tequam
2257 3029 2437 3082 veniat
2464 3044 2593 3098 pars
2615 3027 2817 3081 inimici
2842 3028 2967 3081 mei.
2996 3027 3075 3080 Tu
3104 3027 3235 3080 mihi
3266 3042 3593 3097 manuspor—

2018 3120 2152 3190 rige,
2182 3127 2236 3173 et
2273 3118 2450 3171 lumen
2492 3116 2735 3181 ostende,
2793 3124 2852 3169 ut
2903 3115 3046 3169 nulla
3100 3123 3341 3185 potestas
3396 3113 3590 3170 inferni

351 3221 452 3285 ris,
483 3222 695 3290 quando
721 3221 788 3275 de
819 3236 1044 3290 corpore
1077 3237 1197 3278 meo
1220 3223 1909 3293 eritegressurazetlibera
1942 3193 1987 3255 θ
2021 3208 2237 3262 "Nam"
2259 3223 2343 3261 me
2364 3208 2416 3261 ίη
2446 3206 2537 3260 “la
2564 3206 2720 3269 Ῑιοτίιν
2748 3205 2962 3275 quando
2990 3205 3168 3259 anima
3203 3220 3320 3261 mea
3348 3219 3591 3276 assumi)?

347 3326 478 3367 eam
526 3312 594 3365 de
642 3318 907 3380 potestate
955 3312 1180 3377 inimici,
1228 3320 1288 3367 ut
1326 3314 1656 3382 pertransire
1712 3314 1914 3383 possim

345 3409 535 3473 portas
576 3401 867 3457 inferorum
892 3411 949 3457 et
966 3403 1080 3458 vias
1102 3404 1467 3468 tenebrarum,
1508 3413 1565 3458 ut
1590 3419 1695 3458 non
1725 3419 1783 3459 se
1824 3420 1914 3473 po-

345 3500 443 3545 nat
483 3489 686 3562 [Forte,
713 3490 967 3563 opponat]
1004 3492 1088 3547 leo
1107 3492 1192 3548 vel
1243 3493 1427 3558 draco,
1473 3493 1565 3562 qui
1615 3500 1907 3548 consuetus

341 3592 431 3637 est
460 3584 667 3638 animas
704 3582 997 3638 inferorum
1020 3584 1280 3653 recipere,
1328 3591 1385 3638 et
1429 3584 1495 3639 ad
1549 3592 1751 3639 aeterna
1798 3592 1913 3638 tor-

340 3681 525 3727 menta
555 3676 887 3743 pertrahere.
904 3675 978 3729 Te
1011 3675 1289 3743 deprecor,
1331 3682 1515 3730 sancte
1570 3674 1912 3743 Petre,prin-

338 3779 471 3833 ceps
497 3764 879 3834 apostolorum,
902 3765 994 3835 qui
1016 3772 1169 3820 tenes
1201 3764 1381 3820 claves
1405 3763 1557 3832 regni
1625 3762 1906 3828 caelorum,

336 3864 397 3911 et
424 3858 850 3927 accipiendarum
874 3858 1173 3913 animarum
1198 3859 1454 3928 accepisti
1482 3866 1829 3927 potestatem,
1851 3866 1911 3913 ut

336 3958 554 4019 portam
576 3949 810 4018 paradisi
837 3949 968 4004 mihi
990 3949 1200 4018 aperire
1229 3948 1481 4019 digneris.
1514 3947 1738 4002 Domine
1779 3945 1909 4001 Jesu

334 4040 571 4102 Christe,
594 4039 695 4096 Fili
724 4038 923 4105 Mariae,
952 4054 1258 4108 processum
1282 4040 1349 4093 do
1389 4040 1508 4104 tibi,
1549 4046 1610 4091 ut
1662 4052 1789 4105 agas
1832 4039 1901 4093 de

254 4190 262 4199 ,
337 4128 523 4182 anima
568 4144 687 4184 mea
720 4129 995 4198 pietatem
1030 4135 1084 4184 et
1129 4128 1571 4192 misericordiam,
1617 4129 1743 4199 quia
1770 4128 1908 4189 in.te

332 4219 569 4288 speravi.
596 4217 808 4273 Christe
841 4218 1167 4287 Redemptor
1204 4218 1407 4283 mundi,
1456 4217 1671 4286 quando
1715 4231 1908 4273 occur

335 4325 501 4365 sums
529 4325 667 4372 sum,
693 4324 760 4363 ne
785 4308 885 4363 sim
915 4308 1171 4379 expulsus
1198 4324 1228 4361 a
1255 4307 1391 4362 facie
1447 4314 1559 4370 tua,
1616 4308 1743 4376 quia
1797 4325 1903 4363 no.1

333 4414 551 4455 mereor
575 4414 827 4455 coronam
855 4398 939 4452 vel
989 4399 1221 4462 veniam,
1277 4398 1379 4452 nisi
1424 4398 1556 4452 mihi
1605 4399 1903 4454 concedere

332 4490 594 4563 digneris.
626 4489 945 4544 Auxiliatrix
972 4489 1042 4542 sit
1066 4488 1196 4541 mihi
1224 4496 1407 4542 sancta
1431 4485 1685 4551 Trinitas,
1704 4488 1897 4542 exaudi

334 4595 444 4645 me,
471 4578 716 4643 Domine,
737 4580 829 4647 qui
851 4594 911 4633 es
935 4577 1077 4633 Deus
1098 4593 1251 4632 meus
1272 4578 1445 4642 vivus,
1464 4583 1520 4631 et
1556 4576 1731 4631 virtus
1757 4593 1897 4643 mea,

329 4670 497 4738 iudex
526 4671 722 4739 justus.
755 4669 835 4725 Tu
862 4670 1099 4724 medicus
1127 4668 1547 4738 potentissimus.
1593 4666 1671 4720 Tu
1700 4680 1759 4722 es
1816 4684 1902 4723 sa-

330 4760 527 4816 cerdos
569 4761 623 4814 in
646 4768 925 4815 aeternum.
957 4758 1035 4815 Tu
1058 4759 1164 4813 dux
1189 4758 1257 4813 ad
1283 4758 1533 4827 patriam.
1566 4757 1645 4812 Tu
1675 4757 1763 4812 lux
1782 4773 1901 4814 mea

294 4925 300 4928 .
330 4867 485 4908 vera.
508 4850 586 4905 Tu
614 4851 839 4907 dulcedo
864 4866 983 4906 mea
1012 4857 1217 4906 sancta.
1244 4849 1325 4903 Tu
1354 4849 1615 4919 sapientia
1640 4865 1763 4904 mea
1789 4849 1901 4904 cla-

331 4960 414 4999 ra.
447 4944 855 5013 Tusimplicttas
875 4958 991 5001 mea
1015 4958 1167 5013 pura.
1201 4941 1279 4995 Tu
1305 4942 1484 4995 anima
1506 4956 1625 4994 mea
1655 4940 1895 4996 catholi-

328 5054 420 5093 ca.
459 5037 537 5091 Tu
585 5037 874 5092 concordia
914 5051 1034 5090 mea
1074 5034 1316 5107 pacifica.
1359 5034 1439 5089 Tu
1491 5035 1736 5089 custodia
1784 5048 1903 5088 mea

330 5137 464 5184 tota.
493 5129 571 5181 Tu
597 5127 854 5196 perfectio
882 5141 1001 5180 mea
1026 5134 1157 5179 tota.
1189 5125 1267 5178 Tu
1290 5124 1436 5179 salus
1470 5139 1587 5177 mea
1618 5123 1901 5192 sempiter-

326 5235 421 5274 na.
455 5218 534 5271 Tu
559 5217 926 5271 misericordia
950 5231 1067 5269 mea
1099 5229 1307 5283 magna.
1341 5214 1420 5268 Tu
1436 5213 1544 5266 vita
1570 5227 1691 5267 mea
1711 5212 1903 5265 imma-

323 5308 529 5363 culata.
564 5307 643 5361 'l'u
673 5307 927 5376 patientia
959 5304 1347 5359 robustissima.
1378 5303 1456 5356 Tu
1472 5301 1768 5371 redemptio
1782 5315 1900 5356 mea

324 5400 493 5455 facta.
519 5398 600 5455 Tu
626 5398 949 5454 resurrectio
976 5412 1092 5451 mea
1122 5404 1327 5451 sancta.
1366 5394 1444 5447 Tu
1468 5394 1578 5447 vita
1618 5399 1895 5462 perpetua.

324 5492 406 5548 Te
431 5506 585 5562 rogo,
612 5499 668 5545 te
694 5491 972 5559 deprecor,
995 5497 1055 5542 ut
1072 5503 1169 5556 per
1193 5496 1245 5540 te
1275 5484 1557 5547 ambulem,
1586 5483 1655 5537 ad
1703 5489 1755 5537 te
1779 5497 1902 5551 per-

322 5582 564 5648 veniam,
588 5582 643 5635 in
668 5590 719 5635 te
743 5580 1095 5648 requiescam,
1125 5584 1180 5630 et
1206 5576 1273 5629 ad
1302 5582 1352 5627 te
1378 5587 1676 5639 resurgam.
1724 5571 1900 5624 Exau-

323 5676 384 5729 di
416 5690 524 5741 me,
553 5673 797 5728 Domine.
825 5671 1112 5733 Memento,
1131 5666 1375 5730 Domine,
1406 5662 1595 5727 David,
1626 5662 1769 5716 sicut
1810 5661 1900 5730 ju-

324 5766 465 5822 rasti
494 5763 738 5833 patribus
757 5762 981 5829 nostris,
1006 5766 1063 5814 ut
1083 5766 1296 5813 avertas
1322 5756 1455 5810 iram
1479 5760 1627 5809 tuam
1647 5765 1678 5807 a
1703 5749 1902 5806 famulo

1928 4535 1977 4595 D

2018 3308 2134 3354 tura
2156 3297 2360 3370 [Forte,
2383 3294 2722 3367 assumenda]
2752 3296 2857 3350 erit
2884 3296 2949 3350 de
2990 3311 3219 3365 corpore
3246 3312 3383 3350 meo.
3410 3296 3592 3352 Piissi—
3686 3336 3690 3341 -

2014 3404 2101 3443 me
2123 3388 2284 3452 Deus,
2310 3388 2613 3441 misericors
2637 3386 2795 3450 Deus,
2809 3385 3222 3441 clementissime
3236 3386 3394 3449 Deus,
3418 3394 3467 3439 te
3481 3384 3591 3439 lau-

2012 3481 2102 3546 de,
2136 3487 2189 3533 te
2217 3478 2525 3548 magnifico,
2561 3477 2657 3531 tibi
2678 3478 2891 3548 gratias
2914 3480 3029 3546 'ago
3059 3494 3072 3530 :
3103 3477 3193 3547 qui
3237 3491 3322 3530 me
3371 3475 3588 3530 salvasti

2010 3588 2110 3643 per
2129 3579 2360 3635 noctem,
2381 3569 2573 3637 jubeas
2602 3586 2688 3625 me
2711 3569 2917 3625 servari
2930 3583 3027 3638 per
3051 3568 3210 3622 diem.
3229 3565 3337 3621 Fac
3358 3582 3463 3631 me,
3480 3566 3589 3626 Do-

1958 3671 1970 3677 '
2012 3662 2176 3727 mine,
2200 3669 2346 3715 tuam
2378 3660 2608 3731 gratiam
2639 3659 2898 3722 invenire,
2936 3666 2987 3713 te
3015 3672 3218 3721 amare,
3268 3663 3320 3710 te
3365 3655 3586 3710 laudare

2012 3758 2068 3804 et
2091 3750 2300 3815 timere,
2335 3750 2428 3803 tibi
2456 3750 2681 3813 servire,
2711 3757 2766 3802 et
2816 3748 3043 3817 diligere
3089 3745 3340 3800 omnibus
3392 3744 3583 3800 diebus

2010 3824 2132 3895 vitae
2155 3856 2305 3895 meae.
2334 3839 2498 3905 Deus,
2527 3839 2623 3893 tibi
2636 3839 2956 3894 commendo
2978 3838 3143 3891 vitam
3167 3851 3363 3889 meam.
3422 3835 3581 3889 Mise-

2010 3948 2131 3987 rere.
2157 3932 2281 3997 mei,
2309 3932 2534 3986 Domine
2564 3931 2767 4002 gloria),
2798 3930 2889 3999 qui
2935 3944 2994 3983 es
3020 3943 3158 3983 unus
3186 3935 3239 3980 et
3287 3940 3469 3990 verus,
3529 3934 3583 3980 et

2008 4023 2154 4079 solus
2187 4022 2455 4092 etjustus,
2485 4029 2539 4075 et
2567 4022 2619 4073 in
2649 4034 2755 4089 quo
2781 4018 2981 4083 omnia,
3013 4026 3066 4072 et
3089 4031 3185 4086 per
3213 4030 3371 4085 quem
3392 4016 3569 4075 omnia

2006 4112 2145 4167 facta
2191 4119 2333 4166 sunt.
2376 4110 2583 4164 Exaudi
2636 4124 2743 4175 me,
2798 4108 3041 4173 Domine,
3095 4114 3380 4169 orantem;
3440 4106 3582 4160 sicut

2006 4201 2270 4257 exaudisti
2296 4208 2404 4256 tres
2426 4216 2621 4270 pueros
2656 4202 2724 4254 de
2752 4199 2964 4253 camino
2994 4198 3132 4268 ignis
3157 4197 3419 4261 ardentis,
3482 4194 3571 4250 Si-

2004 4292 2151 4357 drac,
2177 4290 2359 4357 Misac,
2381 4299 2436 4346 et
2452 4290 2759 4360 Abdenago.
2789 4289 2992 4344 Exaudi
3016 4305 3123 4354 me,
3141 4289 3384 4355 Domine,
3404 4303 3571 4343 oran-

2004 4390 2134 4445 tem,
2162 4381 2298 4436 sicut
2321 4380 2589 4435 exaudisti
2614 4380 2834 4436 Petrum
2860 4380 2915 4434 in
2938 4380 3097 4445 mari,
3123 4378 3346 4433 Paulum
3376 4378 3430 4432 in
3455 4377 3575 4433 vin-

2005 4472 2159 4528 culis.
2186 4472 2353 4526 Paree
2375 4471 2566 4527 animae
2586 4486 2738 4535 mem,
2774 4483 2936 4539 parce
2974 4470 3131 4523 malis
3167 4470 3319 4532 meis,
3355 4477 3407 4524 et
3441 4484 3573 4529 cunc

2004 4563 2107 4619 etis
2134 4562 2453 4617 criminibus
2476 4561 2629 4615 meis.
2655 4560 2869 4616 Christe
2922 4559 3066 4614 Deus
3119 4574 3290 4624 meus,
3340 4572 3482 4628 pone
3523 4566 3579 4611 to

2005 4661 2127 4707 ante
2153 4667 2260 4716 me,
2283 4653 2326 4707 si
2356 4651 2592 4705 exsultat
2614 4650 2862 4706 inimicus
2894 4666 3045 4705 meus
3072 4658 3261 4704 contra
3301 4664 3406 4703 me.
3464 4647 3582 4719 Ego

2006 4743 2291 4806 dormiam,
2314 4750 2369 4797 et
2402 4758 2496 4798 cor
2518 4757 2697 4796 meum
2726 4742 2928 4812 vigilet.
2953 4741 3139 4809 Angeli
3172 4740 3269 4805 tui,
3326 4740 3575 4806 Domine,

2006 4850 2095 4890 me
2119 4835 2429 4889 custodiant
2484 4843 2591 4887 tam
2626 4849 2723 4902 per
2761 4834 2925 4896 diem,
2973 4848 3131 4901 quam
3184 4848 3281 4900 per
3340 4839 3575 4891 noctem.

2007 4924 2149 4980 Deus
2172 4926 2531 4994 omnipotens,
2562 4922 2748 4977 emitte
2777 4921 3036 4990 Spiritum
3070 4930 3219 4975 tuum
3274 4922 3475 4976 bonum
3521 4922 3603 4975 et'

2006 5023 2234 5076 rectum,
2257 5013 2349 5083 qui
2382 5013 2613 5066 animam
2640 5025 2817 5065 meam
2845 5018 2899 5064 et
2927 5010 3122 5078 corpus
3164 5026 3337 5065 meum
3396 5019 3575 5065 custo-

2006 5107 2136 5162 diat.
2167 5104 2412 5167 Peccavi,
2443 5104 2684 5168 Domine,
2713 5102 2932 5173 peccavi
2961 5102 3013 5155 in
3045 5101 3158 5171 lege
3188 5101 3317 5163 Dei,
3372 5098 3575 5162 verbis,

2006 5194 2183 5256 factis,
2208 5200 2260 5245 et
2282 5188 2715 5260 cogitationibus.
2760 5188 2926 5242 Multa
2969 5195 3095 5243 sunt
3144 5195 3363 5256 peccata
3430 5199 3572 5243 mea.

2005 5283 2288 5355 Negligens
2314 5280 2387 5334 fui
2425 5280 2491 5335 de
2519 5294 2681 5349 opere
2711 5279 2827 5345 Dei,
2854 5289 2907 5334 et
2933 5282 2997 5334 de
3022 5278 3210 5333 ordine
3262 5289 3400 5330 meo.
3433 5275 3566 5336 Pre-

2010 5390 2105 5429 cor
2130 5382 2198 5438 te,
2227 5374 2381 5427 beata
2402 5372 2552 5442 virgo
2574 5371 2758 5435 Maria,
2784 5378 2840 5426 et
2866 5387 3053 5426 omnes
3076 5369 3247 5424 sancti
3273 5368 3389 5432 Dei,
3415 5376 3575 5425 orato

2003 5484 2101 5537 pro
2122 5482 2205 5521 me
2233 5474 2534 5536 peccatore.
2562 5465 2878 5519 Misereatur
2898 5464 3002 5518 mei
3030 5462 3368 5531 omnipotens
3408 5460 3571 5527 Deus,

2007 5570 2062 5616 et
2084 5561 2243 5615 donet
2269 5558 2531 5611 Dominus
2584 5556 2725 5611 Deus
2767 5571 2926 5611 verus
2980 5568 3157 5607 veram
3196 5551 3572 5618 humilitatem,

2006 5672 2189 5713 veram
2210 5653 2604 5726 paenitentiam,
2635 5667 2819 5707 veram
2855 5646 3260 5718 indulgentiam,
3314 5646 3574 5702 sobrieta-

2007 5757 2138 5813 tem,
2170 5746 2532 5810 tolerantiam,
2570 5745 2763 5799 bonam
2795 5741 2972 5803 ﬁdem,
3006 5739 3199 5795 bonam
3224 5752 3572 5810 perseveran.
