4038 6336
534 288 601 345 79
1342 290 1400 345 Β.
1437 290 1498 345 F.
1533 290 1758 347 ALBlNl
1797 293 1926 350 SEU
1964 294 2240 351 ALCUINI
2274 296 2556 356 OPERUM
2596 299 2775 356 PARS
2813 300 2903 356 ιν.

3631 312 3733 372 480

496 404 647 458 tiam.
669 403 936 461 llluminet
960 418 1045 457 me
1093 402 1587 472 Spiritussanctus,
1612 406 1883 482 indulgeat
1926 408 2057 462 mibi
2088 410 2137 470 A
2163 410 2417 478 quoniam
2454 414 2634 468 suavis
2679 422 2763 468 est
2807 415 3176 474 misericordia
3223 427 3334 475 tua.
3379 422 3574 481 Libera
3624 444 3728 495 me,

492 496 757 565 Dominus
780 498 957 553 omnia
982 506 1198 566 peccata
1219 512 1338 560 mea
1369 497 1456 552 hic
1482 506 1535 552 et
1564 498 1617 552 in
1642 497 1838 557 futuro.
1867 499 2059 558 Amen.

1218 604 1348 667 Vll.

553 728 632 788 In
662 726 1105 787 tentationibus
1134 727 1591 789 immu-ndorum
1627 729 1989 805 spirituum.

564 849 881 903 Consolatur
904 863 1001 903 nos
1022 849 1075 902 in
1105 849 1489 903 tentationibus
1518 846 1859 909 dzemouiacis
1906 864 2062 922 egre-

497 938 615 1008 gius
643 938 979 1005 prmdicator,
1033 936 1256 991 dicens:
1302 934 1503 995 Fidelis
1548 948 1717 991 autem
1758 938 1918 1003 Deus,
1973 942 2063 1011 qui

494 1045 597 1081 non
633 1029 856 1096 patietur
885 1045 969 1081 vos
999 1025 1187 1080 tentari
1209 1043 1366 1099 supra
1393 1044 1547 1096 quam
1578 1028 1825 1097 potestis;
1872 1029 1962 1081 sed
1979 1030 2063 1098 fa—

493 1116 589 1168 ciet
626 1132 739 1168 cum
780 1117 1058 1169 tentatione
1091 1117 1247 1169 etiam
1272 1116 1465 1169 exitum
1488 1155 1502 1180 ,
1538 1125 1592 1168 ut
1637 1118 1845 1186 possitis
1901 1121 2061 1172 susti-

494 1205 679 1277 nere(I
705 1203 828 1258 Cor.
863 1221 919 1269 ι,
953 1205 1077 1277 15).,
1113 1206 1371 1272 Quocirca
1400 1207 1673 1263 sciendum
1708 1218 1808 1271 est,
1837 1211 1959 1279 quia
1976 1212 2063 1281 ju-

493 1296 619 1350 dicii
636 1296 832 1350 occulti
845 1311 1095 1350 mensura
1115 1307 1217 1362 est,
1233 1306 1285 1351 et
1300 1301 1511 1367 quando
1527 1300 1839 1356 tentationis
1860 1306 2064 1373 procel-

493 1382 544 1437 la
563 1384 827 1453 prosiliat,
852 1392 907 1438 et
954 1387 1168 1457 quando
1196 1388 1561 1455 conquiescat.
1590 1388 1749 1443 Certe
1769 1392 2060 1462 Evangelio

491 1464 779 1524 attestante
808 1471 1149 1535 describitur,
1178 1475 1317 1541 quod
1338 1491 1435 1528 nec
1457 1491 1674 1529 manere
1730 1478 1783 1531 in
1836 1480 2060 1538 obsesso

492 1562 710 1617 homine
745 1563 938 1631 potuit,
969 1577 1069 1618 nec
1090 1580 1277 1620 rursus
1306 1566 1559 1620 invadere
1600 1567 1757 1623 bruta
1806 1571 2059 1627 animalia

490 1653 594 1707 nisi
622 1650 805 1721 jussus
833 1655 1190 1724 prmsumpsit,
1215 1656 1435 1711 dicens:
1469 1657 1529 1711 Si
1566 1659 1712 1728 ejicis
1762 1678 1875 1726 nos,
1915 1664 2060 1717 mitte

492 1761 584 1799 nos
606 1745 659 1799 in
676 1762 878 1815 gregem
906 1763 1182 1815 porcorum
1227 1747 1439 1819 (Matt/4.
1486 1766 1604 1813 vui,
1655 1751 1766 1823 51).
1830 1752 2054 1818 Quando
2084 1753 2131 1815 B

490 1834 749 1902 ergojste
768 1850 863 1889 sua
898 1844 1088 1904 sponte
1113 1852 1305 1891 nocere
1335 1836 1489 1893 factis
1522 1839 1587 1892 ad
1633 1839 1728 1893 Dei
1766 1841 2053 1911 imaginem

487 1923 792 1980 hominibus
812 1926 1053 1991 auderet,
1087 1929 1169 1982 cui
1202 1929 1245 1983 si
1284 1938 1523 1999 potestas
1549 1947 1756 1986 summa
1780 1933 2054 1989 licentiam

486 2030 595 2071 non
648 2018 930 2087 praeberet,
961 2022 1197 2091 grassari
1221 2038 1320 2076 nec
1347 2023 1402 2075 in
1431 2039 1624 2092 porcos
1641 2025 1877 2079 valeret?
1900 2024 2054 2081 Nullo

486 2123 617 2180 ergo
646 2111 805 2165 modo
855 2111 1233 2182 ambigendum
1286 2122 1390 2178 est,
1439 2115 1703 2183 permissu
1757 2116 2051 2184 :equissimi

480 2197 696 2271 judicis,
721 2199 773 2252 in
803 2199 1000 2254 electos
1022 2201 1088 2254 ad
1124 2209 1335 2270 tempus
1360 2202 1630 2256 diabolum
1674 2205 1912 2258 tentandi
1963 2221 2053 2259 ac-

486 2290 667 2356 cipere
694 2298 1053 2357 potestatem:
1089 2292 1181 2345 sed
1211 2294 1633 2348 misericorditer
1669 2296 1829 2365 judcx
1863 2313 2054 2355 conce-

486 2374 585 2438 dit,
619 2377 761 2444 quod
788 2379 1076 2434 crudeliter
1103 2381 1274 2435 hostis
1289 2383 1449 2451 capit.
1485 2383 1620 2438 Hinc
1633 2393 1734 2449 est,
1752 2386 2050 2453 quozlfideli

484 2459 687 2518 famulo
710 2465 773 2520 de
793 2467 980 2521 eodem
1004 2469 1260 2526 Dominus
1287 2472 1417 2527 dicit
1444 2491 1456 2525 :
1485 2473 1605 2527 Non
1627 2477 1775 2544 quasi
1823 2477 2049 2533 crudelis

483 2553 742 2608 suscitabo
764 2573 879 2609 eum
914 2558 1053 2629 (Job.
1092 2577 1204 2626 xu,
1250 2562 1321 2633 1).
1384 2564 1519 2622 Hinc
1568 2566 2049 2623 ﬁdelem.animam

483 2646 867 2703 tentationibus
887 2650 1160 2722 fatigatam
1203 2656 1409 2712 blandis
1453 2659 1910 2717 consolationibus
1965 2680 2049 2719 re-

482 2730 642 2796 fovet,
673 2734 855 2791 dicens
885 2756 896 2790 :
927 2739 1073 2793 Dixit
1106 2742 1359 2797 Dominus
1401 2746 1539 2800 Deus
1586 2759 1705 2803 tuus
1745 2764 1762 2800 :
1792 2751 1872 2804 Ad
1916 2771 2048 2823 pun-

480 2831 619 2878 ctum
642 2825 695 2878 in
724 2828 925 2881 modico
952 2818 1200 2902 dereliqui
1230 2844 1296 2897 te,
1320 2848 1365 2889 et
1400 2839 1451 2890 in
1483 2840 1903 2897 miserationibus
1936 2863 2047 2899 ma-

478 2913 592 2983 gnis
621 2918 938 2986 congregnbo
963 2930 1030 2974 te.
1054 2922 1187 2976 Item
1218 2926 1287 2978 ibi
1314 2945 1324 2978 :
1357 2928 1613 2983 Abscondi
1643 2932 1831 2999 faciem
1879 2952 2044 2988 meam

476 3018 754 3077 parumper
780 3024 810 3058 a
834 3017 903 3072 te,
931 3019 979 3062 et
1040 3012 1094 3064 in
1125 3015 1485 3069 misericordia
1515 3022 1827 3090 sempiterna
1859 3024 2044 3077 miser-

2165 502 2417 572 quoniam
2458 518 2659 574 egenus
2707 521 2847 572 sum,
2894 517 2949 563 et
2998 526 3201 582 pauper
3242 530 3360 569 sum
3412 533 3529 588 ego,
3557 529 3611 573 et
3643 538 3736 577 cor

2165 605 2344 649 meum
2383 594 2760 655 conturbatum
2782 605 2866 651 est
2910 598 2963 652 in
2994 616 3100 655 me.
3135 600 3212 657 Ne
3238 604 3524 663 tradideris
3560 626 3646 665 me
3679 613 3733 667 in

2163 678 2371 735 animas
2410 684 2844 751 persequentium
2900 703 3007 753 me,
3038 692 3291 758 quoniam
3324 694 3735 757 insurrexerunt

2163 767 2216 821 in
2250 783 2350 833 me,
2377 778 2541 825 testes
2568 772 2756 842 iniqui.
2798 776 3054 848 Disperge
3089 780 3209 835 illos
3239 783 3292 836 in
3323 784 3522 842 virtute
3546 798 3655 856 tua,
3680 800 3738 847 et

2163 857 2382 916 destrue
2428 876 2521 930 eos
2550 873 2825 931 protector
2852 882 3019 930 meus,
3055 869 3297 926 Domine.
3329 873 3559 944 Adjutor
3586 898 3735 939 meus

2162 955 2215 1002 et
2259 948 2516 1006 liberator
2556 970 2707 1010 meus
2744 965 2881 1021 esto,
2910 958 3153 1025 Domine,
3186 979 3253 1017 ne
3284 966 3598 1033 tardaveris.
3629 972 3734 1028 Sed

2162 1047 2216 1092 et
2241 1038 2418 1109 lingua
2446 1058 2563 1097 mea
2595 1047 2942 1103 meditabitur
2953 1048 3218 1123 justitiam
3247 1061 3412 1122 tuam,
3446 1060 3575 1125 dum
3609 1079 3737 1120 con-

2161 1127 2265 1182 fusi
2285 1138 2339 1184 et
2366 1135 2580 1187 reveriti
2627 1134 2843 1201 fuerint,
2876 1140 2966 1207 qui
3008 1152 3253 1210 quartum
3286 1148 3423 1203 mala
3461 1152 3610 1214 mihi.
3653 1155 3739 1210 Sit

2160 1234 2357 1285 nomen
2382 1222 2591 1287 Domini
2621 1226 2983 1294 benedictum,
3018 1246 3084 1285 ex
3117 1233 3219 1288 hoc
3242 1252 3383 1291 nunc
3402 1248 3456 1292 et
3485 1258 3653 1311 usque
3678 1246 3733 1300 in

2161 1311 2432 1367 saeculum.
2463 1314 2684 1379 Domine
2731 1319 2872 1375 Deus
2925 1321 3207 1391 virtutum,
3244 1340 3497 1388 converte
3530 1351 3648 1400 nos,
3678 1348 3735 1392 et

2159 1402 2379 1457 ostende
2409 1402 2598 1468 faciem
2626 1414 2793 1474 tuam,
2838 1419 2893 1465 et
2915 1412 3047 1467 salvi
3093 1416 3313 1472 erimus.
3344 1420 3602 1494 Exsurge,
3632 1426 3734 1481 Do-

2160 1488 2322 1553 mine,
2376 1491 2569 1567 adjuva
2616 1510 2735 1562 nos,
2785 1505 2841 1552 et
2894 1498 3066 1555 libera
3114 1519 3213 1559 nos
3262 1517 3483 1583 propter
3520 1488 3733 1577 “nomen

2160 1586 2331 1645 tuum.

2839 1679 3059 1745 0ratio..

2229 1807 2432 1863 Praesta
2461 1812 2610 1875 mihi,
2644 1813 2885 1881 Domine,
2914 1819 3211 1888 profectum
3257 1828 3530 1893 quaareudi
3559 1828 3733 1900 legem

2158 1908 2327 1961 tuam,
2362 1910 2419 1956 et
2446 1917 2790 1973 peccatorum
2832 1911 3070 1965 omnium
3108 1916 3505 1983 remissionem,
3555 1929 3613 1974 ut
3639 1923 3735 1991 qui

2157 1990 2424 2046 desiderio
2478 2009 2673 2064 magno
2726 1999 2791 2051 ad
2818 1999 2999 2055 lumen
3056 2003 3461 2075 Scripturarum
3518 2019 3731 2068 tuarum

2155 2082 2435 2149 pervenire
2482 2085 2657 2153 cupio,
2704 2088 2866 2144 nullis
2924 2102 3265 2160 peccatorum
3320 2099 3734 2171 caligationibus

2154 2172 2293 2226 oculi
2337 2175 2439 2227 mei
2489 2178 2865 2235 obscurentur.
2906 2182 3132 2242 Attrahe
3176 2205 3265 2244 me
3309 2192 3375 2246 ad
3432 2201 3483 2247 te
3533 2195 3735 2253 virtute

2158 2267 2560 2334 omnipotentite
2592 2279 2713 2326 tua).
2759 2273 2875 2327 Non
2915 2292 3000 2331 me
3042 2279 3383 2352 derelinquas
3412 2285 3466 2338 in
3512 2290 3733 2357 propria

2152 2355 2428 2412 voluntate
2454 2363 2660 2430 vagari,
2690 2381 2849 2432 quem
2873 2370 3109 2435 pretioso
3142 2376 3403 2443 sanguine
3429 2378 3726 2434 redemisti.

2152 2444 2442 2514 Imaginem
2477 2456 2621 2503 tuam
2647 2452 2698 2505 in
2736 2470 2821 2509 me
2864 2471 2967 2511 non
2999 2460 3145 2515 sinas
3174 2464 3480 2531 obScurari;
3536 2484 3655 2537 quae
3681 2474 3731 2527 si

2153 2539 2204 2587 te
2232 2544 2519 2602 praestante
2549 2538 2884 2609 defendatur,
2943 2562 3157 2618 semper
3198 2554 3413 2623 egregia
3463 2566 3564 2611 est.
3610 2559 3731 2614 Non

2149 2624 2362 2681 diabolo
2383 2629 2541 2685 liceat
2563 2642 2651 2687 tua
2677 2636 2813 2689 dona
2835 2638 3167 2708 subvertere,
3195 2646 3319 2713 quia
3345 2654 3513 2702 totum
3538 2649 3730 2722 fragile

2148 2723 2249 2781 est,
2275 2719 2532 2788 quidquid
2564 2722 2656 2776 tibi
2688 2725 2879 2780 nititur
2916 2730 3153 2785 obviare.
3186 2732 3328 2788 Audi
3357 2752 3461 2802 me,
3489 2737 3575 2806 pie
3608 2719 3726 2803 rex,

2147 2810 2469 2866 clamantem
2517 2830 2615 2882 pro
2659 2821 2893 2885 peccatis
2941 2824 3089 2884 meis,
3145 2834 3199 2879 et
3245 2827 3393 2895 prius
3439 2829 3528 2882 illa
3580 2845 3611 2882 a
3640 2846 3729 2885 me

2147 2914 2382 2965 remove,
2432 2918 2599 2971 quam
2628 2922 2724 2974 pro
2744 2909 2947 2964 eisdem
2971 2912 3023 2965 in
3048 2920 3137 2967 tua
3177 2918 3576 2973 examinatione
3597 2936 3731 2973 con—

2145 2990 2384 3045 demner.
2436 2995 2572 3060 Quid
2603 2999 2731 3052 mihi
2779 3017 2896 3055 mea
2943 3003 3229 3060 insidiatur
3264 3009 3559 3077 iniquitas?
3586 3011 3729 3078 Quid

478 3097 563 3142 tua
591 3106 704 3143 sum
726 3094 801 3145 mi
833 3094 984 3165 (Iw...
1026 3116 1135 3164 LW,
1164 3102 1213 3165 7’
1244 3103 1318 3169 8).
1352 3103 1485 3158 Cum
1515 3088 1642 3177 ergd
1678 3110 1729 3162 in
1763 3114 2044 3168 [enluloﬁs
2072 3104 2117 3165 ο
2148 3091 2333 3137 contra
2362 3101 2447 3139 me
2488 3088 2682 3144 delicta
2721 3107 2837 3146 mea
2862 3094 3156 3167 conﬂigunt
3187 3099 3549 3157 ?Creaturam
3576 3113 3727 3160 tuan

476 3180 807 3237 voluntatem
831 3187 896 3240 ad
922 3196 1127 3259 tempus
1152 3194 1458 3261 incidimus,
1488 3200 1800 3269 priusquam
1846 3202 1897 3254 in
1952 3204 2045 3257 de-

477 3268 779 3328 lectationis
806 3284 898 3329 aut
924 3282 1070 3347 pravi
1098 3296 1392 3340 consensus
1438 3287 1540 3356 31
1591 3290 1839 3345 labamur
1883 3309 2043 3347 vora-

476 3358 1000 3430 ginem;clamemus
1049 3370 1372 3437 medullitcr,
1432 3376 1723 3433 clamemus
1780 3382 2040 3448 valenter,

475 3448 577 3504 hos
596 3451 928 3511 decantando
948 3459 1184 3527 psalmos
1213 3477 1226 3513 :
1270 3463 1432 3533 Deus,
1475 3465 1615 3520 Deus
1660 3486 1821 3535 meus,
1850 3475 2042 3542 respice

473 3539 532 3599 in
561 3558 677 3607 me;
705 3546 843 3598 Deus
868 3588 882 3612 ,
917 3549 976 3601 in
1013 3553 1218 3613 nomine
1241 3562 1364 3619 tuo;
1388 3555 1634 3610 Miserere
1650 3561 1769 3624 mei,
1797 3561 2036 3629 Domine,

472 3635 723 3703 quoniam
755 3639 1208 3709 conculcaverunt;
1236 3646 1375 3700 Deus
1400 3650 1452 3701 in
1476 3649 1796 3718 adjutorium
1830 3671 1997 3708 meum
2019 3674 2038 3723 ,-

472 3720 696 3781 Domine
722 3726 864 3783 Deus
889 3730 1073 3789 salutis
1106 3751 1267 3805 meas;
1320 3737 1481 3815 Eripe
1516 3758 1596 3795 me
1616 3783 1629 3809 ,
1675 3742 1897 3799 Domine
1922 3787 1935 3811 ,
1975 3745 2038 3809 ab

470 3811 679 3872 ﬂamine
706 3819 865 3880 malo,

706 3924 833 3982 Post
874 3930 1177 3991 Orationem
1202 3937 1535 3995 Dominicam
1576 3960 1748 3999 versus
1775 3965 1793 4001 :

538 4036 765 4106 Exaudi,
801 4042 959 4111 Deus,
1006 4052 1305 4108 orationem
1335 4071 1528 4122 meam,
1561 4074 1682 4114 cum
1720 4062 1971 4127 tribulor,
2006 4079 2038 4117 a

468 4128 661 4187 timore
712 4134 915 4192 inimici
955 4143 1102 4212 eripe
1142 4146 1375 4201 animam
1405 4166 1598 4204 meam.
1642 4152 2037 4211 Tribulationes

466 4223 644 4277 cordis
666 4226 769 4279 mei
800 4227 1033 4287 dilatata:
1055 4243 1196 4299 sunt,
1222 4237 1287 4291 de
1307 4241 1716 4297 necessitatibus
1737 4244 1871 4299 meis
1891 4245 2036 4315 eripe

466 4324 574 4363 me.
606 4311 846 4370 Statuisti
886 4320 1081 4377 inloco
1107 4327 1344 4393 spatioso
1370 4331 1533 4398 pedes
1574 4346 1739 4398 meos,
1777 4334 2036 4392 miserere

467 4399 590 4461 mei,
659 4402 901 4473 Domine,

463 4487 758 4557 obdormis,
782 4494 1037 4552 Domine?
1064 4500 1321 4574 Exsurge,
1352 4518 1407 4562 et
1433 4525 1499 4563 ne
1526 4513 1753 4582 repellas
1780 4530 1949 4584 usque
1979 4517 2033 4571 in

463 4576 647 4633 tinem.
686 4580 764 4637 Ne
793 4587 971 4641 tradas
996 4605 1083 4644 me
1110 4607 1139 4645 a
1169 4594 1434 4651 desiderio
1456 4614 1578 4654 meo
1615 4605 1908 4670 peccatori,
1938 4621 2031 4662 eo-

463 4667 770 4739 gitaverunt
794 4676 1075 4735 adversum
1103 4698 1207 4750 me,
1236 4702 1304 4741 ne
1329 4687 1672 4760 derelinquas
1699 4710 1804 4759 me,
1833 4710 1902 4749 ne
1926 4713 2028 4752 un-

456 4773 625 4829 quam
661 4765 977 4824 exaltemur.
1005 4772 1267 4846 Exsurge,
1319 4778 1563 4846 Domine,
1594 4798 1700 4837 non
1744 4787 2030 4854 praevaleat

461 4849 642 4919 homo,
667 4854 975 4924 iudicentur
997 4873 1182 4934 gentes
1208 4868 1264 4922 in
1293 4880 1577 4941 conspectu
1604 4882 1715 4929 tuo.
1745 4849 2026 4950 Exsurge,

459 4935 685 4999 Domine
712 4946 851 5003 Deus
884 4967 1054 5019 meus,
1083 4958 1347 5014 exaltetur
1375 4978 1566 5019 manus
1592 4972 1704 5031 tua,
1738 4983 1807 5023 ne
1833 4970 2024 5026 oblivi~

456 5033 626 5088 scaris
644 5039 897 5106 pauperis
917 5041 968 5095 in
989 5042 1167 5099 finem.
1193 5048 1271 5102 ’l‘u
1293 5058 1491 5118 autem,
1517 5055 1760 5122 Domine,
1787 5073 1854 5113 ne
1868 5060 2023 5132 longe

455 5122 625 5182 facias
670 5130 929 5187 auxilium
956 5142 1105 5191 tuum
1132 5154 1162 5193 a
1200 5156 1302 5205 me,
1341 5144 1407 5198 ad
1447 5145 1813 5205 defensionem
1846 5167 2020 5209 meam

454 5216 654 5285 aspice.
692 5219 891 5278 Emitte
919 5240 1135 5281 manum
1190 5238 1333 5285 tuam
1366 5234 1430 5289 dc
1457 5236 1583 5303 alto,
1635 5241 1783 5309 eripe
1823 5258 1928 5307 me,
1965 5252 2022 5299 et

454 5302 621 5360 libera
648 5325 735 5364 me
759 5312 824 5366 de
850 5317 1004 5383 aquis
1031 5318 1233 5384 multis,
1266 5329 1321 5374 et
1348 5323 1413 5377 de
1443 5340 1600 5379 manu
1628 5328 1858 5384 filiorum
1883 5333 2017 5388 alie-

452 5408 664 5449 norum.
691 5399 952 5465 Quoniam
985 5407 1144 5462 alieni
1178 5412 1586 5471 insurrexerunt
1615 5420 1667 5471 in
1694 5436 1799 5486 me,
1829 5432 1884 5477 et
1908 5424 2019 5480 for-

451 5491 533 5537 tes
556 5489 879 5553 quaesierunt
898 5497 1129 5552 animam
1156 5515 1331 5556 meam
1367 5523 1378 5556 :
1414 5514 1467 5559 et
1493 5522 1596 5560 non
1624 5523 2018 5578 proposuerunt

452 5570 736 5630 Dominum
785 5589 908 5637 ante
957 5599 1302 5658 conspectum
1340 5609 1515 5649 suum.
1554 5596 1621 5650 Et
1662 5606 1740 5663 tu,
1772 5600 2014 5671 Domine,

450 5660 537 5718 fac
580 5680 789 5727 mecum
836 5674 1260 5736 misericordiam
1324 5694 1546 5755 propter
1589 5703 1783 5746 nomen
1840 5699 2013 5761 tuum,

2146 3181 2387 3227 evertere
2431 3178 2670 3244 cupiunt,
2722 3197 2841 3249 quae
2888 3184 3035 3238 nulla
3096 3188 3410 3245 substantia:
3463 3192 3726 3249 ﬁrmitate

2146 3265 2462 3321 subsistunt.
2488 3269 2641 3325 Dicat
2669 3281 2814 3328 certe
2855 3274 3119 3342 diabolus,
3146 3293 3242 3333 cur
3269 3297 3355 3335 me
3384 3282 3726 3339 insaturabili

2145 3353 2327 3408 dolore
2376 3361 2753 3428 prosequitur?
2802 3364 3052 3435 Nunquid
3099 3384 3197 3439 ego
3220 3371 3295 3424 illi
3332 3372 3476 3439 dedi,
3505 3382 3566 3427 ut
3601 3375 3722 3441 tibi,

2145 3442 2389 3511 Domine,
2418 3450 2680 3517 superbus
2719 3454 2996 3522 existeret,
3032 3466 3088 3512 et
3114 3460 3179 3513 de
3204 3461 3535 3520 beatitudine
3560 3465 3731 3521 collo-

2144 3546 2262 3589 cata
2283 3539 2521 3604 caderet,
2553 3558 2675 3596 cum
2699 3554 2861 3601 tantm
2887 3548 3105 3604 virtutis
3129 3551 3359 3621 insignia
3386 3555 3728 3623 possideret?

2145 3623 2381 3681 Suiliciat
2426 3630 2517 3695 illi,
2553 3634 2694 3701 quod
2722 3651 2807 3690 me
2838 3637 2891 3690 in
2926 3638 3094 3694 Adam
3126 3644 3360 3710 perdidit
3392 3662 3405 3696 :
3444 3661 3613 3715 quare
3636 3663 3727 3703 me

2142 3719 2467 3785 quotidianis
2506 3724 2910 3795 deceptionibus
2960 3733 3155 3802 impius
3181 3736 3541 3794 calumniator
3580 3741 3727 3796 inse-

2140 3810 2351 3878 quitur;
2377 3820 2430 3865 et
2455 3816 2595 3869 sicut
2615 3817 2702 3872 ille
2722 3836 2751 3873 a
2778 3823 2949 3891 gratia
2979 3832 3069 3879 tua
3104 3841 3200 3895 per
3217 3828 3429 3897 culpam
3452 3847 3607 3887 suam
3631 3849 3723 3889 ce-

2140 3898 2289 3963 cidit,
2347 3919 2433 3957 me
2461 3922 2692 3976 quoque,
2724 3918 2782 3964 ut
2829 3912 2895 3966 ab
2934 3917 3122 3982 eadem
3170 3929 3403 3989 separet,
3446 3925 3725 3993 exquirit?

2137 3985 2383 4043 Concede
2426 3993 2578 4058 mihi,
2622 3995 2864 4063 Domine,
2891 4012 3083 4058 contra
3136 4006 3348 4062 hostem
3394 4012 3715 4066 crudelissi-

2138 4090 2310 4143 roum,
2353 4078 2502 4147 pium
2530 4090 2635 4136 tua:
2672 4085 2999 4145 defensionis
3040 4094 3329 4161 auxilium;
3373 4107 3434 4152 ut
3461 4100 3602 4155 sicut
3629 4101 3723 4155 iUe

2137 4166 2484 4239 fragilitatem
2527 4190 2701 4230 meam
2750 4194 2856 4234 non
2885 4181 3083 4239 desinit
3128 4187 3463 4258 impugnare,
3505 4192 3580 4267 ita
3611 4192 3723 4249 tuis

2136 4270 2361 4333 cogatur
2393 4265 2597 4322 viribus
2622 4270 2877 4328 confusus
2904 4277 3212 4333 abscedere.
3255 4281 3368 4337 Non
3398 4287 3711 4354 permittas,

2135 4349 2274 4406 bone
2299 4368 2413 4419 rex,
2440 4355 2493 4409 in
2512 4373 2609 4415 me
2631 4361 2984 4420 suavissimum
3012 4367 3219 4424 hostem
3266 4387 3360 4427 sua
3398 4384 3525 4429 vota
3565 4392 3717 4433 com-

956 4414 1207 4527 qtiotnl‘lam
1269 4419 1514 4474 tribulm‘.
1567 4422 1829 4493 Exsurge,
1866 4442 2033 4527 quare
2061 4457 2108 4516 ι)
2133 4440 2300 4508 plere,
2331 4414 2423 4513 qui
2448 4449 2761 4516 tegravitcr
2784 4452 2945 4523 elegit
2968 4455 3258 4513 offendere.
3291 4460 3430 4527 Quid
3454 4478 3543 4517 me
3570 4465 3720 4520 sicut.

2136 4528 2220 4585 leo
2244 4533 2461 4603 rugiens
2486 4537 2696 4601 circuit,
2726 4541 2854 4609 quid
2885 4559 2970 4598 me
2992 4545 3251 4605 devorare
3271 4553 3580 4606 contendit?
3610 4552 3713 4609 Se»

2135 4624 2241 4677 mel
2282 4624 2357 4679 illi
2396 4627 2451 4680 in
2490 4629 2814 4698 baptismate
2842 4649 2997 4691 sacro
3030 4641 3370 4708 'renuntiavi,
3409 4645 3575 4698 semel
3608 4646 3712 4702 tibi

2133 4709 2361 4769 Domino
2389 4716 2613 4774 credere
2637 4720 2913 4789 professus
2934 4739 3074 4780 sum.
3104 4727 3291 4784 Talem
3331 4747 3418 4787 me
3444 4742 3713 4803 perpetua

2132 4800 2445 4859 defensione
2494 4810 2728 4863 concede
2781 4814 3005 4879 servari,
3056 4816 3271 4886 qualem
3299 4836 3386 4875 me
3437 4822 3556 4877 fieri
3607 4838 3715 4894 per

2131 4906 2325 4963 aquam
2392 4902 2832 4968 regenerationis,
2882 4903 3107 4963 Creator
3166 4910 3447 4977 altissime,
3494 4916 3713 4983 praesti-

2126 4982 2257 5036 tisti.
2286 4985 2353 5039 Et
2377 4989 2503 5055 quia
2549 4998 2672 5046 tuus
2710 5008 2829 5047 esse
2863 4997 3026 5065 coepi,
3072 4998 3238 5054 alium
3285 4982 3564 5058 dominum
3610 5022 3710 5061 ne-

2124 5073 2326 5141 sciam;
2380 5084 2441 5131 ut
2491 5081 2617 5148 quia
2676 5090 2769 5136 tua
2816 5084 2987 5155 gloria
3040 5089 3350 5161 redemptus
3399 5108 3540 5159 sum,
3611 5104 3708 5149 tua

2122 5167 2373 5221 mandata
2404 5177 2455 5223 te
2501 5171 2734 5228 donante
2779 5174 2989 5231 faciam.
3034 5178 3187 5246 Quod
3216 5182 3261 5236 si
3298 5198 3385 5239 me
3416 5185 3704 5255 relinquis,

2119 5255 2301 5307 statim
2327 5255 2416 5311 ille
2445 5261 2826 5329 tergiversator
2858 5266 3081 5334 invadit,
3106 5271 3197 5339 qui
3228 5273 3532 5330 indefessus
3560 5276 3701 5346 [ΑΛ.

2122 5340 2442 5417 indefeclus]
2475 5355 2637 5418 atque
2687 5353 2969 5423 impudens
3024 5374 3238 5429 semper
3286 5363 3513 5427 assistit,
3545 5340 3704 5419 lucra

2120 5445 2215 5485 sua
2243 5445 2557 5504 computans
2586 5441 2847 5499 humanas
2873 5448 3076 5503 ruinas.
3119 5450 3220 5516 Qui
3261 5451 3383 5506 ideo
3423 5452 3705 5508 blanditur

2119 5527 2178 5572 ut
2228 5522 2333 5592 32
2363 5525 2612 5597 decipiat,
2664 5531 2783 5587 ideo
2836 5535 3054 5608 instigat
3075 5549 3134 5592 ut
3163 5541 3413 5609 perimat.
3457 5541 3699 5599 Maxime

2118 5624 2217 5677 per
2259 5617 2452 5683 corpus
2498 5627 2739 5674 nostrum
2772 5624 2980 5680 animus
3008 5639 3218 5683 nostras
3259 5631 3476 5700 decipit,
3517 5619 3590 5687 'et
3615 5633 3697 5689 ita

2121 5713 2217 5767 per
2260 5701 2525 5761 desideria
2585 5710 2817 5766 humana
2871 5706 3200 5776 dit'ﬁimitur.
3250 5730 3308 5776 ut
3352 5721 3496 5776 nulla
3550 5737 3699 5793 pene
