4038 6336
300 272 404 330 tsi
1134 280 1139 284 ’
1215 275 1601 334 LITURGICA.
1635 301 1707 317 —
1743 275 1831 331 nn
1867 271 2114 332 psam.
2152 275 2309 335 usu.
2346 300 2420 323 -ι
2453 280 2632 341 rans
2657 247 2698 341 ἑ.
3434 297 3540 353 432

301 383 664 453 providentia,
703 385 849 443 nullo
876 402 1098 458 prorsus
1121 390 1346 444 consilio
1388 392 1705 445 sentiantur.
1731 390 1872 444 Lon—
1897 394 1948 454 Α
1972 389 2058 487 die
2103 392 2454 487 tribulationis
2495 409 2623 467 ture,
2669 402 2888 472 eripiam
2933 412 2982 459 te
3028 404 3199 478 (Psal.
3237 412 3354 486 cit.)
3391 431 3404 468 :
3441 433 3539 487 pro

298 488 429 542 gum
479 485 564 531 est
597 491 701 546 .per
752 485 948 534 cuncta
1001 479 1305 535 discurrere
1339 497 1352 532 :
1387 481 1474 534 tali
1523 481 1644 550 quis
1689 487 1871 550 posset

297 564 584 629 obsistere,
616 566 718 621 nisi
745 574 824 632 tu,
851 567 1094 632 Domine,
1117 569 1420 624 decreveris
1443 571 1704 626 obviare?
1731 570 1870 637 Quid

298 654 448 709 enim
491 656 623 709 mihi
652 671 758 711 non
783 665 961 726 potest
989 657 1183 723 facere,
1206 659 1298 728 qui
1324 668 1378 715 te
1414 660 1468 714 in
1496 676 1618 718 meo
1641 675 1870 730 corpore

297 760 466 798 ausus
511 745 613 799 fuit
676 760 772 815 per
829 747 1052 802 subdola
1126 749 1555 806 machinamenta
1626 754 1869 807 tentare?

293 833 507 888 Exaudi
539 849 644 897 me,
671 849 704 888 ο
731 845 914 890 custos
933 836 1234 903 hominum;
1265 847 1322 892 et
1345 855 1430 894 me
1481 842 1549 894 ab
1575 841 1666 896 illo
1695 842 1869 896 indul-

298 925 482 994 gentia
515 933 604 978 tua
643 924 833 989 libera,
857 926 949 993 qui
987 941 1074 980 me
1104 928 1316 984 trahere
1340 931 1529 984 nititur
1551 933 1620 986 ad
1667 935 1868 1003 gehen-

293 1027 446 1066 nam.
468 1011 608 1066 Cum
639 1012 730 1066 illo
763 1022 973 1082 partem
1011 1029 1117 1068 non
1147 1016 1394 1082 habeam,
1427 1027 1487 1072 ut
1530 1027 1726 1084 tecum,
1757 1021 1867 1075 Do-

294 1105 463 1168 mine,
492 1103 694 1172 possim
745 1105 964 1159 habere.
1017 1106 1243 1162 Vindica
1295 1107 1556 1164 fabricam
1598 1118 1744 1166 tuam
1797 1113 1865 1169 ab

293 1193 412 1256 illo,
450 1194 542 1262 qui
591 1194 838 1248 destruit.
901 1196 1150 1250 Damnari
1197 1198 1334 1254 alios
1383 1215 1490 1254 non
1550 1200 1726 1266 faciat,
1771 1204 1866 1272 qui

293 1284 534 1350 scipsum
557 1282 830 1337 damnavit
867 1300 880 1336 :
917 1284 1010 1339 sed
1035 1287 1214 1355 potius
1242 1287 1331 1342 ille
1368 1284 1492 1344 cum
1525 1291 1635 1344 suis
1659 1299 1864 1361 pereat,

292 1372 389 1440 qui
434 1372 659 1440 perdere
711 1382 904 1428 cuncta
963 1373 1198 1430 festinat.
1251 1377 1333 1432 Me
1361 1394 1489 1433 vero
1525 1383 1866 1452 omnipotens

292 1459 488 1523 libera,
527 1470 583 1514 et
621 1460 770 1529 eripe
800 1461 868 1515 ab
896 1461 1051 1516 hoste
1080 1465 1290 1533 generis
1321 1466 1560 1531 humani,
1588 1476 1642 1522 et
1668 1471 1867 1539 perduc

292 1565 385 1604 me
417 1550 488 1604 ad
513 1551 704 1620 gaudia
726 1561 947 1621 aeterna,
988 1556 1081 1610 ubi
1123 1556 1240 1613 sine
1290 1557 1396 1614 ﬁne
1424 1559 1594 1616 laetari
1630 1579 1860 1619 merear.

291 1638 493 1695 Amen.

291 1827 376 1885 In
409 1827 940 1916 tribulationibus
973 1836 1202 1916 uariis,
1242 1856 1374 1916 qua:
1409 1839 1483 1901 ab
1516 1841 1868 1906 hominibus

889 1912 1271 1992 inferunt-ur:

365 2027 559 2082 Invoca
585 2046 684 2093 me,
713 2030 790 2084 ait
811 2030 1070 2086 Dominus
1093 2049 1190 2102 per
1213 2033 1555 2106 Prophetam,
1583 2041 1636 2095 in
1665 2043 1748 2096 die
1776 2044 1868 2096 tri-

285 2117 578 2174 bulationis
629 2137 756 2174 mea:
810 2121 982 2193 [Leg.,
1047 2125 1174 2197 tum]
1229 2137 1276 2180 et
1339 2131 1557 2200 eripiam
1601 2143 1650 2186 te
1693 2133 1864 2204 (Psal.

287 2225 442 2274 χιιι,
487 2211 595 2281 l5).
622 2211 840 2267 Dulcior
863 2214 1001 2269 lacte
1031 2224 1086 2270 et
1118 2218 1274 2273 melle
1296 2221 1377 2273 ori
1404 2224 1588 2276 nostro
1614 2224 1728 2279 lucc
1759 2221 1866 2281 Do-

285 2301 424 2354 mini
448 2303 749 2371 promissio.
788 2303 921 2359 Cum
959 2321 1088 2376 ergo
1137 2309 1508 2366 tribulationes
1537 2330 1565 2367 a
1592 2314 1738 2370 falsis
1758 2311 1867 2371 l‘ra-

286 2389 466 2442 tribus
491 2392 742 2459 patimur,
776 2394 1084 2450 invocemus
1111 2413 1250 2462 eum,
1296 2402 1386 2470 qui
1419 2420 1517 2458 nos
1561 2415 1620 2459 ut
1652 2406 1867 2462 invoce-

281 2493 414 2532 mus
454 2479 719 2548 hortatur.
749 2481 966 2538 Certum
990 2493 1072 2540 est
1095 2489 1237 2541 enim
1269 2492 1393 2559 quia
1426 2493 1540 2546 vult
1582 2497 1860 2564 exaudire,

281 2571 384 2640 qui
420 2573 530 2626 vult
559 2575 816 2630 invocari.
848 2577 903 2631 In
953 2581 1036 2634 his
1063 2593 1190 2654 ergo
1219 2586 1395 2654 quinis
1443 2605 1694 2661 congruis
1718 2591 1865 2662 psal-

281 2664 396 2718 mis
449 2665 743 2723 clamemus
780 2671 848 2724 ad
889 2669 1174 2729 Dominum
1223 2693 1252 2730 a
1303 2676 1441 2735 facie
1490 2683 1799 2741 tribulantis
1843 2704 1855 2739 :

281 2754 511 2809 Salvum
538 2774 616 2810 me
635 2757 738 2826 fac,
763 2759 1004 2827 Domine,
1029 2767 1275 2836 quoniam
1289 2770 1475 2839 defecit
1497 2783 1708 2829 sanctus
1723 2793 1741 2840 ;
1764 2777 1863 2831 Ju-

277 2843 434 2908 dica,
463 2844 708 2913 Domine,
729 2860 964 2905 nocentes
989 2870 1107 2918 me;
1129 2854 1361 2923 Exaudi,
1385 2859 1545 2926 Deus,
1574 2866 1861 2919 orationem

277 2950 482 3006 meam,
511 2946 559 2990 et
598 2955 660 3014 ne
698 2938 988 3010 despexeris
1026 2943 1436 3014 deprecationem
1468 2949 1672 3018 mea'm;
1701 2953 1860 3026 Eripe

277 3023 446 3077 mede
459 3011 678 3080 inimicis
699 3029 849 3095 meis,
871 3029 1010 3085 Deus
1027 3049 1202 3098 meus;
1228 3035 1445 3092 Salvum
1467 3057 1546 3094 me
1567 3042 1672 3110 fac,
1695 3043 1855 3110 Deus,

273 3116 535 3184 quoniam
564 3118 885 3176 intraverunt
913 3140 1063 3194 aqum
1105 3143 1264 3198 usque
1291 3130 1360 3183 ad
1389 3134 1618 3188 animam
1645 3153 1812 3191 meam
1839 3152 1857 3189 :

277 3220 481 3276 usque,
524 3207 790 3265 Dederunt
819 3213 874 3268 in
920 3231 1039 3268 esea
1078 3234 1192 3272 mea
1227 3219 1316 3288 fel.
1346 3220 1551 3277 Cretera
1587 3241 1716 3281 vero
1740 3243 1860 3297 quas

275 3307 609 3367 noquuntur,
639 3302 762 3370 quia
784 3303 1134 3372 spiritualiter
1158 3306 1355 3362 Christi
1379 3310 1753 3369 interfectores
1782 3317 1860 3370 fed

277 3386 461 3451 riunt,
497 3389 748 3444 nolumus
791 3400 980 3448 contra
1029 3394 1363 3454 Christianos
1420 3409 1527 3455 tam
1556 3405 1859 3472 perniciosa

274 3477 572 3534 maledicta
597 3481 814 3550 jactari.

577 3591 770 3648 Versus
806 3606 864 3650 ut
899 3614 1080 3654 supra.
1122 3599 1368 3657 Seauttur
1393 3609 1580 3663 oratio.

356 3700 569 3758 Christe
625 3705 726 3760 Fili
774 3708 868 3763 Dei
911 3709 1036 3777 vivi,
1070 3713 1240 3769 virtus
1291 3723 1346 3769 et
1401 3733 1504 3772 una
1567 3719 1858 3778 indiscreta

270 3791 563 3860 majestas,
597 3797 858 3853 orationis
887 3815 1019 3854 mem
1042 3809 1152 3856 tota
1179 3805 1512 3872 substantia;
1541 3809 1732 3865 invoco
1763 3828 1859 3867 no-

271 3897 410 3936 men
441 3892 591 3938 tuum
648 3897 890 3942 sanctum
925 3908 936 3943 :
965 3893 1157 3947 exaudi
1199 3907 1284 3949 me
1314 3911 1434 3951 cum
1465 3901 1625 3954 corde
1653 3901 1859 3958 luctan-

271 3982 416 4036 tem,
436 3981 490 4026 et
508 3987 884 4043 agnoscentem
912 3991 1131 4050 peccata
1157 3982 1476 4054 facinorum,
1500 3999 1554 4043 et
1575 3992 1859 4060 cogitatio-

270 4079 414 4120 num
445 4067 672 4122 crimina
721 4071 1086 4127 confitentem.
1133 4075 1360 4148 Frange,
1417 4079 1659 4148 Domine,
1711 4095 1859 4141 artes

269 4157 508 4224 diaboli,
564 4157 942 4231 obrepentibus
990 4161 1108 4220 aliis
1155 4167 1296 4221 aliud
1347 4173 1698 4240 suggerendo.
1739 4175 1856 4246 lpsa

269 4247 428 4302 enim
469 4250 766 4304 oralionem
795 4253 847 4307 in
893 4253 1269 4310 alienationem
1301 4261 1554 4328 captivat.
1606 4262 1854 4334 Respice,

268 4339 532 4404 Domine,
583 4340 849 4412 lacrymas
915 4360 1100 4410 meas;
1157 4355 1212 4401 et
1267 4362 1388 4402 cum
1448 4351 1698 4422 lacrymtc
1748 4371 1855 4409 non

1970 476 2087 573 ipsa
2133 483 2410 552 ereptione
2463 503 2710 557 quaerens
2761 507 2791 546 a
2847 495 3002 550 nobis
3038 476 3225 557 laudis
3276 476 3536 573 debitum,

1968 565 2243 634 subjunxit
2281 574 2464 628 statim
2509 593 2524 628 :
2571 587 2620 631 et
2664 579 3036 650 honoriﬁcabis
3062 603 3160 641 me.
3193 589 3330 646 Hine
3368 565 3540 650 David

1967 655 2044 709 ait
2072 673 2086 708 τ
2116 656 2184 712 In
2199 675 2280 712 me
2307 672 2452 728 sunt,
2481 663 2644 732 Deus,
2669 678 2809 734 vota,
2837 688 2954 741 qua:
2976 675 3193 730 reddam
3212 677 3537 737 laudationis

1967 745 2080 799 tibi.
2145 747 2408 813 Quoniam
2471 755 2708 824 eripuisti
2759 761 2988 818 animam
3037 782 3204 821 nteant
3256 771 3322 824 de
3375 783 3540 827 morte

1967 833 2142 928 (Dsal.
2171 853 2260 902 ιν,
2307 839 2416 910 12).
2470 841 2607 898 Hinc
2633 846 2826 900 iterum
2865 851 2992 906 dicit
3038 872 3052 908 ε
3099 854 3237 920 Quia
3282 859 3453 928 fastus
3481 877 3536 916 es

1966 921 2180 990 adjutor
2201 939 2345 980 meus
2373 935 2422 980 et
2435 929 2705 1000 refugium
2731 951 2938 1000 meum;
2975 941 3031 993 in
3068 942 3152 996 die
3180 921 3534 1003 tribulationis

1965 1025 2093 1062 mete
2119 1024 2384 1083 susceptor
2432 1032 2576 1071 meus
2615 1019 2709 1072 tibi
2748 1023 2973 1090 psallam
3018 1027 3188 1100 (Psal.
3221 1044 3373 1102 Lvut,
3422 1037 3530 1110 18).

2037 1099 2176 1170 Ergo
2197 1118 2318 1158 cum
2338 1105 2388 1158 in
2421 1109 2806 1167 tentationibus
2825 1117 3012 1182 variis,
3030 1099 3116 1174 vel
3145 1121 3400 1180 falsorum
3426 1099 3532 1182 fra-

1969 1195 2126 1254 trum,
2165 1193 2248 1246 vel
2293 1197 2626 1255 saevientium
2655 1202 2954 1260 daamonum
2983 1209 3328 1271 inciderimus
3355 1235 3368 1270 :
3402 1233 3532 1273 con-3

1968 1289 2049 1335 tra
2081 1283 2178 1338 hos
2206 1296 2260 1339 et
2282 1287 2402 1342 illos
2428 1291 2593 1344 divini
2618 1294 2765 1348 verbi
2784 1297 2964 1366 jacnla
2991 1301 3379 1375 intorquentes,
3405 1326 3530 1367 cum

1966 1372 2086 1429 illos
2127 1376 2408 1446 defecisse,
2441 1390 2496 1436 et
2533 1400 2630 1438 nos
2670 1389 3003 1446 convaluisse
3038 1396 3351 1465 viderimus,
3405 1411 3530 1458 mox

1965 1477 2154 1532 puram
2196 1469 2373 1524 cordis
2419 1474 2588 1528 nostri
2622 1475 2990 1546 intentionem,
3026 1485 3313 1557 oculosque
3341 1499 3396 1544 et
3423 1507 3538 1546 mae

1967 1567 2067 1606 nus
2095 1555 2161 1608 ad
2201 1557 2396 1613 cmlum
2421 1560 2683 1630 levantes,
2713 1567 2768 1620 in
2794 1585 2924 1625 voce
2967 1572 3140 1631 laudis
3164 1555 3538 1637 et'confcssio-

1967 1643 2053 1696 nis
2075 1645 2456 1705 benedieamus
2489 1653 2586 1719 illi,
2611 1657 2701 1724 qui
2744 1660 2892 1714 misit
2915 1663 2980 1717 de
3007 1665 3165 1732 cmlo,
3208 1677 3263 1722 et
3292 1669 3539 1726 liberavit

1901 1744 1945 1804 Β
1972 1749 2088 1799 nos,
2111 1746 2165 1790 et
2192 1738 2338 1794 dedit
2364 1741 2417 1794 in
2445 1746 2792 1812 opprobrium
2827 1753 3203 1811 conculcantes
3229 1774 3344 1814 nos.
3377 1759 3538 1816 Dica-s

1970 1839 2090 1878 mus
2129 1827 2206 1880 illi
2253 1833 2602 1887 eoncordanti
2648 1839 2808 1894 corde
2839 1858 2851 1892 :
2883 1841 3144 1899 Exn/tabo
3184 1857 3254 1913 te,
3291 1848 3534 1918 Domine,

1967 1915 2213 1984 quoniam
2229 1923 2498 1992 suscepisti
2524 1940 2625 1990 me;
2649 1943 2739 1980 nec
2758 1929 3024 1986 delectasti
3039 1935 3273 1992 inimicos
3295 1957 3434 1994 meos
3449 1958 3540 1996 stt-

1968 2019 2062 2072 per
2080 2021 2177 2058 me.
2195 2007 2263 2060 Et
2282 2016 2631 2081 consequenti
2655 2019 3036 2076 conscientiam
3053 2024 3218 2095 (locus
3239 2032 3537 2103 corruptus)

1969 2093 2085 2159 ejus
2114 2111 2282 2165 usque
2304 2100 2357 2152 in
2392 2103 2552 2156 linem
2577 2108 2951 2166 continuenius
2978 2114 3025 2167 ei
3053 2093 3069 2166 εὴ
3089 2104 3400 2172 Βεηεάίεαηι
3428 2120 3539 2174 Do-

1969 2184 2109 2236 mino
2137 2187 2190 2238 in
2213 2191 2354 2242 omni
2375 2201 2632 2261 tempore;
2655 2194 2888 2253 .lu'bilate
2907 2201 3012 2272 33
3035 2204 3141 2258 Deo
3164 2209 3330 2262 omnis
3353 2219 3491 2265 terra
3517 2226 3536 2264 :

1969 2275 2240 2332 Psalmum
2270 2282 2426 2336 dicite
2447 2288 2646 2340 nomini
2667 2289 2812 2357 ejus;
2837 2291 2958 2346 Nisi
2989 2297 3126 2365 quod
3151 2297 3404 2355 Dominus
3425 2313 3539 2357 erat

1967 2367 2020 2419 in
2053 2371 2221 2436 nobis,
2259 2373 2400 2427 dicat
2425 2392 2562 2430 nunc
2587 2377 2793 2445 Israel;
2821 2381 3119 2452 Conﬁtebor
3152 2388 3266 2454 tibi,
3291 2390 3535 2460 Domine,

1965 2456 2022 2508 in
2063 2468 2169 2512 toto
2211 2463 2366 2515 corde
2415 2471 2562 2530 nteo’;
2591 2470 2838 2538 quoniam
2873 2474 3136 2528 exaudiin
3171 2479 3347 2532 omnia
3385 2481 3538 2536 verba

1967 2547 2071 2600 oris
2121 2551 2241 2603 mei.
2279 2550 2572 2609 Considera
2609 2565 2808 2625 tamen,
2841 2563 2933 2630 qui
2970 2563 3122 2634 legis,
3153 2574 3208 2620 et
3249 2572 3534 2640 perspicue

1965 2635 2171 2691 videbis
2199 2639 2254 2692 in
2282 2641 2428 2695 nullo
2470 2645 2820 2714 psalmorum,
2861 2665 3021 2720 quam
3063 2653 3118 2706 in
3143 2655 3228 2710 his
3251 2635 3532 2728 lquinque,

1967 2727 2162 2782 melius
2206 2740 2330 2799 post
2401 2733 2800 2791 tribulationem
2878 2742 2945 2794 de
3000 2754 3254 2814 percepto
3319 2727 3531 2817 gaudio,

1967 2819 2211 2887 aptiusve
2238 2838 2394 2892 posse
2420 2827 2624 2895 gratias
2652 2828 2880 2886 Domino
2909 2837 3266 2904 compensari.

2206 2928 2332 2984 Post
2365 2932 2694 2990 Dominicam
2727 2937 3032 2994 Orationem
3067 2958 3240 2999 versus
3267 2961 3288 3002 .'

2033 3018 2167 3095 Cum
2203 3042 2510 3100 invocarem
2565 3056 2638 3115 te,
2688 3053 2956 3108 exaudisti
3000 3071 3086 3110 me
3131 3057 3273 3114 Deus
3309 3055 3536 3130 justitia:

1963 3146 2116 3197 mem,
2159 3133 2213 3186 in
2238 3136 2582 3193 tribulatione
2609 3140 2843 3197 dilatasti
2884 3144 3036 3199 mihi.
3075 3145 3382 3203 Couﬁtehor
3413 3151 3534 3218 tibi,

1962 3223 2209 3292 Domine,
2242 3227 2296 3280 in
2329 3237 2442 3282 toto
2468 3231 2628 3284 corde
2651 3248 2793 3299 meo,
2816 3237 3046 3291 narrabo
3069 3238 3250 3291 omnia
3274 3241 3537 3296 mirabilia

1961 3327 2071 3374 tua.
2104 3320 2351 3377 Lmtabor
2385 3333 2440 3378 ct
2468 3326 2751 3382 exsultabo
2792 3328 2847 3382 in
2894 3338 2963 3394 te,
2997 3339 3052 3385 et
3079 3331 3304 3400 psallam
3333 3335 3540 3390 nomini

1962 3417 2074 3475 tuo,
2103 3411 2396 3468 Altissime.
2427 3414 2727 3471 Essultavit
2756 3433 2850 3473 cor
2873 3435 3048 3476 meum
3072 3422 3125 3476 in
3158 3423 3378 3479 salutari
3405 3435 3496 3480 tuo
3523 3444 3538 3484 :

1959 3501 2188 3556 cantabo
2231 3503 2479 3569 Domino,
2507 3507 2599 3574 qui
2629 3507 2768 3561 bona
2807 3509 2992 3564 tribuit
3037 3513 3167 3567 mihi
3188 3553 3203 3578 ,
3233 3521 3286 3568 et
3315 3515 3539 3584 psallam

1958 3591 2159 3644 nomini
2175 3591 2676 3649 DominiAltissimi.
2696 3597 2938 3654 Narrabo
2957 3617 3152 3656 nomen
3180 3610 3329 3656 tuum
3355 3605 3538 3659 fratri-

1958 3681 2059 3735 bus
2104 3683 2254 3747 meis,
2307 3685 2362 3738 in
2400 3686 2578 3741 medio
2607 3686 2862 3744 Ecclesia:
2903 3691 3130 3747 laudabo
3160 3701 3231 3747 te.
3271 3693 3534 3760 Quoniam

1958 3773 2241 3840 respexisti
2290 3774 2648 3831 humilitatem
2695 3793 2872 3832 meam
2901 3819 2915 3844 ,
2963 3783 3191 3836 servasti
3235 3786 3303 3839 de
3349 3800 3536 3840 neces-

1959 3861 2209 3916 sitatibus
2264 3864 2499 3918 animam
2563 3881 2771 3932 meam;
2821 3884 2922 3924 nec
2977 3871 3285 3927 conclusisti
3333 3890 3419 3930 me
3478 3877 3532 3930 in

1957 3967 2148 4006 manus
2203 3954 2425 4008 inimici.
2486 3955 2798 4013 Conﬁtebor
2838 3961 2971 4026 tibi,
3033 3963 3277 4034 Domine,
3315 3967 3370 4021 in
3427 3983 3531 4024 sm-

1957 4044 2096 4109 cula,
2155 4047 2281 4115 quia
2331 4043 2550 4102 fecisti:
2597 4058 2654 4104 et
2711 4055 3036 4122 exspectabo
3081 4071 3277 4111 nomen
3334 4065 3528 4128 tuum,

1959 4138 2211 4206 quoniam
2283 4140 2482 4194 bonum
2557 4150 2640 4196 est
2719 4152 2845 4199 ante
2908 4156 3256 4216 conspectum
3305 4159 3533 4206 sancto-

1956 4241 2075 4280 rum
2119 4237 2354 4282 tuorum.
2399 4230 2688 4286 Protexisti
2736 4249 2820 4287 me
2863 4249 2893 4288 a
2939 4245 3202 4292 conventu
3233 4240 3527 4311 malignan-

1956 4312 2112 4386 tium,
2168 4330 2222 4375 et
2280 4337 2310 4375 a
2369 4323 2711 4380 multitudine
2771 4329 3106 4398 operantium
3168 4331 3526 4402 iniquitatem.

269 4436 431 4493 sunt,
455 4408 778 4501 indulgentia
805 4441 908 4488 tum
934 4408 1152 4502 pietatis
1182 4430 1420 4492 infunde.
1453 4408 1673 4496 Custodi
1697 4443 1749 4497 in
1771 4461 1858 4500 me
1891 4430 1936 4487 Ι)
1960 4408 2249 4479 Pmpwrea
2299 4412 2598 4467 conﬁtebor
2637 4415 2732 4468 “bl
2790 4433 2843 4470 m
2897 4418 3137 4488 papuhs‘
3177 4419 3430 4486 Donnne’
3479 4433 3536 4479 et

269 4519 683 4574 immaculatam
715 4523 894 4586 ﬁdem,
924 4539 1116 4594 meque
1138 4541 1258 4580 cum
1284 4529 1547 4597 proximis
1569 4533 1702 4587 meis
1720 4549 1861 4589 sem-

266 4622 384 4676 per
409 4609 462 4663 in
490 4625 622 4679 pace
658 4614 979 4680 reconcilia;
1023 4615 1232 4671 fructus
1259 4625 1395 4681 tuos,
1441 4622 1596 4690 panis
1637 4637 1700 4679 ac
1726 4626 1856 4693 vini,

267 4700 502 4768 propria
551 4701 800 4771 largitate
843 4705 1126 4760 distribue.
1177 4706 1294 4763 Tibi
1343 4710 1539 4765 inclino
1567 4710 1856 4784 cervicem,

270 4790 381 4845 tibi
406 4805 578 4860 genua
620 4792 794 4848 ﬂecto.
832 4795 908 4850 Te
937 4798 1217 4853 Dominum
1249 4815 1447 4867 meum,
1475 4819 1596 4860 cum
1622 4807 1698 4863 sis
1722 4826 1860 4866 umis

265 4880 418 4952 [Al.,
461 4884 636 4956 vivus]
663 4902 676 4949 ;
727 4887 782 4941 in
812 4899 996 4944 sancta
1028 4891 1291 4948 Trinitate
1320 4896 1600 4952 conﬁteor.
1631 4899 1859 4972 Frange,

263 4972 529 5038 Domine,
578 4986 763 5031 contra
813 4995 899 5034 me
940 4983 1180 5038 omniUm
1209 4994 1550 5056 potestatem,
1597 5006 1727 5048 erue
1776 5011 1862 5051 me

259 5063 583 5134 iacentem;
613 5076 670 5122 et
687 5083 750 5123 ea
773 5087 891 5140 qua:
917 5074 1133 5143 explere
1158 5091 1262 5130 non
1286 5089 1526 5148 possum,
1570 5084 1726 5152 quasi
1753 5087 1864 5142 sint

259 5155 579 5224 postulata,
607 5161 858 5215 concede.
890 5161 1084 5219 Amen.

1015 5279 1129 5342 1X.

261 5363 604 5464 Optimum
623 5374 993 5464 recitatione
1019 5380 1288 5458 quinque
1310 5384 1697 5464 psalmorum
1722 5396 1867 5464 post

361 5447 836 5512 tribulationem
883 5453 955 5515 de
1003 5447 1329 5536 percepto.
1357 5463 1587 5538 gaudio
1625 5447 1866 5542 gratias

364 5545 566 5604 agerc.

351 5642 525 5714 Igitur
576 5660 700 5702 cum
750 5647 872 5718 pius
899 5650 1159 5708 Dominus
1184 5652 1430 5721 dixisset,
1467 5655 1656 5713 ltit‘OCtl
1689 5676 1766 5714 me
1811 5654 1863 5715 in

1960 4503 2162 4556 nomini
2189 4511 2281 4558 tuo
2308 4504 2574 4574 psalmum
2600 4505 2796 4560 dicam.
2827 4507 2968 4562 Deus
2993 4509 3048 4564 in
3078 4521 3263 4568 sancto
3291 4513 3378 4566 via
3419 4521 3528 4580 tua,

1959 4593 2080 4662 quis
2107 4595 2248 4649 Deus
2288 4611 2511 4664 magnus
2558 4597 2696 4652 sicut
2733 4598 2874 4653 Deus
2917 4601 3137 4655 noster?
3180 4601 3259 4656 Tu
3281 4618 3341 4658 es
3371 4604 3532 4673 Deus,

1960 4687 2050 4755 qui
2080 4686 2214 4742 facis
2256 4689 2520 4743 mirabilia
2551 4691 2717 4747 solus.
2768 4692 2878 4762 Ego
2916 4704 3094 4748 autem
3125 4711 3338 4764 semper
3380 4699 3435 4752 in
3477 4708 3538 4756 te.

1963 4778 2196 4845 speravi,
2238 4778 2484 4845 Domine,
2527 4789 2581 4835 et
2639 4781 2889 4850 adjiciam
2948 4799 3110 4854 super
3161 4801 3374 4842 omnem
3417 4789 3535 4845 lau¢

1960 4864 2082 4919 dem
2122 4873 2287 4922 tuam.
2347 4863 2472 4922 Mihi
2514 4879 2692 4923 autem
2734 4871 3008 4927 adhaerere
3063 4873 3289 4929 Domino
3333 4877 3533 4933 bonum

1959 4963 2062 5019 est,
2095 4971 2296 5024 ponere
2320 4957 2372 5010 in
2401 4958 2626 5012 Domino
2658 4959 2766 5015 Deo
2801 4975 2950 5029 spem
2989 4978 3184 5018 meam.
3218 4964 3322 5020 Per
3347 4967 3534 5039 singu-

1959 5044 2039 5099 los
2073 5043 2528 5102 dics’benedicam
2561 5059 2629 5116 te,
2681 5060 2736 5105 et
2765 5052 2994 5109 laudabo
3037 5072 3232 5112 nomen
3282 5067 3430 5115 tuum
3477 5067 3532 5115 in

1959 5144 2242 5200 aeternum,
2291 5146 2346 5191 et
2385 5139 2437 5192 in
2467 5140 2719 5195 smculum
2770 5145 2972 5198 saeculi.
3005 5146 3268 5213 Quoniam
3315 5158 3392 5213 tu,
3423 5149 3534 5203 Βο-

1961 5227 2123 5292 mine,
2157 5227 2411 5298 adjuvisti
2439 5246 2554 5296 me,
2581 5243 2636 5286 et
2663 5235 2972 5292 consolatus
3001 5251 3060 5292 es
3088 5254 3194 5293 me.
3227 5235 3310 5292 Sit
3337 5256 3532 5295 nomen

1966 5316 2179 5372 Domini
2219 5321 2580 5391 benedictum,
2621 5339 2687 5380 ex
2718 5327 2821 5383 hoc
2845 5345 2987 5384 nunc
3013 5339 3068 5384 et
3091 5346 3257 5402 usque
3284 5331 3335 5386 in
3367 5344 3536 5387 saccu-

1967 5405 2098 5461 lum.

2642 5484 2846 5541 Oratio.

2040 5570 2385 5629 Benedictum
2432 5592 2628 5632 nomen
2673 5589 2842 5642 tuum,
2885 5579 3108 5633 Domine
3137 5580 3278 5633 Deus
3315 5591 3531 5650 patrum

1968 5670 2306 5720 nostrorum:
2332 5667 2424 5736 qui
2455 5682 2575 5722 cum
2602 5669 2770 5725 iratus
2807 5669 2973 5725 fueris
3002 5670 3426 5729 misericordiam
3457 5679 3534 5730 tas

4025 1163 4033 1484 ;
