4038 6336
36 451 38 565 γ

528 230 634 287 εδδ

1394 227 1452 280 Β.
1493 226 1554 281 F.
1593 223 1816 281 ALBlNl
1857 222 1987 280 SEU
2024 222 2300 280 ALCUINI
2337 222 2620 281 OPERUM
2654 224 2831 281 PARS
2868 225 2953 282 Π.

3666 233 3769 294 ιιι

529 346 624 408 eis,
654 353 708 400 et
734 345 787 411 in
815 353 1054 415 tempore
1078 343 1443 398 tribulationis
1471 350 1696 412 peccata
1722 342 1954 397 dimittis
1992 341 2096 405 his,
2126 345 2175 403 Α
2206 355 2401 395 meam.
2429 342 2611 413 Dirige
2650 359 2737 399 me
2779 345 2833 400 in
2856 347 3086 403 veritate
3125 354 3238 415 tua,
3261 357 3315 405 et
3334 349 3467 406 doce
3487 366 3575 408 me
3605 367 3621 407 :
3646 355 3767 423 quia

529 435 619 504 qui
669 435 915 489 invocant
947 450 1138 489 nomen
1186 442 1355 488 tuum.
1391 433 1474 488 Ad
1519 442 1590 499 te,
1633 432 1877 498 Domine,
1908 432 2101 487 faciem

530 539 704 589 meam
750 533 1031 588 converto,
1066 524 1160 577 tibi
1187 523 1368 577 omnia
1409 532 1633 592 peccata
1660 538 1779 578 mea
1815 524 2096 579 conﬁteor.

529 615 610 669 Tu
633 616 774 670 nosti
803 616 1002 679 omnia,
1049 623 1339 685 antequam
1372 614 1522 669 ﬁant.
1560 614 1640 669 Tu
1670 616 1796 681 scis,
1833 618 1957 685 quia
1981 622 2103 685 post

530 707 853 777 baptismum
881 714 1146 776 praecepta
1176 716 1266 760 tua
1290 708 1609 775 contempsi,
1644 715 1700 761 et
1731 708 1981 761 mandata
2008 715 2101 761 tua

529 811 635 849 non
696 795 1002 860 custodivi;
1061 803 1115 849 et
1149 794 1347 849 bonum
1381 795 1526 863 quod
1565 796 1712 864 potui
1759 795 1959 860 facere,
2004 812 2102 865 per

530 882 908 952 negligentiam
934 898 1041 937 non
1067 883 1169 938 feci
1195 902 1207 936 :
1237 892 1292 938 et
1320 883 1517 937 malum
1540 885 1681 952 quod
1704 900 1809 939 non
1839 886 1996 940 debui
2022 886 2101 940 fa-

529 986 670 1034 cere,
693 986 791 1040 per
831 973 1111 1029 audaciam
1138 974 1465 1043 perpetravi.
1496 974 1561 1027 Et
1584 990 1682 1045 per
1721 978 2100 1045 concupiscenv

529 1060 659 1113 tiam
691 1060 858 1115 multa
894 1062 1032 1115 mala
1065 1061 1164 1116 feci
1195 1064 1247 1116 in
1278 1062 1415 1127 visu,
1447 1063 1500 1116 in
1530 1065 1736 1129 auditu,
1766 1066 1818 1119 in
1843 1075 2021 1136 gustu,
2045 1068 2100 1121 in

529 1153 838 1218 odoratu,et
859 1164 1002 1209 tactu
1030 1169 1043 1207 :
1073 1155 1125 1208 in
1140 1155 1483 1225 cogitatione,
1500 1165 1553 1210 et
1574 1157 1626 1210 in
1650 1158 1938 1222 locutione,
1966 1168 2021 1213 et
2045 1160 2098 1238 in

527 1255 710 1310 opere.
731 1242 797 1295 Et
821 1243 1030 1311 quodin
1046 1252 1387 1299 sacrosancto
1399 1246 1717 1314 baptismate
1740 1263 1923 1303 coram
1938 1263 2100 1321 ange-

531 1330 600 1386 lis
620 1333 891 1386 etsanctis
915 1335 1019 1388 tuis
1039 1334 1284 1403 promisi,
1314 1350 1418 1389 non
1445 1337 1707 1391 custodivi
1725 1379 1738 1403 ,
1755 1339 2094 1404 sicutdehui;

528 1435 629 1476 nec
675 1422 978 1492 adimplevi,
1019 1423 1111 1478 sed
1152 1424 1459 1493 consumpsi
1502 1424 1717 1496 [Forte,
1752 1429 2097 1501 contempsi],

527 1517 585 1563 et
636 1512 918 1581 praeceptis
958 1512 1062 1566 tuis
1093 1528 1197 1568 non
1232 1514 1466 1579 obedivi,
1518 1516 1658 1571 sicut
1706 1519 1863 1573 debui
1888 1532 1913 1560 ει
1948 1539 1961 1573 :
2005 1521 2100 1576 sed

528 1601 902 1669 superbiendo,
942 1602 1242 1668 irascendo,
1293 1606 1706 1673 contemnendo,
1756 1610 2092 1681 negligenda,

2200 438 2257 485 tu
2280 446 2340 486 es
2360 432 2499 488 Deus
2522 433 2777 489 salutaris
2801 449 2970 501 meus,
2991 445 3048 493 et
3067 447 3119 493 te
3146 443 3373 495 sustinui
3399 450 3512 498 tota
3541 444 3648 499 die.
3674 445 3770 502 De-

2198 522 2303 577 duc
2337 537 2444 590 me,
2481 525 2706 580 Domine
2758 527 2813 581 in
2851 529 2937 582 via
2978 536 3098 595 tua;
3136 538 3192 586 et
3231 534 3517 589 ambulaho
3542 536 3596 590 in
3632 538 3769 592 veri-

2200 621 2312 667 tate
2343 604 2680 671 tua.'Averte
2701 617 2885 672 oculos
2901 634 3069 685 meos,
3098 636 3166 675 ne
3191 622 3407 678 videant
3431 626 3725 681 vanitatem
3753 669 3765 681 .

2199 700 2255 754 in
2294 701 2382 754 via
2413 710 2503 755 tua
2534 704 2745 758 viviﬁca
2772 720 2876 760 me.
2907 706 3102 778 Legem
3139 710 3267 764 mihi
3294 714 3561 769 constitue
3586 714 3642 769 in
3684 716 3768 770 via

2196 796 2307 850 tua,
2335 796 2389 843 et
2409 789 2582 860 dirige
2604 806 2690 846 me
2713 793 2767 847 in
2788 795 3032 848 semitam
3055 807 3257 853 rectam
3283 811 3504 871 propter
3526 804 3769 861 inimicos

2198 892 2367 932 meos.
2410 879 2589 935 Deduc
2621 897 2709 935 me
2735 882 2787 935 in
2824 884 3070 939 semitam
3100 890 3477 945 mandatorum
3521 902 3767 963 tuorum,

2199 968 2321 1034 quia
2374 967 2545 1036 ipsam
2573 970 2735 1024 volui.
2766 972 2831 1025 Et
2869 975 3236 1032 misericordia
3270 988 3360 1034 tua
3408 983 3770 1053 subsequatur

2197 1073 2305 1123 me,
2351 1060 2600 1115 omnibus
2628 1063 2817 1118 diebus
2856 1064 2981 1120 vitae
3021 1082 3175 1123 meae.
3205 1070 3310 1125 Sed
3346 1081 3399 1126 et
3435 1074 3616 1146 lingua
3652 1093 3771 1135 mea

2199 1147 2546 1203 meditabitur
2571 1148 2842 1219 justitiam
2887 1163 3053 1217 tuam,
3080 1165 3190 1211 tota
3222 1158 3310 1215 die
3352 1161 3563 1218 laudem
3601 1173 3767 1221 tuam.

2200 1236 2283 1291 Sit
2310 1253 2505 1293 nomen
2527 1240 2737 1295 Domini
2756 1243 3120 1313 benedictum,
3145 1263 3211 1303 ex
3234 1250 3337 1306 hoc
3358 1268 3502 1308 nunc
3522 1262 3578 1309 et
3599 1271 3770 1327 usque

2198 1326 2252 1380 in
2280 1328 2551 1383 smculum.

2883 1403 3086 1460 Oratio.

2268 1487 2485 1545 Gratias
2515 1490 2612 1546 tibi
2637 1506 2756 1563 ago,
2782 1492 3125 1565 omnipotens
3145 1498 3326 1565 Pater,
3353 1502 3445 1571 qui
3471 1517 3559 1557 me
3580 1503 3770 1575 digna-

2203 1589 2290 1636 tus
2315 1597 2375 1637 es
2403 1582 2458 1636 in
2493 1584 2596 1638 hac
2622 1594 2780 1640 nocte
2815 1588 3106 1643 custodire.
3135 1590 3404 1660 Deprecor
3430 1595 3772 1653 clementiam

527 1692 772 1759 proprias
818 1694 1117 1750 voluntates
1150 1694 1417 1761 faciendo,
1465 1675 1869 1765 murmurando,
1915 1703 2096 1756 detraa
2129 1676 2171 1735 Β
2200 1680 2367 1737 mam’
2432 1685 2672 1743 puss'me
2713 1675 2957 1743 Domme’
3021 1686 3082 1732 ut
3134 1682 3400 1738 concedas
3441 1686 3576 1739 ""1"
3622 1688 3767 1743 d'em

526 1781 719 1847 bendo,
748 1782 1085 1851 dijudicando
1112 1786 1296 1855 culpas
1317 1788 1540 1841 incurri.
1573 1789 1732 1855 Deus,
1756 1799 1815 1843 tu
1838 1792 1942 1846 scis
1966 1792 2096 1847 insi-

526 1870 781 1937 pientiam
808 1887 1006 1937 meam,
1029 1883 1083 1929 et
1108 1874 1298 1929 delicta
1325 1890 1440 1930 mea
1463 1886 1567 1931 ate
1590 1893 1696 1932 non
1721 1886 1847 1933 sunt
1870 1879 2096 1935 abscon-

524 1958 656 2013 dita.
696 1960 889 2031 Aspice
916 1964 968 2018 in
1001 1980 1088 2019 me
1122 1967 1467 2021 conﬁtentem
1496 1977 1718 2037 peccata
1750 1985 1869 2024 mea
1909 1985 2095 2026 coram

526 2057 596 2110 te,
637 2059 691 2104 et
722 2052 980 2107 miserere
1030 2056 1157 2109 mei.
1200 2055 1446 2111 Concede
1485 2057 1618 2111 mibi
1670 2058 1723 2112 in
1763 2059 1867 2114 hoc
1900 2061 2096 2116 saeculo

522 2154 683 2210 agere
728 2157 912 2197 veram
937 2146 1327 2213 ptenitentiam,
1358 2156 1411 2202 et
1438 2148 1492 2202 in
1534 2147 1717 2204 futuro
1744 2149 1811 2204 da
1842 2152 1970 2204 mihi
2008 2153 2094 2205 in-

525 2230 875 2301 dulgentiam,
900 2235 1027 2302 quia
1070 2245 1125 2289 tu
1168 2237 1418 2307 dignatus
1441 2254 1501 2293 es
1528 2239 1707 2295 dicere
1738 2258 1750 2293 :
1796 2239 1933 2295 Nolo
1958 2258 2097 2296 mor-

524 2329 629 2373 tem
672 2324 976 2390 peccatoris,
1026 2324 1115 2377 sed
1164 2335 1219 2377 ut
1240 2337 1570 2381 convertatur
1618 2339 1665 2383 et
1708 2331 1838 2385 vivat
1876 2330 2091 2403 (Ezech.

524 2424 720 2475 χχχιιι,
760 2411 871 2481 ll).
918 2411 1139 2467 Eil‘unde
1160 2429 1321 2484 super
1342 2432 1428 2471 me
1462 2418 1894 2475 misericordiam
1924 2431 2091 2488 tuam,

524 2507 581 2552 et
606 2498 813 2554 dimitte
834 2502 1011 2554 omnia
1036 2512 1260 2570 peccata
1288 2520 1427 2570 mea,
1455 2522 1578 2575 quae
1611 2510 1938 2563 conscientia
1978 2525 2096 2564 mea

526 2586 740 2652 metuit,
774 2595 831 2643 et
866 2588 1034 2658 adjice
1055 2591 1197 2659 quod
1224 2594 1398 2648 oratio
1438 2610 1546 2649 non
1585 2599 1880 2664 praesumit.
1929 2598 1996 2653 Et
2028 2598 2096 2654 da

525 2676 655 2731 mihi
686 2681 1143 2747 perseverantiam
1176 2681 1228 2735 in
1264 2683 1420 2738 bonis
1447 2687 1721 2754 operibus,
1762 2697 1822 2742 ut
1861 2696 1913 2745 te
1937 2690 2098 2746 misce

525 2774 679 2821 rante
707 2768 989 2836 pervenire
1025 2785 1237 2825 merear
1264 2774 1329 2825 ad
1353 2773 1579 2843 gloriam
1606 2778 1755 2847 regni
1780 2778 1877 2845 tui,
1913 2777 2089 2835 Salva«

523 2862 610 2909 tor
631 2857 850 2922 mundi,
882 2859 973 2928 qui
1002 2859 1136 2916 vivis
1155 2870 1211 2915 et
1235 2877 1429 2934 regnas
1450 2865 1503 2919 in
1528 2867 1723 2922 smcula
1751 2870 2094 2927 szeculorum.

523 2943 715 3001 Amen.

1279 3024 1363 3086 X.

525 3112 710 3189 Quod
735 3117 887 3199 satis
917 3118 1013 3199 sit
1031 3119 1185 3199 utile
1208 3126 1549 3199 prtevenire
1586 3127 1916 3190 Dominum
1944 3147 2096 3191 ora—

596 3212 601 3215 ν
827 3195 1104 3257 tionibus
1137 3195 1375 3280 iit—ipso
1408 3202 1534 3265 diei
1561 3206 1772 3267 initio.

590 3311 792 3369 Docent
847 3331 946 3371 nos
1003 3323 1173 3376 sancti
1235 3326 1511 3395 propheta:
1571 3330 1683 3384 suis
1744 3331 2095 3397 imitabilibus

522 3403 803 3473 exemplis,
838 3411 1133 3474 praevenire
1158 3412 1348 3469 faciem
1388 3417 1599 3472 Domini
1637 3435 1797 3475 mane
1836 3423 2093 3478 orationi-

520 3492 620 3548 bus
655 3497 873 3552 nostris.
915 3499 982 3553 Et
1008 3501 1173 3558 David
1198 3505 1439 3573 quidem,
1470 3506 1647 3573 Mane,
1677 3510 1853 3579 inquit
1882 3513 1950 3568 ad
1989 3513 2094 3569 Do-

520 3584 748 3650 minum,
774 3590 943 3642 oratio
971 3607 1085 3644 mea
1112 3596 1387 3661 prameniet
1411 3605 1460 3650 te
1488 3595 1657 3666 (Psal.
1704 3616 1943 3668 Lxxxvu,
1981 3604 2089 3677 14).

518 3671 686 3728 Isaias
705 3685 884 3731 autem
908 3680 985 3733 sic
1013 3698 1025 3733 :
1066 3681 1253 3736 Anima
1281 3701 1393 3738 mea
1420 3685 1732 3744 desideravit
1753 3701 1802 3745 te
1828 3693 1881 3747 in
1905 3704 2051 3749 nocte
2071 3711 2091 3749 :

522 3766 611 3819 sed
635 3768 688 3820 in
717 3770 902 3837 spiritu
932 3788 1064 3835 meo,
1098 3774 1155 3827 in
1180 3774 1483 3844 praecordiis
1523 3780 1649 3835 meis
1679 3781 1742 3835 de
1784 3799 1935 3838 mane
1972 3786 2101 3859 vigi-r

518 3853 636 3909 laba
661 3858 729 3910 ad
750 3867 797 3912 te
829 3859 983 3929 (Isai.
1031 3878 1180 3928 xxvi,
1208 3866 1286 3934 9).
1312 3865 1446 3921 Cum
1482 3868 1565 3924 his
1594 3886 1723 3942 ergo
1764 3875 1937 3929 tribus
1964 3853 2091 3930 coin-

518 3947 917 4015 gruentissimis
943 3952 1165 4019 psalmis
1190 3956 1369 4024 vigilet
1400 3958 1465 4012 ad
1494 3959 1779 4017 Dominum
1806 3981 1959 4020 mane
1981 3967 2091 4037 spi-

520 4037 656 4091 ritus
688 4054 855 4101 meus,
891 4057 1218 4113 oremusque
1240 4046 1293 4099 in
1324 4057 1442 4102 ortu
1471 4054 1737 4121 surgentis
1760 4071 1998 4121 aurorae;
2034 4066 2091 4112 ut

519 4139 549 4178 a
588 4126 708 4181 lucc
745 4130 917 4197 prima
948 4133 1000 4185 in
1027 4149 1303 4203 vesperam
1331 4138 1438 4193 sint
1465 4142 1605 4195 oculi
1635 4141 1749 4209 ejus
1794 4145 1903 4218 34
1929 4162 2091 4217 super

518 4229 637 4279 nos,
665 4225 720 4270 et
767 4234 926 4275 aures
964 4220 1078 4289 ejus
1112 4226 1180 4279 ad
1232 4242 1419 4295 preces
1458 4240 1667 4287 nostras
1704 4250 1717 4287 :
1772 4246 2090 4307 nostrosque

517 4305 713 4376 dirigat
751 4324 967 4378 gressus
1007 4314 1059 4366 in
1101 4316 1241 4369 viam
1272 4320 1437 4386 pacis,
1483 4330 1540 4375 ut
1578 4324 1779 4395 absque
1817 4328 1964 4382 omni
2003 4343 2089 4382 er-

518 4412 702 4451 rorum
751 4400 1005 4455 seandalo
1042 4407 1380 4473 gradientes,
1418 4427 1523 4466 non
1570 4413 1873 4471 dominetur
1917 4420 2088 4474 nostri

517 4488 696 4542 omnis
718 4488 996 4557 injustitia.
1030 4493 1139 4547 llos
1158 4509 1286 4563 ergo
1308 4512 1562 4554 canamus
1584 4501 1636 4554 in
1664 4502 1778 4571 ipso
1800 4506 1903 4559 diei
1934 4507 2085 4563 initio

513 4577 791 4646 psalmos:
840 4578 1007 4635 Verba
1050 4599 1185 4637 mea.
1241 4582 1472 4640 Clamavi
1510 4590 1565 4642 in
1605 4600 1707 4645 toto
1748 4596 1902 4649 corde
1931 4613 2042 4650 meo
2066 4637 2081 4662 ,

515 4668 711 4721 exaudi
759 4685 856 4735 me,
901 4669 1144 4738 Domine,
1192 4689 1360 4744 usque
1397 4694 1409 4729 :
1440 4675 1505 4731 In
1555 4689 1802 4736 teternum
1846 4685 2083 4753 fundasti

515 4773 664 4823 eam;
693 4759 931 4826 Domine,
958 4766 1151 4817 exaudi
1190 4768 1476 4820 arationem
1520 4786 1708 4837 meam,
1732 4775 1947 4830 auribus
1967 4793 2084 4847 per-

514 4848 626 4918 cipe
655 4850 1061 4907 obsecrationem
1096 4871 1281 4910 meam.

760 4958 888 5017 Post
927 4963 1253 5019 Dominicam
1295 4966 1595 5025 Orationem
1636 4989 1841 5028 versus.

580 5049 850 5108 Conserva
878 5071 985 5118 me,
1008 5056 1252 5122 Domine,
1277 5062 1528 5127 quoniam
1551 5063 1604 5117 in
1629 5072 1681 5119 te
1703 5067 1943 5136 speravi;
1969 5066 2081 5123 dixi

504 5134 753 5204 Domino,
791 5140 933 5195 Deus
970 5159 1119 5199 mens
1165 5160 1224 5199 es
1258 5155 1333 5211 tu,
1372 5151 1626 5217 quoniam
1670 5134 1935 5209 bonorum
1974 5172 2082 5211 non

504 5243 653 5298 eges.
690 5232 947 5285 Auditam
978 5233 1061 5288 fac
1088 5234 1219 5289 mihi
1259 5252 1416 5293 mane
1444 5241 1868 5298 miscricordiam
1908 5253 2080 5312 tuam,

505 5320 632 5385 quia
660 5321 713 5373 in
746 5329 795 5375 te
824 5323 1054 5391 speravi,
1088 5324 1330 5381 Domine.
1375 5328 1568 5383 Notam
1601 5332 1730 5385 mihi
1758 5332 1843 5388 fac
1862 5335 2004 5407 viam
2026 5336 2080 5391 in

506 5420 613 5473 qua
646 5410 936 5477 ambulem,
964 5413 1090 5481 quia
1132 5414 1199 5467 ad
1231 5424 1301 5481 te,
1344 5417 1585 5485 Domine,
1630 5420 1801 5476 levavi
1844 5426 2079 5480 animam

579 5524 887 5619 :Aln‘Edit.
959 5532 1145 5614 Colon.
1192 5556 1238 5619 ¢_
1268 5537 1509 5619 thnod
1582 5550 1706 5619 ante
1744 5556 2091 5619 sacrosancta

498 5603 771 5664 praecepto
810 5603 1006 5668 prioris
1045 5621 1149 5661 non
1190 5603 1403 5664 obedivi
1445 5610 1584 5664 sicut
1621 5612 1798 5679 debui,
1840 5621 1944 5668 etc.
1997 5637 2015 5668 ι

2197 1770 2480 1817 venturum
2522 1765 2599 1819 sic
2634 1780 2891 1837 peragere
2916 1766 2969 1821 in
3015 1776 3108 1824 tuo
3137 1779 3325 1827 sancto
3359 1774 3603 1839 servitio,
3650 1793 3772 1831 cum

2197 1851 2497 1907 humilitate
2533 1861 2587 1907 et
2630 1856 2951 1912 discretione
2974 1900 2989 1925 ,
3032 1860 3265 1928 qualiter
3303 1863 3400 1918 tibi
3442 1867 3775 1937 complaceat

2197 1941 2430 1996 servitus
2456 1950 2641 1997 nostra
2670 1962 2682 1997 :
2722 1953 2775 1999 et
2796 1956 2993 2015 praesta
3040 1949 3173 2004 mihi
3216 1951 3375 2006 hodie
3403 1969 3527 2008 cuni
3563 1970 3774 2011 summa

2198 2035 2454 2103 patientia
2493 2036 2586 2091 tibi
2620 2047 2830 2108 gratum
2856 2040 3111 2097 exhibere
3160 2045 3460 2100 servitium.
3498 2046 3773 2116 lmmitte,

2197 2140 2401 2195 quzeso,
2442 2126 2689 2192 Domine,
2731 2130 2979 2199 angelum
3018 2140 3170 2186 tuum
3210 2134 3261 2189 in
3286 2135 3514 2191 circuitu
3550 2146 3772 2203 nostro,

2196 2225 2252 2270 et
2286 2216 2433 2287 eripe
2471 2233 2569 2272 nos
2607 2220 2675 2273 ab
2713 2221 2913 2289 impiis,
2949 2221 3040 2291 qui
3077 2222 3131 2277 in
3179 2223 3410 2279 circuitu
3447 2227 3771 2294 ambulant;

2197 2316 2257 2363 ut
2291 2309 2431 2363 viam
2458 2311 2831 2366 mandatorum
2873 2322 3083 2369 tuorum
3114 2316 3315 2387 absque
3340 2320 3487 2374 omni
3522 2336 3776 2378 errorum

2197 2400 2452 2454 seandalo
2490 2400 2750 2456 inoffenso
2785 2403 2920 2472 pede
2947 2420 3170 2460 currere
3204 2407 3497 2476 valeamus,
3534 2424 3637 2481 per
3674 2411 3778 2469 Do-

2196 2491 2403 2543 minum
2438 2499 2683 2547 nostrum
2716 2492 2899 2548 Jesum
2937 2495 3232 2551 Christum.
3271 2497 3467 2554 Amen.

2950 2607 3057 2668 XI.

2195 2697 2360 2788 Laus
2388 2698 2623 2788 psalmi
2649 2701 2903 2788 ςξνΙΙ.
2941 2711 2997 2762 et
3025 2702 3180 2788 quid
3211 2723 3249 2762 a
3274 2705 3451 2788 nobis
3488 2709 3778 2788 frequen-

2277 2776 2534 2837 tandum
2568 2780 2651 2840 sit
2680 2782 2880 2858 [Leg.,
2910 2789 2962 2841 et
3009 2776 3178 2862 q'uod
3209 2801 3247 2842 a
3274 2783 3454 2846 nobis
3478 2776 3779 2867 frequen-

2279 2854 2507 2915 tandus
2537 2857 2666 2935 sit].

2267 2974 2398 3044 Legi
2419 2984 2681 3044 praeterea
2716 2979 2771 3033 in
2794 2979 3071 3050 cujusdam
3097 2984 3345 3039 monachi
3368 2986 3597 3051 visione,
3634 2991 3777 3058 quod

2200 3064 2269 3119 ab
2306 3065 2497 3135 angelo
2532 3067 2664 3123 lucis
2699 3069 2927 3126 sollicite
2948 3073 3017 3127 sit
3054 3072 3375 3142 admonitus,
3413 3086 3475 3131 ut
3506 3078 3778 3149 psalmum

2198 3158 2553 3213 centesimum
2572 3168 2821 3217 octavum
2866 3163 3153 3230 decimum,
3186 3165 3239 3219 id
3279 3175 3382 3232 est,
3415 3167 3565 3221 Beati
3589 3170 3780 3223 imma—

2196 3247 2391 3315 culati,
2434 3251 2489 3305 in
2525 3267 2632 3321 quo
2670 3252 2891 3307 moralis
2927 3255 3099 3310 virtus
3138 3257 3480 3323 describitur,
3521 3274 3667 3330 saepe
3723 3260 3777 3314 in

2197 3344 2439 3395 oratione
2492 3350 2779 3410 repeteret.
2819 3343 2886 3397 Et
2924 3360 3113 3400 revera
3151 3346 3293 3401 idem
3343 3348 3572 3404 diversis
3611 3350 3777 3419 spiri-

2198 3429 2430 3483 tualibus
2465 3430 2739 3487 confertur
2776 3434 3082 3499 virtutibus,
3141 3444 3200 3489 ut
3250 3437 3294 3490 si
3336 3437 3516 3493 nullus
3554 3439 3775 3494 adesset

2197 3520 2355 3586 alius,
2399 3522 2453 3575 in
2476 3524 2718 3579 oratione
2738 3525 2884 3580 solus
2911 3526 3197 3581 sufﬁceret.
3225 3528 3441 3599 Absque
3476 3532 3622 3585 enim
3645 3547 3777 3602 pro.-

2192 3613 2389 3681 phetize
2425 3616 2722 3683 mysteriis,
2763 3618 2941 3671 omnia
2980 3618 3227 3673 humana:
3264 3622 3387 3675 vitae
3425 3623 3773 3686 necessaria,

2196 3717 2316 3773 quae
2350 3704 2404 3758 in
2443 3707 2654 3762 caeteris
2688 3708 2909 3777 psalmis
2947 3709 3105 3765 latius
3140 3713 3536 3779 describuntur,
3576 3714 3629 3768 in
3672 3715 3782 3769 isto

2193 3793 2339 3847 velut
2378 3796 2430 3849 in
2465 3797 2694 3864 quodam
2730 3797 2932 3855 ferculo
2970 3811 3223 3869 congesta
3254 3803 3406 3858 nobis
3441 3804 3772 3861 offeruntur.

2194 3882 2335 3953 Ergo
2382 3884 2536 3954 juxta
2587 3886 2811 3957 angelici
2851 3890 3083 3945 numinis
3137 3890 3350 3948 salubre
3404 3902 3775 3965 prteceptum,

2193 3982 2473 4044 quousque
2510 3976 2635 4031 huic
2659 3978 2867 4032 mortali
2903 3981 3024 4033 vitm
3063 3982 3351 4035 terminum
3389 3983 3598 4048 demus,
3626 3984 3781 4040 hunc

2192 4064 2479 4133 singularis
2516 4065 2758 4121 beneﬁcii
2795 4068 3057 4138 psalmum
3092 4069 3280 4124 diebus
3314 4072 3537 4142 singulis
3572 4075 3780 4130 decast-

2192 4161 2383 4208 temus.

2263 4241 2395 4298 Post
2436 4244 2597 4316 Kyrie
2635 4247 2857 4311 clcison,
2895 4259 2941 4302 et
2981 4247 3283 4305 Orationem
3314 4252 3674 4323 Dominicam,
3696 4257 3784 4310 di-

2117 4369 2165 4430 υ
2191 4347 2377 4392 cantur
2412 4356 2587 4395 uersus
2625 4344 2935 4414 supradicti.

2874 4452 3079 4507 Oratio.

2264 4535 2356 4591 Pie
2388 4540 2709 4596 exaudibilis
2747 4539 2971 4598 Domine
3003 4540 3128 4600 Jesn
3167 4544 3414 4613 Christe,
3453 4550 3649 4606 exaudi
3688 4566 3780 4608 mo

2190 4624 2619 4694 indignissimum
2647 4639 2987 4699 peceatorem
3019 4635 3407 4705 supplicantem
3428 4678 3443 4702 ,
3469 4654 3569 4709 per
3604 4640 3782 4697 inter—

2188 4723 2405 4770 ventum
2442 4726 2496 4771 et
2532 4719 2783 4774 meritum
2816 4716 2991 4778 beatae
3027 4734 3079 4778 et
3118 4724 3364 4795 gloriosae
3400 4742 3619 4798 semper
3654 4729 3779 4784 vir-

2187 4805 2327 4875 ginis
2365 4806 2545 4861 Mariae
2582 4810 2859 4878 genitricis
2902 4821 3027 4879 tute,
3067 4823 3121 4870 et
3158 4817 3398 4871 omnium
3438 4817 3642 4873 civium
3683 4834 3778 4875 su-

2185 4910 2496 4964 pernorum.
2555 4898 2808 4955 Ecclesia:
2866 4910 2972 4958 tuae
3029 4914 3229 4961 sanctte
3265 4907 3545 4964 catholicae
3604 4908 3780 4965 ﬁdem

2194 5000 2346 5056 auge,
2401 5001 2589 5055 pacem
2629 4990 2805 5045 tribue
2854 5007 3007 5062 papae
3064 5003 3250 5050 nostro
3290 4996 3367 5058 il.,
3406 4998 3782 5069 episcopoque

2190 5083 2377 5129 nostro
2416 5074 2496 5139 il.,
2538 5077 2718 5131 abbati
2754 5091 2939 5135 nostro
2974 5083 3059 5148 il.,
3096 5093 3153 5139 et
3186 5087 3330 5140 omni
3371 5087 3497 5142 huic
3533 5103 3773 5158 congre-

2191 5164 2424 5234 gationi;
2463 5167 2794 5238 principibus
2832 5186 3044 5242 quoque
3081 5176 3299 5241 nostris,
3327 5180 3776 5250 consanguineis,

2187 5254 2521 5321 parentibus,
2561 5265 2617 5310 et
2643 5267 2731 5311 tua
2768 5261 2897 5315 mihi
2935 5264 3197 5319 cbaritate
3230 5266 3562 5335 conjunctis;
3595 5272 3779 5326 etiam

2189 5357 2285 5397 sua
2350 5345 2505 5399 nobis
2541 5362 2763 5403 munera
2818 5350 3186 5423 largientibus,
3231 5360 3688 5428 persequentibus
3722 5370 3783 5416 et

2188 5435 2640 5495 calumniantibus
2665 5456 2794 5496 ηοξ·
2837 5446 3105 5512 omnibus,
3142 5450 3231 5517 qui
3270 5466 3366 5519 pro
3392 5453 3547 5509 nobis
3573 5454 3781 5524 implo-

2098 5562 2149 5623 η]
2186 5553 2357 5611 altare
2396 5560 2586 5614 coram‘
2619 5568 2668 5615 te
2724 5570 2779 5615 ct
2831 5578 3013 5617 coram
3069 5566 3271 5637 angelis
3330 5571 3649 5638 promisi....
3718 5586 3782 5631 et
