4038 6336
282 242 384 299 ιεες

1152 241 1541 299 LITURGICA.
1572 275 1643 286 —-
1681 245 1767 300 DE
1804 245 2050 302 PSALM.‘
2095 247 2252 306 USU.
2291 283 2355 292 —
2389 252 2570 310 PARS
2605 254 2648 309 1.

3413 260 3519 318 486

283 367 401 419 rant
436 366 681 414 sanctum
720 370 913 413 nomen
959 366 1130 425 tuum,
1171 360 1253 414 vel
1280 362 1371 430 qui
1400 377 1498 431 pro
1533 376 1592 416 se
1630 376 1730 417 nos
1751 361 1848 414 mi-
1874 366 1925 423 Α
1952 370 2035 417 tus
2059 366 2110 419 in
2140 369 2352 423 saecula.
2378 369 2699 427 Benedictus
2715 387 2795 438 es,
2827 374 2919 443 qui
2943 374 3167 431 int-neris
3193 376 3436 447 abyssos,
3464 389 3521 435 et

283 467 430 510 seros
467 450 606 520 apud
645 458 792 505 tuam
828 449 1171 505 clementiam
1209 451 1510 520 supplicare
1544 450 1847 506 voluerunt.

281 541 445 597 Nobis
497 555 709 610 quoque
764 538 1138 609 peccatoribus
1176 540 1548 595 remissionem
1585 548 1642 594 et
1678 540 1855 595 indul-

280 634 515 707 gentiam
558 633 737 686 tribue
773 630 1014 686 omnium
1059 637 1423 699 peccatorum,
1456 630 1683 684 infirmis
1710 629 1857 684 salu-

282 735 412 788 tem,
454 722 620 793 lapsis
656 721 1073 792 reparationem,
1115 721 1257 774 aeris
1295 720 1729 774 commoditatem
1761 733 1858 772 na-

281 814 606 883 vigantibus,
645 820 701 867 et
737 811 1116 866 itinerantibus
1168 811 1271 865 iter
1307 825 1627 880 prosperum
1668 825 1731 863 ac
1768 824 1858 863 sa.

282 901 409 957 lutis
447 910 682 969 portum,
723 899 995 954 tribulatis
1031 898 1302 968 gaudium,
1340 898 1611 968 oppressis
1652 898 1857 953 releva-

292 992 519 1055 tionem,
563 991 790 1060 captivis
817 1030 831 1054 ,
868 991 1094 1055 vinctis,
1134 998 1188 1044 et
1223 990 1522 1060 peregrinis
1578 989 1852 1043 remissio-

283 1096 428 1145 nem,
466 1081 877 1144 absolutionem,
917 1081 985 1135 ad
1021 1081 1283 1149 patriam,
1325 1080 1688 1135 reversionem
1729 1093 1855 1147 pro-

281 1172 448 1241 pitius
484 1171 738 1227 concede.
772 1169 964 1224 Amen.
1000 1170 1264 1240 Angelum
1300 1178 1451 1224 tuum
1487 1177 1731 1222 sanctum
1758 1183 1855 1220 no.

284 1261 367 1317 bis
405 1263 495 1317 hic
532 1270 588 1316 et
619 1261 818 1330 ubique
856 1260 1056 1330 largire
1092 1260 1365 1315 custodem
1402 1266 1456 1312 et
1492 1257 1847 1319 defensorem,

284 1359 527 1405 mutuam
562 1349 993 1405 discordantibus
1029 1350 1367 1413 charitate'n,
1405 1347 1705 1402 infidelibus
1760 1362 1853 1402 ve-

283 1452 400 1495 ram
451 1437 632 1503 ﬁdem,
688 1438 794 1508 35
851 1438 1115 1493 defunctis
1149 1439 1460 1507 parentibus
1498 1437 1718 1502 nostris,
1760 1452 1853 1506 pa-

283 1529 476 1591 tribus,
516 1527 792 1592 fratribus,
827 1541 920 1583 seu
941 1529 1189 1583 omnibus
1219 1529 1272 1582 in
1296 1536 1386 1581 tua
1427 1526 1529 1585 fide
1565 1527 1845 1596 quiescen-

282 1617 426 1673 tibus
463 1616 843 1687 indulgentiam
878 1617 1056 1672 tribue
1090 1618 1425 1672 delictorum.
1458 1616 1628 1671 Amen
1657 1624 1703 1669 τ’.

991 1725 1135 1787 ΧΠ.

280 1824 447 1903 Laus
464 1822 689 1903 hymni
718 1825 925 1903 trium
944 1841 1282 1902 puerorum
1309 1868 1324 1893 ,
1359 1832 1412 1883 et
1453 1822 1621 1903 quod
1647 1824 1713 1883 in
1742 1824 1854 1884 Dei

318 1901 504 1961 laude
521 1899 965 1983 frequentanda
986 1903 1183 1979 [Leg.,
1209 1899 1711 1981 frequentandus]
1742 1903 1848 1964 sit.

348 2020 577 2090 Oportet
621 2035 718 2075 nos
754 2028 997 2076 sanctum
1037 2021 1237 2075 imitari
1289 2020 1615 2090 PrOplietam
1669 2021 1853 2076 dicen-

280 2117 390 2163 tem
422 2127 434 2162 :
474 2109 784 2164 Benedicam
829 2110 1049 2164 Domino
1088 2112 1142 2163 in
1193 2111 1334 2164 omni
1373 2120 1622 2181 tempore,
1656 2127 1856 2182 semper

280 2199 401 2253 laus
452 2199 567 2269 ejus
607 2201 659 2253 in
697 2216 786 2254 ore
830 2216 941 2254 meo
991 2200 1177 2272 (Psal:
1220 2217 1414 2267 χχχιιι,
1450 2201 1528 2272 2).
1574 2202 1642 2255 Et
1680 2201 1851 2257 illud:

279 2288 348 2342 In
379 2290 523 2343 omni
566 2288 679 2343 loco
730 2290 1101 2345 dominationis
1144 2293 1257 2361 ejus
1295 2293 1505 2347 benedic
1528 2295 1704 2347 anima
1741 2311 1856 2348 mea

280 2379 568 2434 Dominum
616 2380 790 2452 (Psal.
828 2397 925 2447 cn,
955 2381 1067 2454 22).
1120 2382 1188 2436 Ει
1222 2382 1268 2437 si
1310 2382 1451 2438 Deus
1480 2372 1682 2453 ubique
1708 2393 1856 2441 recte

280 2472 527 2527 creditur
556 2487 695 2538 esse,
726 2473 976 2528 omnibus
1011 2488 1135 2527 eum
1183 2473 1315 2529 locis
1355 2474 1621 2529 dominari
1667 2477 1858 2532 rectis-

279 2565 423 2620 sime
444 2565 789 2621 conﬁtemur.
828 2565 1216 2621 Benedicamus
1237 2581 1368 2639 ergo
1387 2566 1438 2621 ei
1467 2567 1520 2620 in
1545 2567 1693 2622 omni
1723 2578 1858 2622 tem¢

280 2671 434 2726 pore,
460 2658 551 2726 qui
581 2672 680 2711 nos
721 2657 776 2711 in
800 2658 949 2712 omni
972 2657 1091 2712 loco
1123 2666 1179 2713 et
1211 2658 1266 2713 in
1303 2659 1451 2713 omni
1482 2667 1724 2730 tempore
1769 2675 1858 2715 re-

279 2749 394 2819 git;
428 2748 520 2818 qui
552 2763 649 2802 nos
673 2747 876 2803 creavit
896 2756 951 2802 et
979 2750 1262 2815 recreavit,
1292 2750 1528 2805 custodit
1570 2759 1625 2805 et
1651 2752 1855 2816 nutrit;

280 2837 334 2891 in
366 2854 479 2908 quo
504 2837 754 2903 vivimus,
797 2846 852 2893 et
881 2853 1181 2905 movemur,
1206 2848 1262 2893 et
1289 2855 1494 2895 sumus.
1525 2840 1860 2911 Quapropter

278 2944 387 2985 una
421 2944 586 2999 parva
605 2937 659 2984 et
679 2944 869 2999 magna
894 2928 1011 2984 laus
1039 2944 1252 2999 semper
1272 2930 1325 2984 in
1354 2946 1450 2986 ore
1473 2939 1659 2986 nostro
1677 2945 1859 2983 verse—

281 3028 372 3074 tur
401 3037 417 3072 :
450 3020 505 3074 in
535 3034 641 3089 qua
667 3019 843 3074 omnis
869 3028 1115 3075 creatura
1137 3035 1235 3089 per
1256 3035 1424 3091 genus
1449 3029 1504 3076 ct
1531 3022 1762 3090 speciem
1790 3021 1857 3075 ad
1882 3044 1931 3108 α
1962 3045 2216 3098 attenuat;
2256 3019 2396 3114 [αςπε
2423 3044 2640 3115 μενέω.

279 3112 499 3167 laudem
517 3112 778 3167 creatoris
807 3112 1073 3166 hortatur.
1100 3111 1168 3167 Et
1190 3127 1296 3168 non
1325 3112 1498 3167 solum
1528 3113 1719 3168 diebus
1742 3113 1853 3167 sin-

278 3201 444 3271 gulis,
480 3201 577 3256 sed
622 3210 676 3254 et
712 3216 958 3270 vespere,
988 3216 1146 3256 mane
1184 3211 1240 3256 et
1266 3202 1512 3268 meridie,
1541 3202 1650 3256 imo
1681 3201 1860 3271 singu-

279 3291 346 3346 lis
402 3290 704 3361 quibusque
753 3291 901 3345 horis
953 3290 1099 3355 diei,
1154 3298 1268 3346 tota
1320 3290 1500 3346 cordis
1560 3290 1859 3345 intentione

280 3399 405 3438 eam
440 3383 669 3437 Domino
708 3381 1014 3437 oli'eramus.
1045 3382 1171 3437 Haec
1195 3397 1427 3452 namque
1451 3383 1701 3438 omnibus
1740 3382 1859 3437 lau-

281 3473 445 3527 dibus
473 3471 813 3536 laudabilior,
860 3479 915 3525 et
957 3472 1066 3526 Deo
1109 3487 1221 3541 pra:
1268 3472 1521 3527 omnibus
1553 3471 1855 3526 amabilior.

268 3564 412 3620 Haec
440 3579 673 3633 namque
696 3572 779 3619 est
799 3563 889 3618 illa
929 3563 1213 3633 singularis
1242 3563 1380 3628 laus,
1407 3578 1512 3632 qua
1545 3577 1645 3617 nos
1669 3562 1858 3616 lauda-

280 3672 427 3721 mus,
460 3656 619 3710 melle
640 3664 694 3709 et
722 3655 842 3711 favo
871 3656 1078 3710 dulcior
1108 3656 1372 3726 :hymnus
1398 3654 1664 3717 videlicet,
1698 3669 1858 3723 quem

284 3755 399 3803 tres
430 3749 544 3802 Deo
573 3747 755 3802 dilecti
792 3747 967 3816 pueri,
1000 3746 1140 3800 inter
1167 3745 1373 3801 medias
1400 3746 1592 3800 edaces
1615 3744 1862 3799 ﬂammas

282 3824 650 3907 tripudiantes
684 3838 947 3903 luserunt,
978 3838 1029 3893 id
1057 3847 1141 3893 est
1159 3856 1171 3890 :
1191 3837 1484 3891 Benedicite
1505 3838 1681 3890 omnia
1704 3852 1862 3905 opera

280 3928 503 3982 Domini
543 3927 790 3983 Domino.
832 3929 908 3984 De
957 3943 1065 3997 quo
1115 3928 1347 3982 fidenter
1391 3928 1528 3989 dico,
1568 3928 1693 3996 quia
1724 3927 1863 3981 sicut

283 4018 524 4073 dicimus
558 4032 572 4070 :
618 4015 811 4071 Sancta
854 4029 1152 4072 sanctorum
1179 4026 1235 4073 et
1271 4017 1489 4071 Cantica
1517 4018 1861 4084 canticorum,

284 4105 363 4160 ita
407 4115 466 4161 et
508 4106 612 4160 iste
664 4107 769 4161 dici
810 4115 988 4177 potest
1031 4106 1269 4177 Hymnus
1301 4110 1633 4178 hymnorum.
1673 4109 1728 4163 In
1759 4124 1866 4177 quo

283 4197 568 4252 succincte
594 4207 648 4252 et
692 4196 893 4252 affatim
945 4198 1136 4253 melius
1179 4214 1340 4267 quam
1380 4200 1432 4253 in
1467 4200 1716 4254 omnibus
1746 4200 1864 4254 Ιιιιι⁴

282 4287 453 4343 datur
484 4287 629 4343 Deus
652 4289 896 4354 deorum,
924 4289 1016 4358 qui
1041 4289 1398 4358 personaliter
1440 4291 1635 4355 trinus,
1661 4300 1713 4344 ct
1737 4306 1867 4345 con-

284 4377 728 4434 substantialiter
780 4395 918 4434 unus
969 4380 1103 4434 vivit
1156 4388 1211 4435 et
1263 4389 1453 4450 regnat
1503 4381 1703 4450 ubique
1769 4396 1865 4451 per
1899 4401 1945 4458 ι)

283 4470 479 4525 omnia
504 4470 699 4525 saecula
722 4469 1062 4524 surculorum.
1094 4468 1289 4524 Amen.

554 4579 675 4634 Post
706 4580 1032 4634 Dominicam
1064 4579 1366 4635 Orationem
1394 4598 1568 4635 versus
1598 4595 1615 4633 :

357 4686 691 4743 Benedictus
724 4704 802 4753 cs,
834 4689 1057 4745 Domine
1104 4689 1247 4745 Deus
1287 4699 1501 4760 patrum
1537 4700 1866 4761 nostrorum,

285 4786 345 4833 et
374 4777 691 4843 laudabilis,
717 4788 771 4833 ct
810 4779 1096 4849 gloriosus,
1122 4790 1178 4835 et
1220 4780 1652 4850 superexaltatus
1682 4783 1737 4837 in
1764 4799 1869 4838 sa:—

284 4869 443 4925 cula.
470 4868 539 4922 Et
564 4869 904 4924 benedictum
926 4887 1119 4926 nomen
1144 4872 1328 4943 gloriae
1374 4882 1480 4928 ture
1520 4883 1788 4940 sanctum,
1816 4883 1872 4931 et

285 4960 590 5025 laudabile,
622 4964 1075 5033 superexaltatum
1101 4966 1154 5022 in
1204 4967 1454 5021 omnibus
1499 4967 1728 5023 smculis.
1772 4968 1873 5022 Be-

284 5054 554 5110 nedictus
576 5069 636 5108 es
676 5055 730 5108 in
761 5055 957 5124 templo
997 5056 1182 5125 gloriae
1228 5066 1363 5122 tuae,
1391 5068 1445 5112 ct
1473 5059 1876 5128 superlaudabi-

284 5145 384 5211 lis,
438 5152 497 5199 et
539 5145 963 5216 supergloriosus
992 5147 1044 5200 in
1092 5148 1306 5201 saecula.
1360 5148 1681 5205 Benedictus
1713 5164 1774 5206 es
1820 5151 1909 5205 im

284 5238 504 5294 throno
524 5240 673 5310 regni
698 5240 795 5303 tui,
834 5248 888 5294 et
916 5241 1393 5311 superlaudabilis.
1420 5253 1474 5298 et
1504 5246 1874 5315 supcrexalta-

364 5405 397 5432 ιι
442 5391 969 5465 Ηίαᾲῐίιιίςρίδιειυίιιιι·
997 5396 1185 5464 prima:
1226 5397 1395 5465 partis
1426 5398 1563 5465 apud
1590 5397 1881 5463 Querceta-

284 5477 437 5536 nunt
462 5463 596 5517 etin
627 5463 859 5536 editione
892 5465 1192 5520 Coloniensi
1212 5463 1242 5531 ;'
1268 5468 1359 5520 sed
1396 5463 1554 5521 male.
1580 5468 1695 5536 Ipse
1733 5470 1879 5523 enim

288 5533 788 5604 scriptorgcodicis,
824 5550 931 5603 quo
955 5551 1085 5589 usus
1126 5545 1208 5590 est
1235 5536 1438 5604 primus
1464 5533 1658 5601 editor,
1699 5547 1882 5593 monet

287 5601 524 5656 laudem
552 5601 737 5672 hymni
765 5601 926 5662 trium
953 5601 1248 5674 puerorum
1264 5607 1533 5676 pertinere
1556 5606 1621 5658 ad
1648 5606 1879 5675 priorem

1956 457 2112 511 sedes
2138 473 2300 529 super
2327 461 2642 529 cherubim;
2670 473 2725 518 et
2744 464 3048 530 laudabilis,
3071 476 3125 521 et
3153 470 3522 537 superexalta-

1955 554 2044 601 tus
2064 547 2118 600 in
2144 549 2357 603 smcula.
2386 550 2705 608 Benedictus
2724 567 2803 619 es,
2829 554 3071 621 Domine,
3104 557 3236 613 doce
3258 574 3346 614 me
3360 558 3524 627 justi-

1955 634 2236 691 ticationes
2276 646 2416 692 tuas.

2188 741 2456 815 Confessio
2506 757 2554 801 et
2597 750 2713 804 laus
2754 765 2947 807 sancta!
2994 754 3283 811 Trinitatis.

2024 833 2227 900 Laudo,
2260 845 2315 890 et
2347 837 2608 893 benedice
2631 847 2703 905 te,
2729 842 2874 909 juste
2914 851 2969 895 et
2996 845 3133 897 bone
3159 844 3323 912 Deus,
3356 849 3520 904 totius

1954 933 2216 979 creatum:
2240 934 2537 995 parentem,
2554 928 2607 981 in
2628 932 2872 996 personis
2891 933 3109 997 trinum,
3139 935 3191 988 in
3215 936 3517 993 substaniia

1953 1030 2137 1077 unum,
2174 1031 2360 1070 verum
2388 1016 2604 1072 Patrem
2633 1020 2920 1089 unigenitze
2938 1024 3256 1092 majestatis,
3280 1044 3347 1082 ex
3372 1030 3519 1085 nullo

1953 1103 2237 1159 ducentem
2256 1106 2485 1172 initium,
2502 1110 2751 1162 omnibus
2769 1110 2977 1163 initium
3003 1113 3248 1179 dantem;
3274 1133 3378 1171 non
3404 1133 3521 1172 cor-

1951 1194 2121 1262 porali
2142 1198 2416 1266 progenie,
2445 1214 2615 1267 neque
2641 1200 3005 1266 extrinsecus;
3038 1220 3142 1258 non
3173 1212 3518 1276 necessitate,

1951 1302 2123 1356 neque
2136 1289 2427 1355 voluntate,
2452 1293 2544 1346 sed
2572 1303 2763 1348 natura
2796 1293 2993 1349 Filium
3020 1310 3386 1366 generantem.
3410 1304 3517 1359 Ve-

1951 1394 2069 1432 rum
2096 1379 2290 1434 Filium
2310 1396 2377 1435 ex
2403 1382 2561 1438 Patre
2584 1386 2699 1440 sine
2730 1387 2903 1454 spatio
2934 1390 3209 1457 temporis,
3237 1390 3521 1447 ineffabili—

1950 1476 2035 1520 ter
2048 1476 2171 1522 ante
2193 1476 2430 1539 tempora
2456 1475 2873 1530 natum.Verum
2892 1462 3152 1547 Spiritum
3181 1489 3426 1535 sanctum
3452 1498 3521 1536 ex

1946 1552 2106 1610 Patre
2120 1558 2323 1613 etFilio
2340 1560 2771 1619 inenarrabiliter
2794 1566 3190 1632 procedentem,
3209 1568 3260 1621 in
3284 1567 3442 1623 Patre
3467 1578 3523 1623 et

1953 1642 2089 1699 Filio
2117 1648 2541 1704 substantialiter
2560 1662 2980 1721 permanentem.
3002 1654 3283 1709 JEternum
3308 1657 3521 1713 Patrem

1886 1710 1931 1769 Β
1957 1735 2074 1789 sine
2110 1735 2431 1804 nativitate,
2478 1750 2740 1797 internum
2791 1743 3049 1814 Spiritum
3101 1734 3355 1803 sanctum
3400 1764 3524 1804 cum

1954 1826 2296 1891 processione
2335 1828 2450 1882 sine
2482 1831 2782 1885 nativitate.
2833 1834 3025 1888 Totum
3056 1835 3269 1890 Patrem
3302 1838 3354 1892 in
3386 1839 3524 1895 Filio

1955 1919 2011 1964 et
2041 1911 2244 1982 Spiritu
2282 1925 2485 1971 sancto.
2519 1918 2709 1973 Totum
2765 1919 2956 1975 Filium
3015 1923 3065 1975 in
3122 1922 3280 1978 Patre
3308 1933 3362 1979 et
3399 1926 3520 1996 Spi-

1956 2002 2063 2055 ritu
2115 2011 2321 2057 sancto.
2379 2004 2573 2060 Totum
2619 2007 2878 2077 Spiritum
2908 2020 3154 2065 sanctum
3188 2013 3240 2065 iu
3284 2013 3441 2069 Patre
3470 2024 3527 2070 et

1956 2093 2066 2148 tilio
2111 2103 2440 2160 manentem,
2472 2113 2578 2150 una
2624 2107 2891 2167 potestate
2942 2118 3155 2171 unoque
3198 2118 3385 2174 regno,
3416 2120 3524 2159 una

1954 2185 2193 2254 potentia
2216 2226 2231 2251 ,
2277 2195 2332 2240 et
2372 2202 2478 2240 una
2521 2190 2847 2255 :eternitate,
2874 2192 2939 2247 Et
2971 2202 3120 2259 tunc,
3148 2202 3203 2249 et
3231 2210 3373 2249 nunc
3407 2195 3526 2249 nhi-

1956 2291 2061 2345 que
2124 2287 2460 2349 regnantem.
2531 2280 2637 2335 Per
2698 2284 2877 2337 omnia
2930 2286 3125 2340 stecula
3182 2287 3521 2343 saeculorum.

1955 2366 2147 2424 Amen.

2026 2532 2045 2563 ‘
2654 2463 2807 2525 XIII

1958 2577 2139 2653 Q-uoa
2168 2577 2475 2674 orandum
2506 2580 2686 2671 nobis
2717 2584 2797 2674 sit
2829 2586 3108 2674 quotidie
3154 2608 3291 2674 cum
3326 2589 3532 2673 lacry-

2093 2657 2211 2716 mis
2236 2675 2355 2734 pro
2389 2658 2651 2718 diversis
2671 2657 2884 2739 plagis
2911 2682 3062 2742 quas
3084 2668 3385 2744 patimur.

2027 2772 2162 2839 Quia
2197 2769 2442 2829 videmus
2473 2790 2572 2830 nos
2601 2776 2654 2830 in
2694 2777 2825 2832 illud
2866 2778 3114 2836 Jeremite
3152 2783 3407 2841 incidisse
3445 2786 3526 2841 la-

1960 2871 2219 2929 mentum,
2253 2866 2394 2933 quod
2441 2866 2571 2920 dicit
2618 2866 2724 2921 :Si
2771 2885 3005 2938 egressus
3039 2871 3185 2939 fuero
3236 2875 3306 2927 ad
3354 2894 3528 2947 agros,

1959 2973 2073 3011 ecce
2126 2954 2285 3010 occisi
2312 2956 2487 3025 gladio
2514 2972 2532 3011 :
2563 2968 2610 3012 et
2640 2959 2687 3011 si
2714 2960 2992 3016 introivero
3023 2963 3077 3016 in
3105 2964 3384 3031 civitatem,
3416 2984 3534 3024 ecce

2674 3063 2782 3112 xrv,
2834 3049 2920 3119 18)
2954 3068 2967 3103 :
3014 3063 3114 3107 nec
3145 3066 3250 3106 non
3288 3062 3341 3109 et
3384 3054 3530 3112 illam

1961 3133 2178 3191 Domini
2208 3136 2506 3191 terribilem
2528 3139 3001 3197 comminationem
3032 3142 3087 3196 in
3116 3144 3272 3199 nobis
3301 3146 3535 3216 complev-

1961 3236 2092 3293 tam,
2119 3228 2229 3300 36
2256 3244 2358 3299 qua
2388 3230 2648 3285 Dominus
2670 3232 2864 3302 gladio,
2881 3242 2936 3288 et
2955 3233 3118 3301 fame,
3145 3245 3200 3291 et
3221 3245 3371 3307 peste
3399 3253 3529 3293 con-

1961 3327 2137 3374 sumat
2164 3335 2258 3375 eos
2290 3336 2302 3375 :
2334 3329 2581 3390 petamus
2606 3332 2661 3378 et
2700 3340 2822 3379 eum
2853 3326 3039 3380 eodem
3067 3327 3335 3397 Propheta
3364 3328 3530 3397 capiti

1960 3419 2148 3466 nostro
2170 3427 2389 3481 aquam,
2414 3422 2461 3466 et
2486 3413 2656 3468 oculis
2688 3416 2887 3471 nostris
2911 3415 3113 3471 fontem
3144 3417 3527 3488 lacrymarum,

1960 3509 2014 3557 et
2043 3500 2315 3570 ploremus
2345 3503 2429 3557 die
2460 3518 2523 3558 ac
2562 3511 2719 3559 nocte
2762 3505 3073 3561 interfectos
3116 3509 3293 3577 p0puli
3342 3512 3531 3565 nostri.

1961 3591 2113 3657 Quod
2160 3609 2435 3662 nunquam
2478 3594 2669 3649 melius
2706 3611 2993 3664 possumus
3042 3598 3337 3666 deplorare,
3371 3616 3533 3670 quam

1963 3683 2007 3738 si
2043 3685 2278 3739 contrito
2305 3693 2360 3739 et
2388 3685 2669 3742 humiliato
2697 3688 2859 3742 corde
2886 3688 2986 3743 hos
3029 3689 3267 3757 quinque
3296 3690 3532 3758 psalmos

1963 3790 2144 3829 coram
2177 3775 2402 3830 Domino
2432 3774 2829 3845 frequentemus
2863 3796 2875 3830 :
2910 3778 3049 3832 Deus
3076 3780 3291 3834 auribus
3324 3782 3533 3835 nostris.

1964 3867 2127 3929 Deus,
2157 3868 2395 3937 repu’isti
2437 3885 2568 3933 nos;
2610 3867 2677 3922 Ut
2698 3870 2825 3939 quid
2854 3871 3087 3939 repulisti
3118 3888 3210 3925 nos
3230 3913 3242 3935 ,
3291 3871 3451 3936 Deus,
3481 3874 3538 3927 in

1962 3959 2158 4027 ﬁnem?
2207 3959 2379 4018 Deus.
2422 3970 2668 4014 venerunt
2698 3972 2905 4030 gentes;
2949 3962 3053 4026 Qui
3084 3965 3216 4033 regis
3259 3962 3429 4018 Israel
3455 3965 3539 4017 in-

1965 4048 2135 4102 tende.

2202 4137 2329 4194 Post
2366 4140 2697 4196 Dominieam
2734 4141 3037 4196 Orationem
3076 4158 3321 4198 versush

2034 4250 2146 4322 Ego
2176 4252 2286 4307 dixi
2314 4270 2325 4305 :
2355 4253 2582 4307 Domine
2603 4294 2616 4317 ,
2647 4254 2904 4308 miserere
2932 4253 3071 4320 mei;
3122 4269 3253 4307 sana
3302 4254 3535 4310 animam

1968 4361 2161 4409 meam,
2188 4348 2311 4416 quia
2340 4348 2556 4417 peccavi
2587 4348 2699 4402 tibi.
2739 4348 3087 4404 Peccavimus
3122 4365 3246 4403 cum
3296 4350 3541 4418 patribus

1971 4439 2192 4501 nostris,
2244 4438 2440 4506 injuste
2491 4439 2719 4509 egimus,
2770 4441 3107 4510 iniquitatem
3160 4438 3402 4495 fecimus.
3460 4440 3541 4498 Ne

1971 4529 2282 4582 memineris
2309 4528 2620 4597 iniquitates
2645 4538 2858 4585 nostras
2898 4530 3170 4599 antiquas,
3200 4530 3306 4584 cito
3326 4544 3423 4584 nos
3446 4545 3541 4583 an-

1970 4618 2154 4687 ticipet
2181 4618 2551 4674 misericordia
2582 4628 2694 4685 tua,
2724 4621 2967 4674 Domine.
3000 4619 3206 4689 Adjuva
3246 4635 3362 4685 nos,
3399 4619 3541 4676 Deus

1972 4709 2224 4765 salutaris
2252 4719 2456 4775 noster,
2488 4719 2544 4765 et
2583 4719 2801 4780 prepter
2844 4713 3104 4767 honorem
3157 4713 3389 4768 nominis
3437 4715 3533 4777 tui,

1974 4801 2223 4862 Domine,
2284 4802 2454 4856 libera
2504 4817 2622 4855 nos.
2684 4801 2949 4855 Memento
3006 4802 3215 4867 nostri,
3273 4802 3538 4869 Domine,

1979 4889 2035 4943 in
2082 4889 2413 4961 bencplacito
2467 4889 2643 4958 populi
2702 4890 2795 4953 tui,
2835 4898 2886 4944 et
2935 4890 3095 4945 visita
3148 4905 3247 4946 nos
3293 4891 3347 4945 in
3397 4893 3541 4947 salu-

1983 4981 2084 5034 tari
2130 4989 2243 5035 tuo.
2298 4979 2564 5035 Converte
2606 4996 2723 5045 nos,
2773 4979 2915 5035 Deus
2958 4981 3212 5037 salutaris
3258 4990 3459 5048 noster,
3490 4991 3545 5038 et

1982 5079 2166 5125 averte
2196 5072 2330 5129 iram
2384 5079 2531 5125 tuam
2579 5086 2610 5124 a
2650 5072 2820 5127 nobis.
2866 5073 3028 5143 Eripe
3076 5088 3173 5129 nos
3210 5075 3276 5128 de
3313 5070 3545 5128 in'm'cis

1984 5161 2204 5225 nostris,
2236 5161 2376 5216 Deus
2421 5170 2626 5227 noster,
2672 5170 2727 5216 et
2781 5164 2849 5217 ah
2899 5165 3297 5234 insurgentibus
3344 5161 3396 5215 in
3448 5177 3545 5217 nos

1984 5253 2151 5309 libera
2187 5269 2305 5309 nos.
2358 5251 2601 5318 Domine,
2649 5269 2716 5308 ne
2746 5254 2902 5325 longe
2944 5270 3035 5310 cas
3080 5272 3109 5308 a
3153 5253 3332 5316 nobis;
3379 5251 3542 5317 Deus,

1983 5415 2222 5478 partem,
2251 5416 2305 5478 e_t
2332 5407 2490 5460 linem
2530 5407 2689 5478 hujus
2728 5408 3068 5462 statuendum
3119 5420 3235 5478 esse
3271 5410 3392 5478 post
3422 5418 3546 5478 ora-

1985 5473 2184 5532 tionem
2218 5494 2229 5531 :
2263 5476 2371 5547 Pro
2395 5473 2648 5547 servanda
2676 5478 2866 5532 silendi
2908 5477 3248 5547 loquendique
3280 5473 3548 5527 discretio-

1986 5565 2077 5615 ne,
2119 5557 2176 5603 ut
2206 5546 2364 5613 infra,
2391 5546 2418 5618 §
2442 5547 2528 5600 Π.
