4038 6336
451 210 559 271 487

1288 213 1351 268 Β.
1387 212 1450 268 F.
1486 211 1711 268 ALBINI
1751 211 1885 270 SEU
1924 208 2198 269 ALCUlNl
2235 208 2521 269 OPERUM
2552 209 2733 269 PARS
2770 210 2859 268 Π.

3605 211 3716 271 488

451 328 507 383 in
554 325 813 382 auxilium
862 334 1107 384 nostrum
1156 325 1385 396 respice.
1438 324 1803 393 Convertere,
1839 326 2026 382 Domi-
2056 329 2101 384 Δ
2128 326 2299 394 nisque
2347 324 2402 378 in
2446 324 2724 379 saeculum.
2777 324 3046 380 Memento
3087 324 3521 395 congregationis
3569 335 3716 394 tuae,

452 435 543 483 ne,
585 419 996 488 aliquantulum,
1024 426 1078 473 et
1117 418 1409 488 deprecare
1449 432 1611 487 super
1651 433 1837 473 servos
1881 426 2021 471 tuos.

455 511 646 567 Salvos
676 510 762 565 fac
793 526 913 575 nos,
947 510 1190 573 Domine,
1216 508 1358 562 Deus
1396 518 1601 573 noster,
1653 515 1707 563 et
1756 523 2026 577 congrcga

453 616 555 657 nos
580 602 647 657 de
684 602 989 656 nationibus
1016 617 1027 653 :
1060 607 1119 653 ut
1159 599 1517 653 conﬁteantur
1551 600 1755 653 nomini
1788 606 1880 652 tuo
1903 614 2028 653 san-

455 706 577 761 cto,
631 704 687 751 et
741 694 1034 765 gloriemur
1084 692 1139 746 in
1196 691 1352 746 laude
1414 698 1524 744 tua.
1584 690 1865 762 Exsurge,
1922 690 2027 743 Do-

453 789 629 851 mine,
684 784 879 853 adjuva
927 798 1058 848 nos,
1111 790 1167 838 et
1211 782 1378 837 libero
1416 796 1517 837 nos
1560 789 1781 853 pr0pter
1831 795 2026 836 nomen

452 883 626 931 tuum.

1163 936 1346 994 Oratio

522 1052 753 1108 Oramus
794 1060 870 1116 te,
900 1051 988 1122 pie
1030 1050 1354 1105 exaudibilis
1395 1050 1620 1104 Domine
1643 1042 1770 1105 Jesu
1811 1049 2028 1105 Christe

2128 429 2288 483 quam
2317 416 2513 470 creasti
2538 416 2607 470 ab
2635 415 2809 469 initio.
2842 414 3106 471 Liberasti
3137 417 3346 487 virgam
3381 418 3719 475 hzereditatis

2128 512 2253 559 tuas.
2279 502 2357 557 Ne
2384 504 2570 558 tradas
2595 504 2784 559 bestiis
2809 504 3016 558 animas
3045 505 3415 560 conﬁtentium
3441 507 3570 561 tibi:
3597 508 3721 562 ani-

2126 609 2245 649 mas
2267 606 2567 664 pauperum
2605 602 2817 649 tuorum
2850 610 2917 648 ne
2947 594 3288 650 obliviscaris
3316 596 3370 649 in
3395 595 3579 652 ﬁnem.
3610 599 3720 653 Do-

2128 686 2293 747 mine,
2311 683 2455 738 Deus
2475 684 2758 750 virtutum,
2781 693 3034 739 converte
3057 700 3178 749 nos,
3204 694 3261 740 et
3278 687 3504 742 ostende
3519 685 3717 744 faciem

2129 783 2296 837 tuam,
2314 781 2370 828 et
2394 773 2526 827 salvi
2561 774 2784 827 erimus.
2808 773 3044 829 Ostende
3072 774 3250 840 nobis,
3281 776 3527 841 Dumine,
3556 777 3721 832 mise-

2128 863 2419 918 ricordiam
2443 872 2609 925 tuam,
2640 872 2696 916 et
2715 862 2954 917 salutare
2977 871 3127 917 tuum
3157 863 3225 917 da
3259 865 3434 919 nobis.
3465 865 3714 932 Damine,

2129 952 2270 1008 Deus
2293 954 2572 1017 virtutum,
2596 952 2789 1006 exaudi
2816 965 3007 1020 preces
3029 960 3262 1015 nostras,
3292 954 3513 1009 auribus
3539 954 3723 1024 perci-

2126 1057 2216 1111 pe,
2236 1043 2377 1096 Deus
2399 1040 2585 1095 Jacob.
2615 1043 2682 1095 Et
2709 1051 2787 1105 tu,
2804 1042 3049 1107 Domine,
3066 1043 3305 1105 Domine,
3324 1042 3410 1099 fac
3432 1046 3719 1101 nobiscum

450 1142 594 1197 Deus
620 1151 824 1204 noster,
849 1150 902 1195 et
926 1156 1048 1195 cum
1079 1140 1226 1195 omni
1256 1139 1645 1208 supplicatione
1672 1155 1946 1209 rogamus,
1971 1148 2033 1194 ut
2129 1130 2557 1185 miserim"de
2583 1139 2803 1201 Ρΐοβιθν
2825 1146 3020 1185 nomen
3062 1142 3234 1197 tuum,
3267 1134 3394 1202 (Ιιιίει
3421 1135 3603 1190 ευθνίε
3630 1144 3727 1192 εει

450 1253 547 1307 per
576 1238 936 1290 interventum
966 1235 1140 1289 beata:
1167 1243 1221 1287 et
1267 1234 1514 1303 gloriosae
1561 1248 1777 1302 semper
1806 1233 2032 1303 virginis

2130 1221 2500 1275 misericordia
2532 1229 2642 1274 tua.
2670 1220 2899 1291 Protege
2926 1237 3024 1275 nos
3058 1238 3087 1274 a
3113 1232 3382 1277 conventu
3409 1224 3721 1295 malignan-

453 1329 657 1389 Marim,
686 1327 1032 1395 omniumque
1062 1332 1371 1379 sanctorum
1416 1324 1748 1394 angelorum,
1797 1325 2028 1377 archan-

2133 1312 2284 1375 tium,
2316 1321 2369 1365 et
2396 1326 2425 1364 a
2449 1311 2789 1366 multitudine
2810 1314 3153 1382 Operantiutn
3179 1314 3544 1382 iniquitatem.
3563 1314 3721 1370 Mitte

452 1421 731 1491 sclorum,
771 1418 1243 1487 patriarcharum,
1290 1418 1716 1486 prophetarum,
1772 1415 2033 1485 apostolo.
2130 1402 2285 1455 nobis
2330 1401 2588 1454 auxilium
2638 1402 2705 1455 de
2745 1410 2966 1466 sancto,
3001 1411 3057 1455 et
3102 1404 3166 1457 de
3216 1401 3348 1457 Sion
3383 1412 3539 1458 tuere
3589 1420 3715 1459 nos.

454 1525 595 1575 rum,
624 1517 922 1579 martyrum
942 1543 957 1572 ,
990 1507 1383 1571 confessorum,
1417 1508 1711 1576 virginum,
1742 1507 2034 1563 monacho~
2131 1491 2337 1546 Emlldi
2369 1506 2484 1556 ηοει
2519 1491 2762 1555 omni“.
2813 1492 3068 1559 (ιιιοηίειιη
3119 1492 3349 1562 benigna
3382 1501 3469 1547 θεῖ
3500 1493 3724 1548 miseri"

454 1616 595 1663 rum,
626 1607 681 1653 et
707 1599 947 1652 omnium
991 1599 1188 1652 civium
1215 1612 1592 1666 supernorum,
1641 1596 1895 1651 Ecclesia:
1926 1604 2031 1649 tu:e

2131 1581 2315 1635 cordia
2361 1589 2488 1634 tua:
2517 1581 2812 1635 secundum
2852 1580 3251 1634 multitudinem
3300 1580 3719 1635 miserationum

454 1689 731 1744 catholica:
753 1688 909 1742 ﬁdem
934 1703 1149 1758 augeas,
1177 1663 1364 1756 pacem
1396 1688 1623 1750 tribuas,
1647 1686 2029 1755 indulgentiam

2138 1682 2353 1726 tuarum
2385 1673 2593 1741 respice
2636 1673 2690 1726 in
2718 1688 2823 1725 me.
2873 1671 3181 1736 Przetende,
3214 1673 3462 1737 Domine,
3496 1672 3719 1727 miseri-

454 1780 609 1833 nobis
634 1788 689 1832 et
726 1778 1096 1832 remissionem
1126 1784 1474 1846 peccatorum
1505 1776 1793 1830 concedas.
1833 1775 2026 1829 Anien.

453 1871 684 1926 lnﬁrmis
715 1871 958 1932 salutem,
994 1870 1158 1938 lapsis
1193 1871 1591 1939 reparatiOnem
1619 1908 1632 1933 ,
1688 1868 1831 1922 aeris
1876 1882 2031 1921 coru-

452 1963 764 2016 moditatcm
815 1961 1210 2030 navigantibus,
1252 1969 1307 2014 et
1356 1959 1734 2014 itinerantibus
1788 1957 2032 2012 ﬁdelibus

451 2052 553 2105 iter
607 2066 921 2120 prosperum
973 2066 1037 2105 ac
1089 2051 1278 2105 salutis
1342 2059 1594 2120 portum,
1651 2048 2033 2102 tribulantibus

452 2138 659 2214 [Forte,
689 2140 982 2212 tribulatis]
1009 2141 1260 2211 gaudium
1280 2176 1294 2204 ,
1319 2140 1592 2209 oppressis
1621 2138 2030 2204 relevationem,

450 2232 699 2300 captivis,
732 2231 947 2294 vinctis,
978 2239 1033 2284 et
1060 2230 1385 2300 peregrinis,
1433 2228 1828 2291 remissionem,
1875 2229 2034 2282 abso-

449 2327 706 2381 lutionem
730 2334 786 2380 et
808 2325 872 2379 ad
892 2326 1123 2395 patriam
1156 2325 1541 2379 reversionem.
1559 2321 1750 2375 Amen.
1768 2320 2030 2391 Angelum

450 2425 600 2472 tuum
648 2424 897 2471 sanctum
933 2417 1021 2470 hic
1068 2423 1122 2469 et
1173 2416 1372 2483 ubique
1420 2414 1728 2475 custodem,
1787 2420 2031 2465 mutuam

449 2507 885 2563 discordantibus
915 2507 1257 2568 charitatem,
1292 2505 1593 2560 inlidelibus
1634 2520 1816 2558 veram
1845 2501 2028 2567 ﬁdem,

448 2607 507 2653 et
537 2597 809 2652 defunctis
847 2596 1094 2651 ﬁdelibus
1144 2596 1385 2652 requiem
1415 2594 1680 2664 propitius
1713 2585 1915 2647 donare
1948 2593 2031 2647 di-

447 2684 629 2756 gneris
658 2696 934 2741 azwrnam.

1144 2786 1314 2859 XIV.

450 2912 633 2993 Quod
659 2912 991 2978 secundum
1010 2922 1384 2995 proruptum
1408 2915 1701 2996 Apostoli
1725 2915 2031 2976 orandum

747 2997 829 3055 sit
860 2996 932 3055 ab
967 2996 1247 3056 omnibus
1274 3014 1397 3073 pro
1437 2995 1741 3055 omnibus.

524 3110 789 3179 Prazcepit
814 3112 969 3166 nobis
992 3127 1171 3167 sermo
1198 3112 1525 3181 apostolicus
1552 3127 1566 3165 :
1611 3111 1789 3175 Orate,
1823 3112 2026 3177 dicens,

450 3216 543 3269 pro
571 3199 888 3263 invicem,ut
914 3199 1541 3271 satvemini(Jac.v,16).
1573 3198 1669 3253 Cui
1689 3214 1789 3253 nos
1812 3214 2030 3254 necesse

449 3294 533 3343 est
578 3288 633 3341 in
686 3287 1056 3344 saluberrimis
1109 3290 1395 3359 prazceptis
1449 3290 1709 3351 obedire,
1768 3295 1823 3341 et
1870 3303 2031 3342 orare

449 3392 638 3431 omnes
658 3393 757 3448 pro
789 3379 1059 3442 omnibus,
1082 3388 1141 3432 ut
1170 3380 1448 3433 salventur
1488 3392 1676 3431 omnes
1703 3392 1827 3431 cum
1856 3378 2032 3431 omni-

447 3469 568 3524 bus.
617 3469 833 3539 Septem
873 3479 997 3524 sunt
1040 3479 1302 3539 prmterea
1352 3469 1563 3538 psalmi,
1621 3484 1687 3522 ex
1742 3469 1940 3537 quibus
1984 3469 2030 3522 si

448 3566 615 3614 unum
659 3574 854 3627 corpus
903 3559 1187 3623 efﬁcimur,
1219 3573 1315 3629 pro
1352 3560 1497 3613 omni
1548 3570 1772 3627 prorsus
1800 3574 2031 3629 corpore

449 3660 667 3705 oramus
691 3650 962 3705 Ecclesize.
998 3650 1351 3704 Considerato
1403 3657 1604 3713 tamen,
1633 3650 1724 3719 qui
1776 3650 1931 3721 legis,
1976 3659 2031 3705 et

448 3740 617 3809 proba
641 3739 784 3807 quod
803 3740 1052 3793 dicimus.
1079 3739 1135 3792 lu
1163 3739 1246 3792 his
1280 3753 1511 3807 namque
1548 3740 1809 3793 memoria
1849 3755 2030 3794 sacer-

450 3830 653 3892 dotum,
688 3844 1001 3899 regumque,
1034 3838 1088 3883 et
1131 3836 1506 3898 potentatuum
1533 3866 1547 3895 ,
1588 3830 1769 3899 populi
1815 3842 2031 3899 quoque

447 3927 503 3973 et
544 3920 716 3989 plebis
760 3920 939 3974 simul.
984 3921 1316 3976 Psahnorum
1364 3936 1524 3991 ergo,
1584 3938 1722 3991 quos
1773 3922 2025 3983 diximus,

448 4010 550 4064 ista
572 4020 697 4065 sunt
718 4012 892 4079 capita
926 4026 940 4063 :
973 4011 1254 4075 Memento,
1286 4010 1531 4075 Domine,
1560 4011 1758 4075 David;
1785 4011 2027 4077 Domine,

446 4099 503 4155 in
530 4102 717 4156 virtute
759 4111 886 4166 tua;
916 4102 996 4155 Ad
1036 4111 1106 4166 te,
1142 4102 1381 4165 Domine,
1410 4101 1631 4156 clamavi
1680 4101 1820 4154 Deus
1850 4118 2031 4167 meus;

448 4191 591 4246 Deus
620 4194 929 4246 misereatur
956 4193 1134 4257 nobis;
1171 4192 1516 4257 Benedixisti,
1563 4192 1818 4257 Domine;
1850 4191 2033 4245 Domi-

449 4297 542 4344 ne,
592 4283 889 4351 refugium;
916 4282 1215 4352 Conﬁtebor
1240 4286 1353 4351 tibi,
1387 4285 1628 4351 Domine,
1654 4287 1708 4338 in
1740 4296 1847 4339 toto
1877 4286 2030 4340 corde

2137 1764 2378 1818 cordiam
2417 1774 2565 1816 tuam
2595 1762 2891 1817 scientibus
2929 1772 2997 1825 te,
3034 1770 3089 1817 et
3129 1761 3399 1830 justitiam
3452 1772 3596 1817 tuam
3627 1763 3720 1817 his

2136 1856 2227 1925 qui
2266 1863 2413 1911 recto
2433 1864 2559 1911 sunt
2584 1858 2766 1911 corde.
2803 1856 3149 1926 Complaceat
3194 1858 3315 1922 tibi,
3364 1858 3612 1924 Domine,
3658 1866 3723 1914 ut

2134 1948 2334 2017 eripias
2356 1964 2480 2002 me:
2514 1948 2760 2015 Domine,
2792 1950 2845 2003 in
2886 1950 3149 2004 auxilium
3198 1959 3445 2004 nostrum
3481 1951 3717 2019 respice.

2134 2038 2663 2110 Exsurge,Domine,
2693 2038 2883 2109 adjuva
2918 2055 3034 2104 nos,
3078 2049 3133 2094 et
3168 2040 3335 2095 libera
3369 2054 3469 2095 nos
3494 2048 3722 2110 propter

2133 2141 2328 2182 nomen
2350 2133 2519 2180 tuum.

2824 2238 3031 2294 Oratio.

2201 2354 2528 2424 Propitiare,
2574 2350 2822 2419 Domine,
2869 2369 3085 2423 quaeso,
3140 2354 3406 2409 universm
3460 2353 3722 2408 Ecclesia:

2136 2455 2238 2500 tuae
2263 2445 2560 2509 catholicae,
2600 2452 2714 2500 toto
2743 2446 2876 2499 orbe
2904 2456 3173 2499 terrarum
3216 2444 3438 2499 dilfusm.
3490 2446 3723 2515 Largire

2134 2538 2209 2593 illi
2256 2536 2413 2591 ﬁdem
2447 2546 2861 2607 rectam,.opus
2898 2539 3223 2606 prazcipuum
3247 2578 3261 2602 ,
3300 2553 3488 2609 pacem
3526 2552 3723 2608 perpe-

2135 2637 2301 2682 tuam.
2348 2628 2650 2697 Propitiare
2696 2629 2947 2682 omnibus
2997 2628 3244 2682 ﬁdelibus
3295 2629 3399 2682 tuis
3449 2630 3549 2683 sub
3586 2628 3724 2699 iugo

2133 2718 2474 2772 ethnicorum
2516 2718 2905 2771 laborantibus.
2956 2718 3255 2786 Propitiare
3295 2717 3496 2771 famulo
3527 2726 3620 2772 tuo
3648 2718 3718 2772 N.

2136 2808 2267 2881 [Al.,
2292 2808 2390 2881 IL]
2422 2822 2593 2878 papa),
2622 2817 2676 2863 et
2716 2810 2965 2869 omnibus
2995 2809 3367 2865 sacerdotibus
3412 2817 3574 2878 atque
3617 2809 3723 2863 mi-

2133 2901 2343 2964 nistris,
2390 2909 2694 2969 cunetoque
2735 2900 2883 2954 clero
2926 2915 3134 2953 eorum.
3176 2898 3474 2969 Propitiare
3514 2898 3722 2953 famulo

2054 2998 2101 3059 ο
2137 2998 2227 3045 tuo
2259 2992 2317 3044 Ν.
2351 2992 2554 3055 abbati,
2592 2999 2648 3046 et
2676 2992 2941 3045 universae
2971 2990 3095 3044 huic
3138 2991 3541 3061 congregationi
3586 3000 3719 3055 tum,

2080 3116 2081 3119 η
2130 3086 2486 3154 omnibusque
2536 3100 2635 3153 per
2679 3093 2850 3139 totum
2882 3086 3067 3139 orbem
3116 3086 3169 3138 in
3216 3093 3307 3139 tuo
3337 3086 3554 3139 nomine
3582 3101 3722 3139 con-

2131 3176 2383 3246 gregatis.
2416 3176 2716 3245 Propitiare
2760 3174 2959 3231 famulo
2995 3183 3085 3229 tuo
3116 3174 3179 3229 N.
3210 3189 3354 3245 regi,
3398 3177 3722 3245 cunctisque

2131 3264 2451 3320 Christianis
2476 3268 2828 3335 principibus,
2857 3276 2911 3322 et
2939 3269 3193 3323 universo
3214 3268 3475 3322 exercitui
3498 3283 3711 3323 eorum.

2130 3356 2430 3426 Pr0pitiare
2459 3358 2727 3413 universis
2758 3358 3016 3413 fratribus
3039 3360 3194 3422 meis,
3225 3359 3337 3414 sive
3360 3360 3460 3422 eis,
3499 3361 3590 3428 qui
3623 3368 3717 3415 tua

2131 3446 2418 3510 charitate,
2452 3447 2531 3500 vel
2575 3448 2739 3501 etiam
2763 3449 3230 3519 consanguinitate
3265 3447 3537 3516 conjuncti
3565 3458 3716 3504 sunt.

2130 3537 2431 3605 Propitiare
2479 3540 2751 3603 omnibus,
2800 3539 2891 3608 qui
2934 3555 3032 3609 pro
3079 3554 3171 3594 me
3194 3540 3480 3608 implorant
3520 3552 3722 3594 nomen

2132 3637 2375 3683 sanetum
2402 3636 2572 3693 tuum,
2605 3630 2687 3683 vel
2719 3630 2810 3699 qui
2844 3646 2927 3684 me
2972 3631 3226 3684 miserum
3265 3630 3405 3700 apud
3434 3640 3581 3684 tuam
3611 3630 3724 3686 cle-

2130 3718 2388 3771 mentiam
2411 3718 2713 3788 supplicare
2735 3719 3038 3773 voluerunt.
3063 3718 3363 3789 Propitiare
3387 3719 3716 3808 virginibqs,

2132 3810 2451 3879 conjugatis,
2481 3825 2543 3863 ac
2570 3810 2767 3873 viduis,
2806 3810 3085 3878 orphanis,
3122 3811 3369 3879 captivis,
3401 3811 3718 3880 pmnitenti-

2130 3899 2253 3963 bus,
2279 3900 2528 3964 inﬁrmis,
2571 3899 2803 3963 alllictis,
2853 3900 3263 3970 navigantibus,
3314 3899 3716 3965 itlnerantibus,

2134 3990 2505 4051 incarceratis,
2555 3998 2610 4044 et
2640 3991 2693 4044 in
2734 3991 3142 4059 quibuscunque
3189 3990 3607 4045 necessitatibus
3637 4000 3722 4045 at-

2132 4096 2237 4150 que
2287 4080 2519 4134 miseriis
2574 4081 2923 4145 constitutis,
2980 4082 3036 4134 et
3076 4080 3329 4134 universo
3376 4081 3574 4149 populo
3625 4088 3719 4135 tuo

2133 4169 2462 4234 Christiano,
2494 4185 2653 4239 quem
2695 4171 2934 4239 pretioso
2967 4171 3226 4239 sanguine
3251 4173 3547 4226 redemisti.
3587 4172 3722 4226 Pro-

2132 4259 2327 4329 pitiare
2352 4260 2515 4312 etiam
2558 4259 2773 4314 miseris
2800 4261 3043 4330 paganis,
3071 4259 3271 4316 Judaais
3313 4271 3473 4332 atque
3503 4263 3723 4317 hazreti-

448 4387 593 4433 meo,
619 4374 867 4441 quoniam
889 4374 1149 4427 exaudisti
1173 4378 1346 4428 omnia
1372 4378 1526 4430 verba
1567 4378 1672 4430 oris
1703 4379 1824 4430 mei.
1864 4377 2027 4444 Sane,
2064 4350 2110 4411 υ
2136 4350 2234 4414 (ἠδ’
2263 4349 2376 4403 Sive
2402 4350 2585 4419 lapSis"
2610 4358 2668 4404 ut
2696 4352 2919 4444 Credam
2962 4352 3013 4444 ir!
3043 4359 3094 4405 te
3123 4351 3408 4407 Dominum
3440 4353 3719 4423 Deumque

447 4476 518 4516 ne
543 4463 663 4531 quis
685 4477 783 4517 nos
812 4466 1194 4533 reprehendat,
1222 4468 1364 4536 quod
1408 4471 1561 4537 prius
1584 4470 1863 4538 posuimus
1883 4470 2030 4538 psal-

448 4570 595 4609 mum
615 4595 630 4619 ,
673 4554 932 4609 Memento
951 4597 965 4620 ,
1006 4558 1251 4621 Domine,
1278 4558 1447 4611 David
1471 4600 1486 4624 ,
1529 4562 1620 4629 qui
1646 4564 1914 4629 posterior
1947 4571 2031 4618 est

450 4644 674 4709 ordine,
708 4646 956 4701 dabimus
985 4661 1326 4715 responsum,
1358 4649 1483 4717 quia
1532 4664 1638 4704 non
1684 4659 1767 4703 est
1799 4666 2032 4719 pensan-

451 4734 551 4789 dus
576 4736 708 4790 ordo
735 4736 791 4790 in
820 4738 1062 4806 psalmis,
1097 4738 1192 4793 sed
1220 4740 1410 4793 virtus.
1445 4740 1512 4793 Et
1539 4740 1662 4809 quia
1698 4742 1905 4810 primus
1948 4751 2031 4796 est

450 4822 594 4878 intra
624 4825 921 4881 Ecclesiam
955 4828 1089 4884 ordo
1120 4830 1653 4895 saccrdotalis,hunc
1676 4832 1908 4901 primum
1936 4847 2031 4901 poi-

450 4912 660 4967 suimus
691 4914 742 4968 in
769 4917 1044 4985 precibus.

686 5024 809 5081 Post
849 5028 1178 5085 Duminicam
1219 5031 1524 5087 Orationem
1569 5048 1785 5089 versus:

522 5135 635 5205 Ego
660 5138 770 5191 dixi
799 5152 813 5191 :
847 5138 1092 5204 Do.nine,
1150 5144 1408 5199 miserere
1454 5145 1591 5210 mei,
1623 5160 1755 5200 sana
1794 5146 2029 5200 animam

448 5242 657 5293 meam,
708 5233 834 5300 quia
886 5236 1105 5303 peccavi
1152 5236 1269 5291 tibi.
1313 5236 1636 5293 Sacerdotes
1681 5234 1758 5292 tul
1807 5238 2031 5292 induant

444 5317 733 5386 justitiam,
770 5330 825 5375 et
871 5326 1040 5401 sancti
1072 5326 1149 5379 tui
1204 5328 1493 5381 exsultent.
1548 5329 1791 5394 Domine,
1823 5330 2030 5383 salvum

449 5407 535 5463 fac
556 5425 759 5477 regem,
789 5422 842 5468 et
876 5418 1070 5472 exaudi
1113 5434 1211 5473 nos
1239 5420 1290 5473 in
1325 5420 1430 5484 die,
1461 5436 1566 5489 qua
1598 5422 2030 5476 invocaverimus

448 5506 519 5552 te.
552 5500 772 5557 Salvum
814 5504 896 5559 fac
942 5509 1193 5577 populum
1216 5511 1321 5580 37
1349 5519 1522 5576 tuum,
1550 5512 1778 5567 Domine
1798 5553 1812 5576 ,
1858 5521 1913 5567 et
1938 5513 2030 5567 be-

449 5590 606 5647 nedic
630 5593 998 5653 luereditatem
1042 5610 1214 5668 tuam,
1240 5611 1293 5657 et
1324 5617 1449 5673 rege
1478 5616 1589 5669 eos,
1616 5611 1669 5658 et
1711 5603 1905 5658 extolle
1934 5619 2028 5659 eos

2132 4455 2340 4503 verum,
2364 4447 2419 4493 et
2459 4448 2799 4494 revertantur
2826 4440 2892 4494 ad
2919 4448 2970 4494 te
2998 4441 3052 4494 in
3080 4449 3191 4495 toto
3230 4444 3393 4497 corde
3429 4454 3549 4497 δυο.
3596 4445 3720 4499 Τι’ἰο

2133 4527 2259 4589 bne,
2292 4542 2494 4595 quaeso,
2522 4527 2769 4593 Domine,
2809 4529 2954 4583 omni
2979 4531 3149 4595 sexui,
3171 4540 3227 4585 et
3253 4533 3522 4587 universae
3547 4534 3717 4597 artati,

2132 4626 2294 4687 atque
2352 4618 2647 4672 conditioni
2700 4619 2908 4674 ordinis
2956 4618 3281 4685 Christiani,
3336 4623 3719 4678 mandatorum

2134 4717 2347 4762 tuorum
2394 4708 2732 4773 custodiam,
2777 4718 2831 4763 et
2864 4725 3086 4765 suorum
3114 4713 3355 4767 omnium
3381 4714 3596 4769 veniam
3625 4715 3720 4773 de-

2131 4798 2402 4863 lictorum,
2425 4806 2479 4853 ct
2507 4797 2662 4851 nobis
2693 4799 2973 4854 miserere.
2999 4800 3193 4855 Amen.

2858 4931 2996 4991 XV.

2133 5025 2316 5100 Quod
2341 5025 2572 5087 bonum
2604 5027 2688 5087 sit
2722 5044 2903 5087 orare
2923 5047 3044 5106 pro
3071 5028 3376 5109 defunctis
3400 5028 3712 5111 ﬁdelibus.

2090 5118 2133 5165 ⁸
2200 5144 2395 5215 Arguit
2420 5154 2641 5200 sanctus
2670 5142 2958 5216 Apostolus
2987 5146 3245 5217 quosdam
3277 5148 3595 5208 Corinthios
3635 5152 3717 5207 in-

2132 5238 2426 5304 ﬁdelitatis,
2473 5237 2600 5309 quia
2632 5242 2697 5295 de
2726 5238 3137 5299 resurrectionis
3164 5245 3332 5317 gloria
3361 5248 3667 5305 titubabant
3697 5263 3716 5303 τ

2133 5328 2192 5384 Si
2245 5329 2504 5395 Christus,
2559 5332 2765 5401 inquit,
2812 5334 3133 5403 pradicatur
3162 5338 3301 5405 quod
3354 5341 3639 5393 resurrexit
3680 5356 3718 5393 ο

2132 5422 2375 5484 mortuis,
2420 5423 2677 5492 quomodo
2712 5425 2929 5494 quidam
2961 5428 3142 5480 dicunt
3170 5430 3224 5482 in
3261 5431 3433 5497 vobis,
3464 5432 3717 5501 quoniam

2134 5512 2440 5564 resurrectio
2489 5512 2743 5567 bonorum
2776 5514 2895 5585 [ΑΙ.
2924 5556 2939 5580 ,
2997 5519 3355 5592 mortuorum]
3399 5532 3503 5575 non
3544 5530 3620 5574 est
3659 5520 3714 5588 (I

2135 5600 2257 5658 Cor.
2285 5618 2376 5669 xv,
2410 5603 2527 5673 l2)?
2552 5603 2657 5659 Nos
2701 5619 2851 5675 ergo,
2901 5606 2991 5675 qui
3023 5608 3223 5677 absque
3266 5612 3412 5666 omni
3461 5607 3721 5679 scrupulo
