4038 6336
276 340 390 400 489
430 377 449 387 ο

1162 333 1566 411 ,ιιτυιξῦιολ
1601 363 1675 376 -
1706 331 1799 390 DE
1833 329 2086 389 PSALM.
2127 331 2286 392 USU.
2325 363 2397 376 —-
2431 334 2633 393 PARS.
2674 336 2713 393 Ι.

3459 343 3571 408 490

276 451 746 512 resurrectionem
791 451 1062 509 veraciter
1100 453 1373 508 credimus
1399 462 1455 507 et
1477 462 1876 522 exspectamus,
1911 458 1958 518 Α
1983 450 2122 520 peri.
2158 449 2391 507 Possunt
2435 462 2644 518 tamen,
2677 452 3045 528 sicut[Forte,
3069 458 3113 513 si
3141 459 3251 534 cui]
3276 461 3476 533 placet,
3514 477 3571 525 et

274 560 505 602 oremus
534 542 772 613 quotidie
811 558 910 612 pro
931 543 1320 598 resurrecturis
1343 542 1734 597 dormientibus
1765 541 1875 595 fra-

276 640 459 694 tribus
486 636 709 692 nostris.
738 636 795 691 ln
835 637 920 691 bis
946 651 1181 706 namque
1211 636 1448 705 quinque
1483 635 1726 705 psalmis,
1755 650 1878 705 pos-

275 747 470 789 sumus
505 730 690 802 aliquo
718 730 880 785 modo
918 745 1105 786 eorum
1146 730 1463 786 memoriam
1507 729 1709 795 facere,
1749 730 1876 800 quia

273 826 613 898 praedicatur
646 825 701 879 in
731 825 813 880 eis
842 824 1241 894 quodammodo
1266 824 1596 880 resurrectio
1633 830 1875 879 mortuo-

276 931 404 973 rum
428 936 441 970 :
463 915 713 972 Miserere
732 917 857 981 mei,
885 916 1043 977 Deus.
1069 915 1355 970 secundum
1372 932 1651 986 magnam;
1673 914 1872 981 Dilexi,

272 1010 531 1079 quoniam
571 1007 837 1063 exaudivit
877 1007 1168 1072 Dominus;
1211 1006 1444 1073 Credidi,
1486 1018 1698 1080 propter
1731 1008 1873 1080 quod

271 1100 487 1155 locutus
528 1117 687 1165 sum;
718 1098 1050 1169 Conﬁtemini
1097 1100 1323 1155 Domino
1375 1101 1623 1172 quoniam
1666 1100 1869 1167 bonus,

272 1192 528 1260 quoniam
567 1192 624 1246 in
666 1190 919 1246 saxulum
950 1192 1311 1246 misericordia
1351 1192 1500 1263 ejus;
1546 1191 1703 1248 Dicat
1734 1208 1871 1248 nunc

270 1281 484 1349 Israel;
514 1280 756 1337 Laudate
785 1281 1068 1337 Dominum
1089 1283 1145 1336 in
1174 1284 1368 1337 sanctis
1394 1283 1530 1353 ejus.

546 1394 675 1451 Post
696 1395 1029 1452 Dominicam
1053 1395 1357 1452 Orationem
1386 1414 1582 1453 versus.

345 1509 556 1565 Anima:
612 1511 959 1565 morientium
1005 1510 1237 1568 fratrum
1275 1521 1583 1569 nostrorum
1622 1514 1675 1569 in
1711 1515 1869 1572 bonis

271 1602 649 1664 demorentur,
698 1610 755 1657 et
794 1616 979 1656 semen
1018 1617 1205 1657 eorum
1238 1604 1553 1660 haereditate
1592 1606 1869 1676 possideat

268 1702 501 1749 terram.
532 1692 650 1748 Non
678 1694 858 1749 veniat
886 1695 967 1749 eis
990 1710 1087 1766 pes
1123 1697 1410 1765 superbiae,
1442 1708 1498 1753 et
1525 1715 1719 1755 manus
1742 1716 1867 1771 pec-

267 1795 518 1843 catorum
546 1803 651 1841 non
683 1796 935 1843 moveant
967 1804 1082 1844 eos.
1110 1789 1391 1859 Accipiam
1434 1792 1862 1850 benedictionem
1893 1830 1941 1891 Β

266 1894 303 1933 a
328 1878 575 1945 Domino,
606 1888 662 1935 et
699 1880 1131 1935 misericordiam
1162 1899 1189 1936 a
1217 1883 1327 1938 Deo
1359 1883 1582 1940 salutari
1616 1902 1731 1942 suo.
1758 1887 1864 1943 Ex-

264 1968 479 2026 sultent
504 1970 560 2025 in
599 1980 891 2041 conspectu
933 1971 1052 2037 Dei,
1080 1981 1135 2027 et
1176 1973 1514 2030 delectentur
1555 1977 1610 2031 in
1649 1977 1859 2034 laetitia.

265 2058 355 2114 Tu
398 2070 600 2128 autem,
641 2060 898 2126 Domine,
950 2078 1017 2117 ne
1063 2063 1218 2134 longe
1267 2063 1435 2119 facias
1460 2065 1863 2124 misericordias

265 2161 393 2208 tuas
419 2167 449 2205 a
473 2169 560 2208 me
593 2170 607 2206 :
638 2153 1011 2210 misericordia
1043 2164 1134 2210 tua
1163 2165 1217 2210 et
1237 2157 1441 2212 veritas
1465 2166 1555 2213 tua
1600 2160 1861 2229 suscipiat

262 2258 381 2301 eos.
413 2244 492 2299 Da
522 2245 623 2312 eis,
672 2246 922 2314 Domine,
969 2250 1358 2318 protectionem
1405 2251 1596 2307 salutis
1644 2260 1775 2319 tum,
1804 2262 1861 2309 et

261 2338 489 2394 dextera
516 2347 607 2394 tua
636 2341 895 2411 suscipiat
928 2356 1039 2397 eos.
1082 2343 1281 2397 Emitte
1309 2341 1484 2398 lucem
1512 2351 1661 2399 tuam
1694 2354 1750 2400 et
1769 2361 1861 2402 ve-

257 2435 482 2489 ritatem
534 2442 723 2489 tuam:
768 2436 885 2506 ipsa
927 2452 1021 2492 eos
1069 2437 1179 2509 38
1222 2438 1455 2496 deducat
1503 2440 1560 2496 in
1616 2450 1858 2498 montem

256 2534 512 2579 sanctum
544 2534 714 2589 tuum,
756 2526 811 2580 in
836 2527 1184 2584 tabernacula
1219 2538 1330 2585 tua.
1360 2530 1426 2585 Et
1469 2532 1772 2589 inhabitent
1802 2535 1857 2590 in

255 2616 613 2671 tabernacula
656 2626 742 2671 tua
799 2618 853 2673 in
906 2620 1140 2686 saacula;
1196 2630 1554 2693 protegantur
1601 2625 1656 2679 in
1704 2626 1856 2681 vela-

254 2716 448 2761 mento
477 2706 687 2762 alarum
714 2717 949 2764 tuarum.
979 2708 1059 2765 Tu
1082 2721 1288 2778 autem,
1316 2712 1561 2781 Domine,
1594 2716 1858 2775 miserere

251 2797 359 2863 eis,
384 2808 443 2853 et
472 2798 735 2853 resuscita
764 2815 876 2866 eos,
925 2810 980 2855 et
1022 2802 1285 2860 conﬁrma
1321 2820 1415 2861 eos
1461 2806 1517 2861 in
1560 2819 1855 2880 conspectu

250 2896 354 2945 tuo
379 2891 436 2943 in
463 2898 726 2944 aeternum
758 2909 771 2946 :
802 2898 865 2947 ut
902 2892 1207 2953 inhabitent
1232 2896 1290 2954 in
1318 2897 1478 2953 domo
1504 2907 1618 2967 tua,
1653 2900 1709 2957 in
1737 2901 1855 2960 lon-

249 2980 502 3055 gitudine
530 2981 758 3037 dierum.

960 3096 1167 3156 Oratio.

1982 555 2090 595 non
2122 543 2265 596 cedit
2291 544 2545 615 pigritiae,
2568 547 2873 602 continuari
2901 548 3027 604 huic
3048 551 3288 619 psalmus
3315 554 3570 615 duodeci-

1980 648 2102 688 mus
2130 652 2142 687 :
2170 634 2481 707 Usquequo,
2540 638 2798 705 Domine;
2845 650 2900 696 et
2942 644 3272 702 centesimus
3318 656 3374 705 et
3421 651 3571 724 vige-

1980 729 2151 787 simus
2176 749 2187 786 :
2218 730 2409 788 Levavi
2438 734 2614 790 oculos
2636 753 2777 791 meos
2803 737 2873 792 ad
2903 750 3123 795 montes.

2228 843 2357 898 Post
2386 845 2715 901 Dominicam
2747 846 3051 905 Orationem
3092 868 3288 910 versus.

2053 935 2205 992 Mitte
2250 938 2426 1002 nobis,
2459 938 2708 1004 Domine,
2756 942 3015 1000 auxilium
3058 946 3124 1001 de
3162 957 3370 1018 sancto,
3413 953 3568 1013 etde

1979 1025 2108 1083 Sion
2124 1038 2274 1084 tuere
2290 1046 2407 1085 nos.
2431 1030 2657 1102 Protege
2682 1047 2779 1087 nos
2797 1048 2828 1087 a
2844 1046 3109 1092 conventu
3130 1041 3563 1114 malignantium,

1975 1125 2031 1172 et
2078 1134 2109 1173 a
2145 1119 2490 1176 multitudine
2532 1124 2871 1192 cperantium
2912 1125 3269 1197 iniquitatem.
3316 1132 3565 1193 Illumina

1975 1206 2170 1263 faciem
2203 1217 2346 1264 tuam
2393 1226 2555 1282 super
2582 1228 2799 1269 servum
2831 1224 3004 1282 tuum,
3035 1227 3089 1273 et
3114 1219 3320 1278 salvum
3361 1242 3448 1283 me
3478 1227 3565 1284 fac

1974 1298 2031 1354 in
2069 1308 2161 1355 tua
2200 1302 2593 1358 misericordia.
2632 1304 2880 1373 Domine,
2911 1323 3018 1363 non
3066 1310 3388 1381 confundar,
3431 1334 3565 1389 quo-
3606 1372 3609 1373 ν

1972 1391 2121 1445 niam
2147 1391 2390 1448 invocavi
2431 1402 2500 1450 te.
2534 1395 2749 1452 Faciem
2787 1406 2935 1453 tuam
2969 1399 3212 1457 illumina
3251 1418 3413 1476 super
3451 1423 3566 1464 ser-

1972 1496 2099 1538 vum
2132 1491 2301 1543 tuum.
2334 1482 2401 1541 et
2421 1486 2552 1542 doce
2579 1504 2665 1543 me
2684 1489 3097 1560 iustiﬁcationes
3125 1502 3265 1552 tuas.
3298 1496 3562 1564 Quoniam

1972 1581 2032 1629 tu
2060 1574 2332 1633 illuminas
2365 1577 2611 1635 lucernas
2641 1595 2814 1649 meas,
2842 1581 3069 1641 Domine
3101 1585 3246 1643 Deus
3285 1602 3459 1658 meus,
3500 1589 3564 1647 il-

1971 1666 2177 1725 lumina
2208 1672 2454 1729 tenebras
2475 1689 2642 1730 meas.

2245 1781 2428 1838 Oratio
2461 1787 2631 1855 prima
2658 1787 2711 1840 in
2741 1787 3035 1843 dormitorii
3073 1789 3282 1847 cellula.

2040 1872 2296 1942 Benedic,
2323 1877 2568 1945 Domine,
2598 1897 2804 1951 quaeso,
2853 1882 3100 1938 cellulam
3127 1884 3146 1958 [
3172 1887 3282 1955 AL,
3334 1889 3558 1967 cellam]

1968 1968 2148 2032 istam,
2177 1979 2238 2025 ut
2258 1971 2349 2041 qui
2375 1972 2427 2027 iu
2459 1974 2649 2027 umbra
2676 1974 2884 2029 alarum
2914 1984 3130 2032 tuarum
3156 1995 3458 2050 speramus,
3489 1988 3559 2041 ab

1966 2063 2218 2120 omnibus
2263 2064 2473 2121 insidiis
2507 2066 2847 2133 daemonum,
2894 2070 3113 2126 virtutis
3158 2080 3262 2129 tua:
3317 2078 3560 2146 potentia

1966 2161 2233 2211 tueamur.
2282 2157 2387 2213 Per
2420 2158 2705 2214 Dominum
2742 2170 2985 2217 nostrum
3023 2161 3207 2221 Jesum
3256 2166 3551 2235 Christum,

1965 2250 2058 2322 qui
2084 2249 2216 2306 vivit
2250 2259 2302 2305 et
2328 2261 2519 2324 regnat
2548 2252 2604 2307 in
2628 2255 2822 2311 saecula
2850 2256 3190 2314 saeculorum.
3222 2259 3417 2318 Arnen.

2682 2366 2824 2422 Alia.

2033 2452 2172 2510 Huic
2204 2455 2433 2521 cellulae,
2461 2471 2667 2525 quaeso,
2688 2458 2934 2526 Domine,
2962 2475 3202 2530 praesens
3241 2463 3450 2535 adesto,
3490 2473 3555 2526 ut

1962 2550 2182 2599 caterva
2204 2544 2507 2601 daemonum
2538 2549 2770 2604 contrita
2792 2548 3080 2622 ell‘ugetur.

2569 2658 2708 2715 Item
2755 2663 2948 2717 oratio.

2032 2745 2282 2815 Domine,
2307 2764 2468 2820 quem
2489 2767 2664 2823 neque
2694 2755 2869 2823 spatia
2897 2754 3142 2820 dilatant,
3173 2772 3274 2816 nec
3306 2759 3550 2822 brevitas

1956 2837 2199 2895 locorum
2231 2852 2502 2915 angustat,
2549 2846 2689 2901 hanc
2716 2848 2988 2916 cellulam,
3016 2866 3221 2921 quaeso.
3252 2859 3556 2924 praesentiae

1957 2938 2063 2986 tute
2092 2930 2213 2989 luce
2258 2935 2538 3006 perfunde,
2583 2946 2639 2991 ut
2689 2939 3037 2995 tenebrarum
3063 2951 3254 2999 auctor
3298 2945 3555 3007 confusus

1957 3026 2235 3083 abscedat.
2268 3027 2372 3085 Per
2392 3016 2681 3087 Dominum
2704 3043 2954 3089 nostrum
2976 3032 3162 3093 Iesum
3188 3037 3487 3098 Christum.

2683 3142 2825 3198 Alia.

326 3207 408 3265 Ne
438 3218 677 3305 reputes,
722 3210 965 3281 piissime
995 3214 1243 3283 Domine,
1283 3226 1508 3289 peccata
1558 3222 1847 3292 quiescen-
1874 3194 1925 3260 θ
2022 3232 2070 3286 Α
2119 3229 2258 3288 facie
2305 3232 2617 3302 impiorum,
2665 3194 2871 3305 quiest),
2923 3236 3169 3305 Domine,
3212 3242 3312 3298 sub
3356 3245 3549 3303 umbra

251 3301 392 3356 tium
451 3300 680 3358 fratrum
726 3319 993 3373 meorum,
1039 3309 1125 3363 vel
1172 3326 1363 3366 eorum
1399 3313 1491 3383 qui
1544 3315 1673 3370 mihi
1721 3332 1850 3373 con-

242 3392 429 3461 juncti
470 3405 560 3448 tua
588 3397 856 3453 charitate
886 3400 1210 3458 exstiterunt
1235 3420 1249 3469 ;
1283 3412 1343 3459 ut
1370 3403 1457 3461 his
1485 3414 1646 3477 atqne
1675 3410 1847 3464 omni-

249 3485 361 3538 bus
400 3484 458 3538 in
498 3492 587 3540 tua
617 3487 722 3544 ﬁde
751 3487 1021 3547 defunctis
1060 3493 1298 3566 digneris
1344 3504 1606 3554 asternam
1653 3516 1847 3558 conce-

249 3573 387 3632 dere
416 3578 678 3647 requiem.

880 3674 1002 3731 Alia
1032 3680 1220 3733 oratio.

324 3778 427 3863 Dq,
458 3795 664 3851 quaeso,
709 3781 957 3850 Domine,
1004 3789 1248 3857 requiem
1293 3792 1544 3851 omnibus
1583 3794 1844 3855 fratribus

246 3873 481 3939 nostris,
524 3876 615 3943 qui
646 3875 710 3930 de
737 3876 839 3932 bac
881 3876 1000 3933 luce
1039 3880 1091 3933 in
1124 3880 1467 3939 confessione
1502 3887 1579 3942 tui
1609 3889 1842 3946 nominis

245 3967 644 4036 migraverunt,
674 3977 729 4023 et
754 3970 913 4026 nobis
933 3972 1210 4028 miserere.
1240 3974 1434 4030 Amen.
1478 3998 1487 4036 ι

970 4086 1142 4148 XVI.

286 4209 500 4296 Quod
529 4208 836 4269 orandum
881 4211 962 4271 sit
1009 4212 1076 4272 in
1124 4210 1490 4296 dormitorii
1548 4219 1794 4296 cellula,

380 4288 762 4369 priusquam
798 4290 1243 4369 corpusculum
1279 4292 1462 4355 detur
1494 4298 1711 4376 quieti.

314 4412 452 4469 Post
495 4414 780 4469 decursum
811 4430 941 4471 vero
978 4416 1141 4471 totius
1185 4417 1291 4473 diei
1324 4418 1578 4488 spatium,
1619 4434 1741 4476 cum
1766 4421 1833 4477 ad

243 4505 477 4561 lectulos
505 4507 812 4563 accedimus
854 4508 1145 4563 dormitum
1165 4551 1180 4575 ,
1220 4511 1362 4565 votis
1390 4512 1642 4567 omnibus
1685 4529 1834 4586 roge-

240 4612 367 4653 mus
408 4597 718 4664 Dominum,
768 4614 893 4655 cum
940 4599 1209 4673 Propheta
1260 4603 1544 4659 dicentes:
1579 4603 1834 4661 Illumina
1858 4586 1911 4647 ἶ)

239 4689 426 4744 oculos
450 4707 612 4756 meos,
637 4708 700 4746 ne
720 4709 952 4764 unquam
974 4695 1300 4750 obdormiam
1327 4696 1383 4751 in
1416 4708 1581 4752 morte
1600 4695 1827 4769 (Psalm.

238 4797 344 4848 xu,
370 4782 450 4853 4).
479 4782 665 4854 Neque
690 4786 835 4841 enim
862 4787 1053 4843 melior
1075 4796 1159 4844 est
1199 4799 1410 4845 mortuo
1436 4791 1710 4848 dormiens
1740 4793 1833 4865 qui

240 4889 273 4928 a
302 4889 533 4945 vespere
566 4892 737 4947 usque
784 4879 851 4934 ad
896 4895 1056 4936 mane
1102 4882 1370 4937 obdurato
1402 4882 1423 4956 [
1453 4882 1637 4949 Forte,
1676 4888 1832 4941 obtu-

238 4965 407 5039 rato]
459 4982 555 5023 ore
581 4968 737 5026 laude
768 4969 1060 5037 Creatoris,
1098 4987 1205 5029 non
1244 4982 1353 5029 tam
1401 4991 1612 5042 somno,
1668 4993 1830 5048 quam

235 5056 510 5130 lethargia
540 5062 826 5133 depressus
855 5065 1140 5135 resupinus
1178 5069 1356 5122 stertit
1382 5068 1437 5123 in
1473 5069 1687 5125 lectulo.
1724 5072 1827 5126 Ve-

236 5164 361 5204 rum
408 5152 537 5221 quia
579 5162 767 5208 contra
795 5164 1043 5211 naturam
1074 5166 1158 5211 est
1185 5158 1481 5215 insomnem
1517 5160 1699 5215 vivere
1730 5162 1827 5216 ho-

236 5243 465 5307 minem,
513 5243 661 5298 illum
701 5260 952 5317 rogemus
981 5248 1294 5313 dormituri,
1349 5253 1441 5322 qui
1487 5268 1590 5306 non
1621 5252 1826 5307 dormi-

236 5333 377 5388 tabit
416 5349 592 5403 neque
636 5336 905 5404 dormiet;
947 5347 1005 5392 ut
1047 5339 1445 5395 satisfaciamus
1495 5343 1824 5399 dormientes

231 5438 347 5480 non
386 5425 674 5492 voluntati,
720 5429 815 5484 sed
865 5432 1193 5487 necessitati.
1244 5432 1513 5488 Canamus
1560 5446 1822 5503 praeterea

232 5530 424 5573 coram
450 5517 647 5575 lectulo
683 5523 950 5591 psalmum
979 5534 1211 5591 sextum,
1262 5527 1316 5581 id
1342 5536 1444 5592 est,
1475 5527 1716 5593 Domine,
1760 5545 1823 5584 ne

228 5609 287 5663 in
328 5611 415 5665 ira
445 5621 538 5666 tua
565 5629 761 5684 arguas
807 5631 919 5679 me;
951 5618 1199 5688 congruit
1234 5618 1378 5673 enim
1408 5626 1462 5673 et
1497 5619 1574 5672 rei
1604 5627 1658 5673 et
1688 5627 1823 5674 tem-

301 5727 1042 5821 :Jliiistjatkapudg‘Martenq
1080 5734 1320 5808 Antiqua
1354 5733 1609 5793 Ecclesia:
1645 5733 1957 5810 Disciplina,
1984 5757 2106 5816 pag.
2142 5745 2264 5815 621,
2298 5747 2353 5804 in
2416 5747 2622 5808 Libello
2680 5749 2858 5808 Caroli
2913 5751 3082 5821 Calvi,

231 5799 470 5874 quadam
496 5799 823 5856 differentia.

563 5892 841 5960 PATROL.
888 5893 988 5961 Cl.

1951 3324 2159 3380 alarum
2189 3331 2403 3380 tuarum
2436 3341 2534 3381 nos
2559 3337 2804 3401 protege,
2832 3335 2890 3383 ut
2914 3330 2982 3385 ad
3022 3330 3235 3388 laudern
3265 3335 3340 3391 tui
3373 3339 3548 3393 nomi~

1950 3415 2035 3469 nis
2062 3415 2382 3479 surrecturi,
2417 3423 2473 3470 te
2500 3432 2663 3488 super
2688 3434 2786 3473 nos
2813 3419 3069 3489 vigilante
3092 3424 3269 3479 securi
3306 3426 3546 3484 dormia-

1948 3522 2090 3562 mus.
2156 3506 2260 3562 Per
2322 3506 2612 3566 Dominum
2684 3520 2933 3567 nostrum
2997 3511 3181 3570 Iesum
3242 3515 3541 3576 Christum.

1948 3598 2141 3655 Amen.

2678 3695 2820 3751 Alia.

2016 3782 2235 3837 Gratias
2278 3783 2373 3838 tibi
2405 3799 2526 3855 ago,
2575 3783 2825 3841 Domine‘
2854 3796 3040 3845 sancte
3078 3789 3261 3857 Pater,
3298 3796 3545 3867 omnipo.

1946 3883 2065 3931 tens
2092 3883 2295 3931 aeterne
2337 3876 2498 3942 Deus,
2552 3879 2644 3947 qui
2687 3895 2773 3935 me
2819 3881 3071 3953 dignatus
3118 3899 3177 3939 es
3216 3885 3270 3941 in
3310 3888 3343 3942 h
3379 3903 3410 3945 c
3454 3891 3542 3947 die

1943 3971 2218 4027 custodire
2246 3987 2344 4042 per
2370 3980 2517 4027 tuam
2543 3982 2785 4030 sanctam
2810 3977 3267 4047 misericordiam;
3300 3985 3539 4041 concede

1940 4063 2075 4117 mihi
2104 4064 2244 4120 hanc
2268 4074 2482 4121 noctem
2514 4068 2803 4138 tranquillo
2832 4078 2886 4124 et
2912 4072 3111 4128 mundo
3142 4074 3305 4129 corde
3340 4084 3395 4131 et
3414 4092 3539 4132 cor-

1939 4170 2070 4226 pore
2117 4157 2197 4212 sic
2242 4160 2613 4228 pertransire,
2659 4170 2721 4215 ut
2759 4177 2895 4232 pure
2943 4164 3010 4218 ad
3053 4164 3265 4236 vigilias
3306 4182 3538 4239 surgens

1939 4256 2152 4320 gratum
2180 4249 2274 4305 tibi
2305 4252 2587 4306 servitium
2614 4252 2897 4310 exsolvere
2929 4255 3154 4325 possim.

2008 4361 2118 4433 39
2149 4362 2331 4418 Oratio
2378 4369 2546 4421 sancti
2590 4366 2898 4445 Hieronymi
2929 4387 3024 4441 pro
3073 4371 3314 4445 custodia
3347 4374 3455 4431 diei

2553 4441 2814 4510 sequentis
2859 4453 2906 4494 α.

2008 4524 2217 4582 Mecum
2246 4539 2383 4594 esto,
2408 4528 2635 4587 Domine
2655 4532 2925 4596 Sabaoth;
2954 4548 3112 4590 mane
3133 4550 3256 4591 cum
3280 4552 3534 4595 surrexe-

1938 4633 2019 4682 ro,
2053 4618 2270 4677 intende
2294 4622 2363 4676 ad
2398 4637 2508 4689 me,
2534 4633 2587 4678 et
2617 4624 2855 4693 guberna
2890 4641 3081 4683 omnes
3102 4636 3255 4685 actus
3283 4646 3454 4699 meos,
3477 4642 3535 4689 et

1934 4710 2099 4766 verba
2141 4726 2284 4777 mea,
2318 4720 2369 4767 el
2410 4714 2760 4784 cogitatiOnes
2790 4731 2939 4773 meas
2976 4718 3059 4775 vel
3090 4736 3250 4792 opera
3289 4739 3433 4790 mea,
3472 4735 3533 4783 ut

1934 4807 2107 4856 totum
2151 4803 2291 4858 diem
2338 4806 2634 4876 transigam
2680 4806 2733 4861 in
2774 4815 2867 4863 tua
2903 4808 3199 4867 voluntate.
3251 4813 3325 4869 Da
3376 4817 3528 4884 mihi,

1932 4891 2194 4961 Domine,
2254 4896 2505 4952 timorem
2555 4905 2743 4965 tuum,
2806 4903 2986 4959 cordis
3033 4909 3526 4979 compunctionem,

1932 4986 2130 5041 mentis
2153 4987 2535 5055 humilitatem,
2576 4993 2920 5049 conscientiae
2956 4996 3269 5067 puritatem,
3311 5012 3371 5056 ut
3410 5012 3523 5058 ter-

1930 5091 2044 5130 ram
2074 5078 2391 5147 despiciam,
2431 5081 2624 5137 coelum
2664 5086 2976 5155 suspiciam,
3026 5100 3249 5159 peccata
3293 5093 3519 5160 oderim,

1926 5177 1981 5223 et
2012 5168 2281 5238 justitiam
2326 5174 2564 5245 diligam.
2611 5177 2879 5237 A'iscinde
2905 5198 2934 5237 a
2963 5200 3070 5249 me,
3104 5185 3344 5253 Domine,
3382 5189 3523 5259 gula!

1928 5262 2246 5331 appetitum,
2296 5269 2788 5337 concupiscentiam
2835 5271 3228 5343 fornicationis,
3275 5295 3516 5337 amorem

1926 5353 2184 5421 pecuniae,
2216 5365 2422 5423 pestem
2450 5358 2761 5427 iracundiae,
2792 5366 3067 5423 tristitiam
3089 5371 3292 5435 saeculi,
3318 5372 3518 5429 mentis

1930 5444 2205 5509 accidiam,
2261 5462 2456 5503 vanam
2506 5450 2777 5521 laetitiam,
2832 5459 3169 5529 tyrannidem
3227 5463 3515 5533 superbiae.

1928 5535 2117 5591 Planta
2142 5538 2196 5593 in
2223 5555 2330 5606 me,
2359 5544 2607 5610 Domine,
2638 5547 2893 5604 virtutem
2921 5552 3280 5619 abstinentiae,
3307 5562 3362 5609 et
3386 5569 3518 5611 con-

1928 5628 2207 5687 tinentiam
2242 5636 2443 5702 carnis,
2477 5646 2531 5691 et
2558 5638 2864 5697 castitatem
2897 5643 3112 5710 mentis,
3150 5645 3513 5702 voluntariam

3150 5770 3272 5830 pag.
3305 5757 3359 5828 8,
3388 5774 3513 5820 cum

2997 5914 3071 5981 16
