4038 6336
509 258 711 365 δι’

1361 296 1421 353 Β.
1454 294 1518 354 ιτ.
1562 292 1790 354 ΔιΒιΝι
1826 292 1959 353 εει]
1999 292 2277 354 Αιοιιιιιι
2313 293 2599 355 οΡΕΒΙΠί
2636 294 2819 357 PARS
2852 294 2943 355 Π.

3706 297 3808 358 492

506 418 1099 491 paupertati-mmmam
1119 409 1460 482 patientiam,
1481 410 1725 467 laetitiam
1746 408 2103 480 spiritualem,
2134 412 2189 476 Α
2211 426 2348 467 unus
2373 420 2448 466 est
2470 410 2650 483 (Deut.
2677 429 2753 479 vi,
2782 410 2863 483 4),
2888 410 2997 469 nisi
3027 409 3268 470 Trinitas
3295 426 3438 471 unus
3465 410 3611 469 Deus
3640 422 3801 471 esset.

507 512 677 573 animi
704 510 1077 575 stabilitatem,
1104 508 1286 565 cordis
1309 506 1717 574 contritionem,
1740 506 2106 563 humilitatem

508 620 620 665 non
644 605 849 668 ﬁctam,
877 602 1170 659 fraternam
1206 600 1543 657 cbaritatem.
1582 596 1806 657 Custodi
1832 613 1897 655 os
1923 612 2106 656 meum

506 710 580 755 ne
614 696 806 766 loquar
826 710 988 761 vana,
1021 709 1091 753 ne
1121 692 1332 751 fabuler
1369 689 1671 755 smeularia,
1713 704 1783 747 ne
1821 688 2105 751 detraham

507 789 854 865 absentibus,
909 803 980 847 ne
1018 786 1337 845 maledicam
1380 784 1741 859 praesentibus
1785 784 2106 857 parentibus

511 878 657 955 [Vox
694 878 1005 949 parentibus
1036 874 1351 948 redundat];
1392 890 1461 931 ne
1491 873 1845 945 respondeam
1878 871 2105 929 maledi-

509 978 655 1027 ctum
678 984 776 1041 pro
804 967 1125 1033 maledicto;
1154 964 1248 1020 sed
1272 980 1304 1021 e
1329 963 1603 1022 contrario
1639 961 1954 1021 benedicam
1991 959 2100 1016 Do-

508 1067 717 1124 minum
745 1065 799 1121 in
838 1063 987 1121 omni
1026 1070 1288 1133 tempore,
1338 1073 1552 1130 semper
1595 1057 1714 1115 laus
1752 1054 1870 1127 ejus
1906 1055 1962 1112 in
2006 1068 2103 1112 ore

507 1177 651 1223 meo.
708 1159 933 1219 Custodi
958 1156 1147 1215 oculos
1174 1170 1347 1221 meos,
1372 1169 1442 1211 ne
1470 1152 1688 1210 videant
1717 1150 2000 1207 mulierem
2032 1147 2105 1206 ad

507 1255 997 1331 concupiscendam
1039 1266 1182 1316 eam,
1225 1263 1294 1305 ne
1335 1247 1635 1304 desiderem
1682 1260 1800 1329 rem
1843 1242 2101 1319 proximi,

506 1365 613 1409 nec
657 1347 879 1405 delicias
925 1343 1087 1417 hujus
1132 1341 1346 1407 saeculi;
1378 1340 1475 1397 sed
1517 1340 1697 1395 dicam
1747 1353 1871 1395 cum
1907 1337 2103 1407 spiritu

508 1443 679 1501 David
706 1457 719 1497 :
746 1440 1003 1499 Illumina
1033 1436 1213 1494 oculos
1238 1452 1400 1501 meos,
1429 1451 1493 1489 ne
1523 1449 1753 1507 unquam
1774 1431 2103 1487 obdormiam

508 1534 565 1593 in
588 1543 775 1601 morte,
807 1548 870 1588 ne
898 1530 1113 1604 quando
1151 1528 1295 1585 dicat
1334 1526 1578 1582 inimicus
1614 1541 1759 1580 meus
1785 1537 1804 1577 :
1834 1520 2104 1581 Prtevalui

513 1626 764 1679 adversus
813 1640 931 1677 emn
968 1619 1141 1694 (Psal.
1185 1635 1283 1685 ιιι,
1320 1619 1397 1691 4).
1437 1618 1504 1674 Ει
1536 1618 1713 1674 dicam
1755 1630 1770 1672 :
1814 1613 1967 1672 Oculi
2000 1614 2105 1669 mei

512 1733 715 1786 semper
738 1715 806 1768 ad
833 1713 1138 1776 Dominum,
1179 1720 1235 1765 et
1272 1711 1499 1782 reliqua.
1544 1710 1612 1764 Et
1644 1710 1841 1766 iterum
1877 1708 2053 1763 dicam
2084 1722 2100 1761 :

2208 506 2279 563 Et
2304 507 2412 564 nisi
2441 514 2498 563 tu
2523 507 2667 565 Deus
2702 506 2865 563 Pater
2904 506 3020 577 ipse
3058 521 3231 573 esses,
3271 515 3329 563 et
3363 505 3534 562 Filius
3570 504 3807 567 Verbum

2208 606 2362 655 tuum
2388 597 2548 657 Iesus
2572 598 2824 656 Christus
2864 599 2983 669 ipse
3022 605 3189 666 esset,
3230 606 3287 655 et
3323 599 3529 657 donum
3565 608 3805 659 vestrum

2209 688 2445 760 Spiritus
2480 690 2661 747 sancti
2702 687 2911 761 [Fom,
2948 688 3228 762 sanctus];
3268 706 3377 748 non
3416 691 3807 765 legeremusin

2204 781 2405 839 litteris
2428 780 2687 839 Veritatis
2719 800 2733 838 :
2766 780 2915 837 Misit
2941 781 3087 839 Deus
3113 781 3316 839 Filium
3354 800 3510 838 suum
3549 782 3697 855 (Gal.
3731 799 3807 860 tv,

2204 873 2282 946 4).
2329 872 2441 931 Nec
2486 881 2545 933 tu
2594 873 2874 945 unigeuito
2927 873 3141 932 diceres
3189 874 3258 930 de
3303 874 3512 946 Spiritu
3560 882 3803 934 sancto:

2209 965 2377 1034 Quem
2399 966 2564 1023 mittet
2594 963 2759 1023 Pater
2779 967 2833 1023 in
2870 968 3078 1021 nomine
3110 983 3257 1033 meo;
3294 975 3342 1022 et
3383 984 3539 1039 quem
3570 986 3668 1040 ego
3696 971 3809 1025 mit-

2205 1066 2316 1115 tam
2338 1059 2483 1115 vobis
2502 1076 2538 1113 α
2560 1056 2722 1116 Patre
2755 1059 2938 1132 (Joan.
2973 1077 3085 1127 xrv,
3127 1060 3229 1127 26;
3269 1076 3363 1129 xv,
3388 1062 3505 1132 26).
3547 1061 3635 1118 Ad
3666 1064 3807 1123 hanc

2204 1151 2447 1221 regulam
2474 1150 2601 1207 lidei
2632 1152 2871 1223 dirigens
2899 1153 3259 1210 intentionem
3297 1169 3497 1221 meam,
3540 1166 3806 1226 quantum

2204 1256 2293 1296 me
2324 1256 2484 1310 posse
2514 1241 2714 1308 fecisti,
2745 1244 2972 1313 quaesivi
3002 1252 3074 1311 te,
3104 1253 3161 1303 et
3187 1245 3495 1305 desideravi
3530 1247 3807 1309 intellecto

2203 1334 2314 1407 40
2343 1336 2548 1405 videre,
2589 1339 2733 1409 quod
2774 1340 3000 1406 credidi,
3032 1349 3089 1397 et
3112 1355 3327 1398 mecum
3352 1342 3626 1417 disputavi
3653 1353 3711 1399 et
3734 1343 3812 1400 la-

2204 1428 2413 1483 boravi.
2464 1429 2692 1486 Domine
2733 1432 2874 1489 Deus
2908 1450 3081 1501 meus,
3115 1451 3224 1491 una
3264 1451 3388 1509 spes
3430 1452 3573 1505 mea,
3612 1442 3810 1496 exaudi

2206 1533 2313 1585 me,
2334 1588 2337 1589 ν
2357 1534 2428 1575 ne
2463 1519 2721 1595 fatigatus
2752 1524 2919 1579 nolim
2951 1534 3003 1580 te
3023 1542 3296 1597 quaerere,
3338 1530 3433 1586 sed
3467 1547 3709 1602 quaeram
3742 1532 3814 1591 fa-

2206 1602 2346 1669 ciem
2386 1621 2532 1669 tuam
2566 1630 2781 1686 semper
2806 1618 3105 1673 ardentem.
3134 1620 3215 1677 Tu
3242 1621 3309 1677 da
3338 1625 3614 1694 quaircndi
3641 1627 3807 1695 vires,

2209 1707 2300 1777 qui
2334 1707 2584 1765 invenire
2612 1716 2666 1764 te
2694 1709 2890 1776 fecisti,
2924 1720 2979 1766 et
3004 1713 3179 1785 magis
3208 1716 3491 1789 magisque
3528 1719 3813 1777 invenien-

513 1810 592 1867 Ad
619 1780 665 1865 te
696 1810 859 1863 levavi
883 1806 1061 1861 oculos
1085 1824 1246 1871 meos,
1275 1807 1365 1878 qui
1389 1780 1595 1860 liabitas
1618 1807 1675 1859 in
1704 1804 1866 1861 aclis.
1911 1784 2103 1861 Custo-
2134 1780 2186 1849 Β
2209 1799 2263 1857 di
2291 1809 2345 1858 te
2368 1818 2520 1873 spem
2552 1804 2747 1859 dedisti
2775 1803 2945 1877 [Edit.
2971 1780 3178 1874 Colon”
3213 1780 3419 1866 Coram.
3440 1820 3491 1867 te
3515 1822 3602 1868 est
3638 1813 3806 1871 ﬁrmi-

508 1900 561 1955 di
587 1914 746 1954 aures
773 1912 944 1961 meas,
976 1911 1043 1950 ne
1081 1896 1300 1950 audiant
1325 1896 1561 1965 linguam
1585 1894 1979 1960 detrahentem,
2002 1909 2107 1952 nec

508 1992 729 2047 audiant
752 1989 1115 2055 mendacium,
1148 2004 1247 2043 nec
1274 1988 1500 2043 verbum
1527 1988 1760 2043 otiosum
1795 2005 1807 2041 :
1835 1988 1928 2042 sed
1960 2002 2104 2044 sem-

505 2101 604 2156 per
634 2093 835 2156 apertae
861 2082 969 2137 sint
994 2080 1236 2152 quotidie
1265 2081 1333 2135 ad
1367 2079 1695 2136 audiendum
1728 2080 1956 2137 verbum
1980 2079 2099 2135 Dei.

510 2179 734 2236 Custodi
764 2177 932 2252 pedes
970 2190 1137 2241 meos,
1182 2191 1250 2230 ne
1282 2175 1615 2231 circumeant
1654 2174 1875 2230 domum
1917 2174 2102 2242 otiosi,

507 2276 601 2329 sed
641 2280 786 2328 stent
815 2271 869 2325 in
905 2270 1152 2325 oratione
1191 2268 1308 2324 Dei.
1348 2267 1572 2325 Custodi
1607 2284 1800 2324 manus
1833 2283 2005 2333 meas,
2036 2282 2105 2324 ne

504 2365 855 2435 porrigantur
879 2376 1020 2433 smpe
1059 2363 1126 2417 ad
1154 2363 1469 2433 accipienda
1504 2377 1753 2429 munera,
1792 2362 1887 2418 sed
1924 2362 2105 2432 potius

504 2456 787 2511 eieventur
812 2455 867 2509 ln
890 2454 1142 2524 precibus
1170 2453 1386 2509 Domini
1430 2455 1643 2509 munda:
1673 2461 1729 2508 et
1768 2469 1936 2525 purae,
1984 2453 2103 2509 sine

504 2546 589 2602 ira
612 2554 667 2601 et
693 2547 1097 2616 disceptatione.
1134 2561 1241 2616 quo
1269 2544 1471 2616 possim
1492 2545 1672 2601 dicere
1700 2544 1851 2601 illum
1870 2545 2105 2616 prophe-

508 2638 674 2696 ticum
706 2653 1008 2695 sermonem
1041 2658 1054 2694 :
1084 2639 1362 2710 Dirigatur
1395 2640 1565 2694 oratio
1602 2658 1716 2694 mea
1752 2642 1886 2695 sicut
1926 2641 2103 2695 inccn~

506 2748 626 2788 um
653 2733 709 2787 in
732 2740 1008 2803 conspectu
1033 2741 1144 2786 tuo.
1186 2730 1427 2787 Elevatio
1465 2726 1718 2787 manuum
1756 2750 1990 2789 mearum
2023 2749 2105 2789 sa-

510 2828 770 2898 criﬁcium
806 2828 1174 2898 vespertinum.
1219 2823 1368 2880 Fiat.
1411 2826 1598 2881 Amen.

1192 2937 1397 2999 XVII.

509 3041 639 3103 Pro
672 3037 974 3101 servanda
1001 3036 1228 3099 silendi
1260 3034 1671 3119 loquendique
1702 3036 2097 3099 discretione.

2209 1898 2293 1946 tas
2339 1899 2394 1947 et
2429 1891 2719 1949 inﬁrmitas
2760 1909 2927 1962 mea;
2977 1895 3125 1952 illam
3178 1913 3370 1967 serva,
3419 1901 3580 1959 istam
3631 1903 3809 1977 sana].

2207 1979 2404 2037 Coram
2435 1991 2488 2039 te
2523 1990 2608 2040 est
2637 1985 2864 2041 scientia
2902 1997 2956 2043 et
3000 1989 3309 2060 ignorantia
3343 2009 3485 2050 mea.
3536 1994 3641 2052 Ubi
3680 1996 3814 2055 mihi

2208 2077 2488 2148 aperuisti,
2519 2078 2733 2150 suscipe
2762 2079 3088 2150 intrantem;
3112 2084 3205 2139 ubi
3226 2085 3494 2155 clausisti,
3518 2089 3668 2160 aperi
3691 2089 3813 2163 pul-

2206 2168 2372 2235 santi,
2411 2177 2473 2225 ut
2509 2171 2851 2227 meminerim
2885 2173 2991 2241 tui,
3033 2175 3329 2250 intelligam
3366 2187 3440 2245 te,
3481 2180 3702 2254 diligam
3742 2192 3811 2239 te.

2204 2264 2356 2338 Auge
2389 2264 2446 2320 in
2486 2280 2575 2320 me
2607 2265 2732 2332 ista,
2776 2266 2951 2323 donec
2989 2281 3077 2324 me
3112 2270 3376 2328 reformes
3413 2273 3482 2328 ad
3521 2274 3810 2347 integrum.

2209 2353 2335 2413 Scio
2356 2357 2618 2429 scriptum
2645 2373 2769 2414 esse
2795 2376 2807 2413 :
2833 2358 2900 2412 In
2934 2360 3263 2432 multiloquio
3304 2381 3410 2419 non
3441 2365 3657 2436 effugies
3692 2384 3805 2438 pec-

2207 2458 2383 2503 catum
2415 2447 2598 2521 (Prov.
2620 2465 2676 2516 x,
2702 2449 2810 2522 l9).
2842 2449 2950 2507 Sed
2974 2452 3185 2507 utinam
3205 2454 3551 2525 praedicando
3580 2457 3811 2512 verbum

2207 2548 2379 2607 tuum,
2416 2549 2472 2596 et
2494 2540 2766 2597 laudando
2789 2551 2863 2608 te,
2893 2546 3270 2609 tantummodo
3295 2546 3549 2619 loquerer
3576 2567 3588 2602 :
3619 2556 3675 2603 et
3707 2566 3814 2606 non

2206 2630 2382 2687 solum
2418 2630 2659 2704 fugerem
2690 2640 2993 2705 peccatum,
3026 2636 3121 2693 sed
3160 2638 3412 2692 meritum
3443 2641 3812 2711 acquirerem,

2206 2721 2504 2793 quamlibet
2525 2723 2753 2780 multum
2774 2725 2852 2780 sic
2871 2725 3141 2797 loquerer.
3176 2728 3361 2803 Neque
3390 2732 3535 2786 enim
3559 2732 3663 2789 hoc
3699 2750 3816 2789 mo-

2208 2814 2276 2871 do
2315 2816 2382 2871 de
2434 2825 2485 2872 te
2527 2817 2718 2873 beatus
2760 2818 2960 2874 Paulus
2995 2821 3316 2893 praeciperet
3355 2823 3642 2881 Timotheo
3666 2824 3811 2883 Filio

2212 2920 2333 2973 suo,
2363 2907 2450 2960 cui
2482 2909 2723 2978 scripsit,
2756 2909 2944 2964 dicens
2978 2928 2990 2963 :
3025 2907 3270 2965 Praidica
3298 2913 3530 2981 verbum,
3560 2916 3705 2970 insta
3736 2934 3817 2987 op-

2206 3008 2447 3070 portune,
2478 2998 2769 3070 importune
2798 3000 2959 3071 (Tim.
2995 3018 3069 3067 ιν,
3100 3002 3177 3074 2).
3220 3002 3456 3059 Verbum
3490 3016 3659 3071 tuum,
3708 3009 3812 3064 Do-

2206 3090 2374 3155 mine,
2411 3091 2653 3160 nunquid
2676 3091 2964 3146 dicendum
2994 3100 3096 3158 est,
3134 3092 3297 3148 istum
3327 3111 3437 3149 non
3466 3097 3703 3153 multum
3735 3100 3814 3156 lo-

581 3163 855 3235 Scriptum
900 3170 1003 3228 est,
1054 3159 1353 3216 afﬁrmante
1397 3160 1663 3231 apostolo,
1715 3158 1855 3226 Quia
1905 3160 2013 3213 vita
2053 3166 2102 3212 et
2128 3134 2183 3200 θ
2210 3134 2415 3249 cum;
2442 3134 2701 3252 qugm
2731 3200 2841 3241 non
2872 3134 3052 3241 80k;

508 3268 650 3308 mors
671 3254 727 3308 in
746 3269 905 3306 manu
927 3251 1118 3324 lingua:
1142 3259 1214 3306 est
1237 3248 1420 3323 (Prov.
1453 3267 1611 3317 xvm,
1635 3249 1750 3322 21).
1775 3250 1843 3303 Et
1864 3249 2058 3304 iterum
2083 3264 2097 3302 :

506 3344 768 3417 Linguam
791 3344 966 3400 nullus
996 3345 1264 3400 hominum
1287 3343 1502 3399 domare
1518 3353 1685 3416 potest
1720 3342 1859 3416 (Jac.
1898 3359 1978 3407 ιιι,
2020 3342 2100 3415 8).

509 3437 663 3506 Quod
693 3453 822 3511 ergo
844 3453 948 3493 non
972 3446 1149 3509 potest
1179 3439 1400 3495 domare
1424 3453 1592 3509 purus
1618 3438 1803 3504 homo,
1827 3452 2103 3511 rogemus,

507 3535 569 3584 ut
581 3529 763 3584 domet
785 3527 928 3586 Deus
943 3538 997 3585 et
1025 3531 1203 3586 homo.
1224 3530 1367 3600 Ergo
1382 3529 1448 3584 ad
1474 3529 1822 3585 obtinendam
1845 3529 2107 3586 virtutem

506 3622 731 3679 discreti
758 3621 975 3685 silentii,
1010 3622 1235 3693 supplici
1268 3621 1552 3678 devotione
1583 3622 1682 3676 bos
1711 3636 1970 3678 canamus
1996 3620 2105 3676 Do-

513 3712 666 3768 mino
703 3712 941 3783 psalmos
972 3730 986 3767 ;
1022 3709 1193 3767 Verba
1242 3727 1393 3776 mea;
1442 3709 1571 3765 Dixi
1596 3750 1610 3775 ,
1658 3710 1953 3767 custodiam
1992 3710 2105 3765 vias

515 3820 691 3873 meas;
712 3803 955 3869 Domine,
985 3801 1207 3857 clamavi
1233 3802 1302 3855 ad
1331 3811 1399 3867 te,
1436 3799 1630 3855 exaudi
1656 3817 1757 3855 me.

759 3893 890 3949 Post
924 3893 1257 3949 Dominicam
1299 3891 1606 3946 Orationem
1639 3907 1837 3947 versus.

578 3987 826 4054 Domine,
862 3987 1057 4043 exaudi
1080 3985 1380 4043 orationem
1418 4000 1614 4051 meam,
1645 3983 1867 4040 auribus
1893 3983 2108 4057 percipe

507 4080 673 4135 verba
700 4078 811 4134 oris
848 4077 977 4133 mei.
1023 4076 1245 4132 Custodi
1294 4091 1401 4141 me,
1455 4075 1700 4139 Domine,
1748 4082 1807 4129 ut
1851 4075 2108 4148 pupillam

509 4171 651 4226 oculi
677 4189 690 4225 :
721 4171 821 4225 sub
846 4169 1040 4224 umbra
1063 4167 1273 4222 alarum
1304 4176 1519 4223 tuarum
1550 4176 1773 4241 protege
1798 4182 1905 4223 me.
1938 4167 2105 4233 Pone,

511 4264 759 4328 Domine,
784 4262 1081 4318 custodiam
1111 4260 1193 4315 ori
1224 4275 1365 4325 meo,
1389 4267 1445 4314 et
1467 4260 1665 4315 ostium
1688 4260 2110 4315 circumstantia

512 4351 674 4407 labiis
715 4352 870 4405 meis.
923 4351 994 4405 Ut
1036 4365 1141 4405 non
1177 4349 1413 4404 declinet
1459 4365 1554 4404 cor
1593 4365 1769 4404 meum
1800 4350 1855 4405 in
1883 4349 2109 4405 verbum

2210 3274 2517 3345 importune
2542 3274 2779 3333 Verbum
2814 3285 2986 3344 tuum,
3012 3278 3260 3346 Domine,
3287 3296 3395 3337 non
3418 3284 3675 3340 tacebat?
3708 3286 3819 3344 Sed

2210 3366 2338 3425 ideo
2357 3384 2467 3425 non
2485 3378 2606 3427 erat
2624 3370 2879 3437 malum,
2896 3372 3029 3442 ﬂia
3050 3379 3267 3428 tantum
3284 3384 3408 3431 erat
3417 3380 3815 3437 necessaria.

2209 3458 2407 3519 Libera
2443 3478 2552 3529 me,
2590 3464 2737 3521 Deus
2766 3480 2948 3533 meus,
2981 3480 3013 3521 ιι
3045 3465 3405 3536 multiloquio,
3448 3471 3593 3540 quod
3633 3474 3819 3542 patior

2210 3552 2358 3609 intus
2405 3554 2462 3608 in
2508 3555 2690 3611 anima
2736 3571 2878 3622 mea,
2921 3558 3122 3613 misera
3163 3559 3217 3613 in
3258 3571 3553 3632 conspectu
3594 3570 3714 3629 tuo,
3764 3572 3821 3621 et

2210 3646 2558 3719 confugiente
2589 3650 2657 3704 ad
2697 3650 3129 3706 misericordiam
3167 3660 3316 3707 tuam
3341 3673 3354 3707 :
3379 3670 3489 3710 non
3530 3658 3683 3712 enim
3725 3673 3820 3713 co-

2211 3739 2562 3815 gitationibus
2588 3750 2761 3809 taceo,
2793 3744 2959 3798 etiam
2988 3752 3181 3800 tacens
3208 3746 3453 3803 vocibus.
3494 3748 3565 3814 Et
3591 3750 3819 3827 quidem

2211 3829 2261 3887 si
2288 3846 2398 3886 non
2430 3831 2747 3909 cogitarem,
2778 3832 2887 3888 nisi
2923 3833 3066 3903 quod
3105 3834 3347 3906 placeret
3383 3837 3510 3903 tibi;
3557 3830 3685 3895 noni
3714 3842 3822 3897 uti-

2211 3937 2317 3993 que
2346 3939 2613 3995 rogarem,
2656 3933 2717 3980 ut
2745 3940 2833 3982 me
2873 3926 2941 3982 ab
2984 3928 3088 3985 hoc
3139 3929 3480 4001 multiloquio
3520 3932 3817 3995 liberares.

2214 4011 2322 4069 Sed
2352 4014 2531 4068 multae
2552 4022 2681 4070 sunt
2703 4017 3060 4087 cogitationes
3090 4034 3224 4083 mete
3256 4021 3413 4088 tales,
3441 4024 3633 4093 quales
3667 4027 3820 4082 nosti

2213 4106 2569 4177 cogitationes
2625 4107 2924 4176 hominum,
2963 4126 3084 4182 quae
3113 4128 3269 4167 vana:
3302 4122 3445 4169 sunt.
3489 4115 3643 4172 Dona
3680 4119 3821 4177 mihi

2212 4211 2323 4253 non
2349 4196 2430 4252 eis
2468 4194 2808 4265 consentire;
2850 4208 2907 4257 et
2938 4202 2983 4258 si
3011 4205 3231 4273 quando
3263 4221 3351 4261 me
3379 4206 3678 4271 delectant,
3726 4225 3823 4265 eas

2212 4286 2564 4347 nihilominus
2589 4290 2916 4360 improbare,
2949 4309 3052 4351 nec
3081 4294 3136 4350 in
3168 4297 3249 4352 eis
3285 4297 3434 4353 velut
3467 4301 3825 4359 dormitando

2213 4377 2492 4435 inmorari
2522 4394 2666 4437 :nec
2694 4390 2876 4440 tamen
2896 4385 3115 4442 valeant
3144 4388 3285 4459 apud
3306 4404 3413 4455 me,
3443 4399 3505 4445 ut
3525 4391 3741 4463 aliquid
3765 4395 3821 4449 in

511 4442 737 4503 malum,
770 4438 863 4492 sed
891 4437 1162 4506 repleatur
1189 4453 1251 4491 os
1279 4452 1475 4491 meum.
1509 4437 1667 4493 laude
1714 4446 1833 4505 tua;
1882 4446 1941 4493 ut
1985 4454 2109 4509 pos-

2214 4559 2421 4635 [Forte,
2449 4564 2625 4638 salva]
2651 4567 2723 4625 sit
2744 4574 2856 4625 tota
2885 4574 3177 4641 sententia,
3212 4583 3327 4631 tota
3358 4580 3730 4647 conscientia,
3770 4590 3829 4640 to

2211 4662 2417 4715 tuente.
2460 4656 2693 4729 Sapiens
2714 4662 2959 4731 quidam,
2988 4681 3116 4722 cum
3142 4668 3211 4724 de
3240 4677 3294 4725 te
3320 4670 3640 4742 loqueretur
3668 4676 3732 4730 in
3764 4674 3832 4731 li-

2210 4747 2311 4805 bro
2335 4766 2453 4817 suo,
2483 4752 2577 4822 qui
2604 4752 3024 4814 Eeelesiasticus
3052 4762 3273 4831 proprio
3298 4764 3523 4820 nomine
3554 4774 3827 4823 vocatur:

2212 4840 2407 4909 Multa,
2434 4843 2627 4914 inquit,
2657 4845 2903 4912 dicimus,
2932 4858 2979 4904 et
3010 4849 3282 4919 deﬁcimus
3309 4856 3497 4911 una.
3544 4856 3833 4915 Comm.

2211 4936 2377 4991 matis
2411 4945 2586 4993 autem
2620 4954 2917 4995 sermonum
2956 4943 3318 5000 universorum
3355 4947 3465 5018 ipse
3497 4959 3575 5003 est
3616 4950 3828 5020 (Ecdi.

2212 5041 2368 5091 xun,
2394 5027 2506 5100 29).
2556 5028 2694 5087 Cum
2718 5046 2849 5102 ergo
2876 5035 3285 5104 pervenerimus
3312 5038 3381 5093 ad
3411 5047 3485 5106 te,
3516 5043 3838 5100 cessabunt

1210 5110 1417 5168 Oratio.
2213 5118 2382 5173 multa
2410 5118 2517 5177 ista
2543 5135 2667 5191 quas
2685 5121 2937 5189 dicimus,
2958 5132 3013 5181 et
3034 5141 3145 5182 non
3169 5129 3609 5197 permanebunt:
3635 5134 3749 5188 sed
3772 5141 3837 5188 tu

589 5226 818 5285 Domine
846 5225 991 5284 Deus
1026 5232 1233 5292 noster,
1267 5225 1537 5283 credimus
1569 5234 1624 5285 te
1656 5225 1895 5293 Patrem,
1924 5236 1982 5286 et
2017 5230 2110 5285 Εἰς

2214 5212 2461 5269 manebis
2491 5213 2639 5273 solus
2676 5215 2860 5272 omnia
2898 5216 2957 5273 'm
2991 5218 3263 5276 omnibus.
3305 5221 3373 5275 Et
3408 5237 3511 5278 nos
3546 5223 3673 5278 sine
3716 5225 3843 5282 ﬁne

518 5317 675 5384 ιίωη¹
698 5325 754 5374 ει
781 5302 1047 5388 spiam,
1066 5324 1334 5373 sanctum,
1388 5317 1575 5388 Neque
1599 5320 1745 5378 enim
1770 5321 1978 5378 dicem
2005 5323 2113 5378 γε,
2215 5300 2478 5368 dicemus,
2512 5318 2712 5369 unum;
2744 5304 3030 5365 laudantes
3065 5314 3137 5375 te,
3167 5324 3365 5375 unum;
3398 5318 3454 5365 et
3480 5311 3537 5365 in
3568 5318 3625 5366 te
3664 5311 3839 5379 facti,

520 5410 697 5467 ritas:
721 5409 825 5475 Ite,
853 5408 1113 5480 baptizata
1137 5425 1314 5465 omnes
1341 5420 1516 5482 gentes
1555 5413 1613 5468 in
1660 5414 1867 5468 nomine
1908 5412 2110 5479 Putris,
2214 5393 2380 5451 “iam
2404 5410 2507 5451 ποθ
2531 5412 2717 5453 υηυωι
2766 5396 2993 5457 Bome
3021 5401 3166 5458 Deus
3198 5418 3327 5469 “ne,
3365 5404 3510 5459 Deus
3545 5403 3841 5474 Trinitas.

520 5511 573 5561 ιι
600 5502 753 5569 Filii,
787 5510 837 5559 et
875 5501 1106 5573 Spiritus
1143 5506 1312 5560 sancti
1356 5504 1571 5578 (Matth.
1622 5521 1815 5570 xxvm,
1858 5504 1971 5575 19),
2009 5506 2112 5560 nisi
2214 5500 2551 5578 Ἧιωουηίῐιιθ
2573 5487 2686 5547 dm
2713 5490 2769 5546 ίη
2789 5491 2875 5548 his
2898 5490 3050 5548 libris
3069 5493 3136 5549 de
3161 5500 3272 5557 ῖυον
3300 5503 3605 5566 agnoscam
3622 5506 3697 5552 ει
3718 5499 3843 5555 mi:

522 5594 767 5651 Trinitas
791 5603 956 5652 esset.
1006 5594 1117 5652 Nec
1158 5576 1436 5667 baptizare
1476 5613 1577 5652 nos
1609 5595 1852 5665 juberes,
1890 5597 2117 5652 Domine
2216 5576 2264 5631 εί
2308 5592 2415 5647 (ιιιτι
2453 5579 2522 5634 de
2557 5595 2702 5649 meo:
2744 5588 2799 5639 8⁸
2838 5590 2896 5638 ω
2934 5598 3168 5655 ³8³060⁸
3205 5582 3411 5659 [Ϊοηεο
3450 5585 3743 5667 ίεοοωοι
3784 5595 3849 5650 αι

525 5683 689 5752 Deus,
722 5687 777 5742 in
806 5686 923 5758 ejus
951 5689 1189 5751 nomine,
1214 5690 1309 5760 qui
1332 5706 1439 5745 non
1469 5696 1614 5745 esset
1640 5688 1812 5754 Deus;
1848 5704 1948 5743 nec
1973 5688 2116 5744 dice-
2218 5668 2315 5726 ίυί·
2367 5670 2558 5730 Amen-

527 5783 683 5839 t‘etur
722 5790 857 5832 voce
898 5775 1231 5847 ejus:Audi,
1265 5779 1457 5848 Israel,
1505 5780 1759 5836 Dominus
1805 5780 1945 5837 Deus
1994 5789 2114 5837 tuus

515 4631 686 4679 tuam.
717 4620 784 4674 Et
811 4626 988 4683 erunt,
1017 4618 1476 4689 ut.complaceant
1509 4619 1723 4690 eloquia
1748 4622 1860 4676 oris
1885 4622 2009 4685 mei,
2053 4629 2107 4676 et

514 4715 796 4771 meditatio
826 4714 1004 4770 cordis
1029 4714 1133 4768 mei
1156 4715 1210 4769 in
1237 4721 1525 4786 conspectu
1550 4723 1643 4768 tuo
1666 4729 1896 4785 semper.
1932 4714 2036 4770 Sed
2055 4724 2110 4771 et

514 4806 701 4880 lingua
724 4824 842 4864 mea
870 4809 1218 4864 meditabitur
1240 4808 1507 4879 justitiam
1545 4818 1712 4875 tuam,
1739 4817 1850 4865 tota
1885 4810 1970 4864 die
2000 4810 2112 4865 lau-

516 4900 643 4958 dem
662 4909 833 4957 tuam.
880 4899 1128 4969 Domine,
1153 4903 1348 4958 exaudi
1378 4903 1679 4958 orationem
1706 4917 1905 4969 meam,
1927 4912 1981 4960 et
2002 4903 2110 4959 cla-

514 5008 642 5053 mor
665 5009 821 5052 meus
842 4994 911 5052 ad
940 5004 993 5051 te
1016 4996 1317 5067 perveniat.
