4038 6336
1102 341 1494 424 LITURGICA.
1534 389 1604 402 -
1639 358 1728 414 es
1762 354 2016 414 psam.
2057 352 2217 414 usu.
2252 383 2325 398 .-
2357 354 2540 411 rans
2570 355 2634 410 ιι.

3407 357 3516 418 494

247 501 3516 552 ________________...__—.———————.——————-—__—_.

1469 629 1723 726 PARS
1801 621 2298 721 SECUNDA.

1331 779 1814 847 ORATIONES
1859 778 2017 838 PER
2048 777 2445 838 ORNNEM.

1014 1026 1066 1090 Ι.
1859 1012 1915 1074 Α
1939 1020 2178 1081 tuarum,
2197 1014 2410 1085 illorum
2435 1019 2490 1068 et
2510 1012 2744 1080 illarum,
2759 1014 2850 1084 qui
2868 1015 3021 1071 nobis
3043 1033 3170 1074 suas
3191 1018 3370 1093 largiti
3398 1034 3536 1088 sunt,
3568 1071 3572 1075 .

244 1134 477 1200 Oratio
513 1127 598 1190 ad
641 1123 947 1190 canendus
979 1127 1150 1215 [post
1206 1120 1511 1186 cantatas]
1557 1112 1842 1194 psalmos

837 1224 962 1284 pro
996 1221 1226 1294 seipse.

324 1335 609 1392 Liberator
644 1329 945 1385 animarum
990 1333 1048 1380 et
1092 1322 1281 1380 mundi
1327 1321 1673 1390 Redemptor,
1713 1315 1843 1377 Iesu

248 1429 491 1490 Christe,
527 1424 754 1478 Domine
779 1422 922 1474 Deus
949 1427 1172 1482 aeterne,
1213 1431 1308 1471 rex
1345 1412 1683 1478 immortalis,
1719 1427 1847 1482 sup-

247 1522 398 1594 plico
419 1535 520 1590 ego
543 1523 795 1589 peccator
819 1514 1138 1567 immensam
1158 1516 1213 1563 et
1232 1521 1481 1580 magnam
1501 1503 1845 1560 clementiam

250 1623 426 1676 tuam,
459 1618 518 1664 ut
535 1624 634 1679 per
654 1605 1070 1660 modulationem
1089 1601 1439 1672 psalmorum,
1464 1611 1601 1668 quos
1623 1611 1723 1667 ego
1745 1595 1848 1649 mi-

249 1716 348 1758 ser
373 1701 624 1771 indignus
652 1696 866 1752 cantavi
885 1736 900 1761 ,
931 1694 1126 1748 liberes
1156 1693 1393 1746 animam
1421 1704 1598 1744 meam
1630 1688 1697 1742 de
1724 1701 1850 1758 pec-

252 1801 401 1856 cato,
429 1801 484 1846 et
504 1791 741 1845 abducas
769 1803 866 1843 cor
891 1802 1073 1842 meum
1107 1788 1174 1842 de
1200 1785 1357 1838 malis
1383 1789 1440 1838 et
1474 1780 1658 1853 pravis
1690 1778 1852 1850 perﬁ-

252 1882 450 1954 disque
476 1879 916 1950 cogitationibus,
947 1885 1004 1932 et
1039 1875 1326 1931 abstrabas
1365 1890 1562 1946 corpus
1597 1886 1778 1928 meum
1817 1886 1849 1923 a

251 1977 523 2034 servitute
549 1975 779 2045 peccati,
817 1981 875 2028 et
912 1971 1143 2041 repellas
1179 1986 1211 2024 a
1248 1984 1335 2025 me
1371 1968 1622 2024 carnales
1657 1978 1852 2020 concuo

253 2068 577 2142 piscentias,
615 2071 671 2119 et
697 2065 896 2136 eripias
925 2079 1012 2119 me
1041 2065 1108 2118 de
1142 2063 1290 2118 omni
1331 2061 1716 2131 impedimento
1756 2056 1852 2110 8a-

255 2168 420 2224 tanae,
462 2167 625 2226 atque
662 2157 1029 2211 ministrorum
1063 2154 1180 2224 ejus
1205 2152 1498 2209 visibilium
1526 2162 1686 2221 atque
1715 2148 1852 2202 invia-

255 2249 516 2313 sibilium,
543 2256 600 2303 et
621 2247 918 2310 inﬁdelium
947 2254 1182 2313 tuorum,
1211 2246 1306 2317 qui
1326 2241 1852 2316 quaeruntimpedire

255 2342 502 2396 animum
531 2354 729 2395 meam.

1035 2456 1115 2518 II.

263 2556 486 2619 Oratio
523 2556 932 2640 quandoipro
977 2555 1128 2640 aliis
1175 2555 1408 2636 psalmi
1443 2555 1856 2622 decantantur

783 2635 1117 2712 [decantati
1144 2635 1334 2712 sunt].

338 2754 564 2814 Domine
592 2756 735 2810 Deus
775 2755 1138 2826 omnipotens,
1171 2763 1384 2810 creator
1423 2755 1545 2809 coeli
1584 2763 1640 2810 et
1678 2762 1855 2825 terras,

257 2851 462 2908 exaudi
486 2849 752 2920 propitius
772 2850 1076 2904 orationem
1101 2864 1299 2914 meam,
1329 2848 1382 2902 in
1413 2865 1520 2919 qua
1546 2865 1646 2921 ego
1668 2865 1861 2920 pecca.

263 2953 355 3002 tor
391 2941 850 3014 magniﬁcentiam
892 2951 1043 2996 tuam
1080 2957 1248 2996 exoro
1283 2956 1382 3011 pro
1413 2941 1612 2995 famulo
1655 2950 1743 2995 tuo
1792 2940 1856 2995 Ν.

263 3033 518 3104 Suscipe,
550 3031 798 3096 obsecro,
829 3048 926 3100 per
953 3048 1203 3102 magnam
1232 3033 1661 3088 misericordiam
1691 3043 1856 3102 tuam,

265 3135 329 3183 et
353 3141 451 3197 pro
477 3123 841 3180 modulatione
874 3123 1228 3194 psalmorum,
1252 3140 1386 3194 quos
1412 3123 1598 3178 infelix
1621 3125 1859 3192 cantavi,

263 3219 585 3290 petitionem
617 3230 826 3278 meam;
859 3225 915 3271 et
942 3216 1181 3270 concede
1210 3216 1258 3269 ci
1284 3217 1338 3270 in
1378 3217 1630 3286 pnesenti
1666 3216 1864 3272 sacculo

265 3309 444 3364 vitam
461 3316 516 3364 et
542 3308 854 3372 sanitatem,
885 3315 940 3364 et
964 3306 1199 3377 spatium
1223 3306 1276 3360 in
1307 3307 1412 3361 ista
1449 3308 1558 3361 vita
1595 3310 1662 3362 ad
1695 3306 1867 3377 poeni-

271 3401 504 3456 tentiam
542 3399 827 3469 agendam,
857 3406 912 3453 et
937 3397 996 3452 in
1017 3397 1200 3452 futuro
1233 3398 1428 3454 sreculo
1455 3399 1525 3453 da
1551 3400 1601 3454 ei
1627 3399 1864 3466 veniam,

268 3501 331 3548 et
370 3489 756 3562 indulgentiam
794 3488 880 3542 vel
923 3489 1299 3546 remissionem
1340 3491 1580 3546 omnium
1619 3501 1870 3562 peccato:-

269 3598 417 3647 rum,
451 3591 507 3637 et
534 3597 659 3638 cum
693 3581 944 3637 omnibus
974 3583 1180 3638 sanctis
1213 3583 1342 3651 tuis,
1384 3585 1552 3638 vitam
1587 3585 1868 3658 percipere

267 3678 684 3749 sempiternam.
741 3676 935 3734 Amen.

933 3798 1033 3870 ιι
1067 3789 1177 3849 Ill.

278 3887 510 3952 Oratio
545 3907 665 3970 pro
687 3896 876 3969 patre
906 3933 923 3963 ,
985 3897 1042 4027 ett
1061 3897 1318 4028 lmatre,
1367 3898 1423 3950 et
1453 3891 1620 3952 omni
1639 3909 1870 3972 paren-

1031 3989 1060 4028 e
1087 3988 1143 4028 ιι.

1031 3988 1143 4028 em.

352 4093 669 4148 Dominator
705 4091 931 4146 Domine
975 4091 1113 4145 Deus
1136 4092 1495 4164 omnipotens,
1529 4096 1619 4166 qui
1649 4095 1873 4150 mirabi-

277 4184 406 4242 liter
455 4191 649 4238 cuncta
694 4181 1000 4246 condidisti,
1047 4190 1103 4235 et
1156 4191 1246 4236 tua
1296 4185 1644 4254 dispositione
1689 4187 1872 4240 omnia

278 4275 503 4340 creasti,
537 4274 734 4344 quique
763 4273 976 4344 iussisti
999 4273 1363 4329 conditionem
1397 4279 1756 4347 prepagandze
1787 4294 1874 4333 so-

278 4367 424 4422 bolis
453 4381 520 4420 ex
557 4366 672 4419 viro
701 4375 756 4419 et
785 4365 984 4419 femina
1016 4382 1156 4430 esse,
1191 4375 1245 4422 et
1291 4370 1593 4440 praecepisti
1634 4370 1875 4425 dilectio-

280 4473 409 4515 nem
438 4467 493 4513 et
521 4472 761 4513 amorem
807 4458 953 4512 circa
979 4467 1190 4530 patrem
1221 4468 1560 4530 matremque
1582 4462 1873 4529 exhibere;

277 4551 482 4606 exaudi
527 4565 616 4605 me
663 4549 976 4604 misericors
1005 4550 1148 4606 Deus
1197 4552 1522 4607 clamantem
1562 4553 1630 4609 ad
1680 4561 1732 4610 te
1779 4569 1877 4624 pro

280 4643 531 4714 genitore
575 4657 697 4696 meo
741 4641 806 4695 Ν.
839 4649 895 4696 et
933 4657 1032 4711 pro
1061 4643 1323 4710 genitrice
1369 4659 1486 4698 mea
1532 4643 1618 4710 N.,
1647 4660 1878 4715 quorum

279 4741 578 4803 utrumque
607 4748 672 4787 ex
701 4739 790 4786 tua
814 4733 1154 4802 providentia
1182 4734 1314 4787 inihi
1339 4734 1636 4788 humillimo
1671 4749 1881 4805 prarpa-

281 4839 414 4881 rare
436 4826 688 4897 dignatus
709 4841 798 4890 es;
829 4841 923 4879 seu
951 4833 1006 4879 et
1037 4824 1295 4880 fratribus
1325 4826 1458 4880 meis
1491 4834 1651 4895 atque
1676 4829 1879 4881 sorori-

279 4918 409 4985 bus,
439 4917 696 4988 omnique
719 4917 1017 4988 parentela,
1043 4917 1135 4988 qui
1162 4917 1292 4972 mihi
1318 4919 1589 4988 peccatori
1612 4933 1678 4973 ex
1703 4920 1882 4974 carnis

283 5013 775 5088 consanguinitate
805 5012 1078 5083 conjuncti
1129 5021 1272 5077 sunt,
1306 5021 1414 5067 tam
1459 5013 1596 5068 vivis
1637 5030 1799 5084 quam
1829 5021 1884 5068 et

1942 1106 2346 1178 eleemosynas,
2373 1113 2428 1168 et
2476 1122 2706 1176 quorum
2754 1107 2974 1160 nomina
3004 1110 3204 1178 scripta
3232 1121 3355 1166 sunt
3382 1116 3530 1185 apud
3559 1097 3570 1147 ί

1942 1206 2126 1263 nos,et
2150 1198 2242 1270 qui
2259 1213 2316 1253 se
2333 1198 2385 1252 in
2405 1197 2605 1252 nostris
2628 1197 3145 1252 eommendavcrunt
3165 1202 3526 1271 orationibus,

1943 1290 2100 1345 uteis
2122 1297 2212 1345 tua
2242 1289 2612 1346 misericordia
2634 1289 2894 1344 beneﬁcia
2931 1291 3303 1362 impendas,et
3329 1296 3382 1349 in
3409 1296 3529 1352 loco
3559 1329 3570 1344 ε

1947 1381 2044 1438 tibi
2086 1383 2412 1453 placentium
2438 1383 2703 1440 collocare
2746 1383 3004 1456 digneris,
3037 1384 3294 1440 Servator
3318 1389 3528 1453 mundi,

1947 1475 2037 1548 qui
2085 1489 2206 1530 eum
2235 1476 2341 1532 Deo
2366 1474 2525 1530 Patre
2554 1485 2608 1530 et
2640 1474 2846 1544 Spiritu
2870 1484 3060 1532 sancto
3088 1476 3225 1532 vivis
3251 1485 3308 1534 et
3330 1492 3530 1550 regnas

1949 1562 2004 1622 in
2031 1564 2228 1622 saecula
2254 1565 2593 1622 saeculorum.
2619 1565 2812 1620 Amen.

2733 1680 2808 1740 V.

2733 1682 2808 1740 V.

2113 1779 2334 1840 Oratio
2365 1798 2486 1858 pro
2523 1682 2738 1840 abbatis
2772 1779 2869 1840 vel
2897 1785 3398 1862 congregatione.

2023 1897 2248 1954 Domine
2273 1899 2415 1954 Deus
2443 1907 2644 1955 teterne
2673 1908 2730 1954 et
2756 1900 3336 1970 incomprehensibilis,
3365 1911 3422 1958 tu
3446 1919 3536 1960 so-

1951 1989 2035 2044 lus
2069 1991 2212 2044 nosti
2243 1991 2407 2045 corda
2446 1989 2677 2044 ﬁliorum
2708 1989 3004 2045 hominum.
3039 1992 3117 2045 Tu
3150 1994 3258 2048 scis
3286 1995 3428 2063 quod
3457 1995 3541 2048 in-

1951 2081 2303 2137 numerabilis
2333 2089 2416 2136 est
2441 2081 2697 2150 iniquitas
2730 2097 2866 2144 mea,
2895 2089 2950 2136 et
2979 2097 3086 2151 quo
3111 2084 3268 2137 modo
3296 2099 3395 2152 pro
3423 2084 3543 2138 aliis

1952 2189 2149 2246 rogare
2170 2174 2343 2239 valeo,
2367 2175 2459 2242 qui
2483 2190 2580 2244 pro
2609 2189 2693 2228 me
2725 2173 2842 2243 ipso
2868 2173 3093 2228 idoneus
3122 2191 3225 2229 non
3255 2177 3413 2230 sum?
3439 2175 3544 2231 Ta-

1953 2283 2100 2331 men,
2131 2267 2553 2321 clementissime
2601 2267 2783 2331 Pater,
2816 2267 3114 2320 secundum
3144 2269 3544 2325 multitudinem

1879 2376 1933 2441 Β
1956 2359 2343 2414 misericordim
2383 2367 2488 2413 tua:
2528 2359 2742 2428 suscipe
2770 2373 2962 2429 preces
3005 2361 3145 2415 servi
3193 2362 3288 2425 tui,
3322 2378 3458 2431 quas
3490 2364 3546 2418 in

1960 2459 2252 2522 conspectu
2296 2451 2597 2520 maiestatis
2625 2463 2727 2506 tua:
2753 2453 2970 2507 ell'undo
2993 2470 3094 2523 pro
3125 2453 3326 2509 famulo
3357 2464 3449 2511 tuo
3479 2455 3545 2510 Ν.

1961 2544 2177 2610 abbate,
2202 2545 2283 2600 vel
2309 2545 2520 2600 cunctis
2547 2544 2825 2610 fratribus,
2849 2545 2940 2614 qui
2965 2547 3063 2600 sub
3095 2547 3353 2617 regimine
3381 2548 3548 2617 ipsius

1959 2650 2081 2692 esse
2109 2638 2369 2700 videmus,
2403 2645 2462 2690 ut
2490 2639 2583 2690 des
2616 2637 2770 2690 nobis
2815 2637 3068 2691 omnibus
3106 2639 3427 2692 charitatem
3459 2655 3551 2693 ve-

1960 2743 2078 2784 ram
2112 2730 2180 2783 ad
2227 2730 2458 2783 invicem
2484 2736 2538 2782 et
2567 2730 2929 2793 concordiam,
2961 2745 3081 2797 qua:
3113 2729 3204 2782 tibi
3235 2730 3303 2782 sit
3333 2729 3550 2798 placita.

1960 2823 2130 2878 Aufer
2158 2838 2188 2876 a
2216 2822 2390 2884 nobis,
2435 2823 2679 2886 Domine,
2711 2821 2893 2874 omnia
2944 2821 3104 2883 mala,
3131 2829 3184 2874 et
3221 2821 3372 2873 mitte
3401 2821 3554 2876 nobis

1963 2914 2145 2969 omnia
2173 2914 2312 2967 bona
2342 2929 2460 2982 qua:
2491 2914 2606 2966 sine
2639 2922 2687 2965 te
2726 2928 2883 2965 nemo
2919 2913 3118 2966 habere
3149 2920 3360 2980 potest:
3391 2920 3444 2966 et
3488 2913 3553 2966 (la

1962 3006 2120 3059 nobis
2148 3005 2605 3075 perseverantiam
2632 3005 2684 3057 in
2713 3003 2868 3058 bonis
2907 3004 3182 3074 operibus,
3212 3013 3268 3056 ut
3301 3011 3352 3056 te
3389 3005 3555 3058 mise—

1964 3104 2118 3151 rante
2165 3098 2450 3167 pervenire
2497 3111 2805 3151 mereamur
2851 3099 2918 3152 ad
2964 3097 3190 3168 gloriam
3245 3098 3394 3167 regni
3455 3099 3553 3163 tui,

1967 3186 2226 3244 Servator
2257 3188 2464 3256 mundi,
2493 3189 2588 3259 qui
2611 3189 2751 3263 vivis
2778 3197 2832 3244 et
2857 3204 3055 3261 regnas
3079 3190 3135 3243 in
3163 3188 3358 3244 saecula
3390 3204 3558 3246 swcu-
3611 3189 3614 3192 ’

1964 3283 2164 3346 lorum.
2195 3282 2391 3340 Amen.

2583 3351 2706 3408 Alia
2747 3353 2940 3406 oratio.

2037 3447 2357 3504 Dominator
2379 3445 2606 3500 Domine
2637 3446 2775 3499 Deus
2800 3445 3172 3516 omnipotens,
3201 3445 3255 3498 in
3283 3443 3562 3499 voluntate

1968 3546 2062 3593 tua
2089 3539 2343 3594 universa
2374 3548 2498 3592 sunt
2535 3538 2732 3607 posita,
2767 3545 2823 3589 tu
2853 3538 2994 3592 nosti
3037 3536 3237 3600 omnia,
3270 3545 3559 3606 antequam

1971 3629 2123 3684 ﬁant.
2148 3629 2344 3702 ASpice
2374 3630 2428 3683 in
2456 3643 2572 3691 nos,
2607 3634 2661 3681 et
2686 3627 2948 3682 miserere
2975 3627 3166 3680 nostri.
3201 3624 3281 3680 Tu
3326 3624 3586 3681 clemen-'

1898 3723 2186 3812 ctissime
2227 3723 2399 3787 Deus,
2430 3722 2522 3792 qui
2551 3721 2691 3774 hanc
2733 3720 3205 3791 congregationem
3250 3715 3318 3772 ad
3364 3717 3566 3790 gloriﬁ-

1976 3817 2206 3871 candum
2230 3829 2422 3869 nomen
2446 3823 2596 3868 tuum
2619 3821 2862 3868 sanctum
2884 3813 2937 3865 in
2960 3813 3103 3866 hunc
3125 3811 3302 3865 locum
3325 3812 3566 3866 adunare

1974 3908 2290 3979 permisisti,
2323 3908 2387 3962 da
2439 3905 2764 3974 at‘jutorium
2815 3915 2964 3960 tuum
3014 3911 3263 3958 sanctum
3303 3905 3369 3960 de
3416 3903 3569 3958 cmlis

1975 4001 2131 4056 nobis
2158 4000 2331 4055 servis
2373 4000 2502 4064 tuis,
2538 4013 2603 4052 ne
2633 3998 2903 4068 patiamur
2946 3997 3330 4052 detrimentum
3373 3995 3568 4050 animm

1977 4100 2208 4158 nostrae;
2242 4099 2297 4145 et
2323 4106 2391 4144 ne
2414 4092 2506 4146 des
2533 4092 2673 4146 hanc
2698 4089 3171 4160 congregationem
3196 4087 3250 4142 in
3279 4088 3570 4160 dispersio-

1979 4198 2125 4248 nem,
2144 4181 2238 4237 sed
2258 4198 2519 4238 conserva
2535 4199 2652 4237 eam
2670 4189 2892 4251 preptcr
2913 4194 3105 4234 nomen
3125 4187 3371 4235 sanctum
3394 4187 3568 4247 tuum,

1979 4281 2035 4326 et
2051 4271 2196 4343 reple
2212 4273 2377 4327 corda
2399 4281 2584 4327 nostra
2605 4271 2730 4335 ﬁde,
2747 4287 2840 4340 spe
2861 4279 2916 4325 et
2938 4269 3223 4336 eharitate,
3239 4269 3568 4336 obedientia,

1980 4374 2035 4420 et
2063 4365 2388 4430 humilitate,
2416 4374 2579 4436 atque
2603 4363 2900 4435 patientia;
2933 4371 2987 4415 et
3014 4360 3101 4416 fac
3125 4370 3372 4416 nostrum
3397 4373 3571 4418 recto-

1983 4475 2097 4514 rem
2145 4466 2308 4529 atque
2353 4457 2570 4513 Patrem
2619 4465 2915 4513 secundum
2965 4474 3060 4513 cor
3098 4467 3270 4524 tuum,
3301 4467 3361 4512 ut
3409 4458 3576 4514 faciat

1982 4552 2314 4608 voluntatem
2337 4560 2480 4606 tuam
2505 4552 2572 4606 ad
2599 4552 2830 4606 salutem
2862 4568 3012 4608 suam
3039 4559 3094 4606 et
3123 4559 3369 4606 nostram
3393 4569 3406 4604 :
3435 4567 3570 4620 qua-

1983 4645 2108 4699 liter
2151 4653 2219 4708 te,
2254 4645 2497 4708 Domine,
2525 4660 2742 4714 semper
2789 4659 3098 4698 mereamur
3145 4627 3348 4697 habere
3391 4652 3574 4714 pasto-

1985 4751 2124 4802 rem,
2153 4746 2210 4790 et
2240 4737 2292 4789 in
2321 4736 2573 4790 omnibus
2600 4742 2983 4804 protectorem.
3033 4733 3172 4799 Fiat,
3203 4717 3447 4798 Domine,
3475 4749 3574 4788 vo-

1987 4829 2165 4882 luntas
2204 4836 2294 4882 tua
2325 4828 2379 4881 in
2411 4828 2661 4881 omnibus
2687 4827 2866 4890 nobis,
2896 4835 2955 4880 ut
2980 4833 3033 4880 te
3063 4827 3352 4880 miserante
3377 4841 3573 4896 perve-

1987 4921 2106 4974 nire
2128 4910 2436 4974 iiiereamur
2460 4920 2525 4974 ad
2549 4919 2774 4990 gloriam
2799 4919 2948 4990 regni
2969 4919 3070 4985 tui,
3087 4918 3346 4974 Servator
3366 4919 3579 4984 mundi,

1989 5014 2081 5084 qui
2108 5013 2246 5067 vivis
2271 5021 2328 5067 et
2355 5027 2550 5082 regnas
2580 5011 2636 5065 in
2663 5012 2858 5067 satcula
2883 5010 3224 5068 mulorum.
3253 5012 3447 5066 Amen.

285 5104 584 5169 defunctis,
616 5119 847 5173 quorum
896 5103 1112 5158 nomina
1151 5111 1205 5158 et
1259 5104 1453 5157 merita
1510 5105 1604 5158 tibi
1655 5104 1884 5160 Domino
1912 5125 1972 5189 ι)
2754 5127 2831 5185 ν.

279 5196 403 5254 Deo
431 5196 812 5252 mtiversomm
843 5197 1063 5264 cognita
1092 5203 1250 5260 sunt,
1281 5202 1343 5250 ut
1365 5202 1620 5267 protegas
1659 5210 1754 5251 eos
1803 5203 1884 5250 at-

1990 5206 2212 5268 Oratio
2241 5223 2368 5296 pro
2401 5205 2827 5296 familiaribus
2865 5213 2921 5265 et
2960 5205 3243 5296 omnibus
3283 5202 3583 5263 Christia-

279 5304 396 5360 qne
433 5289 504 5346 ab
548 5290 699 5344 omni
737 5289 880 5350 malo
928 5287 1206 5352 defendas,
1237 5295 1293 5342 et
1334 5289 1391 5342 in
1429 5288 1516 5342 via
1557 5287 1747 5344 salutis
1791 5303 1885 5344 eos

285 5382 580 5452 disponas;
609 5389 666 5435 et
692 5396 762 5436 ne
788 5383 904 5436 dies
929 5396 1120 5437 eertum
1167 5388 1294 5434 ante
1339 5381 1480 5436 ﬁniri
1527 5384 1696 5448 sinas,
1726 5398 1888 5452 quam

285 5488 390 5544 per
436 5488 628 5527 veram
673 5475 1092 5539 confessionem,
1126 5487 1424 5543 veramque
1458 5475 1888 5532 emendationem

285 5579 518 5620 suorum
533 5565 776 5619 omnium
787 5565 1128 5630 delictorum,
1143 5573 1367 5637 peccata
1379 5565 1710 5630 dimittas,ut
1729 5579 1895 5621 carne

287 5666 494 5711 exutos
528 5657 735 5712 ctelesti
765 5660 1178 5728 participa'ione
1208 5658 1400 5729 dignos
1435 5657 1654 5712 eﬁicias.
1691 5658 1896 5715 Exaudi

288 5763 385 5804 me
417 5751 589 5805 etiam
632 5751 1020 5817 miserrimum,
1049 5753 1470 5810 clementissime
1499 5752 1668 5818 Deus,
1699 5753 1900 5826 suppli-

293 5845 520 5908 cantem
544 5841 613 5898 ad
637 5851 690 5898 te
702 5858 802 5920 pro
817 5843 1100 5900 animabus
1124 5845 1451 5908 famulorum
1470 5845 1904 5928 famularumque

2299 5286 2423 5356 nis,
2477 5285 2760 5344 omnibus
2809 5285 3267 5346 commendatis.

2063 5383 2289 5440 Domine
2309 5383 2453 5437 Deus
2474 5383 2834 5453 omnipotens,
2854 5385 2945 5454 qui
2965 5383 3263 5440 Ecclesiam
3289 5388 3438 5435 tuam
3467 5385 3581 5437 toto
3621 5379 3626 5382 ’

1993 5480 2127 5535 orbe
2166 5488 2437 5534 terrarum
2469 5479 2521 5531 in
2553 5475 2762 5534 c'unctis
2789 5481 3037 5548 gentibus
3079 5477 3306 5530 dilatare
3333 5475 3584 5546 dignatus

1997 5587 2077 5638 es,
2107 5579 2164 5627 et
2185 5573 2254 5626 ab
2281 5572 2532 5626 omnibus
2556 5573 2814 5643 gradibus
2841 5570 2934 5638 qui
2967 5571 3018 5622 in
3058 5584 3120 5620 ea
3149 5566 3380 5620 ﬁdeliter
3407 5564 3584 5620 conti-

2000 5673 2218 5731 nentm,
2245 5665 2346 5720 tibi
2378 5666 2568 5720 servivi
2588 5665 2821 5735 jussisti,
2849 5672 2905 5716 et
2933 5664 3014 5717 cui
3039 5661 3368 5728 singulorum
3387 5661 3584 5717 merita

2003 5758 2216 5830 cognita
2243 5765 2390 5823 sunt,
2416 5759 2675 5813 miserere
2697 5757 2964 5811 universis
2984 5754 3338 5809 familiaribus
3361 5756 3586 5809 nostris-

2005 5857 2062 5905 οι
2079 5849 2331 5910 omnibus
2345 5849 2663 5906 orthodoxis
2683 5848 2968 5930 episcopis,
2989 5847 3298 5918 abbatibus,
3315 5848 3421 5922 42
3435 5864 3584 5928 pres,
