4038 6336
510 357 618 415 495

1366 356 1427 409 Β.
1466 352 1529 409 F.
1569 350 1797 409 ALBINI
1838 347 1971 407 SEU
2006 349 2284 409 ALCUINI
2322 350 2605 409 OPERUM
2643 352 2822 409 PARS
2862 352 2950 407 ιν.

3680 353 3789 414 496

509 468 997 542 byteris,diaconis
1027 474 1080 522 et
1112 465 1478 533 subdiaconis,
1509 468 1755 539 acolytis,
1786 467 2089 533 exorcistis,
2122 471 2166 528 Α
2196 466 2373 537 poenis
2404 466 2626 527 inferni.
2661 477 2717 523 et
2741 470 2809 524 ab
2835 468 3085 525 omnibus
3112 469 3323 526 insidiis
3350 469 3558 527 inimici
3587 476 3786 533 mentis

506 567 823 630 lectoribus,
858 564 1204 633 janitoribus,
1239 566 1549 629 monachis,
1582 566 1815 631 clericis,
1866 566 2090 637 virgini-

506 663 628 725 bus,
660 660 857 722 viduis,
880 658 1197 728 conjugatis,
1227 657 1648 721 continentibus,
1679 657 2089 729 penitentibus,

507 755 746 826 regibus,
796 751 1153 822 principibus,
1206 750 1452 814 ducibus,
1496 750 1804 820 iudicibus,
1838 752 2095 816 tribunis,

506 843 927 904 centurionibus,
954 842 1429 914 quinquagenariis
1464 852 1520 896 et
1560 841 1799 905 decanis,
1826 842 2093 898 universis

503 934 758 1008 gradibus
786 934 877 1003 qui
902 934 953 988 in
989 933 1092 987 ﬁde
1117 942 1323 988 sanctae
1348 932 1631 987 Trinitatis
1654 932 1707 986 in
1728 932 1969 988 Ecclesia
2000 943 2091 988 tua

503 1026 767 1083 catholica
816 1024 1174 1080 communiter
1204 1024 1569 1079 continentur.
1616 1023 1870 1078 Miserere
1902 1033 1955 1079 et
1982 1040 2093 1079 om-

501 1120 662 1176 nibus
690 1119 781 1190 qui
813 1119 867 1173 in
894 1117 997 1173 ﬁde
1026 1125 1081 1173 et
1108 1133 1294 1173 amore
1332 1118 1503 1173 sancti
1551 1118 1784 1172 nominis
1813 1118 1891 1172 tui
1935 1119 2091 1174 nobis

500 1212 874 1284 eieemosynas
892 1227 1019 1267 suas
1038 1212 1324 1275 dederunt,
1342 1228 1434 1267 seu
1460 1213 1513 1267 in
1534 1212 1871 1267 orationibus
1891 1212 2091 1267 nostris

500 1318 560 1360 se
606 1304 1149 1367 commcndaverunt,
1189 1312 1244 1357 et
1272 1304 1355 1358 his
1384 1319 1519 1374 quos
1562 1303 1848 1358 admisceri
1880 1303 1934 1357 in
1967 1318 2090 1356 ora-

499 1392 738 1448 tionibus
768 1393 967 1447 nostris
1003 1393 1369 1463 promisimus,
1404 1401 1513 1447 tam
1542 1394 1679 1448 vivis
1706 1409 1870 1463 quam
1900 1392 2089 1448 defun-

498 1484 625 1547 ctis,
654 1484 1011 1539 incolumibus
1054 1493 1215 1554 atque
1249 1485 1496 1548 inﬁrmis,
1524 1502 1757 1555 quorum
1789 1486 2005 1541 nomina
2033 1495 2088 1541 et

497 1575 695 1631 merita
746 1575 840 1629 tibi
881 1576 1107 1631 Domino
1154 1576 1259 1631 Deo
1290 1577 1664 1632 universorum
1699 1585 1824 1631 sunt
1848 1578 2083 1648 cognita,

496 1665 624 1736 quia
670 1664 948 1736 sapientia:
981 1675 1085 1721 tua:
1114 1683 1219 1722 non
1269 1677 1355 1722 est
1397 1684 1671 1723 numerus.
1725 1669 1928 1723 Exaudi
1975 1685 2081 1736 me,

494 1760 735 1830 piissime
779 1769 836 1814 et
875 1761 1187 1815 misericors
1236 1761 1397 1825 Deus,
1432 1769 1487 1816 et
1532 1761 1791 1816 miserere
1833 1761 2084 1816 omnibus

2196 567 2251 614 et
2287 562 2548 630 corporis.
2600 562 2763 625 Deus,
2790 563 2881 631 qui
2924 578 3032 616 non
3072 564 3153 618 vis
3199 574 3429 621 mortem
3458 569 3784 637 peccatoris,

2195 650 2291 705 sed
2318 660 2375 704 ut
2398 662 2743 708 convertatur
2770 662 2825 708 et
2852 654 3022 719 vivat,
3046 653 3236 723 adjuva
3269 672 3377 721 me,
3405 666 3465 711 ut
3490 667 3603 714 toto
3623 662 3787 719 corde

2195 753 2479 799 convertar
2507 746 2573 799 ad
2606 754 2677 809 te,
2709 754 2764 800 et
2802 745 2909 799 tuis
2942 761 3153 801 merear
3188 747 3455 804 inh:erere
3488 751 3782 808 mandatis.

2193 832 2358 900 Deus,
2389 836 2481 906 qui
2512 835 2803 893 mortiﬁcas
2837 845 2892 891 et
2919 837 3163 893 viviﬁcas
3184 880 3199 903 ,
3230 840 3450 897 deducis
3480 842 3550 898 ad
3582 840 3784 901 inferos

2193 941 2258 981 ac
2296 927 2530 992 reducis,
2557 928 2622 982 da
2653 928 2785 984 mihi
2824 928 3300 987 mortificationem
3329 935 3533 1000 carnis,
3560 943 3619 992 et
3652 938 3786 993 vivi-

2194 1014 2503 1073 ﬁcationem
2542 1019 2782 1089 spiritus.
2827 1020 2968 1077 Deus
2993 1064 3008 1087 ,
3051 1024 3140 1093 qui
3184 1025 3416 1082 suscitas
3456 1026 3523 1083 de
3562 1028 3787 1099 pulvere

2192 1121 2445 1179 egenum,
2472 1117 2526 1163 et
2554 1110 2620 1164 de
2650 1116 2892 1165 stercore
2940 1111 3118 1168 elevas
3156 1127 3480 1185 pauperem;
3511 1116 3661 1188 erige
3700 1132 3787 1174 me

2192 1197 2258 1252 de
2286 1197 2405 1253 lacu
2432 1200 2685 1267 miserim,
2718 1208 2774 1255 et
2813 1201 2881 1255 de
2909 1201 3021 1257 luto
3051 1200 3196 1259 faecis
3238 1204 3306 1259 ad
3333 1213 3386 1260 te
3431 1205 3780 1275 clamantem,

2191 1297 2247 1344 et
2283 1297 2459 1344 statue
2498 1306 2660 1361 supra
2688 1299 2896 1361 petram
2940 1293 3105 1362 pedes
3149 1310 3328 1360 meos;
3360 1305 3415 1351 et
3456 1297 3689 1355 immitte
3725 1300 3785 1357 in

2190 1395 2306 1447 eos,
2333 1390 2389 1437 et
2423 1382 2477 1437 in
2507 1397 2569 1437 os
2606 1399 2789 1439 meum
2821 1386 3089 1441 canticum
3133 1404 3356 1454 novum,
3385 1391 3649 1461 hymnum
3675 1392 3787 1465 glo-

2188 1473 2283 1527 riae
2328 1482 2451 1528 tuae.
2488 1474 2647 1540 Deus,
2683 1478 2775 1547 qui
2822 1478 2968 1533 solus
3004 1478 3172 1536 habes
3208 1481 3699 1551 immortalitatem,
3727 1495 3785 1543 et

2188 1561 2364 1619 lucem
2386 1565 2597 1621 habitas
2625 1568 3077 1635 inaccessibilem,
3104 1570 3270 1627 libera
3297 1590 3382 1629 me
3408 1584 3439 1628 a
3460 1586 3640 1632 morte
3663 1593 3785 1649 per-

2186 1666 2370 1729 petua,
2394 1667 2449 1713 et
2483 1661 2706 1717 ostende
2733 1661 2863 1716 mihi
2896 1662 3069 1719 lucem
3097 1665 3507 1723 miserationum
3538 1677 3774 1737 tuarum,

2187 1762 2243 1807 et
2270 1754 2387 1809 dele
2416 1755 2733 1825 iniquitates
2760 1772 2932 1824 meas,
2964 1767 3020 1812 et
3046 1760 3180 1814 doce
3208 1776 3294 1815 me
3322 1760 3500 1816 facere
3523 1763 3777 1818 volunta-

494 1848 774 1905 catholicis
794 1849 969 1904 adhuc
990 1850 1043 1903 in
1070 1866 1298 1920 corpore
1327 1851 1821 1917 commorantibus;
1850 1860 1905 1906 et
1930 1867 2084 1907 aver-
2115 1832 2164 1896 Β
2190 1852 2297 1902 tem
2330 1855 2476 1902 tuam
2514 1850 2725 1904 cunctis
2759 1850 2947 1905 diebus
2976 1851 3100 1905 vitae
3124 1866 3275 1906 meaa.
3324 1851 3487 1916 Deus,
3516 1854 3610 1922 qui
3637 1855 3779 1910 nosti

492 1957 581 1997 sos
621 1959 652 1996 a
691 1942 776 1995 via
824 1943 1071 1998 veritatis
1108 1943 1331 2014 dignare
1368 1944 1435 1998 ad
1478 1952 1530 1998 te
1568 1952 1903 2009 convertere,
1933 1951 1992 1998 ut
2030 1952 2082 2000 te

491 2044 605 2089 toto
634 2035 797 2090 corde
842 2035 1157 2104 requirant:
1184 2047 1239 2091 et
1265 2045 1467 2115 mterna
1516 2037 1852 2106 protectione
1895 2052 2085 2094 omnes

491 2142 773 2192 conserva,
806 2135 866 2180 ut
895 2126 1056 2181 nullis
1084 2126 1471 2181 tentationibus
1499 2142 1530 2181 a
1559 2135 1610 2181 te
1652 2137 1998 2197 separentur;
2029 2138 2086 2184 et

490 2224 683 2289 prmsta
738 2224 797 2269 ut
846 2217 1076 2271 mortuis
1115 2217 1288 2286 prosit
1336 2217 1451 2270 haec
1495 2217 1668 2271 oratio
1719 2218 1860 2272 servi
1893 2218 1969 2272 tui
2015 2218 2085 2273 ad

487 2307 924 2363 emendationem
952 2306 1298 2372 delictorum,
1322 2322 1416 2361 seu
1443 2307 1822 2363 alienationem
1852 2307 1982 2381 [Αι.,
2007 2309 2085 2362 al-

489 2396 857 2470 leviationcm]
890 2414 1194 2468 poenarum.
1229 2399 1308 2453 Tu
1337 2398 1480 2454 Deus
1499 2414 1692 2469 magne
1718 2408 1775 2454 et
1803 2400 2079 2466 terribilis,

490 2491 803 2546 misericors
832 2499 888 2546 et
914 2499 1125 2546 amator
1153 2492 1448 2551 hominum,
1483 2500 1538 2545 tu
1567 2492 1674 2545 scis
1699 2491 1828 2562 quid
1857 2492 2084 2563 singulis

486 2581 757 2651 expediat.
808 2580 1170 2636 Obsecramus
1220 2580 1559 2635 clementiam
1600 2590 1746 2636 tuam
1774 2622 1790 2647 ,
1821 2590 1882 2635 ut
1924 2582 2082 2651 juxta

487 2671 818 2725 voluntatem
852 2679 998 2724 tuam
1028 2670 1122 2726 ﬁat
1142 2670 1295 2725 nobis
1324 2671 1594 2736 omnibus,
1614 2678 1721 2725 tam
1753 2671 1889 2726 vivis
1917 2687 2082 2742 quam

484 2760 753 2819 defunctis
781 2761 1049 2825 ﬁdelibus,
1085 2761 1340 2815 Servator
1367 2762 1583 2828 mundi,
1617 2761 1709 2833 qui
1734 2761 1873 2820 vivis
1902 2770 1957 2820 et
1988 2778 2078 2818 re-

483 2868 619 2928 gnas
649 2854 705 2913 in
736 2854 931 2913 saecula
957 2853 1297 2910 saeculorum.
1326 2853 1519 2908 Amen.

1235 2966 1341 3027 VI.

876 3068 1096 3130 Oratio
1121 3087 1247 3149 pro
1288 3066 1683 3148 elemosyna.

558 3191 783 3247 Domine
826 3191 967 3247 Deus
1012 3192 1369 3262 omnipotens,
1407 3207 1601 3264 magne
1634 3200 1689 3248 et
1733 3200 1934 3249 :eterne
1965 3192 2074 3248 Me-
2101 3193 2150 3260 α

489 3285 628 3348 dice,
657 3283 749 3355 qui
799 3284 1095 3339 remedium
1143 3286 1447 3340 animarum
1507 3285 1559 3340 in
1607 3285 2073 3358 eleemosynarum

484 3377 864 3434 distributione
894 3377 1140 3433 ﬁdelibus
1172 3379 1278 3433 tuis
1307 3378 1692 3450 indulgentiam
1716 3387 1771 3433 et
1802 3378 2076 3433 remissio-

485 3484 610 3524 nem
654 3477 999 3540 peccatorum
1038 3468 1462 3523 misericorditer
1507 3469 1844 3537 promisisti;
1875 3467 2073 3523 exaudi

485 3574 593 3625 me,
624 3558 863 3614 clemens
891 3568 946 3614 et
975 3559 1223 3630 benigne,
1248 3574 1345 3630 pro
1367 3560 1636 3615 universis
1671 3558 1921 3614 ﬁdelibus
1945 3560 2072 3627 tuis,

486 3650 576 3721 qui
609 3651 762 3705 nobis
790 3650 1163 3721 eleemosynas
1193 3666 1320 3705 suas
1342 3652 1628 3715 dederunt,
1653 3651 1735 3705 vel
1760 3652 1811 3705 in
1838 3650 1943 3706 ﬁde
1969 3660 2077 3707 tua:

486 3738 783 3810 maiestatis
829 3742 882 3796 in
923 3742 1260 3797 orationibus
1310 3742 1511 3797 nostris
1555 3757 1612 3797 se
1662 3744 2077 3799 commendave-

483 3840 640 3897 runt,
672 3839 781 3885 tam
806 3831 945 3886 vivis
974 3848 1135 3901 quam
1171 3832 1461 3897 defunctis,
1508 3831 1867 3887 incolumibus
1914 3842 2077 3902 atque

484 3921 834 3977 inﬁrmis:ct
860 3923 1177 3993 perveniant
1226 3922 1294 3976 ad
1339 3937 1501 3977 aures
1547 3922 1930 3978 misericordia:
1973 3933 2077 3978 tuae

482 4031 674 4086 preces
720 4031 883 4079 mem,
911 4031 1045 4084 quas
1074 4031 1173 4086 pro
1218 4015 1389 4070 salute
1439 4015 1654 4071 illorum
1691 4033 1874 4071 coram
1908 4025 1960 4071 te
1998 4016 2075 4071 ef-

482 4104 667 4160 fundo.
703 4104 781 4159 Nc
822 4106 1072 4175 aspicias,
1102 4105 1345 4169 Domine,
1374 4115 1595 4175 peccata
1624 4121 1763 4170 mea,
1788 4108 1882 4163 sed
1913 4107 2073 4164 ﬁdem

484 4198 698 4253 illorum
727 4207 889 4268 atque
930 4198 1161 4263 illarum,
1196 4200 1286 4268 qui
1330 4200 1484 4254 nobis
1512 4200 1565 4254 in
1599 4200 1701 4255 ﬁde
1732 4202 1807 4255 tui
1839 4202 2074 4258 nominis

485 4289 662 4360 largiti
690 4299 813 4343 sunt
840 4290 974 4343 bona
1001 4290 1333 4360 temporalia,
1358 4301 1417 4345 ut
1443 4299 1497 4344 tu
1531 4292 1670 4346 Deus
1699 4304 2073 4349 remunerator

484 4379 725 4436 omnium
756 4381 1017 4433 bonorum
1043 4381 1342 4435 retribuere
1374 4380 1478 4435 illis
1498 4382 1738 4450 digneris
1766 4398 1865 4451 pro
1891 4386 2072 4455 parvis

486 4485 702 4541 magna,
729 4477 783 4525 et
812 4485 910 4540 pro
937 4470 1167 4525 terrenis
1190 4472 1413 4538 praemia
1434 4472 1783 4541 sempilerna,
1809 4472 2072 4530 Servator

485 4560 693 4626 mundi,
728 4560 821 4630 qui
868 4559 1004 4615 vivis
1045 4568 1101 4615 et
1146 4575 1337 4633 regnas
1379 4562 1433 4617 in
1481 4563 1678 4620 saecula
1723 4563 2066 4621 saeculorum.
2097 4556 2151 4619 Ι)

485 4652 678 4709 Amen.

1212 4745 1349 4806 VII.

558 4864 872 4947 Confessio
906 4865 1267 4945 majestatis,
1305 4871 1359 4926 et
1381 4864 1738 4945 postulatio
1776 4869 1987 4930 υεηίω.

558 4985 803 5049 Domine,
834 4985 1028 5040 exaudi
1050 4985 1353 5041 orationem
1376 5000 1573 5051 meam,
1600 4987 1820 5043 auribus
1852 4989 2073 5060 percipe

484 5081 650 5138 verba
675 5080 787 5135 oris
814 5079 939 5134 mei.
976 5079 1138 5145 Deus,
1168 5078 1334 5134 intret
1363 5078 1414 5132 in
1443 5088 1733 5151 conspectu
1764 5092 1857 5136 tuo
1897 5082 2072 5137 oratio

486 5186 628 5228 mea.
660 5170 862 5227 lnclina
889 5185 1075 5225 aurem
1108 5178 1251 5226 tuam
1283 5171 1350 5226 ad
1375 5187 1564 5242 preces
1605 5188 1777 5238 meas,
1824 5175 2067 5231 Domine.

485 5262 630 5318 Deus
656 5263 909 5333 quijusta
937 5262 1271 5332 postulantes
1301 5264 1544 5330 exaudis,
1571 5282 1640 5321 ne
1674 5268 1749 5321 sis
1774 5268 2077 5323 inexorabi-

486 5354 553 5411 lis
581 5364 800 5427 propter
827 5353 992 5409 nimia
1038 5363 1258 5425 peccata
1296 5364 1351 5411 et
1387 5357 1616 5411 crimina
1658 5374 1797 5423 mea,
1825 5360 1922 5415 sed
1954 5376 2075 5432 pro-

484 5454 606 5520 pter
658 5446 980 5504 immensam
1035 5446 1290 5519 pietatem
1343 5457 1488 5504 tuam
1531 5450 1723 5506 exaudi
1766 5453 2073 5511 orationem

486 5552 688 5603 meam,
717 5545 774 5593 et
804 5538 1025 5595 auribus
1049 5539 1264 5609 percipe
1294 5538 1558 5611 lacrymas
1586 5556 1755 5607 meas,
1776 5553 1833 5598 et
1859 5545 2071 5601 remitte

487 5627 642 5691 mihi,
680 5635 740 5683 ut
778 5626 1069 5700 refrigerer
1104 5628 1255 5700 prius
1289 5644 1452 5699 quam
1490 5630 1705 5698 abeam,
1746 5641 1802 5689 et
1840 5635 2070 5706 amplius

482 5730 602 5792 non
640 5732 752 5773 ero.
781 5717 942 5785 Deus,
985 5720 1078 5790 qui
1116 5733 1305 5775 omnes
1352 5720 1598 5790 homines
1624 5723 1708 5780 vis
1750 5740 1990 5794 servare,
2014 5736 2070 5786 et

496 5808 767 5873 neminem
793 5809 872 5865 vis
902 5809 1100 5882 perire,
1131 5824 1286 5868 serva
1309 5826 1406 5895 me
1441 5828 1473 5874 a
1500 5813 1693 5890 laqueo
1722 5818 1935 5890 mortis,
1960 5829 2016 5881 et
2037 5836 2071 5881 ει

2185 1938 2458 2008 praeterita
2487 1949 2543 1994 et
2566 1938 2765 2007 futura,
2798 1940 2867 1996 da
2893 1942 3025 1996 mihi
3054 1928 3269 1997 veniam
3290 1942 3611 2000 delictorum
3637 1962 3784 2001 meo-

2185 2046 2304 2085 rum
2329 2031 2747 2101 prazteritorum,
2776 2040 2831 2086 et
2856 2032 2922 2086 de
2955 2034 3311 2102 praesentibus
3340 2044 3395 2088 et
3412 2033 3610 2090 futuris
3636 2036 3779 2092 dona

2186 2124 2317 2179 mihi
2364 2124 2782 2191 continentiam,
2826 2134 2885 2180 ut
2929 2125 2995 2179 ad
3029 2134 3174 2180 tuam
3224 2142 3432 2181 merear
3467 2127 3780 2183 misericor-

2186 2213 2329 2269 diam
2375 2215 2681 2283 pervenire.
2716 2214 2877 2281 Deus,
2917 2217 3007 2285 qui
3044 2217 3213 2287 magis
3242 2232 3342 2271 nos
3387 2216 3494 2288 43
3537 2218 3622 2274 vis
3654 2233 3781 2275 esse

2185 2312 2458 2359 correctos
2492 2320 2655 2374 quam
2677 2306 2856 2374 perire
2884 2306 3179 2377 neglectos,
3211 2306 3321 2361 noli
3348 2322 3434 2362 me
3462 2308 3692 2377 perdere
3720 2308 3780 2366 in

2187 2394 2397 2451 delictis
2426 2397 2561 2452 meis
2589 2397 2771 2452 multis
2791 2406 2847 2453 et
2873 2401 3155 2466 maximis;
3186 2401 3281 2455 sed
3303 2401 3604 2457 secundum
3624 2411 3779 2459 tuam

2185 2488 2613 2542 misericordiam
2644 2498 2698 2542 et
2728 2490 3131 2547 miserationem
3159 2493 3371 2562 corripe
3406 2508 3517 2558 me,
3545 2503 3604 2549 et
3627 2510 3657 2548 a
3687 2502 3782 2551 tua

2185 2577 2560 2633 misericordia
2603 2595 2671 2635 ne
2715 2581 2945 2651 repellas
2973 2596 3082 2648 me,
3116 2597 3215 2637 nec
3261 2598 3515 2638 corruam
3556 2585 3611 2638 in
3652 2600 3782 2640 con-

2184 2679 2373 2740 spectu
2400 2671 2837 2727 adversariorum
2869 2689 3144 2740 meorum;
3173 2682 3229 2729 et
3254 2689 3324 2749 ne
3350 2674 3497 2729 dicat
3524 2675 3780 2733 inimicus

2183 2777 2367 2827 meus,
2412 2762 2674 2817 Praevalui
2718 2764 2978 2819 adversus
3026 2780 3168 2819 eum.
3220 2764 3397 2831 Deus,
3441 2766 3597 2835 cujus
3636 2767 3779 2823 oculi

2180 2852 2481 2921 respiciunt
2505 2853 2621 2907 vias
2653 2852 2883 2909 ﬁliorum
2913 2854 3223 2920 hominum,
3264 2857 3473 2926 respice
3501 2857 3558 2911 in
3589 2872 3699 2922 me,
3724 2866 3784 2913 et

2182 2942 2442 2996 miserere
2462 2944 2589 3009 mei,
2606 2951 2660 2997 et
2676 2944 2874 3014 repelle
2886 2960 2917 2998 a
2935 2959 3020 2999 me
3041 2946 3183 3016 quod
3198 2945 3380 3012 odisti,
3396 2956 3450 3002 et
3463 2947 3779 3004 misericors

2181 3029 2433 3100 impende
2462 3033 2603 3101 quod
2632 3032 2828 3105 diligis.
2863 3034 3082 3104 Repelle
3109 3052 3139 3089 a
3170 3052 3276 3103 me,
3308 3036 3561 3105 Domine,
3583 3052 3778 3095 omnes

2180 3124 2537 3195 cogitationes
2561 3126 2778 3192 noxias,
2807 3135 2862 3181 et
2882 3142 3041 3183 omne
3062 3144 3123 3184 os
3144 3144 3392 3199 pravum,
3414 3140 3469 3186 et
3489 3147 3626 3203 opus
3656 3147 3780 3203 per-

2178 3230 2427 3281 versum;
2460 3225 2516 3271 et
2546 3218 2756 3272 dimitte
2776 3234 2897 3288 qua:
2917 3221 3252 3276 conscientia
3274 3237 3396 3277 mea
3429 3224 3631 3280 misera
3663 3241 3778 3281 me-

2180 3310 2301 3374 tuit,
2333 3318 2387 3364 et
2413 3311 2587 3380 adjice
2612 3311 2755 3382 quod
2786 3314 2958 3367 oratio
2988 3328 3094 3367 non
3128 3314 3427 3384 pnesumit.
3457 3315 3622 3382 Deus,
3648 3319 3782 3389 quia

2178 3401 2278 3457 tibi
2316 3403 2382 3457 de
2413 3404 2668 3460 omnibus
2704 3419 2831 3459 cura
2862 3414 2968 3470 est,
3017 3406 3129 3461 noli
3176 3423 3263 3462 me
3303 3407 3681 3479 derelinquere
3719 3411 3779 3467 in
3822 3404 3829 3407 ⁷

2180 3510 2343 3549 manu
2373 3495 2585 3551 consilii
2619 3497 2747 3562 mei,
2780 3507 2834 3552 et
2862 3498 2915 3553 in
2940 3497 3162 3553 arbitrio
3189 3514 3311 3553 meo
3336 3500 3457 3554 sine
3485 3498 3775 3567 adiutorio.

2180 3587 2307 3655 quia
2349 3602 2458 3642 non
2490 3587 2879 3657 justiﬁcabitur
2919 3589 2972 3643 in
3020 3598 3312 3660 conspectu
3350 3598 3444 3645 tuo
3483 3591 3663 3645 omnis
3700 3591 3778 3646 vi-

2180 3692 2315 3733 vens
2340 3697 2352 3731 :
2377 3688 2430 3732 et
2459 3678 2582 3747 quia
2610 3678 2728 3733 sine
2752 3686 2802 3733 te
2828 3678 3025 3732 labitur
3054 3678 3292 3733 humana
3314 3679 3645 3743 mortalitas,
3669 3682 3778 3736 tuis

2181 3783 2397 3839 semper
2442 3767 2679 3832 auxiliis,
2731 3776 2785 3822 et
2831 3766 3178 3822 abstrahatur
3224 3784 3253 3821 a
3302 3768 3483 3824 noxiis
3521 3769 3778 3826 omnibus

2178 3857 2447 3928 fragiiitas
2476 3873 2618 3921 mea,
2658 3866 2713 3912 et
2754 3857 2823 3912 ad
2861 3856 3120 3912 salutaria
3168 3857 3449 3928 dirigatur.
3484 3858 3653 3924 Deus,
3684 3860 3777 3930 qui

2179 3963 2239 4003 es
2269 3948 2514 4003 cordium
2545 3949 2837 4018 inspector,
2868 3950 2933 4003 da
2968 3949 3101 4003 mihi
3143 3963 3238 4005 cor
3280 3951 3423 4020 quod
3463 3959 3515 4006 te
3560 3952 3774 4017 timeat,

2180 4052 2401 4092 sensum
2440 4037 2530 4108 qui
2562 4045 2615 4092 te
2659 4037 2943 4109 intelligat,
2969 4054 3105 4110 opus
3138 4042 3281 4109 quod
3315 4042 3409 4099 tibi
3438 4043 3684 4113 placeat;
3715 4054 3776 4100 ut

2178 4136 2233 4184 te
2255 4128 2498 4183 timendo
2524 4144 2739 4200 semper
2769 4131 3033 4186 declinem
3064 4148 3093 4186 a
3118 4132 3280 4199 male,
3304 4142 3359 4190 et
3402 4144 3456 4189 te
3502 4136 3776 4208 diligendo

2177 4235 2395 4290 semper
2419 4236 2449 4274 a
2473 4228 2525 4275 te
2554 4220 2833 4276 custodiar
2861 4222 2914 4275 in
2950 4222 3091 4277 bono
3118 4242 3128 4273 τ
3157 4232 3213 4277 et
3240 4223 3307 4278 da
3343 4224 3473 4279 mihi
3511 4210 3774 4283 virtutem

2176 4313 2467 4368 resistendi
2516 4323 2705 4367 contra
2747 4313 2878 4367 vitia
2916 4322 2973 4369 et
3009 4315 3359 4372 insidiatores
3389 4319 3634 4373 omnium
3664 4320 3773 4374 vir-

2175 4409 2368 4457 tutum.
2403 4402 2566 4467 Deus,
2601 4404 2693 4472 qui
2720 4417 2779 4457 es
2812 4402 3034 4473 largitor
3063 4406 3305 4460 omnium
3337 4407 3628 4473 bonorum,
3659 4408 3771 4465 lar-

2176 4494 2292 4566 gire
2330 4494 2463 4548 mihi
2508 4494 2688 4559 ﬁdem,
2717 4503 2772 4549 et
2804 4510 2937 4564 Opus
2978 4497 3220 4551 scientiae
3256 4507 3312 4552 et
3351 4500 3769 4569 continentiam,

2174 4587 2497 4643 charitatem
2523 4595 2578 4642 et
2601 4588 2930 4654 castitatem,
2957 4603 3141 4645 veram
3169 4591 3490 4660 patientiam
3522 4604 3581 4650 et
3597 4594 3773 4653 humi-

2173 4677 2403 4742 litatem,
2433 4686 2490 4732 et
2512 4676 2874 4731 voluntariam
2899 4687 3293 4748 paupertatem,
3317 4689 3373 4736 et
3410 4698 3769 4753 perseveram

2177 4769 2306 4823 tiam
2333 4768 2531 4823 bonam
2562 4768 2617 4823 in
2648 4775 2742 4822 tuo
2769 4766 3048 4823 famulatu.
3094 4768 3257 4835 Deus,
3289 4772 3380 4842 qui
3404 4786 3464 4826 es
3490 4773 3597 4837 via,
3633 4775 3771 4831 veri-

2175 4867 2259 4915 tas
2290 4866 2344 4915 et
2368 4859 2507 4923 vita,
2541 4858 2715 4913 deduc
2746 4873 2833 4914 me
2861 4859 2917 4914 in
2947 4859 3092 4913 viam
3126 4866 3293 4926 tuam,
3317 4870 3377 4915 ut
3405 4862 3681 4934 ingrediar
3709 4865 3763 4921 in

2175 4951 2401 5007 veritate
2447 4957 2570 5015 tua;
2604 4948 2815 5004 lzetetur
2854 4964 2950 5004 cor
2998 4964 3199 5015 meum,
3227 4959 3287 5004 ut
3334 4952 3525 5008 timeat
3562 4967 3766 5011 nomen

2175 5050 2348 5108 tuum,
2377 5048 2433 5097 et
2459 5041 2660 5112 perduc
2688 5056 2773 5095 me
2800 5041 2867 5097 ad
2895 5041 3063 5097 vitam
3091 5049 3369 5096 aeternam.

2244 5175 2411 5241 Deus,
2444 5175 2535 5246 qui
2568 5189 2628 5229 es
2660 5173 2750 5230 lux
2789 5189 2920 5230 vera
2957 5174 3268 5231 illuminans
3307 5177 3471 5233 corda
3498 5176 3760 5247 ﬁdelium,

2174 5267 2414 5323 illumina
2456 5280 2553 5321 cor
2591 5280 2770 5321 meum
2808 5265 3012 5321 lumine
3050 5266 3416 5339 intelligentia:
3457 5276 3583 5336 tuas,
3612 5280 3669 5326 et
3695 5271 3762 5326 da

2173 5359 2306 5415 mihi
2334 5358 2617 5414 scientiam
2647 5372 2851 5416 veram.
2883 5365 2940 5413 et
2966 5358 3165 5429 repelle
3198 5375 3228 5412 a
3262 5374 3349 5414 me
3385 5375 3576 5416 omnes
3613 5372 3765 5418 tene-

2172 5450 2299 5507 bras
2346 5447 2681 5520 ignorantite,
2724 5455 2778 5502 et
2822 5448 3073 5503 tenebras
3123 5457 3471 5520 peccatorum
3516 5464 3763 5509 meorum

2173 5542 2381 5613 expelle
2409 5556 2441 5596 a
2470 5557 2580 5606 me,
2611 5540 2859 5606 Domine,
2892 5550 2952 5595 ut
2996 5542 3053 5598 in
3102 5542 3390 5614 splendore
3422 5544 3644 5601 luminis
3683 5543 3762 5601 tui

2173 5650 2388 5707 semper
2424 5634 2701 5690 ambulare
2737 5649 2969 5689 merear.
3002 5634 3165 5701 Deus,
3195 5636 3289 5706 qui
3326 5634 3459 5692 facis

2171 5744 2365 5802 magna
2394 5728 2540 5784 solus
2568 5769 2581 5794 ,
2613 5728 2699 5783 fac
2724 5742 2937 5782 mecum
2986 5729 3197 5800 signum
3238 5730 3291 5783 in
3332 5729 3557 5794 bonum,
3583 5740 3645 5785 ut
3674 5731 3756 5785 vi-

2170 5818 2336 5882 deant
2371 5820 2465 5893 qui
2512 5834 2611 5895 me.
2637 5820 2888 5887 oderunt,
2934 5827 2991 5878 et
3020 5818 3463 5894 confundantur;
3493 5824 3756 5895 quoniam
