4038 6336
463 275 572 336 Μ

1189 385 1330 439 Alia.

534 480 832 547 Conﬁteor,
869 479 995 549 quia
1038 485 1258 549 propter
1294 477 1539 547 corporis
1581 478 1687 533 mei
1731 478 2059 533 suavitatem

466 585 524 633 et
549 575 996 638 delectationem,
1031 572 1127 626 Dei
1175 579 1443 641 praecepta
1489 571 1792 640 postposui,
1825 580 1880 626 et
1917 585 2062 641 saepe

424 663 427 666 ’
464 669 680 740 vigilias
723 674 942 722 sanctas
972 663 1172 724 dimisi,
1201 671 1258 716 ct
1303 662 1722 716 somnolentiam
1764 678 1944 717 meam
1973 678 2063 716 ex-

464 762 608 833 plevi
650 779 664 814 :
711 760 993 824 desidiam,
1052 757 1364 821 mollitiem,
1412 757 1708 826 pigritiam,
1759 765 2060 826 torporem,

469 852 760 923 ignaviam,
792 849 983 920 plenus
1017 846 1233 901 fastidio
1261 845 1367 918 45
1395 847 1624 917 Spiritali
1671 857 1889 902 secutus
1917 862 2058 904 sum.

465 943 572 999 Per
595 942 905 1014 superbiam
931 949 985 996 et
1021 939 1310 995 elationem
1339 938 1436 993 Dei
1462 947 1732 1009 praecepta
1763 947 2064 1011 transgres-

465 1052 558 1092 sus
589 1052 736 1101 sum,
759 1045 814 1092 et
842 1051 928 1090 me
969 1031 1244 1089 meliorem
1274 1034 1486 1088 caeteris
1529 1034 1716 1105 putavi
1743 1054 1755 1088 :
1783 1035 1850 1090 de
1876 1035 2061 1093 multis

463 1129 627 1184 rebus
673 1128 978 1198 voluptates
1005 1124 1274 1189 carnales,
1303 1133 1358 1180 et
1397 1126 1789 1190 immunditias,
1817 1125 2063 1196 pollutio-

463 1235 584 1288 nes,
614 1222 931 1285 ebrietates,
975 1221 1423 1284 comessationes,
1467 1222 1738 1285 convivia,
1789 1220 2058 1290 crapulas,

463 1312 754 1369 manifeste
775 1321 830 1367 et
848 1311 1076 1376 occulte,
1109 1327 1392 1382 perperam
1417 1311 1533 1382 [F.,
1561 1311 1892 1383 perpetrari]
1921 1320 1975 1368 et
2003 1313 2060 1366 in

465 1401 552 1455 his
600 1401 726 1456 totis
776 1401 1030 1455 sensibus
1078 1401 1236 1466 meis,
1266 1410 1525 1470 tanquam
1579 1403 1632 1455 in
1683 1402 1891 1456 deliciis
1920 1402 2062 1457 dele-

465 1502 620 1548 ctans
656 1493 796 1547 male
818 1492 1163 1561 suaviterqne
1187 1493 1447 1562 requievi.
1484 1494 1888 1548 Dominicorum
1920 1494 2056 1560 dies,

465 1593 521 1642 et
559 1593 778 1639 sanctas
819 1583 915 1638 Dei
947 1583 1339 1648 solemnitates,
1371 1594 1426 1640 ct
1457 1595 1768 1640 sanctorum
1801 1585 2063 1640 festivita-

469 1684 550 1730 tes
580 1676 820 1746 indigne,
853 1685 908 1729 et
946 1676 1062 1729 sine
1092 1675 1188 1730 Dei
1221 1678 1410 1732 timore
1449 1679 1677 1742 deduxi,
1705 1685 1760 1733 et
1786 1678 1920 1732 nihil
1954 1678 2062 1747 spi-

1321 273 1484 328 B.~F.
1527 271 1754 328 ALBINI
1792 271 1926 329 SEU
1963 265 2244 328 ALCUINI
2277 269 2563 328 OPERUM
2598 271 2782 329 PARS
2816 273 2905 330 IV.

3652 277 3758 336 δοῖ,

2082 383 2136 447 Α
2162 399 2269 439 non
2294 386 2532 452 visitavi,
2565 389 2805 442 nudosve
2832 387 3045 456 operui,
3077 398 3139 444 ut
3180 389 3460 448 debebam.
3505 391 3765 466 Hospites

2163 483 2218 531 et
2241 478 2556 547 peregrinos
2592 487 2815 549 propter
2838 479 3006 535 Deum
3039 498 3144 537 non
3185 487 3418 556 suscepi.
3448 487 3769 546 Esurientes

2161 579 2217 627 et
2245 571 2492 626 sitientes
2517 588 2623 626 non
2655 573 2838 628 refeci.
2888 575 3136 632 Dolentes
3175 585 3230 632 et
3276 579 3469 636 ﬂentes
3493 599 3604 638 non
3649 601 3766 642 sum

2164 666 2493 720 consolatus.
2526 667 2906 722 Discordantes
2949 671 3092 724 inter
3116 687 3174 726 se
3198 672 3318 742 plus
3348 675 3415 729 ad
3441 676 3579 732 iram
3604 694 3764 746 quam

2163 757 2232 810 ad
2268 771 2459 825 pacem
2501 760 2810 827 provocavi.
2863 759 3059 815 Malum
3097 773 3153 817 et
3207 765 3430 822 credere
3474 775 3527 822 et
3578 770 3767 826 audire

2162 847 2326 903 malui
2355 863 2516 918 quam
2543 850 2774 915 bonum;
2807 859 2862 905 et
2891 853 3227 909 mendacium
3269 857 3422 926 prius
3468 874 3636 929 quam
3678 875 3767 917 ve-

2163 940 2379 996 ritatem
2413 956 2426 995 :
2457 950 2512 996 et
2553 943 2697 1012 quod
2729 944 2963 1000 maxime
2999 947 3220 1003 credere
3268 950 3448 1017 debui,
3494 968 3602 1008 non
3651 964 3765 1011 cre-

2161 1034 2295 1098 didi,
2341 1042 2396 1087 et
2418 1035 2562 1103 quod
2609 1050 2718 1090 non
2749 1037 2909 1092 debui
2954 1039 3198 1106 credere,
3251 1042 3477 1098 credidi.
3513 1043 3672 1117 Saepe
3699 1045 3764 1104 ad

2161 1124 2361 1179 malum
2409 1127 2680 1191 consensi,
2726 1129 3074 1186 detrahentes
3102 1131 3337 1189 libenter
3364 1135 3544 1191 audivi
3586 1156 3600 1191 :
3649 1153 3763 1195 me-

2163 1218 2339 1286 ipsum
2381 1233 2480 1287 per
2525 1220 2761 1274 carnalia
2796 1221 3080 1287 desideria,
3117 1231 3171 1278 et
3203 1224 3375 1280 malas
3409 1227 3764 1297 cogitationes

2161 1319 2226 1360 ac
2247 1307 2571 1376 voluntates,
2603 1320 2657 1364 et
2685 1311 2825 1366 mala
2855 1325 3016 1382 Opera
3045 1317 3403 1371 contaminavi
3437 1327 3490 1372 et
3531 1321 3760 1389 perdidi,

2161 1407 2216 1454 et
2245 1401 2332 1454 cui
2373 1418 2569 1458 nocere
2608 1405 2776 1474 potui,
2813 1407 2991 1472 nocui,
3034 1417 3086 1462 et
3131 1409 3343 1464 diabolo
3389 1415 3664 1478 consensi,
3712 1424 3766 1470 et

2163 1491 2421 1560 voluptati
2451 1494 2595 1549 illius
2621 1498 2896 1564 peccando
2935 1513 3023 1551 me
3046 1499 3279 1554 subdidi.
3309 1501 3606 1570 Confiteor,
3638 1507 3762 1574 quia

2163 1584 2388 1638 multum
2433 1587 2651 1655 peccavi
2685 1588 2741 1642 in
2779 1589 2920 1655 visu,
2953 1591 3162 1656 auditu,
3208 1601 3388 1660 gustu,
3420 1594 3670 1661 odoratu,
3692 1589 3765 1651 'et

2161 1684 2340 1740 tactu;
2372 1677 2423 1729 in
2455 1679 2682 1746 pedibus
2711 1691 2764 1734 et
2809 1681 2862 1735 in
2889 1683 3140 1738 manibus
3185 1686 3338 1750 meis,
3387 1695 3442 1742 et
3483 1689 3535 1742 in
3585 1689 3764 1760 lingua

697 1735 726 1746 υ
810 1735 816 1739 .
1665 1735 1674 1742 .
1984 1735 1997 1747 .
2329 1735 2338 1740 -
2457 1735 2470 1746 .
3117 1735 3135 1738 ἡ
3186 1735 3338 1750 mm,
3392 1735 3442 1742 ν-
3586 1735 3761 1760 --.τ-.-

467 1766 624 1820 ritale
664 1767 716 1820 in
767 1767 853 1820 his
899 1767 1190 1822 meiitatus
1237 1784 1376 1833 sum,
1411 1769 1504 1822 sed
1556 1777 1725 1822 totum
1771 1769 2061 1823 carnaliter
2089 1735 2136 1804 θ
2165 1781 2304 1830 mea,
2339 1776 2498 1836 atque
2527 1769 2580 1822 in
2609 1771 2932 1840 genitalibus
2961 1773 3218 1830 membris
3257 1777 3414 1841 meis,
3457 1786 3514 1831 et
3551 1778 3608 1832 in
3650 1795 3761 1834 om-

466 1856 574 1926 egi,
606 1857 846 1910 intentus
893 1857 959 1910 ad
1009 1858 1349 1911 saturitatem
1379 1860 1614 1922 ventris,
1647 1866 1702 1912 et
1737 1860 1804 1913 ad
1833 1859 2063 1914 dissolu-

468 1948 675 2002 tionem
717 1948 881 2012 risus,
933 1956 989 2002 et
1034 1949 1143 2017 joci
1197 1950 1320 2003 vani
1373 1950 1698 2004 discursus:
1746 1951 2061 2022 religiosum

467 2049 666 2095 statum
685 2056 809 2095 cum
837 2043 1028 2095 timore
1059 2042 1154 2096 Dei
1185 2051 1521 2108 reverenter,
1549 2051 1710 2113 prout
1737 2045 1918 2110 debui,
1949 2059 2060 2101 non

467 2132 756 2184 custodivi.
789 2131 845 2185 li;
874 2139 1066 2186 sancta
1096 2133 1350 2198 ecclesia,
1384 2135 1511 2188 dum
1552 2135 1619 2189 ad
1665 2149 1800 2206 cpus
1828 2136 1925 2190 Dei
1972 2151 2062 2189 ac-

387 2216 395 2230 ’
466 2224 609 2279 cessi
637 2233 694 2278 et
741 2223 984 2289 interfui,
1015 2225 1184 2280 multa
1214 2241 1354 2280 vana
1385 2236 1441 2281 et
1467 2230 1608 2284 mala
1653 2231 1909 2302 cogitavi,
1937 2245 2065 2300 per.

465 2318 670 2388 petravi
704 2325 758 2372 et
785 2318 996 2373 locutus
1022 2335 1172 2386 sum;
1205 2329 1259 2376 et
1286 2338 1427 2391 saepe
1457 2323 1624 2378 nimio
1647 2339 1838 2378 somno
1867 2339 2062 2394 grava-

469 2417 555 2465 tus
576 2410 774 2465 multas
803 2411 1012 2481 perdidi
1041 2416 1338 2480 orationes,
1365 2416 1628 2472 lectiones
1651 2425 1706 2470 et
1733 2416 2062 2486 psalmorlias

467 2516 592 2555 cum
634 2501 842 2558 ofﬁciis.
897 2505 1034 2560 Nam
1080 2515 1134 2562 et
1187 2509 1416 2578 vigilans
1467 2508 1782 2578 frequenter
1828 2509 2062 2565 alienata

469 2595 732 2649 memoria
789 2596 1044 2654 discurrit
1073 2601 1223 2656 visus
1258 2617 1414 2657 meus
1457 2602 1686 2658 interior
1717 2618 1816 2674 per
1865 2604 2063 2662 multas

469 2697 651 2738 rerum
680 2692 1020 2742 terrenarum
1054 2689 1462 2761 dispOsitiones,
1489 2700 1543 2748 et
1562 2707 1675 2764 per
1722 2693 1936 2750 illicitas
1967 2695 2066 2751 ob-

469 2772 809 2843 lectationes,
835 2794 1002 2835 vanas
1029 2796 1094 2837 ac
1125 2791 1308 2855 turpes
1342 2786 1746 2853 meditationes,
1772 2787 2064 2857 variosque

469 2879 712 2936 errores;
747 2872 892 2926 unde
938 2884 1232 2946 occupatus
1285 2895 1480 2936 sensus
1523 2895 1678 2936 meus
1718 2879 1839 2938 sine
1881 2878 2064 2937 fructu

468 2959 700 3029 spiritali
728 2961 976 3018 efﬁcitur.

1050 3058 1172 3113 Alia
1199 3061 1476 3131 confessio.

542 3144 872 3202 Consecrata
901 3147 996 3204 Dei
1028 3151 1351 3218 ministeria,
1381 3163 1436 3208 et
1460 3162 1678 3211 sanctas
1699 3154 1980 3229 reliquias,
2007 3165 2063 3215 et

475 3243 692 3291 sanctos
719 3237 952 3305 codices,
974 3249 1030 3295 et
1057 3251 1244 3298 sancta
1287 3259 1416 3300 vasa
1450 3245 1703 3318 indignus
1740 3257 1796 3304 et
1830 3249 2066 3320 pollutus

475 3328 652 3399 tetigi,
684 3338 739 3384 et
765 3331 980 3388 sordide
1005 3343 1166 3404 atque
1187 3336 1523 3406 negligenter
1557 3343 1907 3398 contrectavi.
1936 3343 2068 3400 Cor-

475 3433 579 3490 pus
604 3428 660 3475 et
687 3423 1002 3492 sanguinem
1036 3426 1249 3480 Domini
1279 3429 1480 3497 polluto
1520 3434 1682 3488 corde
1718 3442 1774 3488 et
1817 3450 2066 3505 corpore,

476 3510 594 3566 sine
619 3512 959 3571 confessione
995 3527 1050 3571 et
1088 3520 1425 3588 poenitentia,
1465 3523 1699 3580 scienter
1733 3525 1949 3596 indigne
1978 3543 2070 3582 ac—

473 3602 614 3670 cepi,
643 3619 744 3660 nec
772 3604 1034 3675 judicium
1085 3610 1178 3665 Dei
1226 3627 1387 3682 super
1433 3630 1520 3669 me
1563 3623 1850 3671 venturum
1887 3625 2071 3674 exter-

476 3693 614 3747 ritus
659 3695 836 3762 timui,
887 3706 949 3752 ut
995 3699 1186 3757 timere
1233 3704 1410 3758 debui.
1463 3703 1648 3760 Ofﬁcia
1693 3708 1972 3774 canonica,
2015 3717 2071 3766 et

477 3788 754 3846 orationes
782 3799 944 3862 atque
969 3795 1297 3864 psalmodias
1336 3798 1420 3852 vel
1449 3797 1710 3856 lectiones
1735 3799 2070 3871 negligenter

478 3886 641 3949 atque
669 3880 1030 3940 irreverenter
1061 3887 1112 3940 in
1153 3898 1442 3958 conspectu
1470 3888 1566 3945 Dei
1603 3889 1788 3958 etl‘udi,
1817 3900 1874 3957 et
1899 3893 2071 3948 multa

479 3969 680 4037 dimisi,
726 3988 847 4042 quae
891 3990 996 4030 non
1041 3978 1194 4034 solvi.
1241 3979 1458 4035 Patrem
1504 3998 1684 4037 meum
1725 3991 1783 4039 et
1815 3992 2068 4052 matrem,

477 4060 675 4117 fratres
705 4080 854 4121 meos
884 4077 940 4122 ct
967 4084 1202 4137 sorores,
1245 4079 1298 4126 et
1326 4088 1514 4126 omnes
1554 4065 1884 4142 propinquos
1919 4090 2071 4130 meos

477 4163 535 4206 et
557 4152 912 4222 Christianos,
932 4149 1076 4224 'non,
1105 4160 1245 4214 sicut
1271 4164 1526 4230 praecepit
1562 4163 1723 4229 Deus,
1750 4163 1911 4219 dilexi
1937 4181 2068 4234 pro-

477 4251 600 4310 pter
628 4245 820 4310 Deum,
869 4255 923 4300 et
963 4264 1064 4303 nec
1105 4249 1183 4303 eis
1212 4250 1434 4306 honoris
1463 4253 1782 4321 obsequium
1809 4253 2065 4322 exhibui;

481 4334 576 4387 sed
606 4349 817 4405 semper
853 4339 1105 4392 omnibus
1145 4343 1434 4396 carnaliter
1475 4343 1687 4412 placere
1728 4344 1894 4410 volui,
1943 4347 2069 4416 quia

480 4437 602 4492 quae.
639 4437 759 4478 mea
789 4435 936 4490 sunt,
968 4429 1190 4494 (ιιιωείνί
1229 4433 1430 4498 potius,
1461 4447 1622 4501 quam
1654 4449 1773 4503 quae
1814 4435 1928 4490 Dei.
1959 4437 2068 4492 Ad-
2093 4461 2151 4536 ι,

480 4522 760 4569 versantes
809 4524 864 4570 et
902 4517 1296 4572 calumniantes
1325 4537 1410 4575 me
1441 4539 1546 4576 non
1571 4525 1745 4579 solum
1771 4527 2066 4582 secundum

481 4605 577 4660 Dei
619 4617 948 4676 prmeeptum
998 4625 1107 4663 non
1148 4609 1326 4675 dilexi,
1368 4629 1468 4668 nec
1503 4617 1773 4685 patienter
1796 4619 2064 4687 sustinui;

481 4699 577 4753 sed
613 4700 834 4771 insuper
855 4701 1051 4756 malum
1085 4718 1182 4771 pro
1213 4704 1356 4760 malo
1382 4707 1697 4776 ampliatum
1729 4711 1808 4763 eis
1837 4711 2066 4776 reddidi,

484 4796 537 4844 et
558 4805 699 4861 saepe
734 4793 932 4847 malum
964 4812 1062 4866 pro
1089 4797 1228 4852 bono
1259 4798 1482 4854 reddere
1526 4801 1818 4856 decertavi.
1850 4803 2070 4872 Episco-

481 4899 609 4954 pos,
656 4887 1022 4958 presbyteros,
1067 4891 1305 4956 abbates,
1350 4895 1662 4958 monachos,
1701 4897 1988 4950 canonicos
2016 4905 2071 4951 et

482 4992 696 5033 onmem
715 4979 919 5034 clerum
943 4981 1196 5039 Ecclesia:
1217 4985 1331 5049 Dei,
1359 5002 1458 5041 nec
1472 5002 1577 5041 non
1603 4996 1655 5042 et
1667 4989 1876 5057 priores
1897 5007 2068 5058 meos,

483 5083 578 5124 seu
625 5071 678 5125 in
715 5073 1044 5130 sublimitate
1088 5079 1295 5147 positos
1334 5093 1441 5133 non
1485 5082 1682 5147 amavi,
1735 5097 1834 5138 nec
1883 5083 2067 5151 dilexi,

483 5179 662 5234 neque
702 5166 924 5223 honoris
982 5169 1299 5241 obsequium
1346 5174 1551 5242 praebui
1601 5175 1699 5242 eis,
1747 5179 1887 5233 sicut
1930 5179 2072 5234 Deus

482 5261 760 5329 prmcepit,
793 5263 887 5317 sed
920 5263 1140 5332 insuper
1169 5267 1470 5336 vituperavi
1514 5285 1628 5334 eos,
1659 5278 1713 5324 et
1747 5271 1954 5325 detraxi
1992 5281 2072 5327 at-

483 5363 590 5418 que
620 5352 926 5422 dijudicavi.
951 5353 1197 5410 Decimus
1228 5357 1310 5411 vel
1338 5360 1605 5427 primitias
1631 5361 1894 5416 bonorum
1923 5378 2071 5418 meo-

483 5460 605 5500 rum
628 5463 733 5504 non
749 5451 978 5514 reddidi,
997 5452 1417 5521 hospitalitatem
1443 5469 1545 5507 non
1568 5455 1946 5519 dilexi,veram
1969 5455 2074 5510 fra-

483 5538 795 5595 ternitatem
835 5556 971 5610 puro
1009 5544 1172 5598 corde
1200 5559 1308 5598 non
1340 5545 1624 5607 custodiri,
1662 5544 2000 5599 latrocinium
2021 5553 2074 5600 et

484 5628 689 5687 furtum
737 5635 992 5692 abscondi
1041 5646 1095 5692 et
1140 5639 1374 5700 comedi,
1425 5638 1976 5708 latrocinantibusque
2021 5648 2075 5695 et

488 5722 942 5784 abscondentibus
985 5728 1254 5786 consensi.
1301 5727 1548 5784 lnﬁrmos
1603 5737 1656 5785 et
1708 5729 2075 5789 incarceratos

2164 1855 2322 1910 nibus
2349 1858 2485 1912 meis
2511 1861 2758 1914 sensibus
2782 1861 2947 1915 multa
2983 1863 3122 1916 mala
3149 1867 3476 1934 perpetravi.
3501 1865 3758 1938 Repletus

2162 1947 2310 2000 omni
2337 1948 2640 2016 iniquitate,
2666 1952 2870 2006 malitia
2893 1962 2948 2006 et
2973 1956 3235 2024 nequitia,
3263 1957 3366 2012 feci
3391 1959 3750 2030 sacrilegittm,

2105 2032 2124 2044 ⁸
2162 2037 2536 2104 homicidium,
2581 2039 2924 2107 adulterium,
2967 2042 3162 2098 falsum
3209 2048 3602 2116 testimonium,
3645 2050 3754 2104 fur-

2163 2135 2300 2194 tum,
2335 2131 2600 2200 rapinam,
2641 2131 2938 2201 pcijurium
2967 2153 2980 2188 :
3007 2151 3203 2192 usuras
3249 2139 3396 2192 tenui
3425 2139 3586 2211 longo
3622 2149 3755 2195 tem-

2161 2235 2316 2292 pore,
2344 2221 2553 2277 reddidi
2580 2225 2781 2278 malum
2826 2241 2925 2294 pro
2950 2226 3134 2293 bonis;
3171 2237 3231 2282 et
3280 2244 3385 2284 non
3427 2231 3603 2286 solum
3632 2232 3752 2300 ista,

2165 2314 2261 2368 sed
2285 2322 2340 2368 et
2365 2314 2469 2367 alia
2493 2316 2634 2369 mala
2672 2315 2775 2371 feci
2820 2318 3010 2384 multa,
3054 2327 3109 2374 et
3146 2319 3466 2377 facientibus
3487 2322 3754 2378 consensi.

2164 2403 2278 2475 Ego
2308 2405 2474 2460 miser
2501 2408 2720 2476 peccavi
2763 2409 2948 2473 nimis,
2979 2411 3106 2480 quia
3138 2409 3530 2484 eieemosynas,
3563 2425 3619 2470 et
3643 2415 3755 2486 pris

2164 2497 2368 2563 mitias,
2385 2504 2548 2566 atque
2563 2499 2822 2565 decimas,
2840 2515 2972 2570 quas
2993 2502 3093 2556 sub
3105 2501 3328 2558 obtentu
3351 2506 3644 2561 sacerdotii
3669 2522 3757 2561 su-

2164 2589 2331 2658 scepi,
2369 2589 2513 2644 male
2549 2592 2801 2661 expendi,
2824 2599 2880 2646 et
2917 2594 2970 2647 in
3009 2595 3242 2665 pr0priis
3283 2597 3475 2652 usibus
3517 2597 3653 2653 meis
3696 2613 3757 2654 ea

2166 2681 2498 2750 consumpsi,
2529 2689 2586 2736 et
2613 2682 2743 2737 illud
2769 2683 2912 2753 quod
2941 2684 3067 2740 inde
3095 2685 3254 2740 debui
3273 2685 3475 2752 facere,
3499 2703 3606 2742 non
3627 2686 3752 2746 feci.

2164 2771 2409 2837 Peccavi,
2441 2773 2585 2841 quod
2612 2773 2894 2844 negligens
2921 2775 2996 2829 fui
3028 2776 3096 2830 de
3120 2791 3244 2832 meo
3267 2793 3453 2844 cursu,
3478 2791 3641 2848 quem
3667 2789 3766 2850 pa

2164 2862 2330 2918 horas
2343 2864 2632 2918 canonicas
2645 2865 2928 2920 exsolvere
2942 2866 3102 2921 debui
3121 2883 3135 2933 ;
3159 2875 3216 2922 et
3229 2867 3294 2922 de
3315 2883 3432 2922 mea
3446 2868 3762 2938 psalmodi'a,

2165 2967 2222 3014 et
2242 2957 2309 3014 de
2327 2959 2463 3014 meis
2481 2959 2836 3025 orationibus,
2856 2962 2987 3017 etde
3007 2977 3130 3017 meo
3149 2963 3474 3028 ministerio,
3489 2965 3636 3034 quod
3659 2981 3764 3021 non

2087 3088 2138 3166 Β
2167 3049 2434 3104 custodivi
2463 3050 2763 3106 secundum
2800 3051 3067 3106 ordinem.
3105 3051 3329 3108 Peccavi
3352 3055 3419 3108 de
3449 3054 3555 3110 illis
3591 3057 3764 3124 pinni-

2172 3145 2408 3166 .,-.ει,,,
2444 3147 2527 3166 ,με
2562 3146 2624 3166 ,λ
2656 3160 2739 3166 μ,
2769 3155 2991 3166 ____.-_
3029 3147 3126 3166 η.
3683 3165 3724 3166 η

2172 3145 2412 3202 tantibus
2437 3147 2528 3215 qui
2559 3146 2628 3200 ad
2656 3160 2744 3201 me
2769 3155 2992 3216 propter
3017 3147 3127 3219 48
3157 3147 3550 3204 confessionem
3594 3165 3759 3205 vene-

2169 3246 2318 3303 runt,
2360 3252 2496 3306 quos
2529 3253 2627 3306 ego
2658 3253 2755 3292 nec
2804 3240 3100 3293 secundum
3143 3240 3464 3295 canonicum
3501 3241 3767 3310 judicium

2165 3325 2424 3397 judicavi,
2455 3343 2559 3382 nec
2583 3327 2842 3382 sollicitus
2877 3328 2951 3382 fui
2981 3329 3048 3383 de
3077 3329 3202 3397 illis,
3250 3331 3396 3386 sicut
3422 3331 3604 3386 debui.
3640 3331 3769 3388 Peo-

2169 3419 2288 3475 cavi
2314 3434 2440 3491 erga
2461 3420 2704 3475 subditos
2725 3421 2880 3487 mihi,
2905 3423 3032 3491 quia
3055 3423 3200 3476 circa
3225 3422 3562 3494 negligentes
3591 3423 3766 3478 zelum

2171 3515 2512 3570 rectitudinis
2534 3513 2683 3583 justo
2712 3515 3082 3570 moderamine
3123 3529 3230 3569 non
3279 3516 3450 3582 tenui,
3481 3523 3542 3570 ut
3569 3515 3763 3581 debui;

2171 3611 2227 3658 et
2250 3619 2392 3675 saepe
2420 3619 2515 3674 per
2541 3604 2786 3658 inutilem
2827 3605 3206 3674 remissionem
3251 3605 3332 3660 eis
3377 3605 3766 3670 condescendi,

2171 3695 2388 3764 quando
2407 3711 2514 3749 non
2545 3693 2725 3749 debui.
2771 3691 2998 3749 Peccavi
3047 3704 3336 3765 postquam
3371 3695 3660 3751 cmfessus
3690 3694 3767 3750 fui

2169 3786 2400 3841 crimina
2427 3800 2549 3842 mea
2591 3800 2713 3857 quae
2741 3787 3069 3858 perpetravi.
3120 3787 3350 3842 Peccavi
3388 3787 3453 3841 in
3497 3785 3770 3842 desiderio

2171 3875 2472 3932 alienarum
2518 3891 2726 3942 rerum,
2782 3884 2837 3930 et
2879 3891 2978 3946 per
3027 3877 3405 3932 curiositatem
3448 3875 3625 3932 multa
3659 3875 3770 3930 νίᾶ

2169 3967 2342 4024 oculis
2371 3968 2527 4032 meis,
2557 3975 2615 4022 et
2639 3966 2807 4022 multa
2827 3968 3017 4023 audivi
3053 3969 3275 4024 auribus
3305 3967 3470 4033 meis,
3513 3982 3637 4036 quae
3669 3979 3770 4021 nec

2171 4060 2356 4116 videre
2389 4073 2492 4114 nec
2541 4059 2730 4114 audire
2775 4068 3106 4129 oportuerat.
3156 4059 3312 4129 Smpe
3354 4058 3503 4114 volui
3555 4057 3768 4128 publica

2171 4153 2545 4222 increpatione
2572 4166 2696 4206 eum
2723 4151 2817 4221 qui
2841 4152 2974 4206 mihi
3007 4167 3113 4206 non
3135 4151 3363 4222 placuit,
3411 4149 3766 4214 confundere,

2172 4253 2226 4302 et
2249 4246 2484 4316 proximi
2519 4244 2716 4299 famam
2742 4245 3072 4299 mordaciter
3099 4257 3348 4314 carpere,
3377 4251 3435 4298 et
3457 4242 3660 4310 passim
3688 4241 3771 4296 vi-

2171 4345 2443 4405 tuperare.
2470 4335 2624 4404 Smpe
2653 4334 2866 4390 occulta
2904 4335 3082 4389 cordis
3107 4334 3272 4388 alieni
3293 4333 3434 4388 male
3453 4330 3766 4401 dijudicavi.

2171 4425 2420 4491 Peccavi,
2445 4428 2569 4496 quia
2599 4425 2828 4493 injurias
2856 4426 2990 4480 mihi
3015 4424 3188 4480 factas
3235 4424 3291 4478 in
3329 4431 3515 4479 mente
3543 4421 3767 4485 retinui,

2172 4525 2227 4573 et
2245 4517 2594 4587 peccantibus
2611 4517 2666 4570 in
2687 4531 2774 4570 me
2798 4531 2935 4585 puro
2961 4516 3122 4570 corde
3144 4529 3252 4569 non
3275 4512 3499 4574 indulsi,
3529 4519 3587 4566 et
3611 4511 3771 4566 modo

2171 4610 2384 4665 dimitto
2406 4623 2475 4663 ex
2503 4615 2618 4664 toto
2641 4608 2802 4663 corde
2845 4607 3120 4671 omnibus,
3167 4607 3259 4676 qui
3308 4606 3364 4658 in
3393 4620 3482 4658 me
3511 4618 3769 4674 peccave-

2171 4711 2318 4757 runt.
2355 4701 2602 4766 Peccavi,
2652 4701 2777 4770 quia
2823 4700 2970 4768 ipsas
3019 4695 3358 4767 iniquitates,
3383 4713 3523 4766 quas
3563 4695 3665 4750 feci
3714 4696 3768 4748 in

2171 4797 2328 4862 alios,
2353 4797 2474 4866 jure
2512 4793 2801 4863 dijudicavi
2830 4800 2886 4848 et
2913 4793 3298 4857 condemnavi;
3342 4799 3399 4845 et
3447 4788 3608 4843 aliter
3653 4800 3766 4851 me,

2173 4885 2332 4941 aliter
2351 4887 2486 4939 alios
2507 4884 2764 4953 judicavi.
2796 4882 2959 4937 Multa
2989 4883 3122 4948 dixi,
3152 4896 3272 4951 quae
3311 4880 3497 4934 dicere
3534 4893 3644 4932 non
3673 4876 3770 4932 de-

2171 4978 2282 5032 bui.
2303 4975 2462 5031 Multa
2487 4976 2717 5047 cogitavi
2745 4989 2862 5045 quae
2890 4990 2999 5030 non
3021 4975 3206 5040 debui,
3233 4983 3284 5028 et
3306 4973 3500 5036 multa,
3529 4985 3649 5040 quae
3670 4983 3768 5022 co-

2173 5070 2348 5142 gitare
2383 5068 2542 5123 debui
2581 5068 2718 5121 bona
2747 5107 2761 5130 ,
2803 5081 2912 5120 non
2943 5066 3194 5135 cogitavi.
3243 5063 3440 5119 Oscula
3483 5062 3672 5116 illicita
3713 5065 3773 5113 et

2173 5162 2452 5231 amplexus
2471 5158 2732 5214 nefandos
2753 5157 2874 5211 feci.
2896 5157 3049 5228 Saepe
3067 5157 3276 5228 palpavi
3299 5170 3419 5226 quae
3455 5171 3563 5210 non
3584 5153 3768 5216 debui,

2172 5268 2317 5322 saepe
2343 5250 2592 5308 consensi
2622 5264 2740 5319 qum
2769 5265 2876 5302 non
2909 5251 3178 5319 oportuit;
3222 5249 3402 5304 dimisi
3432 5262 3597 5316 opera
3627 5245 3773 5298 bona

2175 5358 2293 5412 quae
2322 5357 2427 5395 non
2455 5341 2634 5403 debui,
2665 5349 2719 5392 et
2745 5338 2851 5392 feci
2881 5339 3020 5393 mala
3060 5355 3180 5408 quae
3213 5355 3316 5393 non
3349 5339 3507 5392 debui
3543 5334 3774 5392 :borrui

2176 5433 2319 5503 quod
2357 5431 2580 5503 diligere
2603 5431 2784 5496 debui,
2815 5439 2868 5486 et
2899 5431 3059 5484 dilexi
3102 5432 3243 5500 quod
3285 5447 3393 5485 non
3438 5431 3618 5485 debui.
3661 5425 3774 5483 Pro

2177 5525 2371 5594 quibus
2386 5522 2638 5577 omnibus
2659 5531 2819 5591 atque
2836 5521 2957 5575 aliis
2977 5521 3275 5576 innumeris
3295 5520 3593 5577 sceleribus
3607 5519 3771 5586 meis,

2177 5633 2297 5685 qure
2340 5623 2528 5670 contra
2579 5614 2749 5683 legem
2804 5614 2896 5667 Dei
2952 5613 3217 5678 commisi,
3259 5621 3317 5666 ut
3357 5626 3577 5682 possem
3627 5608 3772 5680 apud

2179 5709 2348 5763 Deum
2373 5705 2619 5762 invenire
2640 5703 3050 5775 indulgentiam,
3082 5702 3390 5760 ctenobium
3416 5701 3571 5776 petii,
3601 5701 3776 5759 vitam
