4038 6336
306 218 406 277 501

1158 217 1553 277 LITURGICA.
1588 248 1660 260 —
1696 218 1785 276 DE
1821 218 2073 279 PSALM.
2119 220 2275 282 USU.
2316 252 2388 265 —-
2418 222 2598 282 PARS
2636 222 2701 282 II.

3483 231 3590 288 502

302 334 667 393 monasticam
702 333 948 405 suscepi;
998 336 1095 392 sed
1120 334 1288 391 miser
1323 348 1429 408 ego
1466 348 1611 407 sape
1647 334 1893 393 involvet
1913 338 1969 404 Δ
1993 330 2103 409 Η).
2150 332 2221 393 Et
2258 336 2459 397 item
2501 361 2518 396 :
2558 337 2825 395 Gaudium
2853 342 2953 397 erit
2982 360 3138 414 super
3178 361 3284 400 uno
3314 352 3588 416 peccaturo

302 429 472 486 van'is
498 428 675 484 modis
697 428 755 482 in
783 428 1118 496 levitatibus,
1137 429 1402 495 vanitate,
1428 429 1776 501 negligentia,
1806 430 1893 486 in-

305 521 625 594 quietudine
646 520 834 587 animi,
862 520 918 576 in
957 521 1342 587 amaritudine.
1382 529 1437 576 et
1464 520 1696 577 stimulis
1722 521 1894 576 mala-

302 630 426 674 rum
452 615 868 685 cogitationum,
895 614 952 669 in
977 614 1288 671 contumaci
1314 615 1620 681 eversione,
1646 615 1703 670 in
1726 615 1897 685 negli-

301 708 487 783 gentia
514 708 644 763 boni
672 708 876 779 operis,
921 708 978 763 in
1023 707 1465 778 praevaricatione
1497 708 1796 779 religionis,
1836 707 1896 762 in

299 798 655 871 loquacitate,
686 800 1034 867 scurrilitate,
1063 801 1262 857 duritia
1306 801 1529 867 mentis,
1578 802 1633 856 in
1665 800 1891 867 accidia,

300 890 357 948 in
382 890 779 963 indignatione,
806 891 1196 958 inobedientia,
1222 890 1631 961 diudicatione,
1652 905 1895 946 murmu-

300 985 516 1039 ratione
558 995 619 1039 et
655 984 1014 1049 detractiuie,
1055 984 1306 1055 superbia
1344 992 1401 1039 et
1436 997 1671 1039 raneere
1702 981 1891 1037 animi.

301 1076 434 1145 Qus
454 1077 640 1140 omnia
668 1077 811 1132 mala
839 1090 1027 1135 coram
1055 1077 1165 1132 Deo
1199 1076 1595 1146 omnipotente,
1619 1081 1676 1130 et
1700 1080 1895 1131 sancto

298 1172 405 1227 hoc
430 1170 613 1236 altari,
641 1180 698 1226 et
721 1170 929 1225 sanctis
953 1164 1196 1239 reliquiis
1217 1183 1339 1239 quae
1374 1167 1433 1222 in
1464 1168 1569 1222 hoc
1594 1166 1715 1222 loco
1739 1173 1891 1233 sunt,

298 1264 568 1321 conﬁteor
592 1278 727 1334 pura
748 1270 806 1317 et
825 1278 956 1317 vera
974 1260 1350 1326 confessione;
1378 1266 1437 1315 et
1451 1258 1597 1321 bona
1614 1258 1893 1314 voluntate

297 1357 590 1412 emendare
636 1352 853 1426 [Sapple
874 1366 1140 1423 propono,
1164 1351 1239 1406 vel
1266 1351 1479 1424 simile],
1521 1352 1576 1406 in
1623 1358 1891 1419 quantum

298 1449 393 1504 Dei
422 1445 798 1502 misericordia
834 1446 1089 1516 dignatur
1137 1458 1226 1498 me
1277 1441 1551 1510 adjuvare.
1586 1440 1705 1511 Ipse
1741 1440 1890 1495 enim

295 1540 440 1597 Deus
482 1541 854 1610 omnipotens,
894 1538 987 1608 qui
1035 1537 1173 1592 dixit
1213 1550 1313 1606 per
1350 1536 1711 1608 prophetam:
1746 1532 1887 1588 Noto

294 1643 512 1689 mortem
536 1633 846 1703 peccatoris,
872 1632 964 1686 sed
993 1640 1051 1685 at
1080 1639 1411 1686 convertatur
1432 1640 1480 1683 et
1503 1630 1642 1685 vivat
1663 1627 1882 1700 (Ezeclt.

1992 429 2347 499 paenitentiam
2390 440 2593 502 agente,
2650 448 2807 505 quam
2858 450 3015 505 super
3071 436 3360 506 nonaginta
3405 453 3589 496 novent

1984 518 2147 590 justi:
2174 521 2269 592 qui
2290 539 2396 578 non
2424 524 2657 597 indigent
2682 526 2985 597 paenitentia
3011 525 3165 600 (Luc.
3190 543 3287 595 xv,
3312 528 3393 601 7).

2730 658 2843 721 XI.

2425 754 2652 821 Oratio
2684 762 3151 829 monachorum.

2061 876 2311 946 Domine,
2350 880 2617 951 quidquid
2658 897 2870 950 errans,
2912 886 3091 943 sciens
3131 894 3295 960 atque
3333 896 3583 946 contem-

1992 984 2159 1038 nens;
2198 972 2459 1044 quidquid
2492 974 2784 1041 voluntate,
2824 977 2906 1033 vel
2943 978 3293 1047 infirmitate,
3334 996 3430 1038 seu
3465 991 3584 1039 stu-

1993 1059 2115 1127 dio;
2147 1062 2406 1133 quidquid
2429 1065 2777 1136 subreptioue
2804 1068 2889 1122 vel
2913 1072 3289 1141 meditatione,
3322 1074 3585 1146 cogitatu,

1991 1149 2139 1209 dicto
2164 1154 2249 1210 vel
2280 1153 2444 1222 facto,
2471 1157 2682 1214 occulte
2710 1175 2806 1214 seu
2830 1160 3119 1220 manifeste
3144 1167 3397 1234 peccavi;
3430 1168 3588 1237 quido-

1992 1245 2125 1315 quid
2154 1246 2318 1302 etiam
2346 1249 2543 1305 horum
2586 1259 2678 1306 aut
2719 1250 2851 1307 latet
2888 1254 3091 1321 animo,
3137 1266 3230 1312 aut
3267 1269 3451 1328 patet,
3492 1268 3587 1315 aut

1992 1338 2203 1395 mordet
2230 1356 2450 1397 sensum
2468 1383 2483 1410 ,
2515 1354 2609 1399 aut
2639 1344 2941 1401 deludendo
2970 1348 3383 1423 quibuscuuquc
3411 1354 3586 1410 modis

1988 1448 2088 1505 per
2115 1437 2468 1494 securitatem
2489 1440 2709 1511 decipit,
2734 1444 2969 1513 gratuita
2997 1444 3200 1515 pietate
3222 1460 3313 1502 tua
3340 1449 3587 1519 placatus

1990 1527 2291 1585 clementer
2312 1531 2560 1605 indulge;
2583 1550 2685 1591 nec
2706 1536 2824 1593 sine
2845 1552 2941 1609 spe
2961 1540 3132 1596 venia:
3150 1541 3387 1597 animam
3408 1557 3588 1598 meam

1991 1618 2233 1689 deseras,
2256 1636 2421 1694 quam
2449 1632 2572 1696 post
2599 1636 2907 1697 perpetrata
2930 1630 3157 1686 crimina
3189 1632 3356 1687 multa
3385 1642 3442 1689 et
3462 1649 3589 1705 gra-

293 1743 492 1794 xxxm,
526 1697 648 1798 ll),
677 1735 733 1781 et
753 1727 985 1782 iterum:
1020 1725 1088 1780 In
1108 1738 1417 1796 quacunque
1438 1724 1522 1781 die
1546 1697 1883 1793 ingemuerit,
1913 1700 1915 1707 Α

1990 1713 2101 1780 via,
2129 1729 2195 1771 ac
2221 1716 2493 1786 mortalia,
2526 1721 2593 1775 ad
2620 1720 2943 1779 immensam
2971 1731 3078 1780 tum
3105 1725 3324 1796 pietatis
3353 1697 3589 1785 clemen-

293 1822 472 1878 salvus
504 1822 607 1876 eris
632 1820 822 1889 (Ιὸὶάη
852 1836 908 1874 v.
934 1819 1048 1890 η),
1087 1827 1144 1874 et
1168 1819 1263 1888 qui
1313 1833 1401 1872 me
1432 1818 1684 1888 dignatus
1705 1824 1790 1871 est
1817 1816 1888 1871 ad

292 1914 694 1972 confessionem
760 1921 1111 1984 peccatorum
1164 1926 1410 1967 meorum
1463 1910 1889 1967 misericorditer

291 2009 536 2073 trahere,
585 2015 641 2061 et
685 2006 819 2061 mihi
866 2006 1121 2061 virtutem
1159 2003 1481 2060 continendi
1528 2018 1618 2059 me
1656 2017 1688 2057 a
1727 2002 1886 2058 malis

288 2099 548 2169 operibus
581 2098 800 2172 [Supple
827 2098 1048 2164 tribuat,
1074 2097 1155 2153 vel
1196 2096 1444 2171 simile],'
1463 2104 1519 2151 et
1562 2097 1887 2152 misereatur

288 2192 488 2247 anima:
516 2207 672 2257 mete,
724 2198 782 2246 et
826 2200 1016 2261 parcat
1049 2200 1104 2247 et
1133 2192 1379 2247 remittat
1404 2206 1470 2247 ac
1499 2190 1676 2247 deleat
1702 2191 1886 2247 omnia

287 2292 514 2355 peccata
542 2299 663 2340 mea
700 2285 998 2355 praeterita,
1045 2285 1334 2355 praesentia
1363 2292 1421 2341 et
1446 2285 1648 2350 futura,
1677 2292 1735 2339 et
1756 2299 1885 2355 per-

288 2377 454 2434 ducat
476 2391 568 2434 me
593 2384 649 2433 et
667 2378 980 2435 inti-educat
1006 2378 1062 2434 in
1084 2379 1253 2434 vitam
1277 2385 1557 2436 aeternam.
1582 2376 1795 2435 Amen)

871 2489 995 2545 Alia
1042 2490 1320 2561 confessio.

357 2599 589 2673 Suscipe
608 2598 1001 2659 confessionem
1041 2616 1239 2671 meam,
1287 2602 1513 2660 Domine
1534 2596 1699 2671 Deus,
1719 2602 1882 2660 unica

284 2709 415 2765 spes
459 2693 651 2750 salutis
679 2710 830 2751 mem.
881 2694 1039 2762 Gula,
1084 2695 1369 2763 ebrietate,
1411 2694 1790 2761 fornicatione,
1819 2695 1883 2751 li-

283 2785 497 2853 bidine,
551 2787 793 2854 tristitia,
845 2788 1055 2855 accdia,
1110 2788 1488 2854 somnolentis,
1532 2787 1878 2861 negligentia,

282 2880 388 2945 ira,
423 2881 742 2951 cupiditate,
775 2880 996 2948 invidia,
1038 2880 1183 2948 odio,
1224 2881 1578 2948 detractione,
1620 2878 1879 2952 periurio,

282 2969 548 3037 falsitate,
570 2972 875 3039 mendacio,
901 2988 1039 3027 vana
1064 2973 1255 3045 gloria,
1280 2974 1495 3029 levitate
1520 2988 1584 3029 ac
1604 2974 1879 3044 superbia,

1990 1808 2122 1864 tiam
2168 1808 2428 1866 festinare
2471 1813 2761 1871 miseratus
2802 1816 3070 1887 inSpiras;
3117 1826 3173 1873 et
3214 1834 3339 1874 cum
3369 1835 3488 1875 eam
3520 1822 3590 1880 de

1989 1896 2189 1953 futuris
2224 1914 2513 1970 poenarum
2542 1905 2827 1960 tormentis
2862 1914 3172 1975 suspectam
3200 1922 3321 1964 esse
3357 1912 3586 1980 pateris,

1990 1992 2056 2048 de
2098 1995 2373 2050 mansuris
2414 2010 2629 2065 quoque
2662 1997 2788 2052 vitae
2828 2006 3045 2052 mternae
3092 2000 3335 2071 gaudiis,
3379 2001 3588 2061 indulta

1988 2084 2147 2139 venia
2189 2092 2568 2155 peccatorum,
2613 2102 2830 2157 semper
2878 2088 3153 2161 respirare
3184 2092 3483 2159 concedas;
3532 2100 3590 2148 et

1988 2174 2337 2231 emundatam
2377 2170 2545 2232 animi
2580 2178 2969 2234 conscientiam
3003 2195 3035 2235 a
3071 2181 3588 2251 prrevaricationum

1987 2283 2083 2323 seu
2111 2269 2356 2324 omnium
2393 2269 2651 2325 vitiorum
2685 2270 3014 2342 cogitatione
3049 2271 3247 2327 iterum
3284 2273 3587 2345 apostatan'

1986 2377 2110 2418 eam
2133 2376 2166 2416 a
2196 2370 2265 2427 te,
2291 2361 2378 2417 vel
2398 2362 2898 2433 irrecuperabiliter
2924 2362 3200 2433 inquinari
3223 2379 3331 2421 non
3361 2363 3588 2435 permit-

1988 2460 2092 2509 tas.
2125 2452 2387 2520 Domine,
2420 2469 2637 2509 omnem
2678 2453 2965 2510 stultitiam
3004 2455 3187 2513 cordis
3225 2456 3333 2512 mei
3374 2455 3589 2511 miseri-

1986 2545 2227 2601 corditer
2256 2546 2480 2613 munda,
2501 2555 2556 2601 et
2585 2561 2706 2615 quae
2735 2546 2790 2601 in
2818 2561 2907 2602 me
2934 2555 3062 2601 sunt
3088 2548 3347 2604 vitiorum
3372 2554 3589 2605 secreta

1985 2636 2238 2709 purifica,
2279 2644 2336 2691 ct
2375 2651 2469 2691 cor
2500 2651 2704 2704 meum,
2747 2636 2816 2692 ad
2853 2639 3242 2709 expugnandus
3276 2640 3587 2709 passiones,

1986 2738 2081 2786 tua
2109 2738 2302 2785 sancta
2327 2729 2584 2785 unctione
2611 2728 2800 2795 dilata,
2834 2744 3136 2799 sensusque
3175 2743 3327 2785 meos
3372 2731 3440 2785 ad
3483 2730 3587 2784 im-

1985 2821 2379 2894 pugnationum
2407 2820 2709 2876 certamina
2744 2820 3053 2892 superanda
3089 2818 3370 2886 conforta;
3411 2827 3467 2874 et
3495 2819 3588 2875 fac
3688 2878 3699 2891 ,κ

1986 2926 2073 2966 me
2102 2912 2265 2982 digne
2290 2910 2439 2967 vitiis
2465 2911 2605 2968 meis
2632 2912 2825 2977 irasci,
2860 2920 2923 2965 ut
2946 2912 3201 2967 omnium
3228 2920 3583 2982 peccatorum

1987 3018 2236 3060 meorum
2283 3002 2673 3075 indulgentiam
2702 3019 3025 3075 consequar.
3075 3004 3323 3073 Domine,
3356 3004 3443 3060 fac
3484 3019 3587 3062 nos

279 3064 530 3134 perditus
574 3079 695 3119 sum
743 3065 983 3120 omnin“
1038 3065 1394 3137 Cogimﬁone’
1449 3064 1740 3131 ¹⁰⁶¹¹¹ί⁰¹¹θν
1786 3081 1877 3121 ³ο·
1903 3073 1952 3140 c
1982 3097 2319 3152 incessanter
2376 3064 2505 3151 ante
2561 3096 2759 3153 mentis
2818 3064 3004 3153 oculos
3059 3098 3269 3154 habere
3309 3064 3587 3153 'timorem

281 3156 437 3213 tione
462 3163 625 3226 atque
651 3156 905 3212 omnibus
932 3156 1182 3211 sensibus
1227 3156 1363 3210 meis
1388 3162 1677 3211 exsecutus
1724 3171 1875 3221 sum;

278 3246 381 3303 sed
416 3254 509 3315 tu,
549 3246 641 3318 qui
672 3247 942 3319 justificas
982 3246 1175 3317 impios
1219 3254 1276 3301 et
1313 3244 1554 3300 viviﬁcas
1598 3252 1876 3314 mortuos,

281 3340 505 3397 viviﬁca
550 3356 659 3411 me,
713 3350 773 3400 et
808 3340 1052 3413 justiﬁca
1091 3357 1201 3410 me,
1253 3340 1481 3397 Domine
1519 3338 1663 3399 Deus
1702 3355 1876 3399 meus.

276 3432 484 3489 Amen.

802 3624 952 3688 Alia
979 3626 1285 3707 confessio
1317 3639 1371 3687 α.

1984 3196 2172 3256 tuum,
2211 3197 2273 3244 ut
2308 3190 2362 3244 in
2400 3190 2549 3245 omni
2583 3189 2706 3248 loco
2743 3198 2968 3261 peccata
3007 3198 3218 3259 nostra,
3253 3200 3309 3247 et
3344 3189 3587 3251 futurum

1982 3298 2083 3355 pro
2112 3284 2192 3339 eis
2221 3280 2489 3351 judicium
2526 3282 2772 3354 cogitare
2800 3298 2867 3338 ac
2905 3283 3120 3350 timere,
3149 3283 3420 3354 simulque
3448 3298 3587 3354 prae-

1981 3383 2141 3446 cepta
2169 3382 2283 3441 tua,
2311 3382 2366 3430 et
2389 3374 2621 3446 gloriam
2647 3372 2927 3431 caelestem
2950 3390 2984 3429 a
3012 3382 3066 3430 te
3088 3374 3275 3431 datam
3298 3376 3386 3433 bis
3406 3376 3501 3446 qui
3522 3391 3589 3431 ea

1981 3477 2237 3536 servant,
2276 3468 2643 3533 considerare,
2676 3474 2735 3523 et
2773 3482 2989 3540 semper
3013 3469 3069 3524 in
3102 3478 3285 3526 mente
3314 3469 3585 3535 retinere;

1982 3562 2110 3633 quia
2148 3561 2488 3617 incessanter
2514 3568 2572 3616 tu
2600 3559 2763 3628 Deus,
2790 3561 2886 3631 qui
2914 3575 3015 3617 nos
3031 3560 3381 3633 iudicaturus
3408 3576 3485 3625 es,
3519 3561 3588 3617 de

1982 3653 2122 3710 coelo
2144 3652 2373 3723 respicis
2397 3666 2586 3708 omnes
2610 3660 2766 3708 actus
2792 3659 2852 3710 et
2871 3652 3232 3725 cogitationes
3259 3660 3499 3718 nostras,
3530 3658 3589 3706 et

348 3740 587 3803 Domine
622 3744 791 3814 Deus,
826 3747 991 3803 credo
1038 3747 1485 3818 omnipotentem,
1527 3744 1878 3814 invisibilem,
1980 3742 2286 3801 locutiones
2315 3749 2557 3809 nostras,
2586 3750 2643 3797 et
2666 3742 2811 3816 quod
2837 3743 2986 3799 omni
3014 3743 3149 3798 hora
3177 3741 3401 3814 angelus
3428 3741 3589 3798 nobis

275 3840 847 3911 incircumscriptum,
892 3839 1076 3895 omnia
1126 3848 1403 3911 regentem
1426 3880 1441 3905 ,
1479 3840 1665 3895 omnia
1698 3840 1879 3894 conti-
1980 3835 2275 3907 deputatus
2301 3833 2358 3889 in
2389 3834 2529 3891 cmlo
2553 3834 2841 3889 annuntiat
2862 3833 3006 3890 facta
3036 3842 3258 3899 nostra;
3298 3840 3356 3888 et
3384 3832 3589 3889 idcirco

276 3938 529 3996 nentem,
561 3932 803 3987 (Iunium
830 3940 1160 3998 creatorem,
1192 3931 1535 3997 Trinitatem,
1579 3931 1876 3987 Unitatem.
1983 3929 2237 3984 timentes
2258 3940 2538 3997 nunquam
2563 3925 2881 3981 recedamus
2909 3940 2942 3978 a
2963 3925 3123 3980 bonis
3142 3924 3589 3980 meditationibus

276 4019 461 4077 Credo
488 4028 545 4076 te
581 4021 799 4079 misisse
843 4022 1039 4078 Filium
1068 4031 1219 4079 tuum
1252 4023 1439 4080 lesnm
1466 4023 1744 4080 Christum
1770 4023 1880 4077 Do-
1980 4024 2039 4075 et
2067 4017 2301 4083 actibus,
2331 4017 2427 4073 sed
2446 4030 2661 4087 semper
2682 4016 2739 4070 in
2758 4016 3015 4071 cordibus
3032 4016 3237 4071 nostris
3265 4016 3361 4071 tibi
3386 4016 3587 4085 placita

276 4111 495 4166 minam
512 4117 761 4166 nostrum
774 4112 830 4167 in
859 4120 1179 4183 terrampro
1200 4113 1373 4170 salute
1399 4114 1614 4186 generis
1632 4112 1876 4168 humani.
1980 4111 2282 4183 cogitemus
2318 4118 2375 4166 et
2400 4109 2767 4180 disponamus.
2804 4108 3049 4174 Domine,
3088 4110 3269 4163 tribue
3304 4109 3481 4175 ηοιήε,
3521 4118 3585 4164 ιιι

274 4200 411 4256 Haec
432 4208 521 4257 est
544 4200 701 4267 ﬁdes,
730 4218 837 4272 qua
864 4203 922 4258 in
944 4212 998 4259 te
1020 4205 1202 4259 credo.
1233 4204 1292 4260 Si
1321 4214 1471 4261 recte
1493 4206 1681 4270 credo,
1705 4206 1878 4273 bene;
1982 4204 2130 4262 nullo
2158 4212 2287 4262 actu
2317 4205 2649 4262 delectemus
2676 4212 2924 4260 nostram
2951 4204 3283 4260 voluntatem
3310 4205 3586 4276 propriam

274 4300 364 4355 sin
423 4305 609 4354 autem
661 4300 845 4355 minus
896 4308 1060 4371 quam
1108 4306 1344 4370 oportet,
1386 4299 1614 4355 obsecro
1663 4306 1727 4353 ut
1767 4313 1878 4354 non
1981 4297 2239 4371 implere;
2286 4299 2382 4355 sed
2417 4298 2601 4354 omnia
2638 4297 2935 4354 secundum
2980 4298 3253 4354 tramitem
3292 4307 3587 4369 praecepto-

272 4389 523 4459 aSpicias
566 4390 635 4444 ad
681 4391 847 4447 verba
886 4404 1007 4461 qua
1038 4391 1173 4457 dixi,
1202 4391 1300 4447 sed
1340 4390 1409 4446 ad
1438 4389 1494 4445 id
1538 4389 1683 4460 quod
1708 4389 1876 4446 volui.
1909 4444 1959 4461 ﬁ
1981 4404 2105 4444 rum
2135 4397 2350 4446 tuorum
2388 4389 2519 4458 tibi,
2549 4397 2605 4445 et
2640 4388 2914 4460 prioribus
2952 4389 3155 4445 nostris
3179 4387 3478 4444 obediendo
3507 4388 3588 4443 fa-

273 4444 516 4536 Domine
549 4479 675 4535 Iesu
704 4444 943 4549 Christe,
968 4444 1667 4555 perﬂangelum
1906 4444 1961 4508 Β
1987 4444 2213 4541 ciamus.
2545 4444 2747 4554 largire
2792 4481 2971 4548 nobis,
3006 4444 3074 4535 ut
3116 4481 3237 4536 sine
3279 4494 3586 4536 murmura-

270 4572 482 4643 virgini
534 4575 937 4639 annnntiatum,
990 4575 1153 4631 credo
1200 4583 1254 4630 te
1306 4575 1609 4632 secundum
1656 4586 1881 4631 carnem
1984 4577 2134 4633 tione
2160 4575 2277 4632 oris
2307 4583 2362 4630 et
2389 4574 2593 4640 cordis,
2624 4572 2877 4628 omnibus
2907 4572 3097 4627 diebus
3127 4572 3253 4626 vitae
3279 4580 3481 4628 nostrae
3510 4574 3588 4627 si-

272 4670 501 4727 natum,
530 4663 837 4733 pastoribus
864 4664 1315 4720 demonstratum.
1359 4664 1537 4721 Credo
1586 4673 1638 4721 te
1685 4673 1883 4721 octavo
1986 4684 2109 4726 mus
2133 4666 2404 4723 veraciter
2432 4663 2661 4735 subjecti
2690 4672 2744 4718 et
2771 4662 3086 4719 obedientes
3114 4662 3245 4729 tibi,
3271 4670 3331 4717 et
3358 4661 3589 4719 seniOri-
3628 4686 3639 4693 -

273 4756 368 4812 die
424 4755 831 4824 circumcisum,
879 4758 1045 4813 credo
1096 4767 1149 4814 te
1200 4775 1234 4813 a
1288 4757 1458 4831 Magis
1498 4759 1803 4827 adoratum,
1848 4776 1881 4815 a
1982 4761 2088 4818 bus
2109 4758 2331 4814 nostris.
2364 4757 2392 4797 δ
2423 4756 2670 4820 Domine,
2704 4753 2879 4808 tribue
2921 4754 3108 4821 nobis,
3140 4765 3202 4809 ut
3230 4754 3413 4809 omnia
3451 4754 3586 4810 dura

270 4847 498 4903 Joanne
517 4846 847 4919 baptizatum
870 4852 927 4905 in
955 4850 1210 4917 Jordane,
1238 4860 1627 4924 praesentatum
1654 4854 1709 4908 in
1742 4861 1883 4909 tem-
1983 4859 2043 4908 et
2069 4864 2283 4923 aspera,
2316 4856 2374 4903 et
2401 4855 2600 4903 nostra:
2618 4844 2884 4899 voluntati
2910 4847 3204 4913 contraria,
3227 4846 3394 4903 etiam
3420 4861 3587 4917 super

269 4939 386 5013 pio.
422 4938 603 4994 Credo
631 4947 685 4995 te
705 4957 736 4994 a
757 4939 892 4997 Iuda
924 4943 1182 4998 traditore
1207 4943 1486 5011 traditum,
1526 4952 1880 5015 consputum,
1984 4945 2135 5002 vires
2158 4951 2213 4999 et
2242 4941 2525 4998 scientiam
2550 4946 2792 4994 nostram
2822 4938 2980 4995 nobis
3007 4937 3267 5007 iniuncta,
3298 4940 3385 4996 vel
3420 4941 3586 4996 etiam

272 5029 637 5102 ‘lagellatum,
660 5032 832 5102 spinis
853 5041 1195 5102 coronatum,
1215 5035 1557 5104 cruciﬁxum,
1585 5038 1882 5109 sepultum,
1987 5037 2106 5093 haec
2134 5035 2252 5105 ipsa
2281 5047 2404 5088 eum
2435 5030 2650 5102 injuriis
2672 5038 2730 5086 et
2757 5032 3097 5088 contumeliis
3122 5032 3385 5103 imperata
3404 5073 3419 5100 ,
3451 5034 3584 5087 sim-

272 5123 446 5183 tertia
479 5122 567 5179 die
594 5126 981 5193 resurrexisse,
1023 5135 1081 5182 et
1115 5129 1473 5201 quadraginta
1524 5129 1714 5185 diebus
1756 5144 1884 5185 cum
1986 5128 2204 5201 pliciter
2229 5135 2284 5184 et
2306 5126 2587 5182 humiliter
2616 5127 2673 5182 in
2698 5141 2794 5198 spe
2817 5128 3204 5185 misericordia:
3228 5138 3354 5195 tuae,
3381 5129 3586 5198 absque

268 5214 567 5284 discipulis
611 5217 970 5275 manducasse
1012 5227 1069 5275 et
1100 5221 1304 5277 bibisse
1329 5238 1342 5275 :
1373 5221 1481 5294 47
1507 5222 1703 5277 deinde
1749 5236 1889 5292 qua-
1986 5220 2100 5278 ulla
2133 5219 2477 5277 simulatione
2502 5219 2773 5291 patienter
2798 5228 2854 5274 et
2878 5221 3175 5292 gaudentes
3202 5222 3579 5291 suscipiamus,

268 5307 597 5378 dragesimo
624 5309 712 5363 die
740 5309 796 5363 in
826 5311 995 5366 caelos
1024 5313 1331 5368 astantibus
1376 5313 1656 5384 discipulis
1683 5328 1883 5370 ascen-
1987 5321 2047 5372 et
2072 5324 2199 5369 cum
2222 5325 2420 5382 magno
2444 5309 2714 5368 desiderio
2741 5311 3080 5384 impleamus,
3105 5312 3209 5369 etsi
3232 5312 3585 5382 impossibilia

268 5398 454 5463 (ﬁsse,
480 5398 608 5453 inde
635 5400 798 5456 credo
816 5409 871 5456 te
890 5409 1178 5457 venturum
1194 5402 1439 5471 judicare
1479 5405 1628 5460 vivos
1655 5411 1713 5460 et
1738 5419 1887 5460 mor-
1990 5413 2196 5471 fuerim
2218 5412 2398 5480 nobis,
2426 5411 2707 5468 humiliter
2728 5420 2783 5467 et
2810 5414 3080 5483 patienter
3103 5420 3455 5482 suggeramus
3482 5409 3584 5463 iur-

267 5501 432 5548 tuos.
455 5491 651 5549 Certus
672 5510 814 5563 sum,
841 5496 1088 5563 Domine,
1122 5506 1177 5553 te
1212 5498 1418 5555 dixisse
1448 5518 1461 5554 :
1496 5500 1637 5556 Nolo
1662 5512 1886 5558 mortem
1988 5504 2206 5580 peranti
2248 5503 2738 5579 impossibilitatcm
2780 5512 3024 5559 nostram
3052 5518 3065 5557 :
3110 5510 3166 5558 et
3207 5503 3253 5557 si
3297 5500 3388 5556 ille
3428 5513 3584 5553 suam

265 5587 599 5659 peccatoris,
627 5589 719 5643 sed
745 5599 802 5644 ut
823 5600 1157 5647 convertatur
1194 5601 1243 5648 et
1269 5594 1408 5649 vivat
1438 5594 1659 5669 (Each.
1683 5612 1883 5666 uitur,
1988 5598 2319 5659 sententiam
2346 5597 2658 5654 nullatenus
2680 5604 2895 5652 mutare
2918 5595 3170 5663 voluerit,
3193 5601 3251 5651 tu
3277 5606 3505 5666 operare
3527 5592 3587 5648 in

347 5730 377 5761 ⁸
411 5721 567 5784 Fidei
589 5742 810 5802 nempe,
839 5744 950 5789 non
973 5738 1346 5805 peccatorum.
2062 5734 2095 5777 ι»
2132 5732 2213 5792 Ex
2236 5729 2445 5802 Regula
2475 5730 2650 5793 saneti
2677 5729 2981 5791 Benedicti.
