4038 6336
428 318 534 375 503

1265 310 1328 366 B.
1368 307 1429 366 F.
1472 305 1701 365 ALBINI
1738 306 1870 366 SEU
1909 305 2186 366 ALCUINI
2220 303 2507 365 OPERUM
2540 305 2720 364 PARS
2756 305 2847 364 IV.

3607 308 3707 366 504

429 428 685 487 cordibus
717 426 941 492 nostris,
980 431 1041 481 ut
1076 438 1175 481 nos
1212 422 1543 479 conﬁdentes
1584 425 1637 479 in
1665 424 1864 480 auxilio
1904 432 2017 490 tuo,
2048 429 2094 485 Α
2125 428 2233 476 tem
2263 419 2497 476 discrete
2523 422 2767 488 tacendi,
2798 429 2855 476 et
2879 420 3112 479 discrete
3138 422 3424 496 loquendi,
3462 432 3523 481 ut
3550 425 3706 483 inter-

428 522 572 579 datis
612 522 787 578 nobis.
807 519 1064 575 divinitus
1104 518 1269 572 animi
1312 518 1516 574 viribus
1562 527 1616 573 et
1663 518 1911 583 scientia,
1952 533 2022 573 ex

428 616 697 674 charitate
727 613 1042 670 obediamus
1074 612 1286 678 devote,
1317 613 1444 683 quia
1478 613 1595 669 sine
1630 622 1682 668 te
1723 614 1854 669 nihil
1893 614 2021 670 boni

426 722 734 777 possumus.
779 706 856 760 Da
895 705 1068 765 nobis,
1116 705 1359 771 Domine,
1398 715 1458 761 ut
1495 706 1645 761 nulla
1680 708 2022 776 correptione

425 801 756 858 contendere
804 792 1232 869 praesumamus,
1284 813 1459 870 neque
1509 799 1633 855 ullis
1677 801 2021 856 sermonibus

422 892 597 964 iustos
629 907 727 947 nos
756 905 1017 946 conemur
1045 892 1362 956 ostendere,
1398 906 1497 946 nec
1533 891 1900 947 erubescendo
1930 892 2021 945 de-

423 983 626 1040 formes
655 984 776 1039 aliis
802 999 1083 1055 apparere,
1118 983 1351 1054 aliquem
1386 984 1605 1053 culpare
1634 986 1890 1050 velimus;
1924 984 2018 1040 sed

422 1085 570 1134 terra
599 1078 930 1134 consternati
954 1085 1063 1131 tam
1089 1076 1179 1130 diu
1209 1091 1308 1130 nos
1338 1075 1631 1145 culpabiles
1657 1086 1712 1131 et
1740 1091 1861 1131 reos
1888 1092 2018 1132 con-

423 1167 696 1231 ﬁteamur,
729 1181 1011 1237 quousque
1032 1166 1323 1220 commotio
1354 1167 1517 1220 animi
1551 1181 1649 1222 nos
1676 1167 2017 1238 corripientis

420 1272 606 1316 nostra
637 1260 944 1316 humilitate
975 1267 1216 1314 sanetur.
1244 1259 1487 1324 Domine,
1517 1260 1583 1313 da
1615 1260 1789 1323 nobis,
1818 1268 1876 1314 ut
1901 1275 2018 1315 om-

420 1368 519 1409 nes
541 1361 757 1408 nostras
786 1351 959 1407 malas
1002 1350 1375 1420 cogitationes,
1407 1359 1462 1404 et
1490 1349 1627 1404 mala
1658 1365 1820 1421 opera
1848 1365 1876 1403 a
1922 1364 2017 1405 no-

418 1443 504 1499 bis
533 1444 797 1498 absconsa
829 1442 1103 1497 humiliter
1130 1453 1315 1497 nostro
1344 1441 1699 1497 conﬁteamur
1727 1441 1931 1507 abbati,
1962 1450 2017 1498 et

419 1532 513 1589 alii
558 1534 780 1590 cuilibet
800 1534 1042 1605 rspiritali
1085 1535 1272 1600 fratri;
1321 1543 1380 1589 ut
1410 1550 1507 1604 per
1535 1536 1929 1607 correptionem
1961 1545 2016 1591 et

418 1625 842 1680 admonitionem
878 1640 1064 1681 eorum
1087 1666 1103 1690 ,
1140 1625 1338 1681 diaboli
1375 1625 1597 1695 laqueos
1633 1633 1684 1681 te
1721 1626 2015 1680 auxiliante

418 1716 742 1779 evadamus,
785 1716 879 1770 sed
908 1722 963 1769 et
993 1730 1090 1771 cor
1128 1722 1370 1770 nostrum
1403 1729 1617 1784 semper
1643 1715 1715 1768 sit
1750 1713 2013 1769 conﬁtens

2124 519 2296 591 rogati
2326 533 2448 575 cum
2488 518 2790 573 humilitate
2826 527 2880 574 et
2919 521 3219 576 reverentia
3250 522 3702 591 respondeamus;

2122 622 2176 667 et
2212 627 2332 666 cum
2372 611 2789 682 interrogamus,
2829 626 2952 666 cum
2992 615 3137 667 omni
3173 612 3507 682 suljectione
3546 624 3601 677 et
3626 631 3707 672 re-

2121 707 2362 761 verentia
2402 706 2819 779 interrogemus,
2858 717 3131 773 caventes,
3166 724 3235 763 ne
3271 710 3393 779 plus
3424 718 3517 764 aut
3559 711 3709 768 aliter

2119 799 2401 855 videamur
2445 798 2590 870 loqui
2633 814 2796 869 quam
2836 799 3056 871 expedit
3094 809 3295 856 nostrae
3338 801 3586 873 religioni
3627 803 3708 873 vel

2121 906 2329 956 causas,
2378 906 2472 946 seu
2514 891 2862 955 necessitati,
2911 891 3053 947 unde
3102 891 3405 963 loquimur;
3456 901 3512 947 et
3563 868 3705 957 muni

2120 984 2280 1037 corda
2312 989 2527 1046 nostra,
2569 990 2629 1036 ut
2664 997 2941 1052 nunquam
2968 981 3298 1037 delectemur
3326 996 3464 1037 vana
3501 982 3585 1035 vel
3623 998 3707 1037 su-

2117 1072 2321 1143 perﬂua
2361 1073 2553 1145 gloria,
2595 1089 2771 1144 neque
2808 1074 3015 1129 inutilia
3051 1075 3373 1146 cogitemus,
3404 1075 3704 1141 audiamus,

2120 1166 2423 1237 loquamur,
2469 1182 2563 1221 seu
2591 1167 2890 1222 videamus.
2939 1168 3187 1233 Domine,
3235 1168 3495 1225 miserere
3532 1169 3705 1235 nobis,

2118 1267 2173 1312 et
2198 1257 2284 1312 fac
2314 1265 2373 1310 ut
2400 1273 2505 1313 non
2537 1259 2708 1313 simus
2735 1257 2921 1312 faciles
2943 1272 3007 1313 ac
3027 1257 3263 1327 prompti
3297 1257 3358 1311 in
3376 1257 3509 1321 risu,
3540 1259 3635 1313 sed
3657 1265 3710 1314 te

2119 1349 2423 1412 tribuente,
2465 1349 2535 1404 sit
2568 1349 2622 1404 in
2661 1349 2817 1404 nobis
2855 1349 3109 1403 salutaris
3143 1348 3399 1403 contritio
3438 1356 3493 1403 et
3532 1350 3707 1405 cordis

2118 1441 2438 1505 humiliatio,
2469 1450 2523 1497 et
2545 1442 2908 1511 compunctio,
2934 1450 2990 1495 et
3020 1440 3295 1495 afﬂuentia
3322 1440 3706 1511 lacrymarum,

2117 1544 2170 1590 et
2201 1536 2349 1590 utilis
2380 1534 2618 1593 tristitia.
2654 1534 2815 1588 Risus
2841 1534 3069 1595 otiosus,
3101 1532 3337 1587 carnalis
3360 1531 3568 1595 laetitia,
3600 1533 3709 1589 diso

2118 1629 2313 1684 solutio
2359 1636 2415 1683 et
2452 1627 2766 1692 oblectatio,
2811 1635 2902 1681 tua
2941 1626 3142 1681 virtute
3180 1624 3369 1695 procul
3408 1625 3643 1695 pellatur
3674 1640 3707 1679 a

2117 1721 2293 1775 nobis.
2332 1720 2590 1785 Domine,
2623 1721 2689 1775 da
2730 1721 2886 1776 nobis
2914 1728 2974 1775 ut
3005 1736 3126 1775 cum
3164 1720 3450 1790 loquimur,
3493 1720 3702 1785 leviter,

417 1809 629 1873 omnia;
673 1809 759 1865 cui
802 1808 933 1863 nihil
980 1816 1061 1863 est
1101 1807 1493 1863 absconditum.
1540 1808 1794 1869 Domine.
1836 1805 2015 1861 tribue
2048 1790 2092 1851 Β
2119 1828 2240 1867 cum
2268 1813 2554 1882 gravitate,
2583 1827 2753 1883 pauca
2783 1812 2947 1867 verba
2972 1812 3251 1873 salutaria,
3283 1812 3401 1868 sine
3422 1812 3572 1867 vocis
3595 1813 3703 1868 ela-

415 1901 594 1966 nobis,
624 1910 685 1956 ut
724 1916 938 1971 semper
978 1902 1147 1957 simus
1182 1901 1419 1956 contenti
1457 1901 1601 1956 omni
1635 1901 1842 1954 vilitate
1882 1899 2009 1965 cibi,

415 2000 470 2047 et
499 2002 675 2061 potus,
708 2008 771 2049 ac
800 1993 1060 2061 vestium;
1106 2002 1165 2048 ut
1204 2009 1540 2064 quaecunque
1579 1994 1689 2048 sint
1719 1992 1844 2047 vilia
1884 1992 2009 2058 ista,

412 2079 469 2135 in
502 2092 709 2138 tantum
729 2125 744 2149 ,
785 2091 844 2139 ut
878 2099 976 2154 per
1011 2100 1076 2141 ea
1114 2086 1288 2157 possit
1321 2100 1518 2156 corpus
1550 2092 1797 2140 nostrum
1836 2084 2013 2139 subsi-

411 2181 557 2229 stere
601 2176 669 2231 ad
714 2177 1057 2233 serviendum
1108 2178 1239 2241 tibi,
1291 2193 1398 2233 non
1446 2178 1601 2232 nobis
1650 2178 1721 2233 sit
1766 2191 1897 2231 cura
1942 2176 2011 2230 de

409 2261 524 2338 48
569 2266 911 2335 melioribus,
962 2271 1056 2325 sed
1101 2271 1187 2326 his
1227 2271 1398 2325 simus
1440 2268 1767 2324 sullicientes
1806 2269 2011 2337 absque

408 2356 535 2413 dolo
564 2369 620 2414 et
647 2360 939 2431 hypocrisi.
976 2364 1225 2430 Domine,
1253 2366 1320 2419 (la
1353 2364 1510 2419 nobis
1538 2372 1597 2417 ut
1624 2361 1801 2416 omnis
1830 2369 2012 2416 extre-

410 2451 572 2508 mitas
597 2453 809 2523 placeat
833 2456 1009 2514 nobis.
1036 2466 1453 2527 quantocunque
1481 2454 1742 2510 fuerimus
1772 2454 2005 2521 minimi,

408 2550 464 2597 et
511 2544 845 2613 posteriores
885 2547 1137 2602 omnibus
1181 2548 1236 2603 in
1283 2547 1539 2613 sedendo,
1588 2547 1642 2601 in
1692 2547 1906 2613 stando,
1951 2555 2008 2601 et

406 2637 768 2702 ascendendo,
811 2647 868 2694 et
909 2639 1199 2710 loquendo,
1245 2649 1300 2697 et
1341 2641 1395 2695 in
1436 2641 1690 2696 omnibus
1730 2656 1851 2712 qua:
1896 2639 2004 2696 dici

406 2736 670 2798 possunt,
714 2732 1044 2803 gaudeamus
1076 2731 1143 2788 de
1182 2734 1286 2788 hoc
1318 2750 1331 2786 :
1366 2741 1421 2789 et
1450 2740 1575 2789 tunc
1605 2748 1704 2789 nos
1730 2748 1859 2789 vere
1891 2748 1921 2786 a
1951 2739 2006 2788 te

407 2818 833 2877 misericorditer
873 2834 1148 2895 respectos
1184 2826 1535 2892 :estimemus,
1567 2837 1622 2881 et
1658 2826 1710 2880 in
1748 2826 2004 2882 cordibus

406 2910 607 2966 nostris
639 2914 844 2985 gratias
871 2916 967 2971 tibi
1006 2934 1246 2989 agamus.
1280 2918 1527 2983 Domine,
1557 2918 1623 2973 da
1651 2919 1807 2974 nobis
1835 2926 1895 2972 ut
1933 2918 2002 2973 ad

404 3001 587 3057 omnia
637 3019 759 3075 qua:
800 3005 956 3062 nobis
1003 3006 1374 3081 iniunguntur,
1425 3017 1845 3079 quantocunque
1891 3008 2002 3064 sint

406 3094 533 3150 vilia
562 3104 619 3151 et
647 3095 877 3166 abiecta,
918 3109 973 3156 et
1005 3102 1246 3157 omnium
1287 3102 1716 3157 ministeriorum
1751 3103 1995 3168 minima,
2024 3140 2073 3206 α

407 3185 650 3206 ,_i.___-
884 3192 953 3206 .-
1092 3195 1109 3206 .
1367 3193 1390 3206 .
1452 3194 1464 3206 .
1558 3195 1573 3206 .
1782 3202 1791 3206 Α
1950 3196 1965 3206 .

406 3185 655 3257 indignos
695 3204 795 3245 nos
832 3192 901 3247 ad
940 3202 1049 3248 tam
1092 3195 1320 3251 honesta
1363 3193 1698 3260 faciendum,
1744 3202 1797 3249 et
1837 3196 2000 3251 corde

404 3275 692 3334 credamus
731 3295 796 3335 ac
831 3283 1151 3350 sentiamus,
1180 3299 1244 3339 ac
1270 3284 1615 3355 perﬁciamus
1644 3300 1706 3340 ea
1734 3301 1856 3341 cum
1888 3301 2000 3341 ma-

403 3376 509 3433 gna
539 3366 844 3427 devotione.
881 3372 1133 3441 Domine,
1164 3374 1230 3430 da
1262 3375 1415 3431 nobis
1452 3374 1686 3430 fructum
1715 3377 2001 3434 charitatis

403 3463 461 3510 et
488 3457 826 3529 humilitatis,
856 3472 912 3518 et
938 3464 1279 3531 obedientiaa,
1306 3475 1362 3522 et
1393 3467 1687 3537 patientiae,
1716 3483 1840 3522 cum
1869 3483 2000 3524 vero

404 3560 589 3604 amore
632 3549 1008 3609 fraternitatis.
1061 3553 1321 3621 Domine,
1369 3557 1547 3613 tribue
1594 3559 1749 3613 nobis
1791 3566 1851 3613 ut
1899 3574 1999 3615 nos

403 3655 618 3714 semper
654 3661 722 3701 ex
760 3648 948 3705 intimo
986 3652 1149 3706 corde
1182 3652 1468 3709 credamus
1497 3654 1717 3709 viliores
1744 3657 1997 3711 omnibus

403 3740 567 3801 atque
594 3734 901 3805 inferiores,
932 3750 988 3795 et
1016 3742 1095 3797 sic
1125 3743 1312 3799 haberi
1341 3761 1439 3800 nos
1467 3747 1535 3799 ab
1563 3746 1683 3800 aliis
1712 3757 1765 3802 et
1796 3749 1998 3803 consti-

403 3822 481 3874 tui
517 3824 817 3893 cupiamus,
858 3838 1020 3900 atque
1059 3832 1127 3887 ab
1166 3834 1418 3889 omnibus
1446 3835 1573 3899 dici,
1617 3839 1863 3906 quamvis
1903 3838 1994 3894 alii

402 3929 501 3971 nos
526 3916 605 3973 sic
629 3934 733 3975 non
763 3923 1047 3990 aestiment,
1078 3942 1176 3981 nec
1198 3928 1471 3993 ordinent,
1504 3945 1676 4000 neque
1698 3931 1911 3997 dicant;
1941 3941 1996 3987 et

400 4021 502 4063 nos
536 4025 641 4065 non
677 4012 825 4068 sinas
852 4029 973 4070 esse
1010 4016 1344 4088 hypocritas,
1372 4028 1432 4074 ut
1465 4023 1617 4090 quasi
1648 4038 1746 4077 nos
1774 4038 1868 4077 ore
1898 4039 1995 4079 no—

400 4105 515 4154 stro
538 4099 805 4159 fateamur
834 4122 931 4161 nos
954 4122 1076 4163 esse
1101 4110 1369 4181 indignos,
1399 4121 1453 4167 et
1478 4114 1696 4169 viliores
1724 4124 1883 4184 atque
1912 4118 1994 4171 in-

398 4188 627 4247 feriores
654 4195 906 4251 omnibus
930 4211 1051 4254 esse
1072 4199 1285 4265 debere,
1313 4210 1371 4258 et
1399 4204 1499 4257 sub
1529 4203 1630 4258 hac
1659 4204 1993 4274 professione

399 4284 587 4340 humili
626 4289 854 4346 velimus
894 4294 1093 4361 videri,
1134 4305 1189 4350 et
1231 4297 1421 4355 haberi
1461 4299 1529 4355 ab
1568 4299 1689 4355 aliis
1736 4309 1989 4370 tanquam

395 4374 526 4444 iusti
546 4385 602 4431 et
630 4378 889 4450 religiosi,
921 4384 1146 4441 interius
1176 4388 1336 4459 hujus
1362 4390 1543 4446 saeculi
1572 4391 1902 4458 altitudines,
1934 4402 1990 4449 et

398 4463 586 4562 laudes
614 4475 774 4539 atque
805 4471 1038 4528 honores
1063 4485 1396 4545 appetentes.
1430 4479 1615 4550 Neque
1655 4483 1719 4537 de
1754 4483 1859 4539 illis
1889 4500 1988 4541 nos
2016 4500 2070 4562 ι)

396 4557 682 4624 permittas
709 4574 830 4616 esse
856 4563 1051 4631 quibus
1075 4568 1118 4619 si
1148 4566 1284 4622 alter
1312 4569 1391 4623 eis
1413 4570 1608 4626 dixerit
1629 4576 1770 4643 quod
1798 4575 1898 4644 ipsi
1925 4576 1991 4631 de

350 4660 359 4665 ·
398 4659 460 4701 se
484 4645 722 4703 fatentur
744 4665 840 4707 ore
864 4655 1107 4723 proprio,
1137 4656 1217 4709 vel
1245 4658 1289 4713 si
1322 4659 1393 4713 ita
1420 4675 1515 4716 eos
1540 4663 1672 4718 viles
1698 4675 1791 4718 aut
1816 4675 1993 4722 extre-

398 4750 517 4793 mos
551 4742 793 4810 posuerit
830 4753 891 4798 ut
925 4744 1028 4801 illis
1063 4763 1183 4804 esse
1210 4749 1409 4807 debere
1437 4753 1643 4821 dicunt,
1684 4765 1776 4811 aut
1805 4759 1990 4814 statim

400 4829 453 4883 in
480 4834 857 4902 contumelias,
894 4846 985 4891 aut
1019 4840 1240 4896 nimiam
1274 4843 1409 4897 iram
1453 4845 1788 4916 irrumpunt,
1828 4855 1888 4902 ut
1922 4850 1990 4905 ad

396 4920 500 4976 hoc
546 4938 715 4993 usque
759 4929 1076 4997 perveniant
1122 4933 1293 5001 quod,
1340 4934 1632 5003 instigante
1675 4936 1912 5003 diabolo,
1956 4956 1989 4995 a

395 5017 815 5088 congregatione
840 5021 925 5075 cui
955 5037 1013 5077 se
1039 5024 1382 5081 sociaverant
1404 5027 1691 5093 recedant;
1726 5041 1819 5085 aut
1841 5042 1989 5089 certe

396 5104 576 5161 dolum
622 5108 674 5163 in
720 5111 881 5167 corde
918 5113 1181 5181 celantes,
1228 5119 1523 5175 iracundiae
1561 5128 1770 5193 tempus
1811 5140 1988 5181 reser-

394 5205 561 5250 vent:
600 5199 681 5254 vel
707 5215 802 5256 eos
830 5204 921 5273 qui
956 5214 1101 5260 recte
1136 5208 1317 5263 vivere
1355 5210 1667 5278 decertant,
1700 5215 1988 5271 detrahere

393 5293 451 5341 et
477 5287 776 5348 dilacerare
807 5294 1018 5365 injuriis
1057 5307 1219 5369 atque
1254 5300 1516 5371 impedire
1554 5320 1661 5358 non
1699 5308 1980 5363 desistant.

393 5378 478 5436 Ab
507 5381 609 5447 his,
645 5385 885 5451 Domine,
920 5399 975 5445 et
1005 5390 1311 5460 hujusmodi
1342 5398 1509 5452 nazvis
1538 5396 1827 5468 [Quercet.,
1859 5416 1987 5456 ner-

394 5472 499 5548 VIs]
526 5478 689 5533 corda
732 5490 913 5535 nostra
943 5485 1162 5539 munda.
1204 5487 1448 5551 Domine,
1477 5488 1668 5557 atljuva
1699 5507 1815 5554 nos,
1844 5502 1898 5546 et
1924 5493 1987 5547 li-

393 5561 525 5618 bera
572 5582 690 5631 nos,
733 5578 788 5624 et
832 5575 1040 5629 custodi
1081 5592 1209 5642 nos;
1254 5587 1315 5631 ut
1359 5579 1490 5632 nihil
1537 5594 1762 5647 agamus
1802 5590 1983 5637 nostra

393 5662 834 5731 praesumptione,
885 5666 988 5721 nisi
1040 5669 1184 5739 quod
1239 5670 1504 5740 agendum
1556 5671 1609 5725 in
1656 5673 1983 5730 monasterio

395 5760 581 5807 sancta
615 5758 857 5829 praecipit
893 5750 1096 5836 regula.
1143 5761 1390 5826 Domine,
1427 5764 1602 5829 tribue
1632 5770 1787 5825 nobis
1816 5767 1983 5823 virtti-

2118 1920 2267 1960 tnore
2295 1914 2349 1960 et
2377 1907 2581 1976 absque
2609 1905 2973 1961 concitatione
2998 1906 3300 1975 loquamur.
3334 1906 3581 1972 Domine,
3614 1907 3707 1961 tri-

2114 1999 2219 2053 bue
2250 1998 2406 2053 nobis
2438 1998 2651 2054 miseris
2680 2007 2735 2053 et
2765 1998 3001 2070 indignis
3028 2008 3090 2054 ut
3124 2000 3177 2054 in
3207 1999 3354 2055 onmi
3390 1998 3509 2054 loco
3537 2000 3708 2054 omni-

2114 2107 2218 2163 que
2247 2102 2518 2163 tempore,
2550 2103 2605 2149 et
2632 2094 2779 2149 omni
2820 2109 2985 2164 opere
3019 2094 3287 2158 sedentes,
3325 2102 3553 2159 stantes,
3594 2109 3706 2149 am-

2113 2185 2391 2251 bulantes,
2435 2196 2725 2256 operantes
2764 2188 3080 2244 inclinatum
3119 2197 3176 2243 et
3219 2188 3561 2243 humiliatum
3607 2189 3705 2243 ha-

2112 2279 2337 2334 beamus
2364 2279 2505 2353 [cor]
2538 2297 2720 2337 coram
2753 2291 2824 2346 te,
2856 2291 2912 2337 et
2959 2298 3081 2338 reos
3124 2298 3225 2339 nos
3272 2283 3415 2338 omni
3465 2284 3600 2339 hora
3642 2283 3707 2339 de

2112 2370 2313 2425 nostris
2342 2372 2553 2427 actibus
2579 2373 2930 2439 aestimemus;
2959 2382 3013 2429 et
3045 2374 3234 2443 repleti
3271 2373 3463 2443 spiritu
3494 2373 3707 2429 timoris

2108 2469 2164 2515 et
2213 2462 2414 2517 amoris
2464 2463 2579 2531 tui,
2632 2464 2878 2520 dicamus
2925 2465 3119 2535 singuli
3171 2464 3225 2519 in
3272 2472 3481 2519 secreto
3528 2464 3707 2520 cordis

2108 2556 2280 2612 nostri
2314 2574 2325 2610 :
2360 2555 2616 2623 Domine,
2661 2573 2769 2612 non
2806 2573 2925 2613 sum
2964 2558 3156 2628 dignus
3194 2573 3295 2628 ego
3334 2566 3591 2628 peccator
3624 2557 3705 2611 le-

2108 2662 2236 2703 vare
2259 2648 2447 2704 oculos
2470 2664 2620 2705 meos
2650 2648 2700 2702 in
2731 2647 2948 2704 ctelum.
2975 2648 3143 2713 Deus,
3167 2648 3422 2719 propitius
3443 2657 3552 2701 esto
3577 2646 3706 2699 mihi

2104 2743 2367 2812 peccatori
2399 2741 2553 2814 (Luc.
2579 2757 2734 2806 xvtu,
2764 2741 2851 2813 15)
2881 2756 3112 2811 semper,
3143 2741 3233 2795 hic
3255 2747 3309 2795 ct
3337 2740 3391 2794 in
3416 2746 3706 2803 aeternum,

2106 2835 2200 2905 qui
2230 2834 2367 2891 vivis
2395 2842 2450 2891 et
2478 2849 2675 2907 regnas
2703 2835 2758 2890 in
2785 2834 2979 2891 steeula
3005 2831 3346 2889 saeculorum.
3378 2829 3573 2886 Amen.

2834 2949 2984 3011 XII.

2701 3060 2851 3122 Alia
2882 3061 3114 3122 oratio.

2175 3182 2399 3256 Magnus
2440 3198 2520 3249 es,
2564 3183 2812 3249 Domine,
2859 3191 2915 3238 et
2955 3181 3238 3239 laudabilis
3282 3179 3460 3245 valde,
3507 3192 3703 3253 magna

2102 3275 2277 3330 virtus
2321 3284 2439 3339 tua,
2474 3283 2530 3330 et
2563 3275 2841 3347 sapientite
2881 3283 2986 3330 tum
3025 3290 3130 3329 non
3170 3282 3255 3329 est
3296 3287 3578 3328 numerus.
3619 3269 3704 3329 Tu

2102 3367 2311 3421 exeitas
2336 3382 2431 3421 cor
2459 3374 2727 3431 nostrum,
2759 3373 2820 3420 ut
2850 3373 2903 3420 te
2947 3364 3129 3420 laudet
3163 3372 3217 3419 et
3243 3362 3542 3435 gloriﬁcet,
3573 3361 3699 3431 quia

2101 3458 2277 3515 fecisti
2324 3473 2423 3514 nos
2464 3459 2531 3512 ad
2574 3452 2899 3512 laudandum
2932 3466 3020 3523 te,
3051 3464 3106 3511 et
3141 3455 3442 3525 inquietum
3479 3463 3563 3508 est
3603 3466 3703 3508 cor

2100 3560 2366 3615 nostrum,
2410 3551 2581 3605 donec
2620 3549 2925 3620 requiescat
2970 3550 3022 3603 in
3059 3558 3130 3604 te.
3177 3549 3426 3616 Quceram
3473 3557 3547 3611 te,
3593 3545 3700 3602 Do-

2100 3644 2279 3707 mine,
2316 3644 2573 3697 invocans
2620 3650 2704 3707 te,
2745 3650 2801 3697 et
2850 3643 3095 3696 invocem
3142 3650 3196 3696 te
3227 3640 3454 3695 credens
3496 3640 3552 3693 in
3592 3647 3649 3693 te
3682 3657 3697 3693 :

2100 3750 2348 3805 quan-ens
2378 3736 2520 3790 enim
2550 3744 2631 3799 te,
2661 3734 2931 3790 inveniam
2966 3743 3049 3799 te,
3081 3742 3137 3788 et
3174 3732 3454 3787 inveniens
3481 3731 3699 3786 laudem

2099 3834 2173 3880 te.
2226 3828 2441 3881 luvoeat
2487 3836 2558 3891 te,
2609 3827 2854 3888 Domine,
2911 3827 3044 3882 ﬁdes
3090 3841 3230 3890 mea,
3282 3840 3444 3894 quam
3496 3822 3699 3878 dedisti

2097 3917 2252 3981 mihi,
2294 3932 2453 3987 quam
2496 3918 2772 3987 iuspirasti
2814 3918 2945 3973 mihi
2994 3933 3093 3988 per
3132 3916 3525 3972 humanitatem
3568 3913 3697 3967 Filii

2096 4009 2206 4072 tui,
2242 4024 2339 4080 per
2367 4010 2727 4064 ministerium
2757 4010 3130 4080 praedicatoris
3160 4008 3235 4063 tui
3262 4027 3277 4063 :
3308 4015 3364 4062 et
3385 4007 3509 4077 quis
3540 4006 3699 4062 locus

2093 4112 2178 4157 cst
2218 4104 2272 4157 in
2308 4119 2415 4168 me,
2459 4119 2566 4173 quo
2600 4105 2786 4158 venias
2825 4088 2881 4159 in
2919 4119 3025 4169 me,
3070 4103 3296 4159 Domine
3333 4102 3475 4157 Deus
3511 4116 3693 4165 meus,

2093 4209 2202 4265 quo
2227 4196 2449 4251 veniens
2478 4195 2722 4250 invenias
2754 4196 2807 4250 in
2835 4211 2923 4250 me
2964 4196 3127 4260 Deus,
3158 4196 3249 4266 qui
3286 4193 3463 4249 fecisti
3488 4194 3693 4249 caelum

2092 4297 2147 4343 et
2173 4296 2394 4343 terram.
2424 4286 2507 4341 An
2531 4301 2659 4343 vero
2685 4286 2879 4342 cmlum
2901 4295 2956 4341 et
2986 4296 3152 4352 terra,
3181 4300 3303 4356 quae
3331 4284 3526 4349 fecisti,
3555 4291 3611 4338 et
3635 4282 3693 4337 in

2092 4382 2288 4450 quibus
2319 4397 2405 4437 me
2433 4379 2639 4447 fecisti,
2669 4380 2889 4451 capiunt
2921 4381 3008 4436 te?
3045 4380 3156 4453 49
3193 4380 3275 4434 An
3312 4379 3436 4449 quia
3476 4378 3596 4433 sine
3636 4384 3695 4432 te

2094 4490 2200 4529 non
2226 4484 2310 4531 est
2344 4475 2605 4545 quidquid
2632 4483 2746 4541 est,
2776 4474 2867 4539 ﬁt,
2900 4484 2959 4528 ut
2984 4472 3247 4543 quidquid
3273 4481 3357 4527 est
3382 4471 3561 4540 capiat
3598 4469 3695 4526 te?

2092 4568 2357 4637 Quoniam
2388 4568 2568 4638 itaque
2594 4577 2650 4622 et
2673 4582 2773 4638 ego
2810 4582 2962 4631 sum,
3001 4566 3129 4636 quid
3164 4576 3291 4636 peto
3319 4573 3380 4619 ut
3414 4565 3603 4619 venias
3630 4562 3691 4617 in

2089 4677 2210 4728 me,
2254 4662 2345 4732 qui
2390 4678 2497 4717 non
2545 4676 2720 4717 essem
2771 4661 2874 4715 nisi
2922 4675 3069 4715 esses
3115 4661 3167 4714 in
3214 4660 3336 4715 me?
3385 4659 3501 4716 Non
3552 4672 3689 4725 ergo

2090 4771 2289 4821 essem,
2320 4755 2462 4810 Deus
2500 4770 2672 4819 meus,
2706 4769 2812 4808 non
2843 4754 3065 4807 omnino
3091 4768 3286 4817 essem,
3314 4753 3420 4807 nisi
3445 4766 3594 4807 esses
3629 4752 3685 4805 in

2089 4864 2196 4904 me.
2225 4848 2467 4912 Summe,
2500 4847 2721 4916 optime,
2746 4846 3145 4916 potentissime,
3174 4844 3686 4900 misericordissime

2088 4946 2142 4992 et
2161 4937 2486 5007 justissime,
2518 4936 2903 4999 sacratissime,
2931 4933 3249 4999 fortissime,
3280 4933 3490 4989 stabilis
3518 4940 3571 4987 et
3598 4933 3686 4987 in-

2088 5030 2608 5101 comprehensibilis,
2649 5028 3001 5084 immutabilis
3040 5037 3257 5083 mutans
3294 5027 3501 5091 omnia,
3541 5041 3682 5081 nun-

2088 5138 2247 5193 quam
2279 5136 2470 5184 novus,
2503 5135 2775 5189 nunquam
2805 5127 2980 5183 vetus,
3010 5120 3272 5176 innovans
3303 5118 3506 5183 omnia,
3538 5124 3591 5171 et
3622 5117 3682 5172 in

2087 5219 2408 5265 vetustatem
2454 5210 2754 5277 perducens
2805 5209 3094 5279 superbos,
3137 5210 3300 5264 etiam
3347 5209 3677 5263 nescientes.

2090 5302 2315 5371 Semper
2359 5315 2553 5371 agens,
2607 5316 2823 5372 semper
2871 5303 3113 5373 quietus;
3166 5302 3422 5373 colligens
3466 5310 3522 5356 et
3565 5315 3682 5356 non

2086 5410 2270 5463 ego-ns,
2314 5402 2535 5465 portans
2569 5403 2624 5448 et
2668 5395 2913 5465 impleas,
2958 5403 3012 5449 et
3054 5403 3356 5465 protegens,
3402 5409 3596 5449 creans
3622 5402 3681 5448 et

2086 5490 2331 5543 nu;riens
2351 5530 2365 5552 ,
2408 5497 2463 5543 et
2490 5489 2777 5557 perﬁcieus
2815 5497 2869 5542 et
2898 5502 3178 5557 qumrens,
3215 5503 3337 5542 cum
3369 5485 3503 5540 nihil
3535 5485 3683 5540 desit

2087 5581 2205 5635 tibi.
2256 5583 2442 5645 Amas,
2490 5597 2590 5637 nec
2628 5589 2842 5644 zestuas,
2899 5590 2952 5634 et
2997 5580 3161 5646 zelas,
3212 5588 3266 5634 et
3316 5593 3543 5634 securus
3590 5592 3678 5633 es.

2085 5672 2317 5729 Paenitet
2363 5683 2435 5741 te,
2479 5682 2535 5729 et
2577 5690 2683 5728 non
2718 5673 2861 5729 dolet
2893 5692 2905 5726 :
2942 5673 3215 5738 irasceris,
3257 5681 3307 5727 et
3346 5670 3681 5741 tranquillus

2084 5782 2169 5833 es;
2204 5781 2367 5837 opera
2397 5773 2597 5833 mutas,
2623 5781 2723 5823 nec
2752 5772 2931 5823 mutas
2960 5765 3273 5833 consilium;
3307 5763 3505 5829 recipis
3527 5762 3683 5835 quod
