4038 6336
291 268 399 330 505

1141 277 1532 338 LITURGICA.
1569 311 1640 323 —
1677 281 1766 338 DE
1802 280 2048 341 PSALM.
2088 279 2247 342 USU.
2285 315 2356 328 —
2392 284 2574 342 PARS
2607 284 2669 342 Il.

3465 289 3572 358 506

291 387 530 454 invenis,
571 393 626 444 et
668 398 945 460 nunquam
988 393 1244 461 amisisti;
1294 413 1568 468 nunquam
1611 401 1786 472 inops,
1826 409 1879 456 et
1909 408 1954 464 Α
1983 401 2261 459 ductiones
2312 416 2470 474 quas
2495 414 2712 460 secutus
2755 419 2894 471 sum,
2939 413 2992 461 et
3037 401 3311 476 amplexor
3352 420 3572 462 manum

293 480 500 550 gaudes
545 479 741 544 lucris;
791 498 1064 554 nunquam
1109 501 1320 554 avarus,
1367 499 1422 544 et
1451 507 1644 546 usuras
1682 493 1879 564 exigis;

292 580 720 642 superemgatur
762 572 886 638 tibi,
933 584 992 629 ut
1031 577 1247 643 debeas,
1284 587 1338 633 et
1375 581 1496 649 quis
1535 583 1695 638 habet
1729 585 1886 654 quid-

291 662 499 730 quam?
545 662 730 719 Nonne
762 671 816 717 tu
854 655 1035 720 reddis
1064 669 1242 723 debita
1287 671 1416 726 nulli
1449 674 1679 740 deberis,
1718 675 1884 732 donas

291 752 480 808 debila
523 754 657 809 nihil
700 757 966 824 perdens?
1012 758 1078 812 Et
1115 761 1241 829 quid
1283 763 1390 818 dixi
1425 763 1559 836 [Al.,
1586 767 1674 834 qui
1703 767 1880 840 dixit],

291 840 438 898 Deus
467 859 642 908 meus,
677 845 786 899 vita
814 861 956 910 mea,
982 848 1207 904 dulcedo
1234 867 1352 906 mea
1378 857 1601 908 saneta?
1625 855 1729 910 Ant
1757 857 1882 926 quid

293 934 425 988 dicit
452 933 670 1004 aliquis,
704 951 826 990 cum
859 937 924 990 de
955 946 1007 992 te
1037 940 1201 994 dicit?
1243 941 1307 996 Et
1348 959 1429 997 va:
1476 947 1777 1000 tacentibus
1819 947 1886 1000 de

292 1033 364 1089 te,
396 1027 654 1095 quoniam
677 1027 934 1098 loquaces
963 1032 1095 1084 muti
1125 1041 1269 1088 sunt.
1303 1035 1435 1102 Quis
1466 1037 1595 1090 nubi
1625 1038 1772 1092 dabit
1795 1054 1886 1093 ac—

292 1119 576 1189 quiescere
617 1121 670 1174 in
714 1122 801 1175 te?
843 1121 974 1190 Quis
1003 1125 1152 1179 dabit
1191 1127 1352 1190 mihi,
1386 1138 1443 1181 ut
1476 1129 1661 1184 venias
1702 1132 1752 1184 in
1791 1146 1884 1185 eor

292 1227 500 1276 meum,
529 1220 584 1268 et
617 1212 853 1269 inebrics
884 1215 1034 1280 illud,
1065 1225 1125 1271 ut
1167 1218 1455 1276 obliviscar
1483 1222 1621 1276 mala
1665 1238 1802 1288 mea,
1831 1230 1885 1278 et

292 1317 461 1355 unum
509 1302 706 1358 bonum
755 1319 936 1360 meum
973 1306 1268 1376 amplectar
1313 1311 1398 1363 te?
1441 1310 1577 1376 Quid
1622 1313 1750 1367 milii
1791 1312 1887 1368 es?

295 1389 556 1448 Miserere
585 1402 644 1447 ut
674 1393 882 1464 loquar.
921 1396 1060 1465 Quid
1093 1400 1186 1454 tibi
1215 1415 1332 1455 sum
1365 1402 1505 1472 ipse,
1550 1413 1606 1457 ut
1633 1405 1800 1458 amari
1831 1413 1884 1458 te

283 1479 486 1549 jubeas
507 1497 538 1535 a
564 1495 672 1548 me,
701 1494 757 1539 et
786 1487 890 1541 nisi
920 1486 1133 1554 faciam,
1178 1491 1431 1547 irasceris
1454 1494 1608 1556 mihi,
1638 1503 1691 1546 et
1712 1495 1884 1548 mina-

295 1573 371 1658 ris
401 1573 648 1644 ingentes
679 1576 967 1632 miserias?
1005 1578 1247 1635 Parvane
1285 1583 1397 1651 ipsa
1434 1593 1518 1638 est
1556 1585 1802 1648 miseria,
1837 1587 1880 1640 si

292 1678 399 1717 non
430 1679 606 1724 amem
633 1667 720 1721 te?
751 1667 848 1722 Hei
879 1671 1040 1725 mihi!
1086 1673 1180 1727 Dic
1217 1675 1345 1729 mihi
1378 1692 1475 1746 per
1509 1679 1883 1736 miserationes

1987 505 2130 554 tuam
2178 500 2303 554 totis
2341 501 2653 570 praecordiis
2695 501 2851 565 meis,
2884 510 2943 554 ut
2986 516 3146 556 eruas
3188 517 3272 557 me
3314 502 3380 556 ab
3423 499 3571 556 omni

1986 593 2281 647 tentatione
2311 609 2479 663 usque
2508 595 2558 646 in
2591 592 2768 654 ﬁnem,
2795 601 2848 648 et
2879 595 3054 648 omnia
3090 602 3309 664 peccata
3339 593 3572 648 delecta-

1984 684 2189 738 tionem
2228 699 2469 739 mearum
2507 685 2769 740 malarum
2809 685 3048 740 dimittas
3080 686 3233 740 mihi.
3273 685 3414 739 Erue
3448 699 3566 750 me,

1985 775 2227 839 Domine,
2280 777 2345 830 de
2398 777 2789 831 immanissimo
2839 777 3103 848 profundo
3156 777 3569 832 delectationum

1985 867 2312 936 iniquarum,
2344 876 2398 921 et
2429 867 2594 920 libera
2650 883 2734 921 me
2769 877 3099 937 quicrentem
3134 878 3184 924 te
3217 877 3271 923 et
3299 869 3570 924 sitientem

1985 959 2368 1013 delectationes
2396 967 2516 1012 tuas
2543 977 2554 1011 :
2586 966 2640 1012 et
2667 958 2809 1013 dicat
2839 960 2932 1013 tibi
2957 975 3054 1014 cor
3084 976 3261 1015 meum
3294 979 3306 1015 :
3343 959 3571 1026 Qutrsiei

1983 1046 2181 1101 vultum
2214 1058 2382 1110 tuum,
2412 1047 2608 1102 cultum
2639 1057 2808 1112 tuam,
2835 1048 3074 1113 Domine,
3105 1051 3363 1120 requiram
3397 1048 3567 1120 (Psal.

1985 1155 2130 1204 xxvi,
2159 1140 2234 1211 8).
2272 1139 2402 1193 Nam
2428 1140 2581 1210 longe
2608 1156 2637 1194 a
2664 1140 2812 1194 vultu
2845 1149 2936 1195 tuo
2962 1143 3012 1194 in
3041 1141 3234 1197 affectu
3262 1143 3568 1208 tenebroso,

1985 1247 2088 1285 non
2120 1232 2347 1300 pedibus
2371 1240 2462 1284 aut
2488 1232 2675 1301 spatiis
2705 1232 2942 1286 locorum
2975 1232 3083 1287 itur
3115 1235 3211 1288 abs
3247 1243 3319 1299 te,
3357 1244 3449 1288 aut
3483 1248 3570 1290 rc-

1985 1322 2131 1376 ditur
2169 1320 2233 1374 ad
2269 1333 2318 1375 te
2355 1341 2365 1350 -
2406 1331 2653 1380 autvero
2687 1323 2854 1377 Filius
2890 1333 3012 1378 tuus
3056 1323 3144 1378 ille
3177 1324 3353 1378 minor
3377 1323 3572 1393 equos,"

1985 1413 2068 1468 vel
2099 1429 2309 1478 currus,
2350 1415 2428 1466 ι’ιί
2471 1431 2630 1470 naves
2674 1415 2938 1480 «nitesivit,
2987 1423 3080 1468 aut
3120 1414 3351 1469 avolavit
3395 1429 3568 1482 penna

1984 1503 2205 1569 visibili,
2250 1515 2340 1558 aut
2383 1516 2527 1560 meto
2560 1505 2759 1574 peplite
2787 1506 2890 1558 iter
2925 1505 3052 1574 egit,
3091 1515 3150 1559 ut
3190 1505 3244 1558 in
3279 1505 3570 1574 longinqua

1987 1595 2203 1662 regione
2237 1597 2424 1649 vivens
2459 1595 2563 1666 50
2599 1597 2819 1666 prodige
2855 1595 3140 1665 dissiparet
3172 1595 3314 1664 quod
3346 1581 3573 1649 dederas;

1986 1684 2366 1753 proﬁciscenti,
2408 1687 2577 1740 dulcis
2607 1685 2786 1748 Pater,
2826 1693 2880 1739 et
2907 1701 3073 1754 regno
3099 1683 3231 1757 [Al.,
3261 1682 3452 1756 egeno]
3481 1698 3572 1739 re-

291 1762 431 1847 tuas,
467 1755 692 1814 Domine
721 1759 883 1823 Deus,
917 1763 1044 1831 quid
1077 1764 1151 1817 sis
1182 1766 1333 1818 mihi.
1369 1766 1461 1820 Dic
1490 1771 1678 1822 animm
1708 1787 1834 1826 mete
1861 1783 1879 1821 :
1916 1765 1956 1821 Β
1987 1776 2168 1830 deunti
2203 1777 2429 1831 dulcior.
2481 1776 2534 1829 lu
2580 1775 2772 1830 affectu
2819 1792 2946 1847 ergo
2994 1755 3278 1831 libidinoso
3303 1755 3372 1829 iet
3419 1755 3571 1829 tene-

295 1844 456 1900 Solus
486 1859 578 1900 tua
621 1866 712 1918 ego
745 1867 857 1904 sum
893 1850 1061 1922 (Peril.
1114 1870 1298 1920 xxxrv,
1339 1858 1428 1928 5);
1463 1860 1554 1912 sed
1591 1861 1675 1912 (εἰς
1705 1849 1884 1914 utau-

292 1937 458 1992 diam.
492 1939 631 1994 Ecce
662 1957 820 1996 aures
850 1944 1029 1998 codis
1057 1947 1158 2000 mei
1199 1956 1324 2001 ante
1356 1956 1425 2011 te,
1456 1949 1702 2012 Domine,
1735 1951 1883 2021 aperi

291 2043 406 2089 eas.
440 2039 496 2085 et
522 2030 609 2086 dic
634 2033 827 2088 animm
857 2049 987 2088 mem
1014 2054 1025 2088 :
1060 2035 1218 2091 Salus
1247 2048 1338 2091 tua
1368 2055 1460 2108 ego
1487 2057 1623 2093 sum.
1655 2040 1882 2096 Curram

291 2132 414 2194 post
439 2138 628 2179 vocem
658 2125 820 2192 hanc,
867 2137 921 2182 et
947 2131 1345 2199 appreliendam
1374 2141 1444 2187 te.
1494 2132 1611 2188 Noli
1656 2134 1884 2191 abscon-

291 2214 418 2268 dere
452 2228 484 2267 a
513 2229 601 2269 me
643 2213 839 2272 faciem
883 2227 1028 2273 tuam
1063 2233 1132 2274 ne
1165 2221 1390 2288 moriar,
1435 2225 1525 2278 sel
1560 2223 1641 2279 fac
1677 2236 1734 2281 ut
1763 2242 1882 2282 eam

291 2307 526 2362 videam.
563 2307 804 2380 Angusta
832 2320 914 2366 cst
936 2313 1127 2369 domus
1152 2315 1344 2371 anima:
1383 2333 1538 2383 mem,
1565 2335 1672 2388 quo
1700 2322 1884 2376 venias

290 2397 359 2449 ad
394 2411 537 2462 eam,
568 2399 822 2455 dilatetur
846 2417 876 2455 a
905 2411 957 2457 te
988 2421 999 2455 :
1034 2406 1250 2461 ruinosa
1276 2416 1377 2472 cst,
1407 2408 1568 2464 reﬁce
1594 2425 1733 2464 eam.
1776 2411 1884 2466 Ha-

291 2485 384 2540 bet
423 2487 792 2546 immunditias
831 2501 1172 2562 peccatorum
1211 2498 1425 2563 multas,
1457 2517 1576 2570 quae
1613 2503 1885 2558 olfendant

290 2581 476 2636 oculos
513 2591 634 2638 tuos
663 2602 676 2638 :
711 2585 886 2642 fateor
910 2597 965 2642 et
992 2590 1122 2644 scio.
1155 2589 1258 2646 Sed
1287 2594 1406 2662 quis
1437 2594 1576 2650 alius
1606 2597 1885 2651 niundaiiit

289 2683 434 2736 eam,
461 2680 553 2726 aut
579 2675 666 2728 cui
693 2673 780 2729 alii
807 2686 1004 2746 pneter
1024 2687 1076 2733 te
1104 2680 1410 2737 acclamans
1437 2685 1612 2739 dicam
1639 2703 1653 2740 ;
1690 2686 1766 2738 Ab
1799 2704 1880 2740 oc.

288 2760 446 2816 cultis
489 2766 616 2818 meis
658 2767 854 2821 munda
896 2785 992 2832 me,
1041 2769 1282 2838 Domine,
1329 2777 1466 2830 etab
1509 2777 1694 2832 alien-is
1729 2795 1885 2847 parce

287 2868 436 2906 servo
477 2863 566 2908 tuo
609 2853 781 2926 (Psal.
823 2851 980 2924 ivm,
1027 2861 1163 2934 l5)?
1203 2864 1390 2920 Nonne
1434 2868 1529 2921 tibi
1572 2869 1886 2938 prolocutus

289 2957 411 2997 sum
453 2945 736 3002 adversum
781 2965 868 3005 me
907 2951 1100 3007 delicta
1142 2970 1280 3016 mea.
1327 2955 1467 3013 Deus
1502 2961 1689 3015 meus?
1723 2959 1789 3014 Et
1828 2971 1883 3016 tu

288 3035 523 3102 dimitte,
553 3038 800 3106 obsecro,
829 3042 1160 3113 impietatem
1185 3050 1363 3104 cordis
1388 3051 1515 3105 mei.
1545 3051 1659 3107 Non
1677 3053 1882 3123 judicio

288 3128 574 3184 contendo
594 3139 791 3198 tecum,
822 3135 948 3203 quia
973 3138 1173 3193 veritas
1197 3154 1284 3205 es;
1323 3151 1380 3196 et
1413 3158 1514 3213 ego
1544 3145 1667 3200 nolo
1697 3145 1881 3204 fallere

286 3223 554 3311 meipsuin
598 3241 665 3280 ne
689 3218 982 3283 mentiatur
1008 3231 1264 3301 iniquitas
1310 3251 1427 3290 mea
1471 3238 1593 3292 sibi.
1640 3237 1752 3293 Non
1781 3255 1881 3311 ego

280 3309 489 3382 judicio
517 3318 783 3373 contendo
817 3326 1030 3388 tecum,
1068 3325 1194 3392 quia
1228 3329 1273 3380 si
1309 3328 1608 3399 iniquitates
1642 3309 1882 3385 observo-

285 3407 443 3469 ueris,
467 3407 708 3478 Domine,
751 3412 997 3479 Domine,
1037 3417 1153 3486 quis
1178 3419 1452 3472 sustinebit
1481 3420 1652 3492 (Psol.
1691 3438 1875 3489 cxxrx,

285 3497 344 3568 5)
363 3498 386 3550 ?
408 3496 504 3553 Dic
535 3501 664 3556 mihi
699 3505 944 3574 supplici,
979 3506 1121 3562 Deus
1166 3510 1494 3575 misericors,
1525 3513 1609 3567 dic
1634 3515 1834 3570 misero
1864 3534 1876 3569 :

287 3585 453 3641 Salus
478 3599 570 3644 tua
598 3608 691 3662 ego
719 3611 860 3648 sum.
889 3595 1135 3663 PeCCavi,
1167 3601 1390 3656 Domine
1419 3603 1560 3658 Deus
1590 3620 1760 3668 meus,
1792 3622 1883 3661 or-

287 3678 508 3736 dinator
531 3693 586 3738 et
625 3696 837 3742 creator
867 3704 1048 3745 rerum
1076 3693 1316 3748 omnium
1355 3696 1718 3763 naturalium;
1758 3713 1881 3766 pec-

288 3779 538 3826 catorum
595 3783 803 3833 tantum
865 3797 970 3836 non
1016 3785 1292 3839 ordinator
1344 3803 1599 3857 unquam.
1657 3787 1880 3845 Domine

287 3861 434 3951 Deus
481 3880 651 3934 meus,
689 3874 906 3940 peccavi
946 3873 1190 3931 faciendo
1229 3886 1416 3934 contra
1452 3889 1718 3951 praecepta
1763 3891 1874 3936 tua.

288 3950 408 4009 Non
457 3957 602 4012 enim
649 3962 871 4019 meliora
915 3965 1122 4037 eligens
1167 3969 1477 4026 inobediens
1520 3950 1730 4036 exstiti;
1786 3973 1880 4028 sed

289 4057 476 4101 amore
504 4047 734 4107 faciendi
774 4054 1102 4113 voluntatem
1137 4063 1433 4131 propriam,
1468 4065 1877 4134 et'adimplendi

288 4139 552 4207 superbas
579 4141 854 4201 victorias.
905 4147 1097 4204 Libera
1131 4167 1236 4215 me,
1283 4151 1526 4217 Domine,
1569 4154 1703 4223 jam;
1730 4157 1879 4211 invo-

289 4239 502 4285 cantem
530 4241 601 4288 te.
629 4234 820 4292 Libera
842 4241 1005 4294 etiam
1030 4257 1122 4296 eos
1143 4244 1233 4312 qui
1265 4245 1498 4298 nondum
1525 4257 1574 4300 Ic
1608 4247 1874 4312 invocant,

286 4327 350 4374 ut
379 4319 630 4378 invocent
666 4335 716 4381 te
752 4337 806 4383 et
855 4330 1051 4387 liberes
1091 4349 1204 4388 eos.
1247 4333 1484 4390 Obsecro
1519 4345 1603 4401 te,
1653 4337 1878 4394 Domine

284 4409 432 4466 Deus
470 4429 642 4481 meus,
677 4427 736 4471 ut
765 4420 910 4474 intus
937 4422 989 4476 in
1018 4424 1194 4477 anima
1233 4440 1348 4479 mea
1382 4427 1599 4488 clames,
1640 4430 1768 4498 quid
1807 4430 1877 4484 sit

1985 1868 2166 1932 broso,
2209 1878 2264 1921 ut
2307 1865 2422 1939 [F.,
2453 1867 2580 1939 itur]
2613 1867 2768 1938 longe
2807 1884 2838 1922 a
2869 1867 3016 1921 vultu
3047 1876 3158 1921 tuo.
3208 1867 3386 1922 Bonus
3426 1865 3571 1919 enim

1985 1974 2064 2022 es,
2115 1959 2370 2025 Domine,
2416 1958 2541 2028 quia
2592 1968 2647 2013 tu
2694 1973 2752 2013 es
2794 1961 2994 2014 bonum
3037 1966 3301 2014 nostrum.
3347 1955 3570 2011 Peccavi

1986 2055 2128 2124 quod
2153 2069 2258 2108 non
2288 2055 2340 2107 in
2369 2063 2446 2116 te,
2475 2053 2568 2108 sed
2592 2053 2645 2106 in
2675 2054 2938 2107 creaturis
2963 2051 3068 2106 tuis
3091 2051 3396 2121 voluptates
3421 2063 3570 2104 meas

1987 2143 2226 2208 dilatari,
2255 2152 2310 2197 et
2331 2143 2452 2198 ideo
2483 2143 2614 2197 irrui
2639 2144 2692 2196 in
2722 2143 2951 2208 dolores,
2981 2141 3324 2196 confusiones
3345 2148 3400 2195 et
3420 2153 3573 2194 erro—

1987 2252 2093 2291 res.
2121 2237 2199 2290 Tu
2231 2245 2430 2299 autem,
2459 2236 2704 2300 Domine,
2743 2237 2834 2304 qui
2869 2251 3080 2306 semper
3105 2250 3183 2298 es,
3220 2244 3274 2290 et
3317 2249 3422 2289 non
3452 2248 3573 2288 mu-

1990 2329 2140 2394 raris,
2169 2329 2259 2399 qui
2305 2344 2520 2398 semper
2552 2327 2702 2389 \i*'is,
2747 2337 2801 2380 ct
2835 2325 2968 2381 nihil
2995 2326 3222 2379 moritur
3257 2325 3309 2379 in
3349 2334 3402 2378 te
3434 2340 3447 2376 :
3485 2323 3574 2378 die

1986 2420 2116 2474 mibi
2151 2419 2350 2474 misero
2377 2432 2534 2474 servo
2571 2428 2661 2471 tuo
2697 2436 2708 2470 :
2746 2415 2904 2470 Solus
2939 2428 3031 2470 tua
3055 2433 3148 2486 ego
3185 2433 3321 2470 sum.
3354 2413 3573 2470 Gratias

1988 2512 2101 2571 tibi,
2147 2511 2372 2566 dulcedo
2412 2526 2554 2574 mea,
2597 2517 2651 2563 et
2683 2510 2855 2563 honor
2891 2512 3063 2573 meus,
3097 2516 3151 2562 et
3195 2507 3390 2564 ﬁducia
3427 2521 3569 2571 mea,

1987 2604 2128 2657 Deus
2155 2617 2306 2657 meus
2335 2620 2346 2655 :
2381 2602 2583 2672 gratias
2610 2600 2703 2654 tibi
2735 2601 2800 2653 de
2837 2600 3104 2654 universis
3135 2598 3292 2653 donis
3321 2598 3427 2652 tuis
3451 2612 3572 2666 qua:

1985 2694 2210 2763 largitus
2255 2707 2313 2748 es
2362 2693 2526 2757 mihi;
2575 2692 2668 2746 sed
2699 2699 2757 2745 tn
2794 2691 2923 2746 mihi
2959 2707 3022 2746 ea
3069 2705 3222 2745 serva
3263 2709 3274 2742 :
3316 2690 3390 2744 ita
3425 2688 3570 2744 enim

1987 2787 2228 2842 servabis
2263 2801 2368 2852 me,
2399 2796 2452 2840 et
2479 2781 2818 2855 augebuntur
2848 2791 2903 2836 et
2941 2781 3290 2852 perﬁcientur
3319 2795 3438 2850 quae
3481 2779 3574 2834 de—

1986 2879 2109 2932 disti
2138 2878 2292 2942 mihi,
2317 2886 2371 2932 et
2398 2891 2490 2931 ero
2524 2876 2635 2947 ipse
2661 2884 2861 2938 tecum,
2888 2873 2934 2927 si
2968 2882 3024 2927 tu
3053 2871 3354 2927 servaveris
3383 2885 3491 2936 me,
3515 2880 3574 2924 et

1987 2969 2124 3024 dona
2164 2983 2251 3023 tua
2297 2985 2416 3038 qua:
2444 2967 2637 3022 dedisti
2674 2966 2835 3029 mibi,
2869 2964 2993 3035 quia
3029 2961 3127 3035 [et]
3164 2973 3223 3016 ut
3258 2962 3360 3016 sim
3393 2969 3449 3016 tu
3473 2961 3571 3015 dc-

1985 3064 2114 3120 disti
2145 3064 2294 3129 mihi,
2327 3064 2419 3135 qui
2451 3063 2588 3118 vivis
2618 3071 2673 3118 et
2693 3077 2888 3133 regnas
2918 3063 2974 3117 in
2998 3059 3196 3116 saecula
3227 3059 3569 3116 saeculorum.

1910 3118 1954 3182 C
1985 3118 2154 3212 Amen
2163 3196 2176 3210 .

2703 3247 2874 3309 x111.
2912 3335 2914 3338 _

2450 3348 2672 3411 Oratio
2709 3346 2792 3407 ad
2829 3363 3090 3408 crucem.

2055 3479 2300 3544 Christe,
2333 3478 2424 3548 qui
2457 3493 2554 3547 pro
2583 3476 2737 3531 nobis
2759 3475 2937 3530 crucis
2966 3482 3021 3529 et
3050 3471 3238 3529 mortis
3270 3467 3570 3542 patibulum

1985 3573 2220 3636 subiisti,
2249 3582 2308 3626 ut
2339 3571 2528 3624 mortis
2565 3586 2594 3623 a
2626 3569 2782 3623 nobis
2810 3567 3108 3638 expelleres
3142 3573 3488 3636 potestatem,
3514 3569 3570 3618 et

1984 3667 2259 3737 sanguinis
2301 3665 2374 3718 tui
2421 3679 2519 3718 nos
2550 3662 2725 3731 pretio
2769 3661 3064 3725 liberares,
3111 3659 3368 3715 miserere
3427 3656 3569 3721 mei,

1983 3759 2074 3828 qui
2111 3774 2228 3812 sum
2266 3755 2599 3811 humillimus
2637 3769 2824 3807 servus
2871 3762 3028 3816 tuus,
3085 3759 3140 3806 et
3185 3749 3398 3803 veniam
3436 3747 3571 3801 mihi

1983 3850 2224 3904 omnium
2261 3841 2502 3901 meorum
2544 3847 2721 3901 tribue
2759 3852 3124 3914 peccatorum,
3163 3855 3356 3910 meque
3387 3852 3569 3894 coram
3621 3903 3624 3907 ι

1983 3941 2254 3997 adoranda
2301 3954 2460 3994 cruce
2505 3947 2597 3992 tua
2643 3945 2969 4007 prostratum
3013 3935 3082 3990 ab
3123 3931 3374 3987 omnibus
3415 3927 3571 3983 malis

1982 4036 2150 4103 eripe,
2181 4033 2339 4088 bonis
2369 4032 2474 4086 tuis
2506 4029 2930 4086 misericorditer
2959 4027 3137 4083 reﬁce.

2605 4143 2724 4198 Alia
2759 4144 2944 4198 orario.

2050 4266 2277 4322 Domine
2311 4265 2438 4320 Jesu
2470 4263 2704 4328 Christe,
2734 4262 2823 4333 qui
2857 4279 2934 4326 es,
2964 4270 3018 4316 et
3045 4261 3134 4331 qui
3166 4274 3289 4315 eras
3313 4273 3435 4314 cum
3460 4255 3568 4312 Pa-

1979 4369 2062 4415 tre
2099 4369 2225 4414 ante
2256 4357 2450 4414 sazcula
2487 4356 2721 4426 genitus,
2762 4355 2903 4410 Deus
2932 4370 2999 4409 ex
3034 4351 3147 4408 Deo
3181 4366 3334 4416 vero,
3372 4363 3570 4406 conoe-

1979 4459 2102 4522 ptus
2127 4467 2191 4505 ex
2233 4449 2436 4520 Spiritu
2467 4455 2674 4511 sancto,
2707 4455 2762 4500 et
2791 4453 2948 4500 natus
2978 4444 3138 4498 homo
3173 4442 3227 4498 in
3259 4442 3364 4496 ﬁne
3395 4456 3568 4497 smcu-

285 4518 474 4610 iurare
498 4514 570 4571 te,
598 4518 655 4564 et
679 4525 778 4581 ego
804 4513 1033 4579 audiam,
1073 4526 1130 4572 et
1165 4519 1365 4574 veritas
1403 4528 1490 4575 tua
1520 4522 1661 4576 dicat
1696 4523 1824 4576 mihi
1853 4541 1866 4578 :
1904 4499 1958 4559 Ῐ)
2722 4551 2966 4605 semper;
3006 4533 3097 4605 qui
3127 4534 3384 4590 obediens
3417 4533 3567 4595 patri

285 4592 450 4650 Salus
479 4609 569 4652 tua
601 4619 693 4672 ego
727 4621 878 4670 sum;
925 4615 982 4662 et
1025 4611 1418 4668 consolationes
1461 4622 1564 4668 tum
1599 4613 1871 4671 ltetiﬁcent

286 4687 522 4743 animam
555 4707 749 4748 meam.
788 4694 904 4752 Non
930 4699 1164 4756 clament
1187 4703 1444 4760 adversus
1471 4721 1555 4760 mc
1589 4707 1753 4776 iniqui
1779 4724 1872 4778 ap-

285 4781 486 4848 petitus
518 4784 647 4851 mei,
693 4803 792 4843 nec
830 4790 1054 4846 timeant
1085 4795 1224 4862 quod
1265 4795 1556 4851 timendum
1596 4814 1701 4852 non
1739 4807 1822 4852 est
1857 4817 1869 4852 :

284 4871 381 4926 sed
413 4874 674 4930 conﬁtear
705 4878 822 4943 tibi,
863 4880 1003 4937 Deus
1041 4899 1211 4950 meus,
1241 4893 1295 4940 ct
1330 4888 1665 4956 acquiescam
1705 4888 1758 4942 in
1791 4904 1876 4942 re-

281 4961 698 5030 prehensionem
735 4969 1001 5026 malarum
1031 4974 1239 5030 viarum
1273 4993 1534 5043 mearum,
1567 4988 1625 5033 ut
1658 4980 1874 5051 diligam

283 5055 456 5110 bonas
491 5057 609 5114 vias
645 5068 764 5117 tuas
805 5081 817 5116 :
868 5063 1070 5120 ﬂuxum
1118 5069 1428 5125 vitiositatis
1477 5088 1610 5127 meae
1653 5074 1877 5127 restrin-

283 5154 414 5214 gant
463 5147 609 5219 leges
650 5162 702 5206 et
740 5155 1114 5214 miserationes
1151 5170 1274 5227 tuac,
1311 5163 1552 5222 Domine.
1589 5167 1750 5222 Misce
1788 5182 1875 5222 sa-

281 5233 470 5292 lubres
499 5243 908 5314 amaritudines,
949 5263 1264 5307 revocantes
1298 5270 1396 5310 nos
1430 5258 1495 5311 aii
1533 5267 1585 5312 te
1621 5274 1650 5311 a
1681 5257 1876 5327 jucun-

281 5327 454 5384 ditate
491 5333 771 5403 pestifera,
816 5353 922 5409 qua
952 5345 1277 5400 recessimus
1317 5363 1346 5400 a
1385 5357 1457 5401 te.
1497 5349 1732 5413 Exaudi,
1773 5349 1877 5404 Do-

277 5416 453 5483 mine,
499 5421 931 5494 deprecationem
969 5447 1166 5498 meam,
1197 5451 1263 5488 ne
1290 5435 1507 5490 deﬁciat
1541 5440 1718 5492 anima
1757 5455 1874 5494 mea

276 5509 384 5563 sub
409 5512 695 5584 disciplina
723 5527 812 5575 tua
842 5541 855 5576 :
891 5539 1066 5595 neque
1088 5527 1332 5583 deﬁciam
1368 5530 1418 5584 in
1446 5531 1747 5587 conﬁtendo
1775 5534 1874 5588 mi-

275 5605 588 5702 serationes
623 5618 762 5679 tuas,
795 5617 993 5686 quibus
1028 5635 1188 5677 eruas
1224 5638 1309 5678 me
1350 5625 1418 5678 ah
1451 5625 1702 5680 omnibus
1732 5627 1876 5682 vitiis

272 5696 419 5751 tiu-is
466 5703 738 5772 pessimis,
785 5717 845 5765 ut
886 5698 1164 5774 dulcescas
1206 5719 1338 5775 mihi
1374 5735 1538 5792 super
1569 5735 1756 5779 omnes
1791 5737 1874 5778 sc-

1977 4649 2145 4703 iasque
2187 4633 2253 4686 ad
2296 4639 2552 4692 mortem,
2588 4639 2816 4683 mortem
2847 4637 3026 4682 autem
3067 4627 3277 4690 crucis,
3321 4625 3565 4699 liberast;

1979 4741 2076 4780 nos
2096 4734 2190 4778 tuo
2213 4731 2399 4778 sancto
2421 4732 2476 4776 et
2505 4721 2744 4791 pretioso
2770 4719 3052 4788 sanguine,
3077 4719 3350 4774 destructo
3377 4720 3568 4772 mortis

1981 4816 2226 4886 imperio,
2266 4814 2516 4867 omnibus
2553 4811 2604 4864 in
2645 4818 2696 4863 te
2731 4809 3072 4864 credentibus
3115 4809 3349 4865 cmlcstis
3386 4809 3570 4880 gloria:

1981 4907 2184 4960 aditum
2213 4903 2462 4959 reserasti
2493 4921 2506 4955 :
2542 4911 2592 4956 te
2625 4901 2792 4956 Deum
2819 4917 3004 4956 verum
3027 4943 3042 4968 ,
3069 4911 3126 4957 et
3155 4901 3438 4958 Dominum
3471 4919 3569 4959 no-

1981 5006 2149 5052 strum
2189 4995 2503 5066 suppliciter
2535 5007 2720 5057 exoro,
2761 4994 3032 5048 sedentem
3067 4993 3132 5050 ad
3163 4995 3436 5050 dexteram
3467 4993 3565 5048 Dei

1980 5089 2158 5143 Patris
2189 5085 2604 5155 omnipotentis;
2635 5085 2970 5154 deprecando
3001 5085 3264 5140 inﬁnitam
3296 5094 3350 5140 et
3377 5083 3564 5138 ineffa-

1915 5243 1917 5245 _
1980 5184 2139 5238 bilem
2167 5182 2589 5238 misericordiam
2616 5192 2781 5246 tuam,
2814 5190 2872 5237 ut
2896 5198 2994 5253 per
3015 5183 3266 5238 virtutem
3294 5181 3451 5251 hujus
3476 5197 3566 5238 sa-

1979 5275 2170 5330 lutaris
2197 5275 2332 5345 signi
2361 5275 2540 5330 crucis
2565 5283 2619 5329 et
2645 5276 3029 5346 redemptionis
3061 5287 3186 5340 tuae,
3211 5275 3445 5329 redimas
3477 5289 3564 5329 me

1981 5368 2257 5432 miserum,
2287 5377 2340 5421 et
2373 5369 2589 5438 (lignum
2627 5377 2800 5424 morte
2834 5378 3170 5438 peccatorem
3207 5369 3275 5422 ab
3313 5366 3566 5422 Omnibus

1976 5460 2290 5516 criminibus
2316 5468 2371 5514 et
2407 5459 2734 5515 facinoribus
2762 5461 2916 5524 meis,
2949 5471 3004 5515 et
3020 5460 3202 5536 libera
3227 5474 3314 5513 me
3340 5458 3409 5512 ab
3443 5471 3563 5514 om-

1977 5555 2133 5607 nibus
2181 5553 2332 5608 malis
2377 5553 2684 5622 prieteritis.
2732 5551 3090 5622 praesentibus
3139 5558 3193 5604 et
3240 5549 3456 5615 futuris,
3505 5555 3564 5606 et

1976 5644 2240 5701 mortiﬁca
2273 5646 2326 5699 in
2353 5661 2438 5701 me
2461 5646 2644 5702 omnia
2674 5645 2804 5700 vitia
2831 5643 3150 5714 spiritalium
3179 5651 3234 5698 et
3263 5643 3559 5699 carnalium

1975 5742 2357 5814 nequitiarum,
2401 5750 2455 5799 et
2495 5741 2582 5799 fac
2626 5755 2712 5797 me
2745 5753 3026 5811 resurgere
3056 5749 3234 5798 tecum
3269 5741 3321 5796 in
3361 5741 3560 5800 virtute
