4038 6336
464 213 572 274 507

1306 202 1367 256 Β.
1400 201 1465 256 F.
1506 195 1734 254 ALBINI
1772 189 1905 249 SEU
1940 180 2220 243 ALCUINI
2257 177 2541 239 OPERUM
2574 174 2756 234 PARS
2793 176 2881 234 IV.

3630 166 3739 228 508

466 330 652 403 gloriae
678 335 803 393 tuae,
833 333 888 381 et
910 338 1027 395 quae
1048 334 1261 377 sursum
1292 324 1437 381 sunt,
1470 313 1711 371 coelestia
1746 307 2057 365 desiderem
2082 304 2131 361 Α
2160 295 2576 403 caliginem‘tua
2608 309 2710 349 nos
2740 297 2990 403 protegat
3015 289 3238 403 dexter:
3261 327 3275 353 ,
3645 297 3745 403 au-

465 434 523 483 et
546 438 812 494 quan'ere,
839 428 893 475 et
919 418 985 473 ad
1004 425 1223 485 aeterna:
1256 409 1605 469 beatitudinis
1629 406 1853 478 gloriam
1876 403 2050 458 felici-

465 522 551 571 ter
597 511 911 584 pervenire,
964 513 1254 578 praestante
1299 511 1392 558 tua
1437 502 1698 557 immensa
1746 497 2051 563 clementia,

465 603 696 662 Domine
730 602 855 659 Jesu
885 599 1101 656 Christe
1132 599 1296 663 Deus,
1332 603 1387 651 et
1422 591 1683 649 Dominus
1716 599 1921 655 noster,
1962 585 2060 658 qui

471 712 596 752 cum
624 695 735 750 Deo
764 693 925 748 Patre
949 700 1003 747 et
1029 689 1233 761 Spiritu
1265 695 1454 744 sancto
1490 687 1542 741 in
1578 686 1782 739 unitate
1810 681 2059 739 essentia

470 786 690 845 deitatis
723 786 903 842 omnia
938 781 1173 840 creando
1198 781 1363 851 regis,
1386 777 1647 842 viviﬁcas,
1682 783 1736 831 et
1768 776 2056 849 gubernas,

465 892 570 957 per
591 878 920 940 immortalia
948 874 1142 933 saecula
1168 873 1508 931 sarculorum.
1538 869 1731 926 Amen.

1196 987 1371 1050 XIV.

592 1092 812 1156 Prima
839 1092 997 1154 hora
1026 1092 1140 1153 hac
1175 1089 1461 1151 oratione
1496 1084 1801 1148 orandum
1826 1091 1936 1146 est.

546 1232 574 1265 ι
611 1221 838 1278 Domine
875 1220 1039 1285 Deus,
1077 1217 1166 1289 qui
1198 1217 1265 1271 ad
1293 1213 1615 1287 principium
1647 1209 1808 1280 hujus
1829 1208 1936 1265 diei
1962 1221 2063 1264 nos

472 1314 758 1387 pervenire
787 1312 983 1377 fecisti,
1012 1318 1101 1365 tua
1128 1325 1227 1364 nos
1252 1325 1407 1363 serva
1434 1307 1657 1370 virtute,
1680 1313 1741 1359 ut
1766 1302 1819 1357 in
1846 1300 1932 1357 die
1962 1301 2065 1355 hac

475 1406 543 1461 ad
591 1406 798 1461 nullum
839 1402 1167 1458 declinemus
1212 1407 1493 1471 peccatum
1538 1416 1551 1450 :
1600 1397 1693 1452 sed
1739 1409 1952 1464 semper
1999 1391 2065 1446 ad

476 1506 624 1554 tuam
642 1498 907 1567 justitiam
939 1497 1241 1551 faciendam
1284 1503 1469 1549 nostra
1504 1491 1802 1562 procedant
1830 1488 2062 1558 eloquia.

477 1587 582 1646 Per
606 1590 893 1647 Dominum
920 1596 1166 1643 nostrum
1187 1587 1370 1642 Jesum
1395 1585 1691 1642 Christum.

861 1704 1043 1759 Oratio
1073 1705 1141 1757 ad
1176 1702 1459 1757 secundam
1490 1701 1695 1754 horam.

550 1797 776 1856 Domine
804 1797 947 1852 Deus
967 1797 1328 1865 omnipotens,
1361 1796 1449 1863 qui
1489 1810 1586 1849 nos
1614 1794 1667 1847 in
1702 1793 1841 1846 hanc
1877 1789 2067 1843 horam

480 1891 770 1947 secundam
805 1898 927 1959 post
961 1898 1252 1942 nocturnas
1279 1887 1538 1958 caligines
1564 1884 1846 1958 pervenire
1872 1882 2066 1947 fecisti,

480 2000 736 2040 conserva
777 1999 874 2036 nos
910 1981 1069 2035 hodie
1104 1996 1200 2051 per
1229 1982 1470 2035 omnium
1511 1982 1770 2035 horarum
1814 1977 1986 2047 spatia
2016 1983 2070 2031 et

478 2082 750 2133 momenta
780 2074 1055 2144 temporis,
1087 2083 1141 2127 et
1180 2082 1437 2143 perpetua
1471 2089 1570 2128 nos
1603 2088 1815 2143 semper
1848 2070 1933 2125 fac
1962 2071 2066 2125 ini-

478 2171 770 2225 sericordia
813 2168 946 2242 [Al.,
982 2184 1077 2240 per
1115 2176 1328 2221 tuam...
1372 2163 1822 2235 misericordiam]
1852 2177 2068 2233 perma-

478 2276 608 2318 nere
635 2263 846 2328 illzesos,
868 2277 965 2333 per
984 2262 1271 2317 Dominum
1295 2268 1541 2316 nostrum
1562 2258 1746 2314 Jesum
1769 2256 2065 2314 Christum.

982 2376 1167 2431 Oratio
1199 2376 1269 2430 ad
1302 2375 1549 2430 Tertiam.

474 2522 477 2525 -
553 2486 773 2543 Domine
796 2486 958 2554 Deus,
984 2487 1109 2543 .lesu
1137 2486 1373 2553 Christe,
1403 2488 1494 2557 qui
1523 2488 1657 2542 hora
1686 2487 1846 2541 tertia
1872 2486 1975 2541 diei
2003 2487 2070 2540 ad

481 2579 659 2634 crucis
678 2594 895 2649 poenam
924 2594 1023 2650 pro
1050 2580 1234 2634 mundi
1266 2579 1438 2635 salute
1459 2580 1654 2633 ductus
1682 2593 1759 2643 es,
1785 2586 1840 2632 te
1867 2577 2070 2646 suppli-

482 2672 618 2726 citer
642 2672 999 2740 deprecamur
1027 2680 1086 2726 ut
1113 2681 1296 2727 nostra
1322 2672 1502 2727 deleas
1538 2679 1764 2742 peccata
1795 2687 1806 2724 :
1839 2677 1899 2723 ut
1923 2678 1976 2724 et
2007 2669 2072 2723 de

483 2763 769 2834 przeteritis
806 2762 960 2818 malis
987 2763 1191 2819 nostris
1226 2778 1439 2832 semper
1467 2764 1606 2833 apud
1650 2771 1702 2817 te
1737 2762 2072 2815 inveniamus

481 2855 724 2919 veniam,
770 2860 825 2909 et
864 2856 929 2910 de
971 2852 1164 2910 futuris
1197 2851 1397 2923 iugiter
1426 2855 1720 2909 habeamus
1749 2852 2067 2907 custodiam.

484 2943 585 3011 Qui
629 2947 768 3003 vivis
811 2953 865 3003 et
907 2960 1100 3018 regnas
1139 2959 1239 3015 per
1269 2945 1448 3001 omnia
1494 2944 1689 3001 smeula
1730 2943 2066 3000 saeculorum.

486 3035 680 3091 Amen.

1008 3128 1190 3184 Oratio
1225 3129 1295 3183 ad
1327 3126 1542 3185 Sextum

560 3218 785 3275 Domine
816 3218 945 3276 Jesu
972 3220 1203 3287 Christe,
1233 3225 1323 3294 qui
1351 3224 1475 3279 dum
1505 3224 1640 3278 hora
1672 3232 1824 3278 sexta
1856 3238 1955 3294 pro
1986 3237 2078 3277 re—

488 3309 794 3380 demptione
836 3314 1021 3367 mundi
1067 3315 1119 3367 in
1146 3316 1324 3369 crucis
1359 3315 1649 3369 ascendisti
1692 3314 1921 3385 lignum,
1960 3314 2081 3368 uni-

486 3414 676 3455 versus
702 3402 933 3457 mundus
963 3403 1019 3457 in
1038 3405 1281 3459 tenebris
1316 3402 1449 3475 [Al.,
1476 3403 1531 3457 in
1555 3402 1827 3474 tenebras]
1856 3418 2080 3458 conver-

488 3508 582 3549 sus
615 3504 719 3558 est,
748 3494 895 3548 illam
927 3493 1029 3565 ει
1070 3497 1228 3553 nobis
1261 3496 1437 3550 lucem
1476 3495 1531 3549 in
1561 3495 1741 3549 anima
1773 3504 1826 3550 et
1851 3510 2089 3566 corpore

487 3592 674 3641 nostro
709 3602 922 3656 semper
957 3586 1161 3654 tribue,
1195 3602 1293 3657 per
1330 3601 1492 3656 quam
1530 3585 1598 3641 ad
1629 3595 1886 3641 aeternam
1913 3589 2079 3643 vitam

487 3678 773 3747 pervenire
806 3694 1133 3733 mereamur.
1171 3678 1422 3746 Quicum
1448 3677 1609 3734 Patre
1642 3687 1696 3734 et
1724 3676 1927 3748 Spiritu
1956 3695 2080 3736 san-

489 3779 578 3827 cto
608 3787 801 3844 regnas
828 3772 884 3827 in
912 3780 1115 3828 aeterna
1145 3772 1359 3829 saecula.

990 3884 1176 3941 Oratio
1220 3886 1290 3941 ad
1340 3885 1571 3942 Nomm.

566 3973 792 4032 Domine
828 3974 954 4031 Jesu
972 3976 1207 4044 Christe,
1238 3978 1333 4050 qui
1359 3994 1504 4034 nona
1528 3980 1662 4035 hora
1692 3979 1746 4034 in
1776 3977 1954 4035 crucis
1977 3993 2076 4047 pa-

490 4067 661 4125 tibulo
696 4068 1046 4126 conﬁtentem
1082 4071 1349 4127 latronem
1398 4072 1543 4127 intra
1589 4072 1792 4128 mmnia
1826 4069 2077 4140 paradisi

495 4167 730 4221 transire
754 4166 996 4236 jussisti,
1031 4175 1085 4221 te
1116 4166 1430 4238 suppliciter
1461 4165 1804 4239 [conﬁtentes
1832 4162 2074 4235 peccata]

494 4258 851 4326 deprecamur
873 4300 887 4324 ,
920 4269 980 4313 ut
1020 4268 1139 4329 post
1170 4261 1377 4315 obitum
1412 4268 1659 4315 nostrum
1698 4258 1939 4329 paradisi
1975 4272 2075 4313 nos

495 4348 687 4417 gaudia
720 4349 946 4403 introire
978 4352 1271 4419 gaudentes
1300 4352 1585 4407 concedas.
1616 4349 1718 4418 Qui
1750 4346 1884 4406 vivis
1912 4357 1966 4405 et
1992 4364 2077 4406 re-

501 4453 634 4508 gnas
663 4454 761 4509 per
789 4441 969 4494 omnia
998 4441 1192 4495 szecula
1223 4442 1566 4498 saeculorum.
1593 4442 1787 4499 Amen.

987 4552 1169 4609 Oratio
1204 4556 1272 4610 ad
1315 4553 1581 4628 Vesperas.

571 4643 788 4700 Gratias
825 4646 922 4700 tibi
962 4646 1199 4717 agimus,
1236 4646 1463 4706 Domine
1494 4646 1651 4715 ‘Deus
1696 4650 2075 4721 omnipotens,

466 4737 588 4819 ‘qui
627 4754 725 4793 nos
755 4754 852 4808 per
882 4736 1040 4807 hujus
1078 4739 1185 4794 diei
1221 4756 1441 4796 cursum
1486 4742 1539 4796 in
1593 4743 1732 4796 hanc
1766 4742 1958 4795 horam
1991 4757 2083 4796 ve-

498 4832 795 4902 spertinam
821 4833 1109 4903 pervenire
1138 4833 1406 4899 tribuisti,
1441 4842 1493 4889 te
1523 4834 1793 4903 supplices
1822 4835 2082 4904 depreca-

498 4942 642 4993 mur,
694 4937 753 4982 ut
799 4928 866 4983 ad
913 4936 963 4981 te
1005 4928 1241 4983 elevatio
1274 4944 1533 4982 manuum
1571 4936 1880 4982 nostrarum
1918 4928 1988 4981 sit
2027 4928 2081 4982 in

500 5028 791 5090 conspectu
830 5027 921 5074 tuo
958 5020 1291 5090 acceptabile
1330 5019 1656 5074 sacriﬁcium
1692 5020 2078 5091 vespertinum.

500 5110 605 5167 Per
634 5111 920 5168 Dominum
948 5121 1197 5168 nostrum
1223 5111 1415 5167 Jesum
1444 5113 1745 5169 Christum.

883 5227 1069 5283 Oratio
1106 5228 1250 5282 hanc
1283 5228 1607 5285 duodecima
1647 5231 1695 5284 Ι).

570 5336 802 5395 Domine
841 5338 1013 5405 Deus,
1056 5339 1363 5397 dominator
1402 5345 1644 5398 omnium
1689 5353 1743 5397 et
1783 5350 2081 5413 protector,

500 5430 594 5502 qui
633 5432 897 5501 separasti
932 5431 1108 5487 lucem
1143 5433 1210 5489 de
1242 5435 1515 5500 tenebris,
1558 5444 1609 5489 te
1645 5435 1872 5490 subnixe
1908 5434 2087 5504 preci-

501 5522 605 5580 bus
652 5538 972 5592 exoramus,
1019 5532 1081 5580 ut
1126 5541 1226 5598 per
1270 5527 1414 5584 hanc
1457 5536 1863 5598 superventurae
1912 5528 2087 5583 noctis

581 5692 611 5724 ι
649 5678 940 5751 Sequenda
965 5681 1235 5741 habentur
1253 5683 1497 5741 etiamin
1521 5681 1701 5740 libello
1718 5681 1895 5740 Caroli
1916 5681 2087 5739 Calvi.

2094 1661 2141 1721 B

2157 401 2285 442 rora
2314 387 2496 440 cuncti
2528 400 2812 455 surgamus
2838 384 3154 454 gaudentes.
3186 380 3289 437 Per
3315 379 3608 435 Dominum
3644 391 3744 435 no-

2158 485 2328 534 strum
2357 474 2540 533 Jesum
2568 476 2875 532 Christum-

2571 593 2757 647 Oratio
2798 591 2867 646 ad
2902 588 3331 661 Completorium.

2230 684 2426 741 Pacem
2458 692 2607 739 tuam
2631 724 2645 750 ,
2677 684 2904 738 Domine
2922 723 2937 747 ,
2969 683 3039 737 da
3066 683 3223 737 nobis
3251 682 3320 737 de
3346 679 3485 737 caelo
3507 719 3523 746 ,
3555 688 3612 735 et
3636 692 3741 751 pax

2162 785 2286 842 tua,
2316 776 2563 843 Christe,
2591 792 2804 846 semper
2839 784 3057 831 maneat
3081 776 3136 829 in
3162 775 3463 832 visceribus
3502 773 3738 840 nostris,

2160 876 2224 924 ut
2246 884 2355 925 non
2384 869 2674 925 timeamus
2702 884 2733 923 a
2762 867 2960 927 timore
2986 873 3272 923 nocturno.

2882 981 3017 1038 Alia.

2234 1072 2430 1129 Pacem
2460 1082 2611 1129 tuam
2632 1115 2647 1141 ,
2675 1073 2901 1130 Domine
2920 1116 2935 1142 ,
2969 1074 3035 1129 da
3064 1074 3221 1131 nobis
3249 1074 3314 1131 de
3344 1075 3483 1133 coelo
3503 1117 3518 1143 ,
3549 1084 3737 1151 et‘pax.

2164 1176 2257 1223 tua
2278 1209 2292 1233 ,
2323 1166 2573 1234 Christe,
2606 1183 2821 1239 semper
2848 1178 3068 1224 maneat
3094 1170 3147 1224 in
3172 1170 3477 1227 visceribus
3508 1174 3743 1241 nostris,

2164 1268 2226 1315 ut
2254 1261 2588 1315 dormiamus
2615 1277 2738 1316 cum
2762 1277 2895 1332 pace
2916 1303 2930 1327 ,
2959 1270 3014 1317 et
3038 1263 3319 1334 vigilemus
3348 1279 3470 1319 cum
3499 1264 3744 1333 Christo,

2167 1350 2267 1418 Qui
2307 1367 2431 1408 cum
2468 1353 2631 1409 Patre
2667 1362 2722 1409 et
2761 1353 2964 1425 Spiritu
3004 1363 3191 1411 sancto
3228 1366 3419 1429 regnat
3454 1357 3509 1414 in
3544 1367 3743 1415 aeterna

2168 1448 2381 1503 sarcula.

2884 1521 3019 1583 XV.

2475 1619 2697 1681 Oratio
2736 1628 2878 1681 ante
2914 1622 3422 1685 communionem.

2242 1736 2467 1793 Domine
2508 1737 2635 1795 Jesu
2673 1739 2889 1796 Christe
2909 1784 2923 1807 ,
2954 1741 3057 1797 Fili
3096 1743 3191 1799 Dei
3224 1743 3533 1813 unigenite,
3563 1745 3657 1816 qui
3686 1761 3742 1802 es

2169 1837 2223 1883 et
2251 1831 2341 1899 qui
2372 1845 2492 1885 eras
2521 1846 2644 1886 cum
2670 1831 2831 1888 Patre
2859 1842 2912 1888 et
2941 1835 3142 1904 Spiritu
3171 1845 3355 1891 sancto
3382 1838 3544 1893 unius
3567 1853 3749 1895 essen.

2172 1922 2257 1975 tiae
2290 1921 2431 1977 Deus
2457 1939 2470 1989 ;
2507 1923 2559 1977 in
2591 1940 2697 1995 quo
2728 1925 2839 1979 solo
2868 1934 2952 1981 est
2980 1942 3108 1991 vera
3136 1928 3378 1983 omnium
3404 1938 3746 1998 peccatorum

2170 2017 2417 2072 remissio
2436 2058 2450 2083 ,
2480 2028 2533 2071 et
2571 2033 2668 2088 per
2698 2036 2859 2091 quem
2890 2021 2998 2075 vita
3029 2030 3083 2076 et
3112 2021 3255 2077 salus
3282 2031 3573 2092 praestatur
3599 2031 3750 2079 aeter-

2171 2123 2239 2163 na
2266 2125 2279 2161 :
2312 2111 2404 2179 qui
2436 2111 2783 2182 publicanum
2816 2113 3164 2169 conﬁtentem
3184 2123 3405 2186 peccata
3437 2130 3534 2169 sua
3550 2114 3747 2185 justiﬁ-

2172 2201 2341 2266 casti,
2375 2210 2428 2256 et
2456 2202 2817 2257 Chananaeam
2850 2204 3110 2259 humilem
3138 2214 3188 2259 te
3218 2206 3560 2260 invocantem
3590 2221 3751 2261 exau‘

2172 2292 2330 2361 disti,
2362 2303 2414 2347 et
2452 2294 2673 2350 Petrum
2711 2304 2998 2367 negantem
3036 2296 3353 2368 reSpexisti,
3381 2295 3601 2352 ﬂentem
3627 2312 3755 2367 quo-

2174 2402 2278 2457 que
2307 2403 2490 2443 amare
2517 2389 2804 2460 recepisti,
2833 2398 2887 2445 et
2911 2390 3108 2445 latroni
3135 2391 3187 2445 in
3215 2406 3375 2445 cruce
3401 2399 3454 2445 te
3481 2390 3754 2445 conﬁtenti

2172 2479 2386 2534 veniam
2417 2495 2538 2534 cum
2568 2480 2739 2552 gloria
2766 2480 3005 2551 paradisi
3038 2481 3270 2537 donasti.
3304 2481 3382 2536 Da
3410 2482 3546 2537 mihi
3572 2484 3755 2539 miser-

2173 2573 2312 2627 rimo
2349 2581 2405 2627 et
2441 2571 2810 2629 infelicissimo
2839 2575 3113 2645 peccatori
3133 2616 3149 2641 ,
3183 2591 3306 2631 cum
3336 2577 3532 2631 timore
3558 2586 3617 2631 et
3644 2585 3750 2630 tre-

2174 2678 2327 2719 more
2365 2664 2646 2720 conﬁtenti
2682 2676 2905 2737 peccata
2942 2682 3094 2733 mea,
3136 2668 3349 2722 veniam
3383 2676 3438 2722 et
3476 2667 3754 2738 indulgen-

2176 2756 2306 2811 tiam
2346 2757 2610 2811 scelerum
2648 2773 2925 2825 meorum,
2966 2767 3027 2812 ut
3067 2760 3401 2815 sacrosancti
3427 2760 3758 2815 communio-

2175 2866 2299 2905 nem
2331 2850 2578 2921 eorporis
2603 2858 2657 2906 et
2680 2852 2958 2921 sanguinis
2988 2856 3062 2907 tui
3092 2868 3198 2908 non
3228 2853 3297 2909 ad
3314 2853 3578 2923 judicium
3606 2855 3756 2910 dam-

2177 2943 2448 3009 nationis,
2482 2945 2577 2999 sed
2608 2944 2673 2999 ad
2705 2945 3001 3000 remedium
3031 2955 3307 3018 perpetua:
3337 2947 3468 3001 mihi
3497 2946 3765 3005 concedas

2099 3027 2147 3092 C
2179 3050 2297 3091 esse
2347 3036 2555 3092 salutis.
2608 3036 2715 3095 Per
2744 3038 3045 3094 Dominum
3090 3048 3336 3097 nostrum
3376 3039 3567 3099 Jesnm
3610 3040 3762 3099 Chri-

2180 3134 2344 3182 stum.
2377 3126 2572 3183 Amen.

2798 3220 2919 3275 Alia
2954 3223 3145 3275 oratio.

2248 3310 2475 3367 Domine
2501 3310 2629 3367 Iesu
2656 3308 2870 3367 Christe
2888 3354 2902 3381 ,
2935 3312 3036 3367 Fili
3068 3312 3163 3368 Dei
3192 3313 3331 3380 vivi,
3360 3310 3453 3384 q'ui
3478 3329 3547 3369 ex
3573 3313 3763 3371 volun-

2180 3413 2289 3460 tate
2319 3404 2532 3471 Patris,
2565 3413 2887 3475 cooperante
2917 3405 3122 3477 Spiritu
3152 3416 3372 3474 sancto,
3404 3424 3501 3478 per
3531 3417 3762 3465 mortem

2182 3506 2329 3552 tuam
2354 3498 2613 3553 mundum
2638 3497 2924 3555 viviﬁcasti
2941 3540 2954 3565 ,
2985 3499 3157 3555 libera
3182 3516 3268 3556 me
3292 3516 3393 3571 per
3422 3501 3527 3556 hoc
3548 3512 3763 3555 sacrum

2179 3608 2376 3663 corpus
2414 3601 2469 3647 et
2502 3592 2820 3664 sanguinem
2861 3601 3012 3648 tuum
3048 3609 3080 3647 a
3118 3594 3329 3648 cunctis
3358 3593 3762 3663 iniquitatibus,

2178 3695 2232 3741 et
2257 3686 2440 3757 pravis
2466 3700 2530 3739 ac
2554 3685 2775 3756 perﬁdis
2801 3685 3242 3755 cogitationibus,
3274 3694 3331 3740 et
3355 3686 3626 3740 universis
3651 3699 3765 3740 ma-

2178 3777 2283 3843 lis;
2322 3784 2377 3831 et
2408 3775 2495 3832 {ac
2532 3792 2619 3833 me
2657 3777 2767 3832 tuis
2803 3777 3022 3832 obedire
3055 3777 3375 3847 prmceptis,
3413 3784 3470 3830 et
3518 3776 3767 3846 permitte

2180 3884 2265 3923 me
2299 3885 2329 3923 a
2368 3876 2418 3924 te
2451 3883 2728 3939 nunquam
2765 3868 2823 3923 in
2859 3876 3183 3940 perpetuum
3220 3868 3484 3940 separari.
3518 3865 3624 3922 Per
3658 3865 3764 3922 Do-

2178 3959 2404 4015 minum.

2572 4028 2757 4085 Oratio
2788 4038 2901 4102 post
2938 4031 3373 4085 communionem.

2250 4123 2474 4179 Domine
2519 4116 2645 4178 Jesu
2693 4122 2943 4191 Christe,
2991 4122 3092 4179 Fili
3139 4124 3233 4179 Dei
3281 4123 3425 4190 viri,
3458 4130 3674 4180 creator
3713 4130 3768 4179 et

2180 4224 2518 4272 restaurator
2543 4217 2755 4287 generis
2780 4217 3035 4282 humani,
3063 4216 3155 4287 qui
3183 4232 3249 4271 ex
3277 4216 3553 4271 voluntate
3577 4214 3764 4271 aeterni

2177 4307 2378 4373 Patris,
2399 4316 2723 4378 cooperante
2750 4317 2938 4363 sancto
2962 4304 3187 4378 Spiritu,
3208 4316 3262 4361 et
3282 4323 3504 4362 carnem
3526 4316 3766 4371 nostram

2100 4393 2153 4455 D
2179 4401 2456 4473 suscipere
2479 4442 2492 4465 ,
2523 4407 2579 4455 et
2606 4409 2835 4455 mortem
2863 4415 2962 4469 pro
2994 4401 3149 4455 nobis
3179 4398 3361 4454 subire
3389 4399 3642 4470 dignatus
3668 4413 3762 4463 es;

2182 4493 2273 4565 qui
2302 4492 2503 4563 jugitcr
2534 4507 2633 4562 pro
2672 4500 2856 4547 nostra
2893 4492 3065 4547 salute
3111 4490 3411 4546 immolaris
3459 4500 3514 4546 et
3559 4496 3768 4562 integer

2182 4600 2469 4658 permanes
2499 4601 2509 4638 :
2546 4593 2598 4639 te
2630 4583 2870 4655 gloriﬁco
2905 4593 2959 4638 et
3000 4583 3372 4655 superexalto,
3412 4584 3767 4641 clementissi-

2182 4695 2268 4734 me
2288 4720 2301 4745 ,
2336 4679 2594 4750 hymnum
2625 4677 2807 4748 glorize
2838 4677 3092 4742 concino,
3125 4677 3217 4748 qui
3247 4692 3333 4732 me
3363 4677 3623 4732 miserum
3652 4686 3770 4730 tau-

2183 4772 2251 4828 tis
2278 4772 2599 4827 criminibus
2642 4771 2941 4839 irretitum,
2975 4772 3027 4826 in
3058 4785 3285 4826 numero
3328 4785 3611 4826 servorum
3652 4777 3767 4822 tuo-

2182 4881 2303 4920 rum
2332 4865 2594 4920 advocare
2627 4865 2877 4936 dignatus
2905 4880 2964 4919 es
2983 4906 2996 4932 ,
3025 4872 3079 4919 et
3106 4866 3248 4920 sacri
3278 4864 3523 4934 corporis
3551 4879 3619 4921 ac
3642 4879 3769 4918 san-

2182 4959 2361 5028 guinis
2398 4958 2473 5011 tui
2511 4957 2830 5027 participem
2872 4956 2988 5011 ﬁeri
3034 4957 3309 5023 tribuisti,
3353 4972 3483 5027 rogo
3512 4964 3770 5011 aeternam

2182 5049 2611 5106 misericordiam
2659 5057 2847 5114 tuam,
2891 5046 3120 5103 Domine
3162 5047 3305 5103 Deus
3347 5063 3534 5112 meus,
3576 5055 3636 5101 ut
3674 5061 3770 5116 per

2185 5145 2327 5201 hanc
2354 5150 2815 5199 sacramentorum
2842 5150 3055 5197 tuorum
3082 5139 3484 5212 perceptionem
3512 5148 3567 5195 et
3591 5155 3621 5192 a
3645 5152 3773 5208 pec-

2186 5245 2433 5293 catormn
2466 5228 2715 5291 sordibus
2754 5250 2841 5289 me
2872 5234 3099 5290 mundes
3118 5276 3132 5301 ,
3161 5242 3215 5287 et
3245 5250 3274 5287 a
3307 5233 3451 5287 vitiis
3480 5230 3693 5287 cunctis
3719 5237 3775 5285 et

2186 5334 2395 5389 insidiis
2427 5332 2632 5387 inimici
2662 5331 2967 5397 custodias,
3001 5338 3055 5385 et
3082 5337 3231 5383 tuam
3262 5344 3347 5382 me
3378 5327 3559 5382 facere
3588 5325 3775 5379 volun-

2184 5434 2352 5481 tatem
2383 5426 2605 5487 doceas,
2643 5431 2697 5477 et
2727 5423 2796 5477 ad
2823 5437 3073 5493 superna:
3111 5421 3303 5492 patria:
3341 5418 3541 5491 gaudia
3566 5414 3774 5490 perduc

2189 5534 2301 5577 cas.
2332 5517 2444 5573 Deo
2474 5518 2696 5589 gratias.
2726 5516 2918 5571 Amen.

2260 5677 2289 5718 ³
2326 5678 2529 5751 Nempe
2557 5677 2663 5736 diei
2689 5675 2974 5735 naturalis.
