4038 6336
1271 240 1663 306 LITURGICA.
1700 268 1772 282 —-
1807 238 2076 296 OFFICIA
2113 237 2251 294 PER
2287 238 2557 295 FERIAS.

3415 239 3550 306 ,510

282 384 3546 410 mw

993 480 1098 552 ⁵²
1175 502 2024 621 OPUSCULUM
2111 503 2800 618 TERTIUM.

904 721 1640 840 OFFICIA
1716 726 2094 839 PER
2169 723 2922 874 manus,

1847 916 1976 974 SEU

273 1046 570 1111 PSALMI
613 1045 1037 1110 SECUNDUM
1090 1048 1272 1110 DIES
1313 1047 1848 1114 HEBDOMADE
1894 1047 2280 1112 SINGULOS
2320 1047 2606 1124 QUIBUS
2648 1049 2730 1110 IN
2771 1047 3149 1113 ECCLESIA
3194 1049 3547 1118 CANTAN-

351 1150 538 1224 TUR,
583 1149 997 1226 DISPOSITI,
1043 1149 1209 1220 CUM
1251 1151 1812 1227 ORATIONIBUS,
1858 1151 2194 1227 HYMNIS,
2239 1147 2907 1214 CONFESSIONIBUS
2947 1149 3050 1214 ΕΤ
3094 1149 3463 1217 LITANIIS.

695 1422 760 1465 IN
801 1421 1050 1468 NOMINE
1094 1427 1201 1468 DEI
1245 1421 1450 1470 SUMUI

467 1501 707 1548 INCIPIT
747 1503 1062 1548 SCRIPTUM
1111 1506 1320 1548 ALBINI
1367 1505 1669 1551 MAGIS“!

557 1584 641 1628 ΔΙ)
682 1582 981 1628 CABOLUM
1017 1585 1480 1631 IMPERATOREH
1517 1590 1566 1629 ⁸.

335 1714 542 1772 Beatus
575 1715 742 1788 igitur
777 1715 948 1770 David
979 1733 1075 1772 rex
1106 1734 1332 1790 magnus
1360 1727 1414 1774 et
1439 1735 1630 1775 servus
1655 1719 1752 1775 Dei
1781 1720 1861 1775 al-

274 1807 469 1864 tissimi
509 1810 668 1865 nobis
711 1809 972 1880 psallendi
1019 1810 1462 1881 regulam'dedit,
1493 1812 1726 1882 qualiter
1765 1827 1864 1882 per

271 1893 643 1958 dinumeratas
685 1902 848 1957 horas
887 1903 1156 1973 quaslibet
1179 1904 1340 1958 homo
1371 1906 1440 1959 ad
1468 1905 1639 1960 Deum
1669 1919 1862 1976 preces

269 1990 502 2048 fundere
547 1994 770 2059 debeat,
815 1995 890 2048 ita
937 1995 1164 2049 dicens'
1213 1994 1409 2064 Septies
1451 1997 1502 2050 in
1535 1997 1620 2050 die
1649 1995 1861 2051 laudem

269 2087 446 2140 dicam
477 2087 570 2140 tibi
602 2075 785 2158 (Psal.
813 2101 979 2141 cxvtn
999 2128 1013 2154 ,
1045 2085 1201 2160 164).
1233 2085 1346 2142 Hoc
1375 2095 1459 2142 est
1487 2089 1660 2158 prima
1689 2087 1821 2142 hora
1843 2129 1862 2162 ι

269 2175 510 2232 secunda
535 2217 550 2242 ,
593 2178 781 2244 tertia,
813 2186 965 2234 sexta
987 2217 1000 2243 ,
1034 2193 1173 2232 nona
1197 2218 1210 2242 ,
1237 2178 1550 2248 vespertina
1579 2187 1634 2234 et
1661 2179 1861 2233 duode~

268 2267 431 2324 cima.
451 2267 557 2322 Per
577 2268 678 2323 has
698 2269 882 2340 itaque
911 2279 1119 2340 septem
1148 2270 1313 2325 horas
1335 2269 1503 2325 David
1525 2287 1621 2326 rex
1647 2270 1860 2326 laudem

267 2357 487 2414 dicebat
523 2358 669 2426 Deo,
711 2361 805 2415 sed
837 2371 892 2416 et
931 2370 1148 2416 sanctus
1183 2359 1372 2416 Daniel
1407 2363 1670 2433 prOpheta
1703 2364 1860 2418 tertia

265 2454 317 2505 et
355 2458 518 2505 sexta
558 2459 614 2506 et
661 2466 804 2506 nona
833 2452 967 2507 hora
997 2453 1100 2508 diei
1136 2454 1204 2507 ad
1244 2454 1640 2524 deprecandum
1672 2453 1856 2509 Domi-

264 2557 401 2598 num
429 2543 730 2598 ascendens
773 2544 828 2598 iu
854 2545 1110 2599 solarium
1138 2561 1295 2599 suum
1323 2547 1580 2617 expansis
1607 2546 1858 2602 manibus

264 2631 332 2690 ad
361 2635 566 2691 coelum
596 2637 988 2707 deprecabatur
1026 2638 1193 2692 Deum
1230 2656 1328 2708 pro
1359 2656 1416 2694 se
1447 2649 1500 2695 et
1526 2657 1623 2710 pro
1661 2640 1858 2710 populo

1887 1344 2231 1457 Asequitur.
2291 1383 2544 1440 Miserere
2593 1384 2742 1451 mei,
2795 1383 2958 1439 Deus.
3016 1381 3269 1438 Deinde:
3333 1375 3546 1452 Venite,

1961 1479 2284 1536 exsultemus
2333 1478 2581 1535 Domino.
2636 1476 2839 1535 Deinde
2885 1475 3122 1548 psalmos
3171 1483 3406 1549 quantos
3454 1491 3550 1532 vo-

1963 1571 2148 1628 luerit.

2589 1683 2888 1761 FEBIA
2942 1683 3006 1759 Ι.

2375 1839 2605 1914 (Deesse
2638 1839 2846 1894 videtur
2875 1835 3140 1909 aliquid.)

2585 1970 2928 2029 PSALMUS.

2037 2059 2217 2160 (Issa.
2247 2086 2379 2161 etv.)
2406 2098 2426 2126 ε
2461 2085 2807 2142 Conﬁtemini
2829 2084 3080 2152 Domino,
3102 2089 3157 2138 et
3183 2081 3430 2138 invocate
3453 2096 3552 2137 no-

1963 2194 2087 2234 men
2117 2177 2232 2247 ejus
2259 2198 2270 2232 :
2305 2180 2620 2234 annuntiate
2661 2180 2805 2233 inter
2833 2186 3022 2250 gentes
3049 2191 3215 2248 opera
3243 2173 3380 2245 ejus.
3410 2173 3552 2230 Can-

1963 2278 2075 2324 tate
2106 2269 2186 2336 ei,
2218 2279 2272 2324 et
2298 2271 2508 2340 psallite
2535 2273 2585 2326 ei
2616 2289 2628 2324 :
2660 2281 2878 2324 narrate
2905 2269 3086 2324 omnia
3114 2267 3384 2323 mirabilia
3414 2265 3550 2334 ejus.

1961 2359 2284 2417 Laudamini
2313 2362 2370 2418 in
2401 2361 2619 2417 nomine
2646 2370 2834 2417 sancto
2862 2359 2978 2430 ejus
3003 2376 3017 2414 :
3047 2360 3260 2415 lactetur
3284 2375 3379 2414 cor
3409 2373 3556 2428 quae-

1963 2457 2197 2510 rentium
2227 2455 2535 2511 Dominum.
2567 2454 2801 2522 Qurerite
2832 2455 3120 2510 Dominum
3163 2463 3218 2509 et
3261 2452 3554 2508 conﬁrma-

1961 2549 2092 2603 mini
2119 2567 2130 2601 :
2166 2550 2390 2619 quaerite
2414 2548 2610 2604 faciem
2636 2549 2752 2618 ejus
2778 2564 3010 2619 semper.
3033 2548 3359 2603 Mementote
3391 2546 3557 2601 mira-

1960 2640 2149 2695 bilium
2194 2641 2310 2712 ejus
2352 2657 2472 2710 quae
2513 2639 2684 2696 fecit:
2736 2642 2981 2712 prodigia
3025 2641 3176 2710 ejus,
3214 2639 3416 2708 judicia
3443 2639 3555 2692 oris

261 2729 455 2786 Israel.
489 2729 598 2785 Sed
624 2741 677 2786 et
703 2731 845 2786 idem
877 2747 970 2785 rex
1001 2731 1170 2786 David
1197 2734 1374 2787 adhuc
1403 2733 1539 2786 dixit
1569 2751 1581 2786 :
1618 2732 1687 2786 Et
1718 2732 1858 2802 adji-
1887 2762 1933 2826 Β
1961 2730 2094 2800 ejus.
2132 2731 2326 2787 Semen
2354 2731 2626 2786 Abraham
2645 2772 2659 2798 ,
2691 2731 2830 2786 servi
2857 2729 3012 2799 ejus;
3044 2723 3138 2784 iilii
3167 2727 3364 2795 Jacob,
3395 2727 3553 2783 electi

262 2825 406 2878 ciam
449 2839 608 2894 super
645 2840 848 2878 omnem
877 2823 1086 2878 laudem
1113 2833 1257 2878 tuam
1291 2825 1309 2896 (
1336 2823 1483 2880 Psal.
1538 2842 1673 2892 Lxx,
1723 2825 1787 2878 M
1813 2824 1854 2893 ).

256 2913 506 2972 Proinde
533 2933 720 2972 rursus
747 2918 862 2972 ait:
893 2913 1071 2971 Media
1104 2927 1251 2972 nocte
1295 2917 1570 2989 surgebam
1601 2917 1669 2972 ad
1697 2919 1862 2989 conﬁ-

259 3011 484 3065 tendum
515 3011 606 3064 tibi
639 3007 823 3082 (Psal.
850 3024 1016 3066 cxvm
1037 3053 1051 3077 ,
1079 3010 1147 3064 6:7.
1167 3011 1206 3075 ).
1239 3009 1297 3065 Id
1327 3019 1439 3078 est,
1471 3018 1734 3065 nocturna
1764 3011 1862 3066 ho-

259 3119 342 3160 ra.
389 3103 467 3159 Et
513 3103 706 3159 iterum
738 3104 816 3158 ait
845 3121 858 3158 :
894 3103 1098 3158 Memor
1125 3103 1203 3174 fui
1232 3105 1284 3158 in
1318 3113 1462 3158 nocte
1492 3104 1717 3158 nominis
1748 3104 1858 3171 tui,

260 3194 496 3251 Domine
541 3195 741 3268 (Ibid.,
771 3211 823 3250 v.
851 3194 983 3266 55),
1029 3195 1172 3266 quod
1211 3204 1294 3250 est
1333 3194 1595 3265 gallorum
1646 3202 1858 3250 cantus.

259 3285 356 3343 Sic
399 3301 606 3341 memor
633 3285 711 3356 fui
739 3287 815 3340 tui
844 3303 1000 3357 super
1025 3294 1248 3340 stratum
1277 3303 1446 3340 meum
1464 3328 1478 3351 ,
1507 3287 1560 3339 in
1590 3286 1860 3340 matutinis

262 3378 571 3433 meditabor
599 3379 654 3431 in
685 3387 733 3431 te
765 3377 955 3449 (Psul.
986 3394 1126 3440 mi,
1156 3375 1247 3448 7).
1277 3377 1343 3430 Ili
1377 3385 1501 3431 sunt
1540 3392 1639 3447 per
1678 3385 1864 3432 noctes

258 3475 376 3527 tres
410 3469 575 3526 cilicii
603 3483 822 3535 cursus,
852 3478 906 3524 et
930 3486 1026 3539 per
1051 3469 1193 3524 diem
1225 3478 1431 3539 septem
1460 3488 1471 3522 :
1501 3470 1697 3539 quibUs
1724 3469 1863 3539 aptis

260 3560 283 3635 [
306 3559 412 3628 F.,
436 3560 678 3634 junctis]
711 3559 870 3616 simul
896 3559 1200 3616 efﬁciuntur
1227 3561 1411 3616 decem
1433 3601 1446 3625 ,
1480 3573 1616 3630 quos
1645 3575 1744 3615 nos
1770 3575 1857 3614 se-

257 3656 516 3711 cundum
551 3656 738 3711 decem
778 3656 942 3712 verba
979 3653 1114 3727 legis
1153 3655 1323 3728 Moysi
1364 3665 1637 3711 sectantes
1671 3665 1861 3711 canta-

256 3763 386 3805 mus
419 3749 474 3802 δ.
511 3747 620 3804 Sed
647 3749 775 3819 quia
801 3763 900 3805 vos
931 3747 1166 3819 rogastis
1185 3789 1199 3813 ,
1234 3756 1290 3802 ut
1319 3749 1684 3803 scriberemus
1708 3747 1863 3803 vobis

255 3841 610 3898 breviarium
639 3838 962 3897 commatico
993 3855 1243 3894 sermone
1262 3880 1276 3905 ,
1308 3840 1542 3909 qualiter
1568 3840 1731 3894 homo
1759 3838 1862 3892 lai-

256 3947 359 3988 cus
389 3933 490 4004 qui
527 3931 703 3987 adhuc
731 3932 785 3986 in
815 3931 991 3986 activa
1021 3931 1131 3985 vita
1163 3931 1446 3997 consistit,
1478 3946 1576 4001 per
1605 3929 1861 3985 dinume-

257 4035 421 4081 ratas
452 4026 623 4080 horas
655 4025 750 4079 has
778 4024 888 4079 Deo
921 4024 1224 4094 supplicare
1249 4024 1443 4078 debeat
1469 4041 1480 4076 :
1515 4031 1569 4077 et
1592 4022 1718 4076 licet
1741 4038 1860 4088 vos,

1964 2822 2102 2890 ejus.
2146 2823 2263 2893 Ipse
2307 2823 2564 2877 Dominus
2608 2821 2751 2876 Deus
2792 2829 2997 2885 noster,
3034 2821 3084 2874 in
3126 2820 3377 2874 universa
3409 2825 3556 2874 terra

1956 2913 2162 2984 judicia
2193 2914 2328 2986 ejus.
2361 2913 2564 2969 Memor
2589 2913 2691 2969 fuit
2719 2914 2773 2968 in
2801 2913 3055 2968 smculum
3087 2911 3395 2967 testamenti
3425 2910 3507 2966 sui
3537 2927 3550 2963 :

1962 3007 2112 3062 verbi
2156 3008 2301 3078 quod
2343 3008 2620 3062 mandavit
2662 3007 2716 3062 in
2761 3007 2906 3061 mille
2951 3007 3348 3078 generationes.
3393 3001 3548 3073 Quod

1963 3099 2228 3171 disposuit
2267 3101 2334 3155 ad
2368 3099 2641 3154 Abraham
2673 3118 2685 3153 :
2718 3108 2772 3154 et
2807 3098 3104 3169 juramenti
3147 3099 3228 3153 sui
3271 3099 3340 3152 ad
3379 3097 3552 3154 Isaac.

1963 3191 2032 3246 Et
2062 3193 2252 3248 statuit
2279 3191 2406 3246 illud
2433 3189 2601 3248 Jacob
2628 3192 2682 3246 in
2712 3201 3042 3262 praeceptum
3073 3211 3084 3245 :
3116 3200 3170 3246 et
3196 3189 3363 3246 Israel
3391 3191 3446 3245 in
3476 3199 3556 3245 te-

1963 3293 2290 3340 stamentum
2319 3294 2601 3340 teternum.
2635 3285 2825 3340 Dicent
2852 3300 2865 3338 :
2893 3284 3011 3338 Tibi
3043 3283 3182 3339 dabo
3215 3293 3417 3338 terram
3449 3280 3554 3352 53

1963 3376 2224 3432 Chanaan
2253 3397 2264 3430 :
2293 3375 2587 3432 funiculum
2614 3377 2946 3432 hatreditatis
2971 3384 3184 3431 vestrae.
3214 3375 3348 3430 Cum
3373 3380 3557 3429 essent

1963 3481 2188 3524 numero
2231 3467 2384 3523 brevi
2417 3487 2429 3521 :
2461 3468 2773 3539 paucissimi
2817 3476 2873 3523 et
2915 3467 3105 3522 incolae
3151 3465 3287 3536 ejus.
3322 3459 3390 3519 Et
3431 3479 3554 3535 pcr-

1964 3553 2296 3616 transierunt
2322 3561 2387 3616 de
2415 3568 2573 3632 gente
2603 3561 2657 3614 in
2685 3567 2900 3630 gentem
2926 3577 2938 3613 :
2972 3567 3026 3615 et
3053 3559 3120 3614 de
3147 3572 3311 3630 regno
3351 3555 3417 3612 ad
3458 3571 3556 3628 po-

1961 3655 2151 3726 pulum
2191 3655 2442 3710 alterum.
2484 3653 2602 3711 Non
2645 3656 2864 3727 reliquit
2899 3655 3172 3711 hominem
3214 3669 3408 3710 nocere
3436 3654 3550 3720 eis,

1963 3757 2019 3804 et
2061 3749 2322 3819 corripuit
2363 3763 2462 3818 pro
2501 3749 2580 3803 eis
2624 3764 2798 3820 reges.
2837 3747 3015 3804 Nolite
3056 3757 3280 3820 tangere
3317 3748 3552 3803 christos

1963 3855 2115 3895 meos
2141 3859 2154 3895 :
2189 3849 2242 3894 et
2282 3841 2335 3894 in
2365 3841 2644 3910 pr0phctis
2671 3840 2807 3895 meis
2834 3839 2998 3895 nolite
3027 3839 3332 3912 malignari.
3365 3837 3433 3894 Et
3458 3853 3554 3895 vo-

1963 3933 2106 3986 cavit
2146 3930 2344 3986 famem
2385 3946 2548 4001 super
2585 3939 2788 3986 terram
2819 3947 2832 3986 :
2866 3937 2922 3986 et
2959 3946 3120 3987 omne
3150 3931 3553 3986 ﬁrmamentum

1962 4023 2118 4094 panis
2158 4023 2430 4078 contrivit.
2480 4021 2623 4078 Misit
2663 4031 2785 4078 ante
2827 4039 2922 4080 eos
2959 4024 3179 4080 virum:
3232 4025 3285 4078 in
3337 4037 3553 4078 servum

256 4120 356 4188 qui
403 4115 725 4174 Christiano
762 4116 953 4170 ordine
984 4115 1194 4179 vivitis,
1227 4113 1534 4167 Christiana
1583 4128 1746 4180 opera
1779 4109 1860 4164 fa-
1885 4135 1934 4198 ρ
1964 4116 2306 4171 venundatus
2328 4124 2410 4170 est
2434 4113 2652 4186 Ioseph.
2679 4115 3110 4171 Humiliaverunt
3131 4115 3188 4170 in
3208 4114 3556 4186 compedibus

256 4224 391 4264 cere
418 4208 777 4270 desideratis,
809 4221 915 4261 non
942 4206 1204 4277 ignoratis
1232 4204 1460 4274 qualiter
1485 4204 1712 4258 Domino
1739 4221 1864 4275 sup-

250 4300 508 4370 plicetur
540 4317 552 4353 :
595 4299 690 4355 sed
732 4299 857 4369 quia
890 4299 1153 4370 rogastis,
1186 4297 1424 4350 dicemus
1453 4297 1691 4350 breviter
1721 4295 1866 4364 quod

252 4397 563 4452 sentimus.
594 4392 727 4448 Cum
757 4395 902 4448 enim
949 4393 1012 4447 de
1041 4391 1237 4446 lectulo
1281 4399 1482 4445 stratus
1522 4390 1691 4444 vestri
1741 4405 1863 4444 sur-

254 4490 498 4545 rexistis
519 4529 534 4552 ,
565 4489 851 4543 dicendum
879 4489 1032 4542 vobis
1062 4494 1144 4542 est
1171 4505 1182 4539 :
1215 4487 1300 4540 die
1326 4487 1561 4556 primum
1596 4505 1606 4538 :
1641 4483 1865 4539 Domine

248 4583 394 4638 Iesu
426 4581 663 4646 Christe,
700 4579 810 4634 Fili
840 4579 938 4634 Dei
967 4581 1060 4636 viri
1081 4621 1094 4644 ,
1123 4581 1177 4632 in
1210 4579 1415 4631 nomine
1439 4588 1528 4630 tuo
1555 4577 1729 4631 levabo
1755 4595 1867 4630 ma-

250 4695 358 4730 nus
395 4692 571 4729 meas.
603 4673 814 4729 Dicitur
843 4671 977 4745 [F.,
1009 4669 1188 4744 Deus]
1212 4673 1264 4725 in
1294 4670 1623 4740 mljntorium
1653 4686 1825 4723 meum
1848 4708 1862 4734 ,

251 4775 376 4821 tres
427 4765 554 4838 [ita
581 4764 723 4837 ms.]
767 4764 973 4820 vicibus
1028 4779 1150 4819 cum
1203 4763 1448 4833 psalmo:
1492 4759 1661 4816 Verba
1708 4777 1823 4814 mea
1849 4801 1863 4827 ,

249 4875 446 4930 usque
477 4877 491 4912 :
540 4857 698 4912 Mane
729 4859 910 4912 astabo
951 4859 1064 4911 tibi.
1106 4855 1308 4909 Deinde
1334 4895 1348 4920 ,
1391 4853 1552 4907 Pater
1587 4861 1781 4916 noster,
1811 4858 1868 4905 et

243 4945 461 5025 preces
490 4967 506 5005 :
543 4951 802 5022 Dignare,
831 4949 1053 5005 Domine
1077 4992 1090 5015 ,
1123 4949 1207 5002 die
1237 4950 1334 5001 isto
1363 4963 1379 5000 :
1428 4945 1617 5017 perﬁce
1661 4961 1864 5014 gressus

243 5066 410 5103 meos
442 5064 460 5100 :
494 5045 812 5101 Benedictus
854 5043 1109 5098 Dominus
1148 5043 1231 5095 die
1269 5039 1535 5112 quotidie:
1565 5037 1790 5105 dirigere
1817 5043 1865 5088 et

243 5139 613 5209 sancti/icore
637 5139 865 5209 digneris
888 5153 905 5190 :
935 5135 1060 5189 Fiat
1088 5132 1447 5188 misericordia
1475 5140 1564 5182 tua
1583 5169 1596 5191 ,
1624 5127 1862 5191 Domine,

241 5250 430 5305 super
463 5247 583 5286 nos.
616 5229 685 5286 Et
712 5246 937 5300 surgens
965 5228 1188 5298 incipiat
1213 5241 1430 5280 versum
1459 5242 1470 5276 :
1502 5221 1751 5283 Domine,
1787 5217 1866 5272 la-

244 5325 342 5378 bia
397 5339 528 5378 mea
572 5323 792 5394 aperies.
843 5322 960 5391 Ipso
1005 5318 1217 5388 expleto
1264 5331 1384 5369 eum
1430 5314 1598 5384 gloria
1646 5311 1868 5381 incipiat

239 5415 598 5474 Psalmum:
643 5413 898 5478 Domine,
939 5410 1064 5483 quid
1104 5407 1438 5477 multiplicati
1480 5415 1620 5458 sunt.
1664 5402 1865 5457 Deinde

330 5562 362 5590 ει
411 5547 501 5600 Ex
526 5547 710 5602 codice
735 5546 882 5616 regio
905 5542 1196 5600 Parisiensi
1222 5549 1275 5595 ct
1299 5538 1476 5593 libello
1500 5539 1866 5608 preeationum
1891 5516 1947 5580 D

238 5619 464 5682 Caroli
491 5617 664 5672 Calvi.

333 5696 365 5734 b
419 5688 720 5761 ﬂuensque
749 5690 803 5746 in
830 5687 969 5746 libro
997 5685 1302 5759 precatorio
1329 5681 1506 5738 Caroli
1539 5680 1708 5736 Calvi.

1966 4209 2130 4280 pedes
2157 4209 2289 4278 ejus,
2321 4207 2525 4262 ferrum
2553 4207 2903 4276 pertransivit
2929 4207 3168 4266 animam
3195 4205 3312 4275 ejus
3340 4225 3352 4259 :
3382 4207 3552 4262 donec

1965 4302 2174 4355 veniret
2203 4299 2426 4356 verbum
2457 4301 2592 4371 ejus.
2627 4301 2915 4372 Eloquium
2943 4301 3158 4358 Domini
3199 4299 3556 4358 inﬂammavit

1966 4411 2116 4459 eum,
2151 4393 2296 4448 misit
2326 4410 2420 4450 rex
2451 4402 2506 4448 et
2532 4394 2691 4448 solvit
2719 4411 2839 4448 eum
2869 4409 2882 4448 :
2915 4395 3164 4466 princeps
3195 4393 3514 4466 populorum
3534 4433 3551 4461 ,

1964 4495 2020 4542 et
2067 4487 2271 4542 dimisit
2316 4503 2460 4543 eum.
2508 4485 2799 4543 Constituit
2845 4504 2970 4542 eum
3019 4485 3311 4543 Dominum
3359 4488 3552 4543 domus

1967 4596 2075 4634 sum
2099 4622 2111 4646 ,
2145 4587 2198 4633 et
2227 4579 2524 4649 principem
2555 4580 2732 4634 omnis
2766 4579 3124 4649 possessionis
3156 4596 3286 4634 suae.
3320 4579 3391 4636 Ut
3429 4593 3556 4634 eru-

1967 4669 2106 4724 diret
2133 4671 2405 4740 principes
2431 4668 2548 4737 ejus
2581 4671 2725 4723 sicut
2751 4669 3103 4740 semetipsum
3124 4712 3138 4735 ,
3169 4679 3225 4727 et
3253 4687 3411 4726 senes
3439 4670 3556 4742 ejus

1965 4761 2306 4830 prudentiam
2338 4762 2576 4815 doceret.
2605 4759 2671 4812 Et
2705 4760 2926 4813 intravit
2949 4760 3112 4817 Israel
3142 4763 3195 4817 in
3223 4761 3551 4834 Egyptum:

1966 4859 2019 4905 et
2040 4849 2204 4906 Jacob
2229 4849 2405 4904 accola
2434 4849 2534 4903 fuit
2561 4849 2615 4902 in
2645 4857 2787 4902 terra
2815 4848 3004 4904 Cham.
3033 4851 3101 4906 Et
3127 4854 3276 4907 auxit
3301 4853 3553 4925 populum

1966 4960 2123 4998 suum
2161 4944 2510 4996 vehementer
2543 4959 2554 4994 :
2599 4948 2656 4995 et
2694 4941 2929 4996 nrmavit
2958 4959 3081 4998 eum
3115 4960 3278 5015 super
3307 4947 3556 5000 inimicos

1967 5034 2102 5103 ejus.
2163 5033 2438 5088 Convertit
2495 5049 2589 5088 cor
2638 5048 2860 5102 eorum,
2915 5044 2977 5091 ut
3031 5039 3247 5094 odirent
3295 5039 3551 5108 populum

1966 5128 2084 5197 ejus
2111 5148 2122 5181 :
2155 5137 2209 5181 ct
2235 5129 2413 5182 dolum
2441 5126 2683 5183 facerent
2711 5129 2763 5182 in
2791 5146 2975 5186 servos
3001 5131 3134 5200 ejus.
3166 5131 3309 5187 Misit
3333 5131 3554 5203 Moysen

1969 5236 2184 5278 servum
2217 5237 2371 5274 suum
2405 5239 2416 5274 :
2449 5220 2631 5274 Aaron
2665 5237 2826 5291 quem
2857 5223 3018 5294 elegit
3047 5225 3242 5294 ipsum.
3282 5221 3471 5278 Posuit
3501 5222 3554 5276 in

1967 5315 2045 5368 eis
2082 5315 2246 5368 verba
2277 5314 2549 5384 signorum
2577 5331 2796 5368 suorum
2845 5325 2899 5370 et
2935 5317 3302 5387 prodigiorum
3329 5315 3382 5369 in
3410 5327 3556 5370 terra

1969 5405 2159 5463 Cham.
2195 5407 2338 5461 Misit
2368 5408 2614 5463 tenebras
2639 5415 2694 5463 et
2718 5408 3030 5463 obscuravit
3056 5427 3067 5462 :
3101 5417 3156 5464 et
3186 5425 3293 5464 non
3322 5421 3554 5464 exacer-

1976 5553 2080 5670 ωδ
2111 5541 2189 5599 De
2233 5543 2344 5600 Usu
2385 5541 2740 5618 psalmorum.
2781 5542 2887 5598 Pro
2928 5557 3030 5597 usu
3071 5541 3231 5597 tertio
3255 5555 3418 5612 supra
3447 5539 3551 5596 col.
