4038 6336
504 259 602 317 5H

1321 262 1381 317 Β.
1423 261 1482 316 F.
1521 259 1745 316 ALBINI
1786 259 1918 318 SEU
1953 256 2231 318 ALCUlNl
2269 255 2551 317 OPERUM
2589 259 2768 319 PARS
2804 261 2894 319 Ν.

3667 267 3785 326 512

505 371 653 428 bavit
681 383 960 427 sermones
988 387 1132 428 suos.
1165 371 1443 428 Convertit
1469 391 1639 445 aquas
1667 392 1854 432 eorum
1885 377 1937 431 in
1968 391 2092 430 san-
2119 384 2166 442 Λ
2194 375 2404 444 operuit
2458 392 2618 448 super
2665 381 3134 452 congregationem
3182 381 3408 440 Abiron.
3455 383 3523 442 Et
3569 394 3782 451 exarsit

506 465 725 536 guinem
752 482 765 518 :
794 474 849 519 et
875 466 1072 520 occidit
1093 467 1268 537 pisces
1289 484 1495 523 eorum.
1525 470 1704 525 Edidit
1728 479 1872 526 terra
1899 485 2089 526 eorum

505 575 705 616 ranas:
734 561 786 616 in
813 561 1180 631 penetralibus
1211 578 1396 634 regum
1429 565 1684 634 ipsorum.
1715 565 1892 631 Dixit,
1920 575 1972 619 et.
1999 579 2091 618 ve-

503 655 583 709 nit
607 655 878 724 cynomia,
899 662 953 709 et
973 655 1243 724 sciniphes
1267 656 1318 709 in
1341 659 1587 711 omnii-it»
1613 658 1807 712 ﬁnibus
1830 659 2086 726 ipsorum.

503 747 692 803 Posuit
719 748 928 817 pluvias
956 763 1140 803 eorum
1169 751 1483 820 grandinem
1515 771 1526 804 ε
1563 753 1739 823 ignem
1771 754 2089 807 comburen-

503 850 612 896 tem
643 841 696 895 in
727 848 874 895 terra
907 842 1166 912 ipsorum.
1210 843 1273 896 Et
1316 845 1581 913 percussit
1609 846 1793 899 vineas
1819 861 2005 899 eorum
2034 855 2088 900 et

504 932 762 987 ﬁculneas
791 948 980 987 eorum
1009 952 1021 987 :
1055 942 1110 988 et
1139 935 1394 988 contrivit
1421 935 1622 1006 lignum
1651 935 1837 990 ﬁnium
1877 951 2084 990 eorum.

499 1025 680 1091 Dixit,
711 1034 768 1080 et
794 1027 943 1080 venit
969 1026 1204 1091 locusta,
1237 1035 1292 1082 et
1321 1028 1554 1082 bruchus
1583 1046 1595 1082 :
1630 1027 1783 1097 cujus
1823 1043 1930 1083 non
1969 1036 2090 1083 erat

500 1132 775 1172 numerus.
803 1117 869 1171 Et
892 1119 1125 1173 comedit
1144 1134 1304 1173 omne
1329 1120 1508 1175 fenum
1535 1121 1586 1174 in
1617 1130 1757 1176 terra
1782 1137 1967 1176 eorum
1990 1139 2002 1174 :
2031 1130 2086 1176 et

498 1209 734 1264 comedit
762 1225 976 1264 onmem
1010 1210 1243 1266 fructum
1275 1220 1432 1266 terrae
1459 1227 1666 1267 eorum.
1713 1213 1779 1266 Et
1817 1213 2086 1283 percussit

497 1315 656 1356 omne
680 1302 1096 1374 primogenitum
1128 1304 1182 1358 in
1213 1312 1357 1359 terra
1395 1320 1583 1360 eorum
1613 1324 1624 1358 :
1658 1306 1923 1376 primitias
1962 1322 2081 1362 om-

496 1392 582 1447 nis
612 1392 814 1448 laboris
842 1409 1050 1448 eorum.
1084 1394 1149 1448 Et
1174 1395 1360 1450 eduxit
1389 1411 1482 1450 eos
1509 1412 1630 1451 cum
1659 1405 1883 1467 argento
1905 1405 1960 1451 et
1988 1413 2082 1452 au-

497 1496 561 1536 ro
586 1499 600 1536 :
634 1490 688 1537 et
718 1498 823 1537 non
852 1494 972 1538 erat
999 1483 1053 1538 in
1088 1485 1335 1541 tribubus
1361 1501 1546 1542 eorum
1579 1487 1846 1542 inﬁrmus.
1875 1487 2080 1542 Ltetata

496 1579 581 1627 est
621 1571 886 1644 Egyptus
930 1575 984 1628 iu
1030 1575 1366 1644 profectione
1403 1592 1626 1632 eorum:
1673 1580 1796 1648 quia
1839 1580 2084 1634 incubuit

498 1663 660 1719 timor
688 1679 874 1719 eorum
905 1682 1068 1736 super
1095 1683 1209 1722 eos.
1254 1668 1524 1738 Expandit
1562 1670 1757 1724 nubem
1799 1671 1851 1725 in
1893 1680 2076 1742 prote-

2191 469 2328 538 ignis
2366 470 2420 523 in
2457 486 2784 544 synagogam
2810 489 2997 530 eorum
3025 495 3037 530 :
3069 476 3284 534 ﬂamma
3324 484 3619 540 combussit
3647 502 3784 558 pec-

2190 574 2420 617 catores.
2449 565 2516 618 Et
2545 565 2791 622 fecerunt
2818 568 3042 626 vitulum
3084 573 3136 627 in
3169 573 3348 632 Horeb
3375 595 3390 632 :
3420 584 3478 634 et
3515 580 3782 640 adorare-

2191 663 2315 708 runt
2343 656 2608 724 sculptile.
2635 658 2700 712 Et
2731 671 3074 718 mutaverunt
3101 666 3327 736 gloriam
3354 683 3509 726 suam
3535 673 3590 728 in
3619 676 3782 733 simi-

2191 744 2469 802 litudinem
2533 750 2682 805 vituli
2746 755 3082 812 comedentis
3156 759 3358 818 fenum.
3421 764 3583 822 Obliti
3645 779 3783 827 sunt

2188 833 2379 902 Deum,
2411 839 2500 908 qui
2531 841 2761 897 salvavit
2796 860 2909 906 eos,
2940 849 3031 916 qui
3068 849 3196 905 fecit
3223 855 3488 924 magnalia
3519 858 3572 912 in
3604 859 3780 932 Egy-

2188 936 2300 998 pto,
2329 931 2591 987 mirabilia
2624 935 2676 988 in
2703 943 2846 991 terra
2875 938 3043 994 Cham
3072 959 3084 994 :
3119 944 3382 1000 terribilia
3411 947 3466 1002 in
3494 952 3634 1005 mari
3663 931 3781 1008 nu.

2186 1019 2305 1074 bro.
2337 1022 2402 1077 Et
2429 1024 2568 1080 dixit
2597 1037 2656 1080 ut
2682 1028 3019 1098 disperderet
3047 1050 3140 1091 eos
3165 1055 3178 1090 :
3211 1041 3255 1093 si
3289 1055 3397 1095 non
3426 1041 3637 1114 Moyses
3664 1047 3780 1103 ele-

2187 1120 2306 1168 ctus
2327 1115 2442 1184 ejus
2470 1118 2709 1174 stetisset
2737 1122 2786 1174 in
2818 1124 3187 1184 confractione
3210 1131 3264 1185 in
3301 1146 3592 1206 conspectu
3628 1140 3772 1210 ejus.

2188 1204 2257 1260 Ut
2286 1219 2556 1265 averteret
2593 1211 2729 1267 iram
2762 1213 2900 1283 ejus,
2934 1233 3001 1273 ne
3044 1219 3380 1290 disperderet
3412 1204 3546 1282 eos:
3578 1237 3633 1283 et
3655 1204 3775 1300 pro

2184 1299 2353 1354 nihilo
2383 1302 2687 1359 habuerunt
2731 1315 2932 1362 terram
2977 1309 3409 1371 desiderabilem.
3448 1317 3564 1374 Non
3595 1299 3772 1377 credi.

2183 1390 2377 1446 derunt
2405 1395 2572 1450 verbo
2601 1397 2740 1467 ejus,
2769 1409 2824 1453 et
2853 1415 3329 1462 murmuraverunt
3362 1409 3416 1463 in
3449 1412 3778 1470 tabernacu-

2183 1479 2250 1535 lis
2276 1483 2388 1537 suis
2415 1501 2428 1536 :
2453 1500 2561 1540 non
2586 1489 2946 1546 exaudierunt
2971 1508 3156 1550 vocem
3183 1496 3414 1554 Domini.
3444 1500 3512 1555 Et
3536 1502 3779 1563 elevavit

2183 1587 2403 1628 manum
2429 1591 2581 1632 suam
2627 1595 2792 1650 super
2814 1598 2910 1639 eos
2934 1599 2948 1638 :
2977 1594 3036 1639 ut
3070 1597 3440 1657 prosterneret
3467 1609 3561 1651 eos
3587 1597 3644 1652 in
3670 1599 3774 1656 de-

2182 1676 2346 1723 serto.
2375 1670 2440 1724 Et
2467 1679 2525 1725 ut
2555 1672 2815 1742 dejiceret
2842 1692 3027 1735 semen
3053 1695 3238 1737 eorum
3271 1684 3323 1739 in
3352 1687 3682 1758 nationibus,
3711 1703 3775 1750 et

497 1754 728 1810 etionem
758 1771 944 1811 eorum
975 1775 987 1810 :
1021 1766 1077 1812 et
1104 1759 1279 1829 ignem
1305 1768 1366 1813 ut
1387 1759 1590 1814 luceret
1617 1761 1694 1814 eis
1723 1775 1818 1830 per
1845 1770 2074 1816 noctem.
2109 1742 2154 1802 Β
2182 1759 2514 1828 disperderet
2539 1779 2632 1818 eos
2671 1766 2724 1818 in
2756 1769 3082 1838 regionibus.
3116 1773 3181 1827 Et
3223 1775 3418 1830 initiati
3452 1790 3577 1834 sunt
3613 1781 3774 1838 Beel-

495 1844 806 1915 Petierunt,
839 1859 894 1905 et
921 1851 1067 1906 venit
1096 1853 1348 1907 coturnix
1374 1872 1387 1906 :
1421 1862 1476 1908 et
1499 1870 1636 1925 pane
1667 1855 1786 1910 ρωιί
1815 1858 2078 1912 saturavit

495 1951 608 1991 eos.
659 1939 898 2010 Disrnpit
940 1951 1181 2010 petram,
1217 1952 1270 1998 et
1309 1943 1580 2000 ﬂuxerunt
1608 1960 1762 2016 aqua:
1787 1963 1800 2000 :
1830 1947 2080 2004 abierunt

493 2027 546 2082 in
575 2031 719 2086 sicco
750 2031 991 2088 ﬁumina.
1035 2035 1300 2102 Quoniam
1341 2051 1549 2091 memor
1588 2037 1689 2091 fuit
1715 2040 1866 2093 verbi
1906 2041 2075 2094 sancti

491 2123 612 2187 sui,
664 2125 807 2194 quod
855 2125 1037 2180 habuit
1085 2128 1150 2180 ad
1200 2127 1472 2183 Abraham
1519 2143 1746 2197 puerum
1787 2145 1963 2184 suum.
2010 2130 2078 2184 Et

489 2215 678 2269 eduxit
726 2216 981 2286 populum
1025 2233 1182 2272 suum
1225 2220 1280 2272 in
1327 2219 1730 2276 exsultatione:
1778 2231 1834 2276 et
1875 2222 2075 2278 electos

493 2321 622 2360 suos
651 2307 706 2361 in
735 2307 940 2362 lietitia.
983 2310 1050 2364 Et
1089 2311 1235 2365 dedit
1280 2311 1383 2366 illis
1423 2305 1669 2384 regiones
1711 2317 1988 2385 gentium:
2019 2327 2076 2372 et

486 2395 700 2454 labores
728 2401 1042 2470 populorum
1075 2405 1448 2473 possederunt.
1485 2406 1554 2461 Ut
1581 2407 1890 2464 custodiant
1912 2411 2073 2480 justi-

486 2487 766 2547 ﬁcationes
793 2493 909 2562 ejus
933 2513 945 2548 :
974 2504 1029 2548 et
1056 2495 1227 2567 legem
1254 2495 1370 2565 ejus
1399 2500 1697 2568 requirant.

558 2579 626 2635 Ut
653 2600 832 2654 supra.
883 2585 1129 2651 Domine,
1173 2589 1226 2642 in
1259 2588 1395 2643 erlo
1435 2590 1808 2647 misericordia
1857 2603 1969 2659 tua,
2015 2607 2070 2653 et

482 2673 684 2728 veritas
708 2683 795 2728 tua
821 2690 990 2744 usque
1013 2677 1080 2748 ad
1109 2677 1298 2732 nubes.
1323 2678 1638 2736 lnvocantes
1661 2698 1858 2738 nomen
1883 2693 2057 2753 tuum,

482 2762 728 2830 Domine,
759 2767 1015 2822 exaudire
1039 2769 1295 2838 digneris.

550 2852 756 2912 Oratio.
783 2856 1097 2913 lnvocantes
1140 2875 1333 2915 nomen
1375 2868 1546 2926 tuum,
1592 2861 1841 2930 Domine,
1873 2866 2065 2936 depre-

479 2961 690 3010 camur,
721 2956 779 3001 ut
818 2949 909 3017 qui
952 2959 1134 3018 patres
1176 2958 1412 3016 nostros,
1455 2951 1655 3007 virtute
1703 2955 1779 3009 tui
1829 2959 2062 3014 nominis

477 3046 771 3104 praeeunte,
811 3038 1067 3108 angelicis
1115 3041 1359 3109 pastibus
1403 3041 1674 3108 refecisti,
1707 3060 1807 3101 nos
1847 3063 2062 3119 quoque

479 3129 721 3198 mysticis
745 3130 972 3199 dapibus
999 3130 1182 3187 foveas
1203 3147 1268 3211 ac
1295 3132 1576 3188 reformes.
1602 3133 1726 3191 Per.

1091 3291 1412 3348 PSALMUS
1423 3331 1436 3345 .

548 3423 727 3497 (Pst.
761 3425 869 3497 cv.)
895 3426 1236 3482 Conﬁtemini
1285 3426 1512 3482 Domino
1553 3428 1808 3497 quoniam
1839 3429 2053 3486 bonus:

477 3517 733 3588 quoniam
756 3517 808 3571 in
835 3517 1087 3572 sreculum
1111 3518 1482 3574 misericordia
1503 3519 1638 3587 ejus.
1660 3520 2058 3592 Quisloquetur

472 3609 742 3678 potentias
771 3609 982 3663 Domini
1007 3626 1022 3675 ;
1050 3610 1262 3664 auditas
1288 3611 1450 3666 faciet
1475 3628 1663 3668 omnes
1691 3614 1878 3670 laudes
1907 3614 2056 3684 ejus?

471 3694 624 3751 Beati
663 3697 752 3766 qui
798 3697 1107 3752 custodiunt
1138 3697 1400 3765 judirium
1427 3720 1439 3754 :
1471 3711 1523 3755 et
1559 3701 1758 3757 faciunt
1783 3705 2053 3774 justitiam

471 3789 523 3842 in
553 3789 696 3844 omni
727 3797 987 3860 tempore.
1015 3790 1280 3847 Memento
1299 3793 1493 3858 nostri,
1517 3794 1762 3859 Domine,
1799 3796 1853 3851 in
1885 3799 2050 3852 bene-

467 3881 664 3949 placito
689 3884 868 3952 populi
895 3885 972 3937 tui
1004 3903 1015 3938 :
1046 3885 1202 3939 visita
1236 3901 1334 3940 nos
1369 3887 1422 3940 in
1456 3887 1676 3942 salutari
1715 3897 1827 3944 tuo.
1851 3889 1933 3944 Ad
1968 3891 2052 3946 vi-

468 3973 698 4027 dendum
729 3975 780 4028 in
810 3975 1049 4030 bonitate
1073 3976 1367 4033 electorum
1397 3988 1632 4046 tuorum,
1657 3982 1723 4035 ad
1759 3982 2047 4037 laetandum

468 4065 521 4120 in
562 4067 748 4122 laetitia
789 4069 962 4138 gentis
1004 4077 1142 4124 tuae:
1175 4079 1235 4124 ut
1278 4070 1514 4126 lauderis
1559 4088 1678 4127 cum
1729 4073 2048 4130 haereditate

469 4163 577 4211 tua.
626 4158 974 4214 Peccavimus
999 4175 1119 4214 cum
1146 4161 1392 4229 patribus
1421 4162 1624 4217 nostris
1650 4180 1662 4215 :
1697 4161 1894 4230 injuste
1932 4164 2045 4234 egi-

464 4264 604 4315 mus,
634 4245 970 4320 iniquitatem
1001 4252 1246 4308 fecimus.
1286 4253 1475 4310 Patres
1507 4255 1674 4310 nostri
1708 4255 1762 4309 in
1809 4254 2044 4328 Egypto

465 4352 568 4392 non
600 4339 979 4395 intellexerunt
1010 4344 1272 4398 mirabilia
1299 4354 1386 4400 tua
1417 4365 1428 4400 :
1457 4362 1563 4400 non
1595 4345 1812 4400 fuerunt
1840 4363 2042 4402 memo-

466 4443 549 4483 res
580 4431 937 4485 multitudinis
981 4433 1364 4490 misericordiae
1401 4443 1525 4491 tuas.
1575 4437 1642 4490 Et
1687 4438 2040 4496 irritaverunt

461 4518 813 4574 ascendentes
842 4521 894 4574 in
927 4537 1076 4575 mare
1100 4540 1110 4573 :
1139 4539 1286 4577 mare
1307 4524 1570 4580 Rubrum.
1602 4526 1668 4580 Et
1695 4527 1922 4584 salvavit
1947 4548 2040 4587 eos

457 4619 676 4681 propter
721 4627 915 4666 nomen
955 4628 1145 4666 suum:
1177 4621 1237 4668 ut
1279 4623 1460 4669 notam
1509 4616 1711 4672 faceret
1745 4624 2038 4689 petentium

458 4716 630 4755 suam.
656 4701 723 4756 Et
750 4701 1017 4772 increpuit
1040 4720 1188 4758 mare
1205 4705 1468 4769 Rubrum,
1491 4715 1544 4760 et
1571 4709 1898 4766 exsiccatum
1925 4721 2034 4767 est:

455 4803 512 4848 ct
533 4795 752 4850 deduxit
775 4812 868 4852 eos
892 4797 944 4852 in
972 4799 1182 4869 abyssis
1203 4800 1343 4856 sicut
1369 4800 1423 4853 in
1455 4780 1688 4856 deserto.
1715 4805 1783 4857 Et
1810 4806 2037 4861 salvavit

453 4901 547 4943 eos
593 4889 658 4943 de
707 4905 865 4942 manu
913 4891 1208 4946 odientium
1239 4912 1249 4946 :
1283 4901 1337 4948 et
1379 4895 1606 4949 redemit
1643 4911 1736 4950 eos
1767 4897 1832 4950 de
1874 4914 2035 4955 manu

452 4978 677 5035 inimici.
707 4980 772 5034 Et
799 4981 1007 5050 operuit
1035 4997 1174 5051 aqua
1205 4984 1525 5040 tribulantcs
1549 5001 1675 5041 eos:
1707 5003 1844 5043 unus
1865 5005 1933 5043 ex
1958 4992 2036 5047 eis

453 5085 558 5125 non
587 5072 863 5127 remansit.
891 5073 956 5126 Et
986 5075 1331 5129 crediderunt
1361 5078 1540 5132 verbis
1569 5077 1686 5147 ejus
1714 5098 1726 5133 :
1752 5090 1806 5134 et
1848 5081 2034 5137 lauda-

448 5173 643 5218 vernnt
681 5164 889 5220 laudem
934 5164 1066 5233 ejus.
1096 5165 1215 5222 Cito
1245 5167 1523 5234 fecerunt,
1561 5172 1711 5226 obliti
1750 5184 1873 5228 sunt
1903 5191 2033 5246 ope-

448 5273 568 5312 rum
614 5259 771 5329 ejus:
805 5267 858 5312 tl.
887 5275 991 5314 non
1039 5263 1414 5317 sustinuerunt
1452 5265 1736 5320 consilium
1782 5266 1917 5336 ejus.
1965 5271 2032 5324 Et

446 5353 831 5422 concupierunt
867 5355 1360 5422 concupiscentiam
1394 5359 1446 5411 in
1488 5359 1700 5415 deserto
1725 5348 1750 5415 ξ’
1770 5371 1822 5417 et
1855 5371 2028 5418 tenta-

447 5450 640 5494 verunt
688 5441 854 5496 Deum
902 5443 955 5498 in
1002 5445 1282 5514 inaquoso.
1318 5448 1380 5502 Et
1419 5451 1563 5504 dedit
1606 5453 1685 5506 eis
1715 5454 2026 5522 petitionem

447 5531 686 5600 ipsorum
716 5553 728 5586 :
762 5545 818 5590 et
863 5537 1012 5590 misit
1039 5539 1377 5594 saturitatem
1413 5543 1460 5594 in
1490 5544 1701 5598 animas
1726 5560 1932 5599 eorum.
1964 5547 2030 5600 Et

447 5625 799 5681 irritaverunt
824 5626 932 5699 54
963 5628 1178 5700 Moysen
1213 5632 1266 5685 in
1298 5636 1530 5688 castris:
1565 5633 1744 5688 Aaron
1783 5645 2028 5690 sanctum

446 5714 680 5774 Detrini.
708 5718 909 5791 Aperta
949 5729 1034 5776 est
1077 5731 1244 5793 terra,
1283 5732 1339 5782 et
1375 5725 1653 5800 deglntivit
1698 5727 1934 5796 Dathan,
1976 5738 2031 5787 et

2178 1850 2419 1921 phegor:
2451 1863 2506 1908 et
2534 1857 2886 1914 comederunt
2912 1863 3175 1919 sacriﬁcia
3206 1875 3565 1924 mortuorum.
3595 1872 3663 1927 Et
3693 1874 3774 1929 ir-

2179 1944 2478 2000 ritaverunt
2500 1960 2622 2001 cum
2651 1948 2705 2002 in
2731 1951 3202 2012 adinventionibus
3226 1959 3378 2013 suis:
3411 1962 3776 2033 multiplicata

2177 2043 2258 2088 est
2300 2035 2354 2089 in
2389 2037 2468 2091 eis
2499 2038 2673 2093 ruina.
2716 2040 2783 2094 Et
2827 2043 2977 2098 stetit
3023 2043 3272 2114 Phinees,
3304 2058 3359 2104 et
3400 2051 3635 2120 placavit
3665 2074 3678 2108 .-
3710 2063 3775 2110 et

2176 2128 2409 2182 cessavit
2436 2131 2733 2198 quassatio.
2763 2132 2828 2186 Et
2859 2145 3163 2206 reputatum
3196 2148 3281 2196 est
3309 2141 3360 2195 ei
3396 2143 3451 2198 in
3493 2145 3773 2215 justitiam

2175 2215 2230 2270 in
2265 2219 2611 2287 generatione
2647 2229 2702 2276 et
2733 2227 3158 2294 generationem,
3189 2245 3358 2302 usque
3395 2233 3451 2287 in
3481 2235 3774 2306 sempiter-

2174 2323 2322 2362 num.
2350 2309 2416 2364 Et
2444 2311 2796 2370 irritaverunt
2829 2331 2952 2372 eum
2984 2319 3050 2373 ad
3080 2336 3249 2391 aquas
3275 2327 3724 2385 contradictionis
3750 2345 3770 2386 :

2172 2408 2226 2455 et
2255 2412 2484 2461 vexatus
2507 2415 2592 2460 est
2617 2405 2828 2479 Moyses
2855 2421 3077 2480 propter
3099 2429 3209 2480 eos,
3245 2417 3371 2486 quia
3400 2421 3771 2478 exacerbave-

2171 2503 2299 2549 runt
2331 2498 2578 2567 spiritum
2609 2501 2745 2572 ejus.
2778 2502 2846 2556 Et
2889 2502 3136 2561 distinxit
3181 2509 3232 2562 in
3276 2509 3434 2567 labiis
3465 2501 3621 2569 suis:
3654 2530 3768 2572 non

2169 2586 2606 2657 disperdiderunt
2634 2603 2840 2662 gentes,
2881 2612 3014 2666 quas
3061 2599 3199 2654 dixit
3232 2599 3492 2660 Dominus
3533 2605 3660 2661 illis.
3690 2606 3766 2664 Et

2170 2681 2446 2736 commixti
2465 2692 2590 2738 sunt
2604 2684 2745 2740 inter
2757 2695 2966 2758 gentes,
2979 2697 3032 2744 et
3045 2689 3525 2763 didiceruntopera
3539 2710 3762 2752 eorum:

2169 2779 2222 2823 et
2238 2773 2544 2829 servierunt
2561 2777 2902 2847 sculptilibus
2925 2795 3111 2836 eorum
3138 2800 3151 2835 :
3177 2782 3449 2842 etfactum
3471 2797 3556 2843 est
3575 2789 3682 2844 illis
3705 2790 3764 2846 in

2169 2865 2501 2926 scandalum.
2539 2869 2605 2922 Et
2635 2869 3059 2940 immolaverunt,
3079 2874 3219 2942 ﬁlios
3239 2893 3366 2934 suos
3396 2887 3450 2934 et
3473 2879 3611 2936 ﬁlias
3632 2896 3764 2938 suas

2167 2959 2465 3014 daemoniis.
2491 2959 2560 3014 Et
2579 2960 2883 3018 effuderunt
2903 2967 3216 3038 sanguinem
3245 2969 3610 3028 innocentem:
3638 2989 3764 3031 san-

2089 3101 2136 3164 c
2165 3051 2381 3120 guinem
2429 3054 2660 3111 ﬁliorum
2695 3072 2915 3114 suorum
2966 3069 3021 3115 et
3053 3061 3284 3118 ﬁliarum
3324 3081 3584 3123 suarum:
3617 3086 3761 3141 quas

2167 3142 2611 3201 sacriﬁcaverunt
2645 3150 2986 3219 sculptilibus
3029 3151 3305 3210 Chanaan.
3345 3156 3412 3214 Et
3443 3158 3642 3218 infecta
3670 3174 3762 3221 est

2167 3242 2309 3290 terra
2341 3236 2395 3290 in
2436 3241 2808 3311 sanguinibus,
2833 3253 2888 3297 et
2911 3247 3278 3302 contaminata
3301 3259 3385 3306 est
3410 3251 3464 3305 in
3498 3255 3759 3323 operibus

2161 3344 2350 3386 eorum
2380 3373 2392 3384 .
2424 3341 2480 3388 et
2507 3334 2757 3390 fornicati
2791 3346 2916 3391 sunt
2945 3338 2999 3392 in
3029 3339 3501 3399 adinventionibus
3526 3345 3659 3400 suis.
3684 3347 3758 3403 Et

2162 3423 2334 3480 iratus
2359 3435 2444 3481 est
2465 3425 2648 3482 furore
2676 3429 2935 3487 Dominus
2961 3432 3015 3486 in
3046 3436 3299 3504 populum
3328 3452 3484 3491 suum
3508 3455 3521 3491 :
3545 3447 3600 3493 et
3621 3441 3757 3495 abo-

2161 3516 2398 3572 minatus
2422 3527 2503 3573 est
2527 3521 2896 3576 haereditatem
2919 3539 3092 3579 suam.
3109 3525 3177 3580 Et
3201 3528 3424 3583 tradidit
3445 3544 3538 3584 eos
3558 3531 3610 3584 in
3637 3547 3754 3586 ma-

2160 3623 2262 3663 nus
2301 3611 2542 3678 gentium
2568 3633 2580 3665 ;
2610 3623 2665 3666 et
2692 3613 2953 3670 dominati
2990 3625 3116 3672 sunt
3157 3634 3368 3685 eorum,
3399 3622 3490 3690 qui
3520 3623 3752 3679 oderunt

2157 3715 2270 3756 eos.
2303 3703 2370 3757 Et
2402 3705 2791 3761 tribulaverunt
2811 3723 2903 3764 eos
2932 3710 3136 3767 inimici
3165 3728 3375 3781 eorum,
3400 3725 3456 3769 et
3484 3717 3754 3774 humiliati

2158 3803 2285 3848 sunt
2310 3796 2408 3849 sub
2431 3799 2679 3854 manibus
2705 3815 2912 3867 eorum,
2943 3818 3083 3874 saepe
3113 3805 3362 3862 liberavit
3388 3825 3500 3864 eos.
3519 3809 3624 3880 Ipsi
3653 3826 3754 3866 au-

2158 3891 2263 3938 tem
2289 3889 2753 3944 exacerbaverunt
2777 3906 2898 3945 eum
2919 3893 2972 3946 in
2995 3895 3221 3950 consilio
3242 3912 3374 3951 suo:
3397 3907 3451 3952 et
3478 3899 3749 3955 humiliati

2154 3986 2282 4030 sunt
2310 3978 2361 4031 in
2400 3979 2778 4050 iniquitatibus
2820 3985 2953 4040 suis.
2997 3986 3064 4040 Et
3091 3988 3224 4042 vidit
3253 4004 3375 4044 cum
3422 3992 3750 4050 tribularen—

2156 4077 2276 4124 tur:
2306 4079 2359 4123 et
2387 4072 2590 4126 audivit
2625 4075 2922 4130 orationem
2952 4093 3160 4133 eorum.
3201 4080 3270 4135 Et
3299 4098 3509 4138 memor
3533 4083 3633 4138 fuit
3663 4095 3748 4142 te-

2153 4163 2406 4218 stamenti
2434 4166 2514 4219 sui
2543 4185 2554 4218 :
2583 4175 2638 4220 et
2667 4169 2922 4237 paenituit
2944 4163 3086 4224 eum
3113 4173 3407 4228 secundum
3436 4176 3743 4232 multitudi-

2151 4268 2276 4306 nem
2312 4254 2699 4312 misericordiae
2736 4276 2866 4314 sute.
2907 4261 2976 4315 Et
3013 4261 3162 4317 dedit
3203 4279 3297 4320 eos
3340 4267 3395 4320 in
3427 4267 3745 4324 misericor-

2150 4346 2301 4401 dias:
2329 4348 2382 4402 in
2409 4360 2699 4420 conspectu
2724 4353 2963 4408 omnium
2985 4355 3079 4424 qui
3106 4367 3383 4427 cmperant
3408 4373 3521 4414 eos.
3548 4358 3743 4416 Salvos

2151 4439 2234 4495 fac
2266 4455 2383 4504 nos,
2432 4442 2655 4498 Domine
2705 4445 2846 4502 Deus
2890 4459 3092 4514 noster,
3125 4457 3182 4503 et
3225 4466 3492 4524 congrega
3532 4468 3632 4507 nos
3671 4453 3741 4511 de

2143 4533 2472 4588 nationibus.
2523 4535 2593 4590 Ut
2634 4536 2988 4593 conliteamur
3031 4542 3234 4595 nomini
3287 4553 3475 4599 sancto
3523 4553 3649 4599 tuo:
3681 4554 3739 4600 et

2141 4623 2436 4693 gloriemur
2481 4625 2532 4678 in
2574 4626 2730 4683 laude
2763 4639 2873 4683 tua.
2920 4629 3245 4689 Benedictus
3287 4633 3548 4692 Dominus
3595 4639 3737 4695 Deus

2141 4712 2324 4779 Israel,
2350 4733 2380 4768 a
2409 4717 2605 4772 seculo
2627 4727 2682 4772 et
2711 4733 2881 4788 usque
2906 4719 2957 4774 in
2987 4723 3242 4777 saaculum
3269 4744 3281 4778 :
3309 4735 3364 4780 et
3389 4727 3532 4782 dicet
3556 4727 3735 4784 omnis

2140 4803 2386 4873 populus,
2418 4805 2556 4870 Fiat,
2590 4809 2703 4862 ﬁat.

2213 4896 2277 4951 Ut
2305 4917 2484 4970 supra.
2515 4901 2659 4957 Deus
2697 4903 2748 4957 in
2785 4913 2974 4960 sancto
3003 4906 3088 4962 via
3131 4917 3240 4974 tua,
3273 4909 3394 4980 quis
3426 4910 3566 4966 Deus
3613 4925 3729 4965 ma-

2140 5007 2276 5061 gnus
2304 4993 2445 5048 sicut
2482 4995 2623 5050 Deus
2654 4999 2871 5052 noster?
2900 5008 2958 5054 tu
2987 5016 3046 5056 es
3073 4999 3216 5058 Deus
3259 5003 3351 5072 qui
3382 5001 3520 5059 facis
3562 5004 3727 5058 mira-

2139 5082 2286 5138 bilia.

2211 5177 2416 5234 Oratio.
2465 5179 2733 5239 Memento
2778 5187 2980 5251 nostri,
3011 5186 3256 5250 Domine,
3286 5188 3340 5243 in
3383 5189 3725 5259 beneplacito

2135 5271 2312 5340 populi
2345 5273 2441 5337 tui,
2473 5283 2527 5328 ct
2548 5291 2576 5328 a
2599 5279 2806 5344 peccati
2839 5295 2936 5335 nos
2960 5281 3219 5335 servitute
3238 5281 3534 5351 discussos,
3565 5281 3724 5338 Salu-

2136 5364 2268 5418 taris
2298 5366 2373 5419 tui
2401 5367 2709 5425 visitatione
2736 5371 2993 5427 salviﬁca.
3022 5373 3126 5428 Per
3157 5373 3465 5431 Dominum.

2763 5503 3106 5562 PSALMUS.

2205 5637 2383 5710 (Ps.u..
2419 5639 2548 5710 cvi.)
2579 5639 2922 5695 Coaﬁtemini
2957 5642 3184 5699 Domino
3210 5645 3462 5714 quoniam
3494 5645 3673 5699 bonus
3697 5663 3719 5701 τ

2133 5733 2386 5802 quoniam
2421 5733 2472 5786 in
2519 5731 2772 5788 swculum
2804 5733 3173 5792 misericordia
3204 5733 3338 5806 ejus.
3387 5736 3578 5794 Dicant
3620 5736 3720 5810 qui
