4038 6336
249 315 356 374 513

1269 293 1657 355 muneres.
1684 275 1769 331 ⁷-
1806 286 2073 347 omam
2107 287 2241 345 PER
2282 283 2549 343 FERlAS.

3407 277 3515 334 5M

251 424 520 496 redempti
546 426 672 479 sunt
696 432 726 473 a
757 414 1004 480 Domino,
1030 425 1164 483 quos
1195 410 1423 465 redemit
1452 408 1517 463 de
1549 420 1709 460 manu
1740 401 1839 458 ini-
1869 404 1916 462 Α
1945 402 2179 470 sapiens,
2204 410 2259 456 et
2284 400 2549 456 custodiet
2573 396 2725 456 haec?
2750 404 2803 453 ct
2831 394 3093 469 intelliget
3119 397 3521 458 misericordias

253 519 381 578 mici
409 538 422 570 :
451 525 506 571 et
535 517 600 570 de
633 510 941 581 regionibus
968 504 1315 577 congregavit
1342 517 1455 556 eos.
1485 500 1528 554 A
1557 499 1687 554 solis
1716 505 1839 551 ortu

253 620 308 670 et
330 624 550 669 occasu,
576 607 645 661 ab
674 602 924 673 aquilone
947 608 1002 653 et
1032 598 1185 651 mari.
1216 596 1544 651 Erraverunt
1570 593 1621 646 in
1654 591 1842 647 solitu-

256 701 382 764 dine
414 699 470 754 in
499 697 761 766 inaquoso
786 710 798 745 :
824 691 940 745 vias
970 688 1207 744 civitatis
1237 684 1529 741 habitaculi
1557 699 1663 738 non
1695 682 1844 737 inve-

255 797 477 855 nerunt.
500 786 816 844 Esurientes
834 790 889 837 et
909 781 1154 836 sitientes
1179 797 1192 830 :
1217 778 1397 833 anima
1421 792 1605 831 eorum
1635 777 1689 830 in
1716 774 1845 845 ipsis

256 880 478 937 defecit.
520 878 589 933 Et
625 876 994 931 clamaverunt
1035 872 1101 927 ad
1131 870 1419 927 Dominum
1458 885 1581 924 cum
1616 866 1845 922 tribula-

257 978 493 1025 rentur:
524 974 580 1022 et
616 965 684 1021 de
722 960 1136 1019 necessitatibus
1176 975 1363 1016 eorum
1409 957 1609 1027 eripuit
1637 971 1750 1011 eos.
1781 954 1848 1009 Et

259 1060 487 1119 deduxit
518 1072 614 1114 eos
660 1060 713 1111 in
747 1056 892 1110 viam
936 1063 1141 1109 rectam
1167 1071 1181 1107 :
1210 1062 1269 1106 ut
1297 1052 1439 1106 irent
1483 1050 1537 1103 in
1571 1050 1848 1104 civitatem

260 1147 641 1208 habitationis.
711 1144 1085 1202 Conﬁteantur
1159 1143 1386 1197 Domino
1464 1140 1851 1196 misericordiae

259 1242 416 1311 ejus:
447 1249 503 1296 et
531 1237 799 1294 mirabilia
831 1236 948 1307 ejus
989 1234 1113 1289 filiis
1147 1235 1441 1289 hominum.
1473 1232 1607 1299 Quia
1634 1229 1853 1286 satiavit

260 1337 502 1393 animam
530 1335 743 1388 inanem
769 1350 782 1385 :
811 1339 867 1385 et
900 1331 1134 1384 animam
1163 1328 1490 1383 esurientem
1515 1325 1733 1380 satiavit
1758 1324 1853 1378 bo-

261 1431 372 1485 nis.
417 1429 684 1485 Seilentes
711 1426 765 1481 in
810 1424 1049 1480 tenebris
1077 1431 1131 1476 et
1154 1422 1347 1475 umbra
1381 1418 1609 1473 mortis:
1645 1417 1853 1470 vinctos

262 1524 318 1577 in
349 1521 701 1577 mendicitate
722 1528 777 1574 et
804 1517 967 1573 ferro.
994 1514 1128 1582 Quia
1153 1513 1619 1569 exacerbaverunt
1642 1508 1854 1578 eloquia

263 1614 403 1670 Dei:
434 1623 490 1669 et
535 1611 820 1668 consilium
864 1606 1127 1662 Altissimi
1167 1606 1539 1659 irritaverant.
1572 1601 1638 1655 Et
1672 1600 1853 1654 humi-

263 1705 460 1760 liatum
498 1714 585 1759 est
626 1705 681 1758 in
710 1702 985 1757 laboribus
1024 1714 1120 1755 eor
1150 1712 1375 1763 eorum;
1414 1694 1670 1750 inﬁrmati
1706 1699 1852 1755 sunt,

1940 491 2173 547 Domini.

2013 585 2079 641 Ut
2102 603 2282 657 supra.
2330 585 2727 642 Misericordias
2757 585 2969 642 Domini
3019 586 3071 639 in
3101 595 3360 641 aeternum
3387 600 3520 642 can-

1943 680 2089 735 tabo.
2148 679 2204 735 In
2256 679 2603 751 generatione
2654 690 2708 735 et
2741 680 3144 752 generationem
3194 679 3525 736 annuntiabo

1943 770 2229 826 veritatem
2257 780 2405 825 tuam
2437 771 2491 824 in
2521 786 2616 824 ore
2645 787 2784 825 meo.

2019 859 2224 917 Oratio.
2272 861 2627 925 COnﬁtemur,
2673 863 2917 927 Domine,
2951 864 3352 920 misericordias
3381 874 3524 930 tuas,

1946 969 2081 1025 quas
2102 953 2308 1025 jugiter
2334 954 2481 1009 circa
2513 963 2727 1009 nostras
2752 970 2975 1010 exerces
3006 958 3214 1027 inopias
3245 972 3258 1009 :
3304 970 3531 1026 precan-

1950 1056 2052 1111 tes,
2083 1046 2257 1116 utqui
2310 1045 2578 1101 exaltatus
2629 1046 2683 1099 in
2728 1046 2971 1101 ecclesiis
3020 1046 3135 1120 [F.,
3185 1048 3237 1102 in
3277 1044 3530 1120 excelsis]

1950 1138 2155 1194 resides
2192 1138 2261 1191 ad
2290 1137 2566 1192 dexteram
2593 1136 2773 1192 Patris
2822 1139 2875 1191 in
2926 1138 3140 1202 throno,
3174 1140 3329 1194 nobis
3372 1147 3533 1193 tautae

1950 1230 2317 1286 miserationis
2365 1237 2421 1284 et
2469 1229 2768 1301 intelligere
2831 1237 2887 1285 et
2940 1228 3213 1286 custodire
3272 1230 3536 1287 concedas

1955 1336 2235 1377 arcanum.
2276 1320 2401 1376 Per.

2578 1412 2920 1471 PSALMUS.

2028 1525 2207 1599 (Pst.
2238 1525 2351 1598 cx.)
2390 1525 2704 1582 Confitebor
2733 1528 2850 1594 tibi,
2883 1527 3129 1593 Domine,
3155 1528 3210 1582 in
3234 1535 3349 1583 toto
3379 1528 3543 1583 corde

1956 1632 2115 1672 meo:
2145 1618 2199 1671 in
2230 1618 2459 1672 concilio
2484 1618 2756 1688 justorum
2786 1632 2841 1673 et
2876 1618 3310 1692 congregatione.
3353 1612 3559 1691 Magna

1958 1723 2122 1778 opera
2154 1708 2365 1761 Domini
2399 1726 2411 1759 :
2445 1710 2713 1778 exquisita
2764 1710 2819 1763 in
2849 1725 3037 1765 omnes
3065 1710 3369 1766 voluntates
3405 1709 3543 1779 ejus.

263 1813 371 1854 nec
415 1796 518 1850 fuit
558 1796 651 1865 qui
697 1793 990 1862 adjuvaret.
1037 1792 1105 1846 Et
1144 1791 1517 1846 clamaverunt
1558 1787 1626 1841 ad
1671 1785 1855 1841 Domi-

1980 1799 2240 1856 Sonfessio
2286 1808 2341 1853 et
2376 1799 2777 1869 magniﬁcentia
2830 1816 2965 1871 Opus
2992 1802 3107 1871 ejus
3142 1820 3153 1855 :
3178 1801 3389 1870 justitia
3431 1802 3551 1873 ejus

262 1900 401 1940 num
426 1900 552 1939 cum
590 1882 976 1938 tribularentur
1001 1899 1012 1933 :
1043 1889 1098 1935 et
1126 1881 1190 1935 de
1220 1878 1637 1934 necessitatibus
1669 1890 1858 1931 eorum

263 1976 524 2033 liberavit
565 1990 679 2031 eos.
713 1975 779 2028 Et
823 1975 1006 2030 eduxit
1056 1989 1149 2027 eos
1196 1973 1249 2027 in
1296 1971 1535 2026 tenebris
1576 1978 1632 2024 et
1668 1966 1860 2023 umbra

264 2069 464 2124 mortis
490 2085 502 2120 :
533 2075 588 2121 et
616 2065 825 2120 vincula
854 2080 1042 2120 eorum
1078 2064 1325 2133 disrupit.
1359 2062 1730 2118 Confiteantur
1761 2060 1863 2114 Do-

268 2161 422 2217 mino
464 2157 849 2215 misericordia
876 2157 1031 2227 ejus:
1064 2155 1167 2226 55
1193 2164 1249 2210 et
1282 2153 1549 2210 mirabilia
1594 2151 1710 2220 ejus
1740 2149 1865 2203 ﬁliis

267 2251 576 2307 hominum.
613 2249 750 2316 Quia
798 2248 1055 2302 contrivit
1099 2256 1283 2317 portas
1332 2259 1543 2300 terens:
1581 2251 1633 2296 et
1684 2248 1865 2295 vectes

269 2339 486 2397 ferreos
517 2338 801 2408 confregit.
835 2338 1084 2405 Suscepit
1118 2350 1209 2390 eos
1238 2336 1301 2390 de
1327 2336 1413 2388 via
1456 2333 1756 2402 iniquitatis
1783 2346 1869 2385 eo-

272 2451 435 2491 rum:
471 2441 689 2503 propter
718 2429 1019 2501 injustitias
1062 2427 1206 2482 enim
1242 2439 1368 2479 suas
1408 2422 1675 2477 humiliati
1722 2428 1864 2475 sunt.

275 2527 509 2584 Omnem
542 2539 722 2580 escam
768 2522 1075 2576 abominata
1108 2526 1191 2574 est
1219 2517 1397 2571 anima
1429 2530 1641 2579 eorum,
1680 2521 1734 2568 et
1770 2527 1867 2581 ap-

275 2606 781 2689 propinquaverunt
816 2626 989 2681 usque
1031 2610 1097 2664 ad
1126 2617 1312 2677 portas
1348 2606 1556 2661 mortis.
1582 2605 1649 2657 Et
1679 2602 1871 2657 clama-

277 2716 477 2763 verunt
502 2707 570 2761 ad
595 2705 879 2761 Dominum
907 2717 1029 2758 eum
1061 2700 1455 2755 tribularentur
1478 2717 1489 2750 :
1517 2705 1571 2751 et
1597 2696 1663 2750 de
1691 2709 1874 2748 neces-

278 2799 533 2855 sitatibus
556 2812 741 2852 eorum
770 2793 1021 2849 liberavit
1047 2808 1159 2847 eos.
1198 2789 1341 2846 Misit
1372 2790 1596 2845 verbum
1634 2802 1791 2841 suum
1816 2794 1870 2840 et

282 2890 504 2946 sanavit
537 2903 667 2943 eos:
697 2894 752 2941 et
787 2884 985 2954 eripuit
1010 2897 1103 2938 eos
1132 2882 1197 2937 de
1228 2879 1632 2935 iuteritionibus
1663 2892 1869 2931 eorum.

282 2977 661 3034 Conﬁteantur
682 2975 909 3029 Domino
935 2971 1319 3027 misericordiae
1343 2970 1460 3039 ejus
1484 2984 1498 3023 :
1527 2980 1579 3024 et
1606 2967 1874 3022 mirabilia

284 3070 404 3142 ejus
428 3068 555 3123 ﬁliis
580 3068 878 3122 hominum.
903 3064 970 3118 Et
998 3062 1304 3118 sacriﬁcent
1331 3059 1657 3115 sacriﬁcium
1682 3059 1873 3123 laudis,

286 3174 342 3221 et
368 3164 693 3220 annuntient
715 3176 879 3231 opera
902 3158 1018 3227 ejus
1045 3158 1099 3212 in
1124 3156 1502 3211 exsultatione.
1530 3154 1632 3222 Qui
1661 3154 1877 3209 descen-

288 3258 424 3313 dunt
452 3270 599 3309 mare
622 3255 678 3308 in
701 3253 948 3317 navibus,
976 3251 1233 3306 facientes
1257 3248 1623 3319 Operationem
1648 3246 1700 3300 in
1724 3246 1879 3316 aquis

289 3347 497 3402 multis.
528 3345 631 3417 lpsi
662 3345 909 3399 viderunt
937 3358 1100 3413 opera
1127 3342 1359 3405 Domini,
1386 3349 1440 3395 et
1466 3339 1735 3394 mirabilia
1766 3338 1882 3406 ejus

292 3438 345 3493 in
398 3437 686 3507 profundo.
737 3435 914 3499 Dixit,
947 3443 1001 3488 et
1050 3433 1199 3489 Stetit
1244 3432 1463 3503 spiritus
1500 3431 1785 3501 procellae:
1829 3438 1884 3485 et

292 3531 515 3587 exaltati
539 3538 664 3586 sunt
689 3530 883 3584 ﬂuctus
906 3528 1041 3598 ejus.
1066 3527 1381 3582 Aseendunt
1406 3542 1575 3595 usque
1603 3527 1667 3580 ad
1694 3525 1881 3591 coelos,

297 3632 352 3680 et
389 3624 725 3678 descendunt
769 3636 939 3691 usque
969 3619 1035 3673 ad
1081 3621 1343 3690 abyssos:
1377 3618 1553 3672 anima
1596 3632 1784 3671 eorum
1831 3616 1885 3669 in

293 3715 454 3771 malis
496 3714 826 3769 tabescebat.
875 3711 1098 3767 Turbati
1147 3720 1275 3765 sunt
1310 3718 1367 3765 et
1397 3710 1525 3763 moti
1573 3717 1700 3763 sunt
1748 3708 1887 3762 sicut

297 3807 484 3862 ebrius
512 3823 525 3858 :
557 3814 613 3861 et
636 3804 812 3859 omnis
854 3804 1118 3875 sapientia
1156 3818 1343 3856 eorum
1376 3801 1628 3855 devorata
1675 3809 1777 3854 est.
1823 3799 1887 3853 Et

298 3898 672 3955 clamaverunt
709 3898 776 3951 ad
802 3896 1088 3951 Dominum
1116 3911 1237 3950 cum
1270 3894 1698 3948 tribulareutur:
1728 3901 1782 3945 et
1820 3892 1887 3945 de

300 3990 718 4047 necessitatibus
738 4004 924 4045 eorum
944 3988 1129 4042 eduxit
1151 4003 1264 4043 eos.
1290 3987 1355 4040 Et
1384 3986 1570 4041 statuit
1594 3984 1888 4054 procellam

303 4082 423 4151 ejus
452 4083 509 4136 in
553 4096 777 4135 auram:
806 4090 861 4135 et
903 4080 1169 4134 siluerunt
1214 4078 1407 4132 ﬂuetus
1442 4078 1578 4146 ejus.
1613 4076 1681 4129 Et
1723 4075 1888 4130 laetati

302 4184 429 4229 sunt
458 4173 585 4242 quia
611 4172 873 4227 siluerunt
898 4190 910 4223 :
936 4180 992 4225 et
1016 4170 1236 4224 deduxit
1258 4185 1351 4223 eos
1381 4168 1435 4222 in
1459 4176 1673 4237 portum
1702 4167 1889 4221 volun-

304 4266 434 4320 tatis
454 4278 665 4318 eorum.
686 4261 1055 4317 Conﬁteantur
1077 4260 1303 4313 Domino
1324 4258 1711 4312 misericordia:
1736 4256 1850 4324 ejus
1872 4274 1884 4310 :

303 4364 361 4415 et
390 4356 658 4415 mirabilia
684 4353 801 4423 ejus
837 4353 959 4407 ﬁlias
988 4352 1288 4407 hominum.
1315 4350 1384 4405 Et
1410 4349 1649 4403 exultent
1677 4364 1799 4403 eum
1832 4348 1889 4403 in

306 4448 548 4507 Ecclesia
595 4446 807 4515 plebis:
848 4454 903 4499 et
947 4446 1002 4499 in
1045 4442 1302 4497 cathedra
1350 4443 1625 4498 seniorum
1672 4441 1891 4496 laudent
1919 4483 1973 4543 Β

306 4556 453 4598 eum.
481 4539 665 4593 Posuit
692 4536 909 4590 flumina
937 4535 991 4588 in
1018 4533 1291 4589 desertum
1318 4552 1331 4587 :
1356 4541 1410 4589 et
1431 4535 1609 4589 exitus
1627 4548 1892 4604 aquarum

307 4632 364 4689 in
390 4631 560 4686 sitim.
587 4627 812 4684 Terram
846 4623 1185 4680 fructiferam
1215 4625 1267 4679 in
1299 4624 1649 4695 salsuginem,
1681 4640 1712 4678 a
1741 4623 1895 4678 mali-

308 4723 387 4778 tia
420 4719 842 4776 inhabitantium
887 4718 942 4773 in
969 4732 1054 4772 ea.
1086 4715 1273 4771 Posuit
1299 4716 1571 4771 desertum
1619 4716 1673 4769 in
1704 4724 1895 4786 stagna

310 4828 575 4886 aquarum
602 4831 615 4866 :
644 4823 698 4882 et
743 4822 940 4868 terram
973 4812 1089 4867 sine
1118 4826 1258 4879 aqua
1301 4810 1355 4864 in
1402 4810 1580 4865 exitus
1610 4824 1893 4879 aquarum.

314 4902 378 4969 Et
407 4903 693 4959 collocavit
726 4902 832 4957 illic
876 4901 1217 4956 esurientes:
1250 4908 1306 4954 et
1331 4900 1727 4955 constituerunt
1760 4900 1897 4955 civi-

308 5003 480 5056 satem
510 4992 879 5049 habitationis.
912 4992 978 5046 Et
1016 4992 1419 5046 seminaverunt
1458 5006 1637 5062 agros,
1669 5000 1723 5047 et
1748 4992 1902 5062 plan-

308 5093 568 5145 ;averunt
595 5084 780 5139 vineas
810 5100 821 5136 :
856 5091 911 5137 et
942 5080 1185 5137 fecerunt
1213 5080 1449 5136 fructum
1490 5081 1805 5135 nativitatis.
1836 5082 1902 5137 Et

248 5173 253 5177 ’
308 5176 592 5232 benedixit
624 5178 726 5241 eis,
750 5183 805 5231 et
836 5175 1168 5246 multiplicati
1194 5182 1319 5230 sunt
1346 5174 1508 5229 nimis
1533 5192 1545 5228 :
1575 5182 1630 5229 et
1657 5172 1903 5241 jumenta

310 5284 506 5323 eorum
531 5285 636 5324 non
677 5269 985 5324 minoravit.
1013 5269 1080 5323 Et
1103 5269 1259 5338 pauci
1288 5267 1416 5322 facti
1446 5277 1572 5323 sunt
1597 5287 1609 5323 :
1641 5278 1696 5324 et
1723 5270 1903 5325 vexati

314 5368 445 5415 sunt
486 5376 517 5414 a
563 5360 906 5416 tribulatione
956 5360 1218 5415 malorum
1263 5368 1318 5413 et
1354 5358 1556 5415 dolore.
1605 5360 1783 5416 Eﬂ‘usa
1825 5369 1907 5417 est

316 5452 599 5508 contentio
623 5467 784 5523 super
819 5451 1090 5523 principes
1115 5468 1127 5504 :
1159 5458 1214 5505 et
1245 5465 1431 5506 errare
1462 5450 1587 5505 fecit
1616 5467 1708 5507 eos
1740 5452 1792 5505 in
1826 5452 1907 5507 in-

314 5544 432 5607 vio,
461 5551 517 5597 et
542 5559 648 5599 non
690 5543 744 5597 in
775 5543 883 5598 via.
910 5543 978 5597 Et
1018 5542 1221 5613 adjuvit
1250 5556 1541 5612 pauperem
1576 5542 1642 5595 de
1683 5542 1863 5611 inopia
1889 5562 1903 5598 :

319 5642 377 5689 et
406 5634 589 5705 posuit
614 5634 753 5689 sicut
778 5650 906 5690 oves
936 5633 1188 5688 familias.
1216 5632 1484 5688 Videbunt
1507 5632 1660 5696 recti,
1684 5641 1738 5687 et
1764 5633 1908 5688 laeta—

318 5729 564 5786 buntur:
596 5739 653 5787 et
692 5731 871 5788 omnis
897 5730 1151 5803 iniquitas
1187 5728 1446 5805 oppilavit
1478 5743 1541 5785 os
1566 5744 1743 5785 suum.
1776 5729 1909 5807 Quis

525 5958 557 5975 ρ

1964 1900 2147 1949 manet
2195 1893 2248 1947 in
2279 1892 2536 1948 sazculum
2566 1893 2766 1948 sa:culi.
2800 1893 3114 1948 Memoriam
3158 1893 3287 1951 fecit
3331 1895 3550 1951 mirabi-

1964 1985 2093 2039 lium
2121 2000 2363 2050 suorum,
2390 1984 2697 2039 misericors
2716 1994 2770 2040 et
2790 1985 3073 2040 miserator
3090 1987 3347 2042 Dominus
3369 2002 3551 2044 escam

1966 2077 2115 2133 dedit
2145 2077 2458 2133 timentibus
2482 2093 2561 2133 se.
2609 2077 2814 2132 Memor
2855 2078 2961 2134 erit
3006 2080 3060 2134 in
3085 2080 3339 2135 saeculum
3381 2089 3552 2136 testa-

1967 2172 2136 2226 menti
2190 2172 2302 2237 sui,
2358 2172 2613 2226 virtutem
2667 2188 2891 2241 operum
2941 2190 3161 2230 suorum
3215 2178 3556 2234 annuntiabit

1968 2264 2165 2335 populo
2188 2279 2305 2319 suo.
2334 2263 2404 2320 Ut
2435 2267 2523 2319 det
2553 2264 2659 2320 illis
2682 2266 3057 2322 haereditatem
3086 2271 3325 2337 gentium
3353 2289 3366 2323 :
3391 2286 3556 2341 opera

1970 2372 2228 2412 manuum
2273 2356 2409 2425 ejus,
2458 2358 2659 2412 veritas
2702 2366 2756 2411 et
2797 2357 3083 2427 judicium.
3130 2360 3335 2417 Fidelia
3373 2363 3557 2418 omnia

1972 2448 2225 2502 mandata
2270 2445 2405 2515 ejus,
2431 2448 2755 2505 conﬁrmata
2799 2450 2851 2503 in
2884 2452 3137 2506 saeculum
3183 2452 3385 2518 saeculi,
3417 2452 3559 2509 facta

1972 2538 2027 2593 in
2048 2540 2275 2594 veritate
2310 2548 2365 2593 et
2390 2544 2664 2609 aequitate.
2708 2541 3154 2613 Redemptionem
3185 2545 3333 2600 misit
3361 2544 3560 2615 populo

1974 2648 2092 2697 suo,
2125 2634 2402 2687 mandavit
2432 2633 2486 2686 in
2511 2643 2772 2688 retentum
2800 2642 3183 2691 testamentum
3209 2652 3384 2691 suum.
3426 2636 3562 2693 San-

1974 2734 2123 2780 ctum
2165 2734 2219 2781 et
2271 2724 2510 2780 terribile
2556 2741 2753 2780 nomen
2799 2725 2958 2794 ejus:
3001 2727 3212 2781 initium
3262 2727 3560 2797 sapientia},

1977 2818 2141 2873 timor
2169 2819 2401 2873 Domini.
2432 2818 2741 2874 Intellectus
2762 2820 2935 2875 bonus
2963 2820 3213 2875 omnibus
3241 2819 3564 2877 facientibus

1978 2924 2099 2963 eum
2132 2925 2143 2961 :
2173 2909 2414 2964 laudatio
2439 2909 2555 2977 ejus
2583 2918 2766 2965 manet
2793 2913 2846 2965 in
2873 2911 3126 2966 saeculum
3159 2912 3357 2968 saeculi.

2054 2998 2121 3053 Ut
2140 3017 2321 3071 supra.
2371 3000 2683 3057 Couﬁtehor
2711 3003 2827 3066 tibi,
2862 3004 3113 3070 Domine,
3159 3003 3216 3059 in
3261 3012 3375 3061 toto
3404 3006 3566 3063 corde

1903 3125 1952 3191 ο
1979 3107 2124 3154 meo,
2155 3093 2389 3146 narrabo
2418 3093 2601 3147 omnia
2634 3094 2898 3149 mirabilia
2928 3104 3035 3150 tua.

2056 3183 2262 3238 Oratio.
2333 3183 2657 3239 Sanctorum
2706 3188 2946 3241 omnium
2992 3188 3223 3259 gloriosa
3278 3187 3566 3258 confessio,

1982 3276 2146 3337 Deus,
2184 3276 2361 3330 tribue
2394 3276 2548 3331 nobis
2585 3278 2835 3333 timorem
2879 3280 3112 3335 nominis
3157 3281 3253 3346 tui,
3280 3282 3422 3352 quod
3451 3296 3571 3339 esse

1985 3368 2195 3422 initium
2252 3370 2527 3439 sapientia:
2571 3372 2887 3440 praedixisti,
2930 3382 2988 3427 ut
3035 3382 3250 3429 tuorum
3296 3374 3570 3431 commissi

1986 3460 2231 3517 conciliis
2259 3461 2645 3517 misericordia:
2677 3471 2780 3517 tute
2814 3464 3042 3533 dapibus
3067 3466 3398 3537 saginemur.
3439 3465 3568 3523 Per.

2539 3574 2646 3645 56
2682 3574 3023 3633 PSALMUS.

2060 3689 2242 3760 (Ps.u..
2296 3690 2427 3760 cxr.)
2477 3688 2673 3744 Beatus
2712 3692 2797 3744 vir
2824 3692 2915 3761 qui
2961 3693 3112 3748 timet
3141 3691 3426 3749 Dominum
3462 3712 3475 3747 :
3515 3692 3573 3750 in

1989 3781 2257 3835 mandatis
2286 3778 2401 3848 ejus
2429 3781 2571 3833 volet
2613 3782 2793 3836 nimis.
2834 3782 3032 3838 Potens
3062 3784 3116 3837 in
3159 3791 3303 3838 terra
3339 3786 3444 3840 erit
3492 3799 3577 3841 se-

1989 3888 2112 3927 men
2143 3871 2297 3940 ejus:
2329 3875 2607 3943 generatio
2626 3884 2897 3930 rectorum
2929 3877 3297 3931 benedicetur.
3314 3877 3494 3933 Gloria
3522 3887 3577 3935 et

1991 3965 2193 4020 divitia:
2229 3966 2283 4019 in
2322 3966 2481 4019 domo
2511 3966 2627 4035 ejus
2661 3984 2673 4020 :
2708 3976 2760 4022 et
2783 3966 2993 4035 justitia
3023 3969 3139 4040 ejus
3166 3979 3349 4024 manet
3386 3970 3441 4025 in
3476 3986 3579 4026 sat-

1990 4058 2170 4114 culum
2201 4059 2402 4115 saeculi.
2429 4059 2687 4113 Exortum
2715 4069 2799 4116 est
2826 4061 2879 4114 in
2908 4063 3146 4117 tenebris
3169 4063 3348 4118 lumen
3381 4063 3572 4119 rectis:

1992 4150 2303 4203 misericors
2348 4157 2403 4203 et
2452 4150 2737 4203 miseratur
2780 4160 2835 4206 et
2869 4152 3068 4221 justus.
3112 4150 3392 4209 Iucundus
3417 4155 3578 4210 homo

1992 4241 2085 4309 qui
2109 4248 2400 4294 miseretur
2429 4251 2483 4294 et
2508 4241 2835 4308 commodat,
2885 4244 3120 4312 disponit
3149 4259 3427 4300 sermones
3454 4260 3580 4300 suos

1994 4333 2047 4386 in
2072 4332 2278 4401 judicio
2324 4349 2337 4385 :
2390 4334 2514 4402 quia
2562 4334 2615 4387 in
2656 4346 2920 4390 mternum
2974 4352 3079 4391 non
3128 4340 3577 4396 commovebitur.

1993 4427 2052 4482 In
2082 4429 2343 4483 memoria
2370 4438 2573 4483 aeterna
2619 4430 2723 4485 erit
2747 4428 2926 4497 justus
2954 4446 2969 4484 :
3018 4433 3086 4487 ab
3120 4433 3395 4490 auditione
3440 4434 3583 4491 mala

1997 4537 2104 4576 non
2137 4521 2366 4577 timebit.
2415 4522 2669 4577 Paratum
2708 4539 2803 4579 cor
2832 4523 2948 4592 ejus
2977 4541 3196 4594 sperare
3238 4529 3291 4582 in
3321 4529 3577 4585 Domino:

1998 4614 2377 4671 conﬁrmatum
2400 4625 2483 4670 est
2512 4631 2608 4671 cor
2635 4615 2771 4685 ejus,
2800 4634 2903 4671 non
2934 4622 3384 4687 commovebitur,
3411 4623 3583 4678 donec

1998 4710 2260 4780 despiciat
2294 4711 2540 4766 inimicos
2575 4709 2709 4777 ejus.
2748 4711 3032 4780 Dispersit,
3061 4713 3207 4768 dedit
3232 4717 3580 4786 pauperibus,

1992 4797 2204 4867 justitia
2249 4800 2365 4869 ejus
2403 4810 2586 4855 manet
2634 4801 2687 4854 in
2731 4801 2985 4855 smculum
3023 4804 3204 4859 saaculi
3231 4819 3246 4859 :
3270 4821 3439 4861 cornu
3466 4807 3583 4877 ejus

2000 4894 2327 4948 exaltabitur
2358 4893 2630 4963 ingloria.
2672 4892 2935 4948 Peccator
2981 4895 3185 4953 videbit
3211 4906 3262 4954 et
3292 4899 3580 4965 irascetur,

2001 4986 2255 5041 dentibus
2294 4988 2406 5043 suis
2434 4985 2628 5041 fremet
2651 4995 2706 5041 et
2736 4987 3010 5043 tabescet:
3041 4990 3366 5048 desiderium
3394 5008 3584 5065 peccavi

2004 5088 2181 5135 torum
2211 5080 2425 5150 peribit.

2079 5173 2145 5227 Ut
2184 5190 2366 5243 supra.
2416 5172 2829 5229 Conﬁtebuntur
2865 5176 2986 5233 coeli
3030 5177 3295 5232 miralilia
3338 5185 3444 5242 tua,
3473 5176 3582 5231 Do-

2006 5269 2152 5325 mine
2184 5283 2199 5322 :
2227 5267 2428 5324 etenim
2476 5269 2761 5326 veritatem
2808 5277 2959 5327 tuam
3012 5272 3066 5327 in
3096 5270 3336 5327 Ecclesia
3370 5279 3586 5327 sancto—

2008 5377 2148 5416 rum.

2078 5453 2284 5508 Oratio.
2333 5452 2539 5511 Lumen
2601 5464 2919 5528 perpetuum
2986 5463 3253 5513 rectorum
3317 5457 3582 5524 Gordium,

2008 5547 2171 5613 Deus,
2212 5551 2447 5604 concede
2484 5549 2637 5604 nobis
2674 5557 2727 5605 te
2761 5549 3003 5620 diligere,
3054 5557 3143 5603 tua
3184 5550 3351 5621 gloria
3389 5549 3586 5620 jucun-

2009 5638 2143 5705 dari,
2175 5650 2230 5698 et
2271 5642 2349 5697 sic
2378 5642 2651 5711 despicere
2689 5641 2791 5695 hoc
2833 5640 3085 5695 saeculum
3134 5639 3186 5695 in
3219 5641 3497 5710 praesenti,
3524 5646 3587 5697 ut

2010 5750 2297 5793 caveamus
2325 5734 2567 5793 auditum
2599 5749 2852 5805 asperum
2883 5733 2937 5788 in
2964 5731 3165 5789 futuro.
3194 5731 3315 5791 Per.
