4038 6336
473 374 578 435 515

1093 479 1432 539 PSALMUS.

547 601 731 680 (Pan.
756 600 913 672 cur.)
950 598 1214 664 Laudate,
1260 597 1433 667 pueri,
1461 597 1786 664 Dominum;
1838 594 2054 669 laudate

475 713 678 762 nomen
697 695 932 756 Domini.
984 692 1069 750 Sit
1093 705 1290 748 nomen
1314 691 1528 751 Domini
1567 690 1913 746 benedictum
1940 707 1952 742 :
1985 703 2055 744 ex

477 791 581 847 hoc
606 804 748 844 nunc
773 795 826 842 et
854 799 1024 854 usque
1054 785 1109 839 in
1139 783 1412 839 saeculum.
1461 781 1506 838 A
1551 783 1683 839 solis
1720 790 1844 838 ortu
1885 795 2058 851 usque.

477 884 547 942 ad
570 895 824 940 occasum
851 896 864 932 :
894 876 1159 933 laudabile
1188 890 1384 932 nomen
1412 876 1646 932 Domini.
1678 875 1940 934 Excelsae
1965 890 2056 930 su-

475 991 574 1047 per
599 987 787 1030 omnes
817 979 1006 1044 gentes
1030 970 1289 1025 Dominus
1321 987 1333 1023 :
1379 981 1434 1026 et
1461 985 1624 1039 super
1671 969 1838 1025 caelos
1886 969 2056 1042 gloria

474 1064 611 1136 ejus.
666 1063 796 1131 Quis
841 1064 982 1118 sicut
1007 1063 1266 1120 Dominus
1290 1063 1433 1117 Deus
1465 1071 1666 1128 noster,
1699 1063 1792 1132 qui
1839 1062 1893 1118 in
1935 1061 2058 1116 altis

477 1156 724 1213 habitat:
751 1163 806 1210 et
848 1153 1075 1209 humilia
1125 1154 1345 1222 respicit
1391 1154 1446 1208 in
1492 1154 1630 1212 coelo
1679 1161 1734 1210 et
1777 1154 1832 1208 in
1877 1153 2060 1212 terra?

477 1246 759 1306 Suscitans
800 1261 832 1300 a
879 1253 1026 1302 terra
1076 1245 1290 1315 inopem
1324 1263 1336 1298 :
1380 1253 1435 1300 et
1463 1245 1530 1300 de
1558 1252 1798 1302 stercore
1845 1245 2062 1316 erigens.

475 1352 791 1408 pauperem.
844 1335 916 1392 Ut
945 1336 1172 1391 collocet
1199 1352 1322 1391 eum
1352 1352 1474 1391 cum
1505 1335 1836 1406 principibus
1868 1356 1880 1392 :
1931 1351 2056 1394 eum

476 1430 809 1502 principibus
835 1430 1016 1500 pepuli
1044 1421 1146 1484 sui.
1179 1428 1280 1497 Qui
1305 1429 1552 1484 habitare
1577 1427 1704 1483 facit
1733 1428 1971 1484 sterilem
2001 1429 2057 1482 in

479 1521 676 1577 domo:
708 1528 938 1578 matrem
972 1521 1208 1576 ﬁliorum
1241 1520 1532 1576 laetantem.

554 1611 619 1667 Ut
646 1630 827 1684 supra.
881 1613 963 1668 Sit
1011 1629 1205 1668 nomen
1236 1614 1350 1684 ejus
1376 1613 1720 1668 benedictum
1762 1611 1815 1668 in
1843 1611 2056 1678 szecula,

477 1711 603 1760 ante
648 1703 814 1760 solem
844 1712 1161 1775 permaneat
1203 1720 1400 1760 nomen
1444 1704 1580 1774 ejus.
1624 1703 1692 1758 Et
1717 1704 2062 1760 benedictum

477 1809 674 1850 nomen
724 1795 1024 1868 majestatis
1071 1793 1186 1864 ejus
1231 1794 1286 1849 in
1336 1803 1618 1860 aeternum,
1664 1803 1720 1849 et
1764 1795 2059 1866 replebitur

479 1890 760 1962 majestate
785 1888 900 1960 ejus
930 1889 1106 1945 omnis
1137 1897 1281 1945 terra
1313 1907 1325 1943 :
1355 1889 1497 1955 Fiat,
1529 1889 1639 1944 ﬁat.

550 1982 754 2038 Oratio.
789 1981 1098 2038 Laudantes
1120 1981 1461 2038 benedictum
1485 1995 1682 2036 nomen
1709 1987 1859 2036 tuum
1888 1978 2063 2036 omni-

478 2081 671 2146 potens
701 2073 864 2142 Deus,
903 2089 1156 2148 rogamus
1183 2083 1241 2128 ut
1271 2089 1370 2129 nos
1405 2073 1459 2128 in
1501 2073 1622 2130 sinu
1659 2072 1851 2128 matris
1875 2071 2064 2128 Eccle-

477 2164 573 2226 siae
601 2165 894 2222 collocatos
930 2163 1216 2220 charitatis
1248 2173 1351 2219 tua:
1389 2162 1558 2222 facias
1597 2163 1892 2220 stabilitate
1936 2178 2065 2220 con-

481 2259 644 2316 necti.
687 2259 812 2314 Per.

1099 2344 1444 2402 PSALMUS.

550 2439 730 2513 (Psu.
780 2439 961 2512 cxrn.)
1003 2439 1062 2496 In
1093 2439 1243 2495 exitu
1288 2437 1458 2494 Israel
1497 2437 1564 2494 de
1590 2437 1847 2512 rEgypto,
1876 2440 2067 2496 domus

479 2529 646 2587 Iacob
669 2532 737 2586 de
756 2531 954 2606 popqu
981 2531 1232 2587 barbaro.
1283 2529 1452 2586 Facta
1498 2538 1576 2586 est
1601 2529 1783 2586 Judaea
1832 2531 2069 2588 sanctiﬁ-

481 2622 623 2680 catio
649 2620 786 2690 ejus,
837 2621 1003 2678 Israel
1046 2629 1288 2694 potestas
1315 2619 1449 2691 ejus.
1481 2620 1627 2676 Mare
1654 2622 1789 2677 vidit
1817 2632 1870 2678 et
1897 2620 2065 2696 fugit:

483 2713 736 2774 Iordanis
762 2729 1056 2772 conversus
1079 2723 1161 2770 est
1187 2723 1506 2770 retrorsum.
1534 2713 1742 2770 Montes
1763 2714 2069 2772 exsultave-

481 2813 611 2862 runt
638 2813 697 2861 ut
735 2807 980 2864 arietes:
1027 2816 1083 2860 et
1111 2805 1273 2862 colles
1319 2806 1458 2861 sicut
1503 2806 1626 2876 agni
1677 2806 1880 2861 ovium.
1932 2806 2073 2874 Quid

482 2905 564 2954 est
590 2898 686 2954 tibi
715 2911 868 2954 mare
893 2898 1034 2968 quod
1076 2897 1296 2970 fugisti?
1333 2896 1398 2952 Et
1423 2904 1481 2952 tu
1511 2895 1760 2954 Iordanis
1793 2898 1916 2968 quia
1945 2913 2073 2952 con-

481 3007 673 3048 versus
699 3003 759 3048 es
796 2991 1128 3058 retrorsum?
1162 2989 1372 3046 Montes
1399 2989 1711 3046 exsultastis
1744 2991 1884 3046 sicut
1927 2990 2072 3045 arie-

483 3090 609 3138 tes:
643 3091 698 3139 et
741 3083 905 3138 colles
959 3083 1099 3138 sicut
1150 3081 1276 3154 agni
1327 3082 1529 3136 ovium.
1583 3081 1626 3136 A
1674 3082 1812 3138 facie
1859 3082 2073 3138 Domini

1307 365 1370 421 Β.
1413 363 1476 420 F.
1506 361 1732 420 ALBINI
1773 359 1904 418 SEU
1939 357 2218 416 ALCUINI
2253 353 2535 412 OPERUM
2572 353 2752 410 PARS
2783 353 2872 410 IV.

2081 477 2138 541 Α
2238 471 2440 526 Oratio.
2505 469 2776 526 Iliciiabile
2831 483 3028 523 nomen
3079 464 3359 522 Trinitatis
3419 462 3585 528 Deus,
3648 462 3737 535 qui

3636 323 3737 403 5'16

2154 567 2354 622 ﬁuenta
2381 563 2629 621 Jordanis
2667 569 2888 635 aspectu
2915 563 3008 617 'tui
3047 562 3267 617 luminis
3304 560 3575 627 terruisti,
3603 575 3740 632 prte-

2155 668 2272 724 sta,
2327 663 2387 711 ut
2435 671 2570 726 quos
2619 654 2830 710 ablutos
2876 669 3030 710 sacro
3073 653 3399 723 baptismate
3442 651 3739 720 renovasti,

2153 767 2431 821 nunquam
2470 749 2699 822 patiaris
2733 764 2766 806 a
2793 748 2978 807 vetitis
3001 746 3413 804 simulacrorum
3441 746 3604 809 idolis
3629 762 3741 802 ma-

2155 842 2346 902 culari.
2379 842 2503 899 Per.

2773 931 3114 995 PSALMUS.

2227 1049 2407 1123 (PSAL.
2437 1047 2606 1120 cxrv.)
2648 1045 2850 1112 Dilexi,
2883 1047 3141 1118 quoniam
3181 1045 3436 1102 exaudiet
3479 1045 3743 1106 Dominus

2157 1157 2347 1198 vocem
2383 1140 2646 1196 orationis
2683 1153 2835 1194 meae.
2879 1137 3016 1205 Quia
3056 1138 3336 1192 inclinavit
3374 1153 3563 1192 aurem
3589 1153 3744 1194 suam

2155 1236 2290 1296 mihi
2317 1253 2330 1288 ε
2355 1245 2410 1290 et
2441 1235 2494 1288 in
2523 1233 2712 1288 diebus
2742 1231 2878 1286 meis
2926 1231 3208 1297 invocabo.
3261 1229 3753 1288 Circumdederunt

2156 1345 2245 1384 me
2282 1327 2497 1384 dolores
2540 1326 2732 1380 mortis
2767 1341 2778 1376 :
2811 1331 2867 1378 et
2902 1323 3141 1394 pericula
3181 1322 3382 1378 inferni
3419 1323 3752 1380 invenerunt

2157 1435 2264 1482 me.
2299 1417 2720 1472 Tribulationem
2769 1424 2827 1472 et
2872 1415 3112 1470 dolorem
3166 1414 3350 1470 inveni
3394 1431 3406 1468 :
3449 1423 3505 1470 et
3547 1429 3748 1468 nomen

2157 1509 2370 1566 Domini
2413 1508 2676 1564 invocavi.
2716 1505 2760 1561 Ο
2787 1505 3035 1570 Domine,
3063 1505 3234 1562 libera
3263 1505 3502 1560 animam
3533 1519 3744 1560 meam:

2159 1601 2472 1658 misericors
2499 1598 2760 1654 Dominus
2808 1604 2863 1650 et
2887 1596 3087 1666 justus,
3118 1602 3174 1650 et
3201 1595 3343 1652 Deus
3371 1603 3562 1650 noster
3589 1595 3750 1650 mise-

2159 1700 2328 1748 retur.
2391 1690 2716 1748 Custodiens
2759 1688 3015 1762 parvulos
3074 1687 3334 1743 Dominus
3380 1706 3393 1742 :
3437 1687 3754 1744 humiliatus

2162 1797 2304 1844 sum,
2343 1789 2400 1834 et
2441 1780 2694 1834 liberavit
2733 1794 2838 1834 me.
2890 1779 3242 1844 Convertere,
3275 1779 3460 1836 anima
3507 1794 3654 1844 mea,
3700 1779 3754 1838 in

2086 1845 2132 1909 δ
2160 1871 2405 1942 requiem
2443 1877 2590 1924 tuam
2625 1887 2638 1922 :
2682 1872 2807 1939 quia
2842 1871 3102 1926 Dominus
3135 1870 3407 1926 benefecit
3443 1871 3564 1928 tibi.
3613 1871 3750 1939 Quia

2162 1962 2360 2032 eripuit
2388 1960 2624 2016 animam
2653 1977 2830 2016 meam
2863 1963 2928 2016 de
2957 1971 3132 2023 morte
3161 1981 3172 2015 :
3205 1962 3392 2018 oculos
3421 1978 3576 2019 meos
3613 1979 3646 2018 a
3675 1963 3753 2018 la-

2165 2053 2399 2123 crymis,
2444 2053 2608 2123 pedes
2652 2068 2804 2110 meos
2855 2068 2886 2108 a
2922 2053 3096 2124 lapsu.
3149 2052 3382 2110 Placebo
3429 2055 3664 2112 Domino
3699 2059 3756 2112 in

2165 2147 2385 2218 regione
2414 2146 2680 2201 vivorum.

2240 2234 2306 2290 Ut
2335 2253 2514 2306 supra.
2557 2237 2618 2290 In
2656 2251 2744 2292 me
2782 2243 2928 2304 sunt,
2955 2235 3121 2302 Deus,
3151 2245 3278 2294 vota
3317 2246 3431 2304 tua,
3461 2254 3586 2309 quae
3629 2239 3760 2297 red-

2167 2325 2294 2386 dam
2343 2326 2686 2383 laudationes
2734 2327 2852 2382 tibi.
2906 2325 3172 2394 Quoniam
3228 2330 3473 2400 eripuisti
3520 2333 3762 2387 animam

2166 2434 2346 2474 meam
2367 2419 2434 2474 de
2457 2428 2650 2486 morte,
2677 2428 2734 2474 et
2751 2421 2916 2490 pedes
2946 2436 3096 2476 meos
3126 2421 3192 2478 de
3216 2420 3370 2492 lapsu
3393 2439 3406 2474 :
3431 2430 3493 2478 ut
3509 2423 3759 2494 placeam

2169 2527 2355 2569 coram
2384 2510 2496 2566 Deo
2525 2512 2577 2565 in
2610 2511 2814 2566 lumine
2838 2513 3155 2567 viventium.

2243 2603 2450 2659 Oratio.
2475 2603 2702 2660 Ablutor
2721 2606 3119 2675 peccaminum,
3137 2605 3381 2674 Domine,
3405 2607 3500 2677 qui
3523 2607 3761 2662 animum

2171 2704 2226 2752 te
2266 2695 2494 2750 ﬁdeliter
2533 2695 2885 2752 invocantem
2926 2697 3185 2752 velociter
3242 2699 3572 2766 consolaris;
3611 2715 3768 2770 roga-

2173 2804 2294 2844 mus
2336 2795 2397 2844 ut
2461 2803 2561 2846 nos
2610 2803 2643 2842 a
2681 2789 2936 2858 periculis
2988 2789 3188 2846 inferni
3231 2801 3416 2849 erutos
3455 2793 3512 2847 in
3547 2794 3769 2865 regione

2172 2878 2440 2947 vivorum,
2472 2879 2652 2934 ablata
2675 2881 2888 2950 peccati
2919 2890 3112 2947 morte,
3140 2884 3421 2943 restituas.
3463 2885 3587 2942 Per.

2803 2994 3146 3050 PSALMUS.

2247 3106 2427 3179 (PSAL.
2459 3107 2607 3181 ειν.)
2647 3105 2883 3174 Credidi,
2921 3117 3144 3179 propter
3177 3109 3320 3180 quod
3361 3109 3576 3168 locutus
3612 3127 3767 3168 sum:

483 3185 630 3276 m9”
657 3184 916 3276 θδίιῖθννα
952 3193 965 3228 ⁵
1015 3191 1047 3229 ³
1095 3174 1233 3231 faeie
1275 3173 1372 3228 Dei
1413 3172 1601 3276 J39°b°
1653 3172 1756 3242 QUi
1792 3175 2074 3276 _c°“_ve"it
2099 3203 2146 3270 ο
2177 3172 2277 3270 ego
2314 3209 2496 3255 autem
2535 3172 3235 3258 humiliatus-sum-nimis.
3276 3203 3391 3276 Ego
3425 3206 3534 3260 dixi
3576 3207 3633 3261 in
3674 3223 3769 3263 ex-

481 3275 696 3342 petram
751 3265 808 3322 in
865 3275 1059 3340 stagna
1115 3281 1399 3336 aquarum,
1449 3273 1504 3321 et
1553 3280 1743 3338 rupem
1790 3265 1845 3322 in
1899 3266 2072 3326 fontes

484 3373 768 3432 aquarum.
815 3357 934 3412 Non
979 3356 1155 3422 nobis,
1192 3355 1439 3424 Domine,
1485 3372 1594 3411 non
1623 3355 1816 3412 nobis:
1845 3357 1941 3414 sed
1978 3373 2076 3414 no-

484 3451 620 3508 mini
650 3457 744 3505 tuo
773 3451 843 3505 da
871 3447 1119 3520 gloriam.
1167 3447 1342 3518 Super
1367 3449 1744 3506 misericordia
1775 3458 1865 3506 tua
1901 3458 1956 3506 et
1983 3466 2076 3508 ve-

487 3547 652 3603 ritate
701 3553 829 3600 tua:
863 3541 1149 3615 nequando
1196 3543 1381 3598 dicant
1422 3553 1632 3616 gentes,
1680 3544 1771 3598 ubi
1814 3551 1898 3598 est
1934 3543 2077 3600 Deus

489 3637 718 3694 eorum?
762 3635 906 3690 Deus
949 3643 1130 3689 autem
1175 3641 1362 3689 noster
1409 3635 1465 3689 in
1507 3635 1645 3690 caelo
1676 3653 1689 3689 :
1719 3635 1900 3690 omnia
1930 3650 2079 3704 quze-

487 3739 706 3799 cunque
747 3729 938 3794 voluit,
970 3727 1119 3783 fecit.
1165 3727 1467 3784 Simulacra
1509 3729 1750 3799 gentium
1793 3736 2079 3798 argentum

483 3832 546 3880 et
571 3839 762 3879 aurum
789 3840 806 3878 :
829 3837 995 3893 opera
1025 3835 1285 3876 manuum
1326 3823 1621 3877 hominum.
1655 3820 1729 3876 Os
1771 3823 1992 3884 habent,
2026 3829 2081 3875 et

487 3931 600 3972 non
647 3915 981 3985 loquentur:
1021 3914 1210 3970 oculos
1262 3915 1483 3978 habent,
1530 3923 1583 3968 et
1635 3929 1743 3968 non
1797 3915 2076 3968 videbunt.

488 4003 667 4062 Aures
689 4005 904 4069 habent,
935 4012 992 4058 et
1018 4019 1127 4060 non
1153 4005 1377 4058 audient
1408 4021 1420 4056 :
1453 4020 1615 4060 nares
1641 4005 1862 4068 habent,
1892 4012 1948 4058 et
1975 4019 2081 4058 non

489 4097 814 4153 odorabunt.
862 4097 1052 4152 Manus
1078 4099 1298 4163 habent,
1331 4105 1388 4152 et
1433 4113 1540 4152 non
1577 4098 1889 4168 palpabunt,
1918 4097 2083 4167 pedes

493 4185 713 4252 habent,
767 4195 824 4244 et
869 4202 978 4242 non
1031 4188 1385 4244 ambulabunt
1435 4205 1447 4240 :
1497 4203 1604 4242 non
1659 4189 1969 4242 clamabunt
2027 4188 2083 4241 in

491 4284 710 4347 gutture
735 4292 853 4334 suo.
904 4277 1122 4333 Similes
1166 4278 1273 4332 illis
1317 4278 1481 4344 ﬁant,
1525 4277 1616 4346 qui
1648 4277 1856 4333 faciunt
1891 4293 1952 4332 ea
1986 4295 1998 4330 :
2029 4284 2084 4333 et

494 4382 684 4423 omnes
705 4369 798 4437 qui
827 4368 1104 4424 conﬁdunt
1132 4371 1184 4422 in
1209 4371 1308 4424 eis.
1338 4371 1539 4425 Domus
1566 4371 1732 4426 Israel
1758 4370 2000 4440 speravit
2027 4370 2084 4423 in

497 4457 770 4515 Domino:
812 4457 1029 4525 adiutor
1077 4474 1264 4514 eorum
1315 4468 1370 4512 et
1413 4467 1691 4527 protector
1739 4475 1928 4514 eorum
1979 4465 2080 4513 est.

495 4548 700 4608 Domus
726 4548 910 4604 Aaron
956 4549 1194 4618 speravit
1247 4549 1303 4604 in
1331 4550 1560 4604 Domino
1590 4570 1602 4605 :
1630 4552 1850 4618 adjutor
1891 4535 2071 4606 eorum

493 4651 554 4698 et
579 4650 854 4712 protector
877 4656 1068 4698 eorum
1093 4649 1196 4698 est.
1251 4641 1353 4709 Qui
1402 4642 1594 4698 timent
1621 4645 1929 4712 Dominum,
1965 4662 2084 4717 spe-

506 4743 765 4792 raverant
801 4735 855 4790 in
899 4734 1126 4790 Domino
1163 4753 1175 4788 :
1206 4733 1424 4802 adjutor
1471 4750 1657 4792 eorum
1709 4747 1765 4792 et
1810 4748 2088 4812 protector

499 4840 692 4882 eorum
714 4833 816 4882 est.
846 4823 1104 4881 Dominus
1133 4841 1341 4882 memor
1368 4826 1468 4882 fuit
1491 4831 1663 4884 nostri
1693 4847 1704 4881 :
1735 4839 1789 4885 et
1813 4832 2114 4886 benedixit‘

501 4914 678 4970 nobis.
730 4914 1011 4972 Benediin
1067 4918 1247 4974 domui
1293 4919 1461 4976 Israel
1507 4939 1519 4974 :
1568 4923 1847 4976 benedixit
1906 4924 2088 4977 domui

500 5004 704 5060 Aaron.
755 5003 1041 5062 Benedixit
1085 5008 1336 5064 omnibus
1381 5010 1474 5078 qui
1522 5010 1714 5065 timent
1760 5011 2086 5066 Dominum:

501 5095 713 5167 pusillis
740 5111 864 5152 cum
891 5093 1205 5165 majoribus.
1247 5097 1354 5168 57
1381 5099 1615 5168 Adjiciat
1642 5102 1900 5160 Dominus
1929 5118 2090 5173 super

503 5204 603 5246 vos
631 5207 644 5243 :
679 5203 842 5260 super
871 5205 970 5248 vos
995 5198 1051 5246 et
1078 5206 1240 5261 super
1267 5191 1406 5248 filios
1431 5203 1663 5250 vestros.
1691 5194 1969 5252 Benedicti
1995 5211 2091 5250 vos

506 5294 538 5336 a
563 5278 793 5338 Domino
817 5299 829 5334 :
853 5281 949 5350 qui
984 5279 1113 5340 fecit
1139 5282 1336 5340 ccelum
1377 5291 1435 5342 et
1460 5293 1683 5340 terram.
1728 5286 1937 5344 leum
1967 5287 2091 5344 ωειὶ

507 5368 773 5428 Domino:
807 5382 1009 5427 terram
1041 5382 1220 5428 autem
1267 5375 1414 5430 dedit
1461 5376 1587 5430 ﬁliis
1615 5377 1914 5431 hominum.
1969 5377 2088 5434 Non

507 5463 708 5518 mortui
729 5463 1027 5520 laudabunt
1057 5474 1130 5530 te,
1155 5465 1382 5522 Dom-ine
1407 5484 1419 5520 :
1452 5483 1630 5536 neque
1653 5483 1843 5524 omnes
1869 5470 1964 5539 qui
1991 5470 2089 5523 dc—

510 5554 778 5610 scendunt
817 5557 873 5610 in
906 5554 1197 5612 infernum.
1241 5556 1346 5612 Sed
1377 5573 1496 5623 nos,
1525 5557 1616 5628 qui
1645 5558 1895 5622 vivimus,
1925 5560 2091 5616 bene-

511 5647 742 5704 dicimus
763 5647 991 5706 Domino
1017 5666 1030 5701 :
1060 5665 1128 5704 ex
1151 5648 1253 5704 hoc
1281 5665 1426 5704 nunc
1453 5659 1507 5704 et
1537 5666 1707 5718 usque
1737 5651 1792 5706 in
1819 5651 2094 5706 saeculum.

587 5735 654 5792 Ut
678 5756 860 5810 supra.
889 5742 1228 5816 Adjutorium
1261 5751 1506 5800 nostrum
1537 5745 1590 5798 in
1621 5744 1838 5804 nomine
1862 5745 2098 5813 Domini,

515 5827 606 5914 qui
633 5826 766 5888 fecit
789 5831 982 5890 calum
1009 5843 1063 5888 et
1093 5841 1312 5890 terram.

2175 3305 2334 3347 cessu
2371 3306 2494 3347 meo
2530 3309 2544 3347 :
2577 3291 2754 3347 omnis
2792 3293 2954 3348 homo
2995 3293 3250 3349 mendax.
3295 3293 3436 3362 Quid
3473 3297 3772 3353 retribuam

2174 3389 2406 3445 Domino
2444 3403 2543 3460 pro
2583 3390 2837 3446 omnibus
2872 3405 2991 3460 quae
3027 3391 3283 3446 retribuit
3323 3393 3494 3447 mihi?
3532 3393 3774 3450 Calicem

2179 3481 2438 3537 salutaris
2492 3482 2756 3552 accipiam
2799 3499 2812 3535 :
2863 3491 2920 3536 et
2968 3497 3168 3539 nomen
3212 3482 3425 3539 Domini
3483 3485 3770 3541 invocabo.

2175 3575 2316 3630 'Vota
2355 3588 2476 3628 mea
2504 3573 2734 3629 Domino
2762 3573 2986 3630 reddam
3011 3589 3197 3632 coram
3223 3577 3374 3631 omni
3401 3576 3597 3648 populo
3623 3575 3774 3646 ejus:

2175 3664 2416 3733 pretiosa
2447 3655 2503 3716 in
2531 3673 2830 3733 conspectu
2862 3664 3075 3720 Domini
3103 3678 3251 3723 mors
3291 3675 3606 3722 sanctorum
3632 3667 3773 3736 ejus.

2181 3757 2226 3811 Ο
2257 3757 2502 3820 Domine,
2536 3758 2664 3825 quia
2703 3771 2803 3827 ego
2841 3771 3031 3811 servus
3067 3765 3194 3814 tuus
3233 3777 3245 3813 :
3283 3774 3384 3829 ego
3420 3775 3611 3815 servus
3652 3769 3780 3815 tuus

2181 3856 2237 3902 et
2262 3849 2403 3902 ﬁlius
2437 3848 2644 3901 ancilla:
2675 3857 2796 3902 tua}.
2829 3848 3086 3919 Dirupisti
3118 3850 3334 3905 vincula
3376 3867 3517 3917 mea,
3551 3852 3650 3906 tibi
3689 3868 3778 3908 sa-

2183 3939 2436 3996 criﬁcabo
2461 3937 2694 3993 hostiam
2719 3938 2912 4005 laudis,
2937 3948 2991 3994 et
3022 3955 3218 3994 nomen
3242 3940 3456 3996 Domini
3486 3943 3777 3998 invocabo.

2184 4027 2324 4082 Vota
2363 4041 2482 4080 mea
2523 4027 2754 4082 Domino
2793 4026 3016 4081 reddam
3054 4029 3109 4082 in
3149 4037 3443 4099 conspectu
3476 4031 3658 4086 omnis
3688 4047 3781 4102 po-

2183 4118 2295 4189 puli
2321 4119 2436 4187 ejus
2461 4134 2474 4168 :
2508 4117 2563 4172 in
2591 4118 2746 4172 atriis
2775 4119 2968 4174 domus
2996 4118 3211 4174 Domini
3241 4120 3298 4174 in
3328 4121 3508 4176 medio
3545 4123 3622 4176 tui
3655 4122 3783 4178 Ilie-

2186 4207 2440 4263 rusalem.

2261 4300 2325 4355 Ut
2357 4317 2536 4373 supra.
2580 4301 2861 4356 Lmtamini
2910 4301 2966 4356 in
3005 4301 3266 4369 Domino,
3307 4310 3365 4360 et
3408 4304 3784 4366 conﬁteamini

2187 4397 2464 4452 memoria:
2493 4396 2941 4452 sanctiﬁcationis
2970 4395 3107 4465 ejus.

2264 4488 2469 4544 Oratio.
2514 4487 2661 4543 Talis
2692 4490 2782 4554 sit,
2822 4503 3132 4559 quiesumus
3162 4487 3411 4555 Domine,
3438 4489 3552 4544 vita
3581 4489 3786 4562 suppli-

1247 4566 1303 4649 ιξὶ
1331 4550 1560 4649 ξ)⁰¹ξ“¹¹⁰
1590 4570 1602 4605 ³
1621 4552 1850 4649 ξίίιίυξοτ
1891 4566 2080 4606 eorum
2107 4572 2163 4635 Β
2187 4596 2330 4644 cum,
2370 4579 2508 4634 sicut
2536 4588 2620 4634 est
2648 4581 2702 4635 in
2737 4571 3036 4648 Conspectu
3069 4587 3158 4633 tuo
3197 4593 3347 4633 mors
3371 4581 3618 4649 pretiosa
3664 4597 3786 4638 san-

2187 4679 2430 4737 ctorum;
2469 4677 2532 4726 ut
2569 4687 2601 4725 a
2639 4670 2867 4724 vinculis
2901 4671 3107 4741 peccati
3148 4670 3304 4726 liberi
3347 4687 3661 4731 mereamur
3707 4674 3788 4732 fu-

2187 4769 2323 4817 turm
2345 4761 2684 4820 Hierusalem
2708 4760 2918 4833 gaudiis
2947 4762 3242 4832 prmlibari.
3271 4763 3378 4819 Per
3396 4763 3714 4820 Dominum.
3751 4771 3754 4774 ί

2811 4892 3154 4952 PSALMUS.

2265 5006 2444 5078 (Ps.u..
2484 5004 2656 5078 cxvi.)
2695 5005 2936 5062 Laudato
2974 5006 3282 5074 Dominum,
3321 5022 3515 5066 omnes
3563 5019 3786 5083 gentes:

2191 5099 2408 5154 laudate
2438 5113 2564 5153 eum
2597 5113 2788 5152 ames
2815 5099 3017 5169 populi.
3052 5100 3320 5167 Quoniam
3348 5104 3678 5160 conﬁrmata
3707 5111 3794 5162 est

2193 5208 2359 5261 super
2387 5206 2487 5246 nos
2517 5191 2892 5246 misericordia
2919 5189 3038 5260 ejus
3063 5209 3076 5246 :
3111 5200 3167 5246 et
3190 5193 3394 5248 veritas
3423 5194 3639 5251 Domini
3681 5211 3791 5252 ma-

2193 5293 2286 5340 net
2315 5283 2371 5338 in
2401 5292 2684 5338 :eternum.

2269 5374 2336 5430 Ut
2366 5393 2546 5448 supra.
2574 5377 2764 5433 Omnis
2796 5385 2942 5433 terra
2973 5374 3163 5435 adoret
3189 5387 3264 5446 te,
3297 5378 3464 5449 Deus,
3501 5389 3558 5437 et
3592 5381 3792 5454 psallat

2195 5469 2292 5524 tibi
2327 5487 2339 5522 :
2367 5471 2634 5540 psalmum
2665 5470 2840 5524 dicam
2870 5472 3078 5526 nomini
3109 5479 3218 5526 tuo.

2273 5561 2478 5617 Ora-(io.
2552 5561 3091 5630 Omnipotentissime
3157 5565 3502 5631 dominator,
3568 5569 3660 5636 qui
3726 5567 3796 5622 ab

2199 5656 2442 5710 omnium
2473 5655 2716 5725 gentium
2754 5671 2848 5709 ore
2885 5655 3145 5717 laudaris,
3181 5672 3470 5727 precamur
3507 5667 3570 5711 ut
3597 5659 3796 5714 dilates

2203 5747 2487 5802 veritatem
2513 5754 2662 5800 tuam
2694 5746 2756 5799 in
2783 5756 2968 5800 mente
2995 5757 3201 5814 nostra,
3231 5756 3287 5803 et
3309 5748 3603 5807 confirmes
3629 5765 3797 5830 super

2208 5854 2306 5900 nos
2330 5838 2760 5896 misericordiam
2786 5847 2953 5896 tuam.
2977 5838 3100 5898 Per.
