4038 6336
257 294 363 351 517

811 400 922 474 δε
959 398 1299 457 PSALMUS.

329 538 512 611 (PSAL.
561 535 754 609 exin.)
794 533 1140 591 Conﬂtemini
1177 534 1409 592 Domino
1447 536 1707 608 quoniam
1758 536 1849 594 bo-

258 649 360 690 nus
391 651 404 686 :
433 632 692 701 quoniam
733 631 787 685 in
827 628 1081 685 saeculum
1119 629 1494 687 misericordia
1524 632 1661 703 ejus.
1694 630 1851 688 Dicat

256 740 405 782 nunc
433 723 602 795 Israel
631 724 887 793 quoniam
915 722 1092 777 bonus
1128 740 1139 775 :
1184 722 1444 793 quoniam
1487 723 1545 779 in
1594 723 1849 781 szeculum

255 818 636 874 misericordia
676 818 811 888 ejus.
854 816 1010 872 Dicat
1047 833 1193 872 nunc
1235 818 1427 875 domus
1460 819 1641 874 Aaron
1676 836 1688 872 :
1722 833 1852 888 quo-

257 911 409 967 niam
455 910 510 962 in
552 908 806 963 smculum
846 908 1220 964 misericordia
1262 908 1398 978 ejus.
1444 910 1640 965 Dicant
1681 925 1847 976 nunc,

255 1004 349 1073 qui
384 1003 579 1057 timent
606 998 896 1055 Dominum
931 1018 942 1053 :
976 1000 1236 1070 quoniam
1266 1000 1323 1057 in
1361 1000 1615 1056 sxeculum
1646 999 1855 1057 miseri-

255 1095 444 1150 cordia
473 1092 609 1165 ejus.
654 1093 731 1147 De
776 1090 1124 1149 tribulatione
1154 1092 1405 1148 invocavi
1436 1092 1723 1149 Dominum
1752 1114 1763 1148 :
1797 1102 1853 1149 et

254 1188 538 1245 exaudivit
571 1202 658 1241 me
691 1186 745 1240 in
784 1185 1072 1240 latitudine
1104 1184 1386 1241 Dominus.
1430 1186 1693 1243 Dominus
1719 1187 1850 1243 mihi

257 1278 515 1347 adjutor:
546 1293 655 1333 non
688 1276 907 1342 timebo,
942 1276 1072 1349 quid
1104 1275 1270 1331 faciat
1296 1277 1427 1333 mihi
1459 1278 1639 1333 homo.
1673 1276 1852 1333 Domi-

255 1386 362 1427 nus
390 1369 526 1425 mihi
558 1368 806 1439 adjutor:
833 1375 890 1421 et
917 1382 1017 1440 ego
1056 1366 1357 1439 despiciam
1397 1368 1648 1425 inimicos
1676 1385 1847 1427 meos.

256 1460 470 1517 Bonum
494 1470 579 1516 est
603 1459 878 1516 conﬁdere
902 1459 957 1514 in
980 1458 1234 1524 Domino,
1276 1474 1442 1529 quam
1480 1459 1757 1516 conﬁdere
1795 1460 1852 1515 in

258 1553 502 1609 homine.
549 1552 759 1605 Bonum
800 1559 882 1605 est
921 1565 1139 1621 sperare
1170 1550 1224 1603 in
1249 1548 1498 1617 Domino,
1530 1566 1694 1621 quam
1738 1566 1855 1621 spe-

258 1661 381 1700 rare
417 1646 473 1698 in
506 1644 860 1714 principibus.
900 1642 1103 1699 Omnes
1137 1653 1323 1715 gentes
1362 1646 1696 1700 circuierunt
1731 1661 1847 1699 me:

257 1747 311 1796 et
353 1739 409 1796 in
445 1738 665 1793 neruine
695 1736 940 1802 Domini,
977 1738 1103 1805 quia
1143 1737 1289 1793 ultus
1328 1736 1449 1793 sum
1493 1738 1547 1790 in
1583 1753 1696 1792 eos.
1741 1737 1853 1792 Cir—
1882 1766 1930 1827 Β

259 1833 584 1890 cumdantes
621 1830 1096 1886 circumdederunt
1132 1846 1221 1887 me
1258 1850 1271 1885 :
1312 1838 1370 1887 et
1406 1831 1460 1885 in
1499 1831 1717 1885 nomine
1751 1830 1853 1886 Do-

259 1923 417 1989 mini,
466 1922 594 1993 quia
636 1921 779 1977 ultus
819 1937 938 1977 sum
978 1923 1032 1976 in
1072 1937 1185 1978 eos.
1230 1922 1721 1978 Circumdederuut
1766 1939 1852 1978 me

261 2017 408 2075 sicut
435 2029 589 2089 apes,
617 2023 671 2069 et
697 2023 1023 2071 exarserunt
1050 2016 1194 2070 sicut
1218 2016 1356 2086 ignis
1397 2016 1451 2069 in
1482 2015 1651 2086 spinis
1677 2035 1689 2069 :
1716 2024 1772 2069 et
1796 2016 1852 2070 in

260 2109 487 2167 nomine
518 2106 753 2172 Domini,
797 2107 927 2177 quia
967 2106 1111 2162 ultus
1156 2123 1278 2163 sum
1319 2109 1375 2162 in
1423 2123 1537 2164 eos.
1589 2108 1853 2179 Impulsus

259 2216 489 2259 eversus
519 2215 660 2264 sum,
694 2207 755 2254 ut
778 2199 1031 2255 caderem
1060 2216 1072 2250 :
1105 2206 1161 2254 et
1189 2198 1449 2254 Dominus
1478 2200 1721 2269 suscepit
1744 2213 1850 2253 me.

258 2292 547 2351 Fortituuo
587 2305 709 2346 mea
742 2299 798 2346 et
832 2289 950 2345 laus
987 2306 1108 2346 mea
1147 2290 1409 2347 Dominus
1436 2308 1448 2345 :
1481 2300 1538 2345 et
1567 2293 1742 2347 factus
1770 2302 1857 2348 est

258 2385 396 2441 mihi
432 2384 490 2438 in
521 2382 771 2441 salutem.
814 2381 929 2438 Vox
957 2383 1337 2439 exsultationis
1365 2392 1421 2438 et
1451 2384 1642 2439 salutis
1683 2386 1737 2440 in
1775 2394 1855 2440 ta—

259 2475 881 2545 bernaculisjustorum.
912 2474 1146 2530 Dextera
1172 2474 1385 2529 Domini
1410 2475 1540 2531 fecit
1565 2478 1851 2532 virtutem:

261 2567 494 2626 dextera
522 2566 737 2623 Domini
775 2567 1034 2622 exultavit
1070 2583 1157 2622 me
1189 2584 1202 2620 :
1234 2568 1456 2623 dextera
1486 2568 1699 2623 Domini
1728 2570 1859 2625 fecit

259 2650 541 2717 virtutem.
572 2659 692 2716 Non
720 2662 943 2726 moriar,
978 2660 1074 2715 sed
1098 2661 1279 2716 vivam
1305 2680 1317 2714 :
1345 2667 1401 2713 et
1429 2662 1661 2716 narrabo
1690 2678 1857 2731 opera

259 2752 505 2811 Domini.
535 2754 821 2826 Castigans
856 2756 1143 2827 castigavit
1170 2772 1256 2811 me
1280 2754 1542 2812 Dominus
1573 2775 1586 2810 :
1616 2765 1670 2812 et
1698 2758 1857 2812 morti

263 2862 381 2902 non
430 2847 655 2901 tradidit
684 2862 789 2902 me.
836 2846 1056 2917 Aperite
1098 2847 1225 2901 mihi
1272 2856 1456 2918 portas
1499 2847 1744 2916 justitize,
1776 2851 1860 2904 in-

256 2957 493 3017 gressus
541 2941 599 2997 in
642 2957 738 2996 eas
781 2942 1083 2998 confitebor
1126 2942 1358 2997 Domino
1394 2962 1406 2996 :
1438 2942 1553 2997 hmo
1575 2951 1731 3013 porta
1761 2942 1860 2999 Do-

257 3033 421 3099 mini,
461 3031 596 3102 justi
634 3033 916 3089 intrabunt
954 3034 1010 3087 in
1045 3049 1187 3088 eam.
1228 3034 1542 3090 Conﬁtebor
1580 3034 1694 3099 tibi,
1726 3051 1860 3105 quo-

256 3123 414 3179 niam
455 3123 727 3179 exaudisti
767 3139 853 3179 me
892 3143 904 3179 :
942 3132 997 3181 et
1037 3124 1211 3182 factus
1251 3141 1311 3180 es
1348 3127 1477 3181 mihi
1512 3127 1566 3181 in
1604 3126 1853 3182 salutem.
1884 3122 1930 3187 (ἶ

258 3212 529 3286 Lapidem
574 3230 735 3285 quem
776 3215 1207 3289 reprobaverunt
1243 3217 1614 3274 aediﬁcantes:
1652 3219 1743 3273 hic
1779 3218 1861 3274 fa-

256 3316 384 3362 ctus
427 3315 514 3361 est
544 3316 707 3377 caput
738 3316 949 3384 anguli.
971 3308 1017 3364 A
1050 3308 1282 3366 Domino
1319 3309 1522 3367 facmm
1560 3318 1646 3368 est
1682 3312 1856 3367 istud:

257 3405 314 3451 et
362 3405 455 3451 est
505 3397 750 3452 mirabile
800 3398 854 3452 in
899 3398 1069 3454 oculis
1121 3400 1345 3455 nostris.
1414 3400 1541 3455 Haec
1588 3409 1675 3457 est
1721 3401 1857 3467 dies,

256 3504 434 3559 quam
466 3486 594 3543 fecit
623 3488 883 3544 Dominus
913 3507 925 3543 :
955 3490 1291 3546 exsultemus
1322 3500 1377 3546 et
1411 3491 1657 3547 laetemur
1694 3493 1749 3546 in
1773 3508 1857 3548 ea.

258 3578 304 3638 0
329 3580 591 3645 Domine,
614 3579 823 3637 salvum
848 3596 938 3636 me
967 3580 1073 3647 fac,
1106 3597 1140 3637 o
1168 3582 1415 3649 Domine,
1464 3584 1605 3639 bene
1646 3599 1865 3655 prospe-

260 3690 395 3735 rare
440 3692 453 3729 :
501 3674 818 3731 benedictus
873 3675 967 3745 qui
1028 3677 1177 3731 venit
1237 3678 1291 3731 in
1351 3678 1571 3733 nomine
1625 3676 1859 3732 Domini.

260 3767 663 3826 Benediximus
698 3768 849 3823 vobis
872 3769 939 3823 de
964 3768 1125 3824 domo
1155 3769 1368 3823 Domini
1393 3786 1406 3821 :
1432 3769 1575 3824 Deus
1603 3769 1865 3824 Dominus

258 3872 317 3920 et
348 3863 543 3919 illuxit
565 3863 742 3919 nobis.
782 3862 1112 3918 Constituite
1135 3863 1279 3918 diem
1309 3863 1608 3917 solemnem
1655 3863 1708 3917 in
1737 3878 1866 3917 con-

259 3957 459 4014 densis
500 3974 515 4011 :
551 3971 726 4027 usque
766 3957 836 4010 ad
874 3970 1045 4011 cornu
1074 3955 1278 4011 altaris.
1328 3955 1473 4011 Deus
1508 3972 1661 4011 meus
1698 3970 1756 4010 es
1787 3963 1863 4020 tu,

262 4059 319 4109 et
346 4048 661 4107 conﬁtebor
688 4048 784 4105 tibi
811 4064 825 4100 :
852 4047 996 4104 Deus
1029 4066 1183 4106 meus
1211 4066 1269 4105 es
1308 4058 1389 4116 tu,
1417 4059 1473 4105 et
1501 4050 1753 4106 exaltabo
1787 4058 1861 4104 te.

261 4142 592 4201 Conﬁtebor
624 4141 718 4196 tibi
760 4142 1017 4215 quoniam
1058 4142 1327 4198 exaudisti
1359 4158 1444 4197 me
1474 4160 1485 4195 :
1516 4151 1572 4197 et
1605 4141 1779 4197 factus
1808 4160 1868 4199 es

262 4237 407 4294 mihi
450 4237 508 4291 in
536 4236 786 4291 salutem.
810 4234 1175 4307 [Coofitemini
1205 4236 1452 4302 Domino,
1486 4238 1743 4305 quoniam
1772 4237 1869 4292 bo-

262 4346 372 4385 nus
400 4347 416 4382 :
440 4329 702 4398 quoniam
740 4327 797 4382 in
828 4327 1087 4382 saeculum
1112 4328 1485 4382 misericordia
1514 4326 1650 4396 ejus.

337 4420 416 4476 Ut
435 4438 619 4491 supra.
638 4421 884 4487 Domine,
915 4421 1111 4476 exaudi
1135 4422 1436 4477 orationem
1466 4437 1663 4489 meam,
1690 4429 1744 4478 et
1766 4422 1870 4477 cla-

262 4529 391 4571 mor
414 4528 573 4568 meus
601 4514 669 4567 ad
703 4523 753 4568 te
773 4513 982 4569 veniat.

339 4605 563 4660 Oratio.
606 4602 919 4660 Consolatio
952 4602 1359 4659 tribulationum
1388 4611 1719 4670 nostrarum,
1747 4605 1873 4677 piis-

264 4699 409 4757 sime
436 4696 691 4761 Domine,
737 4696 829 4765 qui
872 4693 1145 4771 justorum
1197 4696 1548 4751 tabernacula
1594 4697 1779 4751 lzetitia
1819 4707 1875 4753 et

263 4786 641 4847 exntltatione
656 4786 961 4857 perfundis,
979 4786 1160 4842 exalta
1184 4787 1483 4843 Ecclesiam
1506 4797 1653 4843 tuam
1674 4790 1875 4848 virtute

266 4882 524 4957 potentis
560 4880 819 4946 dexterae,
857 4896 966 4951 qua
1006 4879 1100 4935 ﬁat
1126 4889 1283 4952 porta
1313 4880 1569 4951 justitiae;
1611 4891 1667 4938 et
1704 4882 1777 4937 ita
1818 4898 1877 4939 se

267 4972 538 5046 singulari
575 4973 871 5028 stabilitate
909 4981 1225 5040 connectat,
1250 4982 1313 5028 ut
1341 4982 1434 5029 tua
1474 4975 1878 5031 resurrectione

266 5064 591 5127 dariticata
615 5063 837 5138 augeat.
868 5063 992 5121 Per.

918 5202 1260 5262 PSALMUS.

348 5320 547 5393 (ΡεΑι.
577 5320 819 5394 cxxxtv.)
863 5320 1109 5379 Laudate
1139 5337 1339 5378 nomen
1368 5320 1584 5376 Domini
1620 5337 1632 5371 :
1666 5319 1886 5378 laudate

268 5414 434 5472 servi
479 5412 790 5470 Dominum.
846 5414 950 5482 Qui
998 5417 1158 5472 statis
1208 5416 1263 5472 in
1309 5416 1470 5470 domo
1516 5415 1729 5469 Domini
1771 5433 1783 5467 :
1828 5416 1883 5470 in

269 5510 451 5565 atriis
476 5507 673 5565 domus
699 5508 793 5564 Dei
822 5511 1015 5565 nostri.
1046 5511 1288 5566 Laudate
1312 5509 1622 5574 Dominum,
1650 5509 1776 5579 quia
1798 5508 1889 5563 bo-

270 5616 392 5657 nus
423 5598 688 5653 Dominus
716 5619 727 5652 :
758 5600 971 5669 psallite
1002 5602 1207 5655 nomini
1237 5599 1375 5669 ejus,
1407 5597 1663 5669 quoniam
1700 5614 1881 5653 suave.

1258 284 1652 347 LITURGICA.
1681 318 1752 332 —-
1788 288 2058 348 OFFICIA
2093 284 2230 349 PER
2266 291 2536 351 FERIAS.

3427 310 3532 370 518

1872 406 1927 465 Α
1951 401 2211 460 Dominus
2246 424 2257 459 :
2291 415 2347 461 et
2373 406 2516 462 Deus
2546 414 2732 463 noster
2757 423 2868 481 pra:
2893 411 3142 472 omnibus
3171 415 3293 474 diis.
3341 418 3537 483 Omnia

1948 510 2286 569 quaecunque
2330 498 2500 555 voluit
2548 499 2845 571 Dominus,
2918 503 3046 560 fecit
3093 507 3151 562 in
3195 510 3335 568 caelo
3375 521 3433 571 et
3479 516 3538 575 in

1948 595 2097 641 terra
2125 605 2138 641 :
2170 587 2225 642 in
2263 589 2403 645 mari
2433 598 2489 645 et
2515 591 2571 647 in
2606 594 2856 651 omnibus
2883 594 3113 667 abyssis.
3157 599 3411 661 Educens
3438 621 3536 663 nu-

1946 680 2045 735 bes
2090 681 2159 737 ab
2201 688 2448 738 extremo
2496 693 2655 741 terrae
2691 705 2704 740 :
2745 685 2958 761 fulgura
3006 689 3061 747 in
3106 690 3341 763 pluviam
3389 697 3535 754 fecit.

1949 771 2052 840 Qui
2080 775 2331 845 producit
2360 783 2549 831 ventos
2576 776 2640 831 de
2671 778 2941 833 thesauris
2974 781 3123 835 suis:
3153 783 3246 853 qui
3270 789 3538 856 percussit

1947 865 2305 939 primogenita
2344 867 2562 941 Egypti
2614 869 2682 925 ab
2730 870 2947 927 homine
2997 891 3170 945 usque
3227 878 3297 934 ad
3347 872 3535 951 pecus;

1950 962 2018 1018 Et
2048 963 2197 1019 misit
2225 963 2380 1035 signa
2410 970 2464 1017 et
2488 961 2730 1033 prodigia
2768 964 2825 1017 in
2853 964 3034 1021 medio
3062 968 3159 1035 tui,
3183 967 3418 1043 Egypte
3445 991 3457 1026 :
3484 973 3539 1028 in

1950 1052 2291 1109 Pharaonem
2318 1062 2373 1109 et
2405 1053 2460 1110 in
2497 1069 2687 1109 omnes
2726 1070 2914 1110 servos
2944 1058 3079 1127 ejus.
3133 1059 3236 1128 Qui
3274 1065 3542 1133 percussit

1953 1156 2142 1219 gentes
2180 1146 2399 1212 multas,
2431 1154 2485 1201 et
2512 1147 2710 1203 occidit
2743 1164 2899 1220 reges
2934 1146 3119 1207 fortes.
3174 1150 3318 1209 Seon
3358 1170 3539 1226 regem

1951 1236 2411 1303 Amorrhreorum,
2447 1246 2503 1292 et
2534 1237 2613 1310 0g
2640 1253 2824 1310 regem
2846 1237 3045 1303 Basan,
3080 1248 3135 1296 et
3163 1243 3343 1297 omnia
3374 1258 3539 1314 regna

1952 1327 2234 1384 Chanaan.
2268 1329 2335 1383 Et
2361 1328 2510 1384 dedit
2536 1341 2739 1384 terram
2766 1346 2953 1386 eorum
2979 1331 3353 1390 hazreditatem
3388 1352 3402 1386 :
3436 1335 3539 1390 lite-

1951 1422 2238 1476 reditatem
2262 1420 2430 1476 Israel
2457 1421 2651 1493 popqu
2678 1437 2795 1477 suo.
2818 1421 3066 1488 Domine,
3086 1440 3284 1480 nomen
3308 1434 3458 1480 tuum
3485 1426 3539 1481 in

1955 1521 2215 1568 mternum
2251 1512 2540 1578 :Domine,
2571 1512 2887 1569 memoriale
2914 1522 3064 1571 tuum
3101 1516 3157 1571 in
3194 1516 3541 1588 generatione

1956 1616 2012 1661 et
2042 1606 2468 1676 generationem.
2512 1606 2648 1675 Quia
2681 1605 2947 1675 judicabit
2983 1607 3244 1667 Dominus
3286 1609 3540 1681 populum

1958 1713 2162 1753 suum:
2197 1705 2250 1752 et
2302 1698 2355 1751 in
2407 1698 2581 1752 servis
2635 1698 2739 1753 tuis
2786 1699 3182 1771 deprecabitur.
3240 1699 3542 1759 Simulacra

1957 1790 2198 1862 gentium
2228 1797 2513 1860 argentum
2544 1797 2599 1844 ct
2626 1806 2819 1845 aurum
2850 1810 2861 1845 :
2890 1807 3056 1861 opera
3082 1808 3342 1848 manuum
3368 1793 3542 1849 homi-

1958 1895 2107 1933 num.
2136 1879 2208 1935 Os
2241 1880 2463 1946 habent,
2493 1888 2549 1935 ct
2583 1896 2690 1935 non
2740 1881 3067 1952 loquentur:
3098 1882 3281 1939 oculos
3316 1883 3541 1949 habent,

1959 1978 2013 2025 et
2059 1987 2167 2025 non
2213 1971 2489 2025 videbunt.
2543 1971 2718 2027 Aures
2758 1972 2985 2039 habent,
3035 1981 3090 2029 et
3134 1990 3243 2029 non
3290 1974 3539 2030 audient:
3584 1988 3587 1993 ‘

1957 2078 2136 2134 neque
2166 2064 2311 2117 enim
2342 2070 2426 2117 est
2453 2063 2677 2135 spiritus
2705 2064 2760 2117 in
2788 2079 2883 2120 ore
2910 2064 3168 2135 ipsorum.
3196 2063 3412 2119 Similes
3441 2064 3544 2120 illis

1959 2154 2120 2219 ﬁant,
2160 2156 2253 2224 qui
2288 2154 2495 2209 faciunt
2534 2171 2599 2211 ea
2636 2173 2647 2207 :
2688 2163 2742 2210 et
2777 2171 2996 2222 omnes,
3040 2157 3128 2226 qui
3175 2156 3449 2211 conﬁdunt
3488 2156 3544 2212 in

1960 2248 2059 2301 eis.
2093 2246 2294 2301 Domus
2328 2246 2493 2301 Israel
2519 2247 2825 2301 benedicite
2847 2247 3076 2303 Domino
3110 2248 3336 2302 :domus
3363 2248 3546 2302 Aaron

1958 2337 2263 2393 benedicite
2304 2336 2411 2407 59
2440 2336 2687 2391 Domino.
2720 2337 2923 2391 Domus
2952 2336 3080 2391 Levi
3110 2336 3413 2391 benedicite
3442 2336 3546 2390 Do-

1960 2429 2107 2487 mino
2155 2446 2166 2479 :
2218 2428 2312 2498 qui
2360 2428 2563 2483 timetis
2607 2427 2918 2493 Dominum,
2947 2427 3251 2483 benedicite
3294 2426 3542 2481 Domino.

1960 2517 2285 2574 Benedictus
2317 2518 2580 2575 Dominus
2609 2535 2677 2575 ex
2708 2518 2871 2587 Sion,
2903 2520 2999 2589 qui
3031 2518 3239 2574 habitat
3271 2519 3327 2574 in
3358 2516 3550 2575 Hieru-

1961 2612 2151 2667 salem.

2035 2701 2102 2756 Ut
2141 2719 2322 2774 supra.
2363 2700 2691 2759 Benedictus
2723 2701 2984 2758 Dominus
3022 2700 3167 2758 Deus
3199 2699 3365 2757 Israel
3398 2715 3429 2753 a
3458 2713 3552 2754 sae-

1963 2795 2113 2861 culo,
2145 2802 2199 2851 et
2222 2809 2394 2867 usque
2418 2794 2475 2851 in
2503 2793 2779 2863 saeculum,
2812 2803 2870 2851 et
2899 2793 3045 2851 dicet
3066 2794 3245 2851 omnis
3280 2791 3508 2864 populus
3534 2810 3550 2848 :

1962 2886 2103 2953 Fiat,
2130 2885 2242 2942 ﬁat.

2034 2979 2242 3035 Oratio.
2278 2977 2532 3035 Suavitas
2560 2978 2761 3035 eximia
2800 2977 2973 3045 Deus,
3002 2992 3167 3048 quem
3204 2976 3380 3033 omnis
3410 2983 3553 3032 terra

1962 3086 2061 3145 pro
2098 3069 2400 3127 dulcedinis
2445 3071 2781 3143 benignitate
2818 3070 3118 3135 collaudat;
3164 3084 3418 3141 rogamus
3461 3075 3551 3134 ut,

1962 3162 2140 3219 ablato
2178 3176 2211 3217 a
2258 3161 2415 3217 nobis
2455 3176 2609 3217 vana:
2644 3162 3053 3233 superstitionis
3086 3177 3305 3227 errore,
3332 3160 3439 3216 tuis
3467 3174 3557 3216 vo-

1960 3252 2257 3313 luntatibus
2276 3261 2687 3311 connectamur.
2718 3253 2840 3309 Per.

2585 3361 2928 3422 PSALMUS.

2032 3477 2226 3550 (Pen.
2265 3476 2499 3549 cxxxv.)
2528 3476 2873 3532 Conﬁtemini
2916 3473 3145 3530 Domino
3173 3472 3429 3543 quoniam
3464 3471 3559 3528 bo-

1963 3588 2065 3628 nus
2099 3593 2110 3627 :
2137 3572 2393 3643 quoniam
2421 3570 2476 3625 in
2508 3581 2771 3626 aeternum
2804 3569 3176 3625 misericordia
3215 3565 3352 3637 ejus.
3380 3564 3562 3622 Confl—

1964 3670 2154 3724 temini
2184 3668 2297 3725 Deo
2324 3669 2549 3723 deorum
2573 3687 2585 3721 :
2611 3668 2870 3739 quoniam
2894 3668 2946 3722 in
2970 3674 3234 3721 aeternum
3254 3663 3563 3720 misericor-

1965 3763 2052 3818 dia
2086 3762 2221 3829 ejus.
2253 3761 2597 3815 Conﬁtemini
2630 3759 2860 3815 Domino
2888 3758 3226 3813 dominorum
3260 3774 3272 3809 :
3302 3755 3561 3826 quoniam

1968 3854 2024 3907 in
2067 3861 2330 3906 aeternum
2373 3850 2746 3906 misericordia
2798 3850 2933 3920 ejus.
2976 3849 3077 3914 Qui
3120 3846 3251 3901 facit
3292 3845 3561 3901 mirabilia

1968 3958 2163 4014 magna
2211 3942 2358 3997 solus
2409 3960 2420 3994 :
2468 3942 2723 4012 quoniam
2770 3942 2824 3995 in
2872 3948 3137 3993 mternum
3184 3936 3560 3992 misericordia

1970 4035 2105 4105 ejus.
2140 4033 2241 4100 Qui
2269 4032 2398 4088 fecit
2424 4032 2592 4088 coelos
2618 4033 2674 4086 in
2702 4031 2979 4087 intellectu
3006 4049 3018 4084 :
3046 4030 3301 4100 quoniam
3332 4030 3386 4085 in
3413 4035 3566 4083 teter-

1971 4141 2099 4181 num
2139 4124 2516 4179 misericordia
2563 4122 2698 4193 ejus.
2733 4123 2835 4190 Qui
2882 4122 3117 4176 ﬁrmavit
3156 4130 3355 4175 terram
3402 4133 3566 4190 super

1970 4231 2141 4285 aquas
2175 4216 2468 4285 :quoniam
2496 4215 2551 4268 in
2584 4222 2846 4269 aeternum
2883 4212 3254 4268 misericordia
3284 4210 3421 4280 ejus.
3460 4210 3560 4278 Qui

1971 4309 2102 4365 fecit
2126 4310 2412 4364 luminaria
2434 4323 2628 4379 magna
2662 4326 2674 4363 :
2708 4308 2961 4379 quoniam
2984 4308 3039 4361 in
3064 4315 3327 4362 :eternum
3352 4305 3566 4361 miseriv

1970 4399 2153 4455 cordia
2190 4400 2325 4468 ejus.
2360 4398 2541 4453 Solem
2584 4399 2638 4452 in
2680 4404 3004 4467 potestatem
3044 4397 3148 4451 diei
3184 4414 3196 4450 :
3228 4396 3484 4465 quoniam
3512 4396 3567 4450 in

1894 4490 1950 4552 D
1975 4498 2241 4546 :eternum
2267 4491 2638 4545 misericordia
2677 4490 2813 4560 ejus.
2847 4489 3054 4545 Lunam
3084 4498 3139 4544 et
3163 4489 3349 4545 stellas
3380 4491 3432 4544 in
3474 4506 3569 4559 po—

1975 4592 2231 4640 testatem
2268 4584 2444 4639 noctis
2476 4603 2487 4637 :
2521 4586 2773 4654 quoniam
2806 4584 2860 4639 in
2901 4592 3162 4641 mternum
3195 4583 3570 4638 misericordia

1976 4677 2113 4747 ejus.
2140 4676 2241 4745 Qui
2270 4678 2537 4747 percussit
2570 4676 2893 4748 Aigyptum,
2925 4692 3048 4732 cum
3083 4676 3455 4749 primogenitis
3481 4692 3573 4731 eo-

1966 4782 2140 4823 rum:
2177 4769 2431 4839 quoniam
2475 4769 2530 4823 in
2575 4776 2836 4824 aeternum
2886 4768 3259 4825 misericordia
3303 4766 3438 4839 ejus.
3472 4768 3579 4837 Qui

1979 4861 2164 4916 eduxit
2186 4860 2353 4915 Israel
2380 4860 2435 4914 in
2464 4861 2644 4916 medio
2676 4875 2863 4915 eorum
2896 4880 2908 4915 :
2936 4861 3193 4932 quoniam
3225 4860 3283 4917 in
3311 4870 3578 4918 aeternum

1979 4953 2354 5008 misericordia
2393 4950 2527 5022 ejus.
2570 4952 2628 5007 In
2670 4967 2834 5007 manu
2879 4953 3089 5023 potenti
3130 4960 3186 5010 et
3226 4952 3454 5011 brachio
3484 4968 3580 5009 ex-

1979 5045 2157 5109 celso,
2188 5044 2445 5115 quoniam
2486 5045 2541 5099 in
2580 5051 2845 5100 aeternum
2884 5045 3260 5103 misericordia
3300 5044 3435 5116 ejus.
3476 5044 3579 5113 Qui

1982 5138 2166 5194 divisit
2194 5152 2344 5193 mare
2372 5138 2595 5193 rubrum
2616 5139 2669 5193 in
2695 5138 2992 5196 divisiones
3021 5157 3034 5195 :
3064 5140 3317 5209 quoniam
3339 5137 3395 5191 in
3421 5144 3580 5192 aiter-r

1982 5246 2114 5287 num
2144 5229 2516 5285 misericordia
2543 5229 2678 5300 ejus.
2710 5230 2779 5284 Et
2808 5230 2995 5287 eduxit
3018 5229 3186 5289 Israel
3214 5244 3312 5300 per
3339 5227 3579 5285 medium

1985 5322 2101 5393 ejus
2132 5341 2143 5376 :
2173 5321 2428 5391 quoniam
2453 5322 2507 5375 in
2535 5329 2799 5378 :eternum
2829 5320 3203 5377 misericordia
3229 5317 3365 5389 ejus.
3396 5317 3465 5373 Et
3491 5333 3585 5374 ex-

1986 5413 2156 5469 cussit
2182 5414 2522 5467 Pharaonem
2552 5422 2607 5468 et
2643 5414 2903 5469 virtutem
2932 5412 3050 5482 ejus
3091 5412 3147 5467 in
3187 5409 3325 5466 mari
3347 5409 3531 5465 Rubro
3565 5426 3582 5463 ε

1987 5507 2242 5576 quoniam
2269 5507 2323 5561 in
2352 5516 2616 5562 :cternum
2644 5507 3013 5562 misericordia
3042 5503 3179 5575 ejus.
3212 5502 3314 5570 Qui
3344 5503 3587 5559 traduxit

1987 5601 2240 5671 populum
2270 5616 2426 5655 suum
2450 5618 2547 5671 per
2577 5600 2853 5656 desertum
2892 5619 2903 5653 :
2942 5600 3199 5669 quoniam
3234 5598 3289 5652 in
3329 5596 3587 5653 saeculum

269 5689 569 5758 Quoniam
608 5688 776 5747 Iacob
805 5690 970 5762 elegit
1010 5691 1113 5746 sibi
1142 5692 1423 5753 Dominus,
1471 5690 1635 5745 Israel
1686 5690 1739 5744 in
1770 5706 1891 5760 pos-
1990 5694 2363 5749 misericordia
2386 5695 2521 5766 ejus.
2550 5695 2652 5763 Qui
2679 5693 2953 5767 percussit
2981 5707 3135 5764 reges
3164 5707 3389 5763 magnos
3417 5710 3431 5747 :
3460 5705 3589 5762 quo-

273 5783 607 5847 sessiouem
795 5785 933 5857 Quia
961 5801 1063 5859 ego
1089 5787 1341 5859 cognovi,
1370 5784 1514 5861 quod
1548 5801 1774 5863 magnus
1808 5794 1891 5843 est
1992 5788 2137 5844 niam
2164 5789 2218 5844 in
2244 5794 2507 5844 :eternum
2533 5786 2904 5845 misericordia
2936 5786 3074 5859 ejus.
3105 5785 3172 5841 Et
3204 5786 3404 5844 occidit
3432 5796 3589 5871 reges
