4038 6336
461 281 564 338 5l9

1285 273 1347 329 B.
1389 272 1450 327 F.
1491 271 1721 328 ALBlNl
1760 271 1893 329 SEU
1933 270 2213 334 ALCUINI
2247 269 2534 330 OPERUM
2572 268 2752 327 PARS
2791 269 2880 327 ιν.

463 395 633 450 fortes
658 409 670 445 :
699 387 956 460 quoniam
977 385 1032 442 in
1058 389 1323 441 aeternum
1347 383 1716 439 misericordia
1745 382 1881 452 ejus.
1908 383 2054 440 Seon
2085 390 2131 448 Α
2160 393 2214 440 ct
2262 385 2486 441 herbam
2534 385 2782 438 servituti
2838 382 3138 440 hominum.
3196 385 3299 456 Qui
3356 386 3448 442 dat
3489 385 3755 457 jumentis

463 500 649 558 regem
675 481 1095 537 Amorrheorum
1130 499 1142 531 :
1173 479 1428 548 quoniam
1468 479 1522 532 in
1552 487 1814 533 aeternum
1852 480 2060 533 miseri-

461 580 648 638 cordia
688 577 822 646 ejus.
854 577 920 631 Et
948 574 1027 646 0g
1062 590 1242 645 regem
1272 575 1446 628 Basan
1485 593 1496 627 :
1531 577 1786 644 quoniam
1820 576 1873 629 in
1908 584 2062 630 acter-

465 689 597 732 num
635 669 1000 726 misericordia
1031 668 1166 736 ejus.
1207 667 1273 721 Et
1313 667 1456 721 dedit
1500 676 1700 721 terram
1729 683 1916 722 eorum
1954 667 2063 722 ha:-

467 765 753 821 reditatem
786 779 798 814 :
830 759 1087 832 quoniam
1119 760 1173 813 in
1205 767 1468 812 aeternum
1509 757 1885 813 misericordia
1925 755 2057 825 ejus.

468 857 848 915 Hmreditatem
879 853 1044 908 Israel
1079 866 1238 906 servo
1265 866 1393 915 suo;
1425 849 1680 921 quoniam
1710 850 1766 904 in
1803 857 2065 904 anei-num

471 948 844 1007 misericordia
885 945 1021 1016 ejus.
1065 945 1167 1012 Qui
1210 948 1264 1000 in
1296 944 1597 999 humilitate
1639 951 1823 998 nostra
1858 957 2066 997 memor

472 1044 574 1099 fuit
602 1041 774 1098 nostri
804 1060 816 1094 :
845 1039 1100 1110 quoniam
1142 1038 1196 1092 in
1226 1049 1489 1091 aeternum
1521 1035 1894 1092 misericordia
1923 1035 2060 1105 ejus.

469 1137 540 1195 Et
585 1136 817 1192 redemit
861 1150 962 1189 nos
1008 1134 1078 1188 ab
1125 1132 1362 1186 inimicis
1406 1131 1610 1185 nostris
1657 1147 1681 1183 :-
1713 1129 1968 1199 quoniam
2010 1128 2066 1181 in

472 1239 732 1286 aeternum
778 1225 1146 1282 misericordia
1188 1223 1323 1294 ejus.
1376 1219 1477 1290 Qli
1532 1223 1624 1277 dat
1679 1236 1862 1276 escam
1919 1218 2068 1274 omni

473 1321 628 1377 carni
662 1339 674 1372 :
705 1318 962 1390 quoniam
995 1317 1051 1370 in
1081 1322 1346 1370 aéternum
1373 1311 1744 1368 misericordia
1766 1309 1903 1379 ejus.
1928 1309 2070 1365 Con-

474 1411 700 1466 ﬁtemim
725 1410 835 1464 Deo
860 1408 982 1463 cuali
1012 1427 1023 1461 :
1051 1407 1305 1478 quoniam
1334 1406 1388 1459 in
1413 1412 1674 1459 aeternum
1697 1403 2071 1458 misericordia

475 1503 612 1572 ejus.
647 1501 993 1558 Contitemini
1036 1500 1264 1555 Domino
1307 1499 1648 1555 dominorum
1684 1517 1696 1551 :
1730 1496 1984 1567 quoniam
2015 1495 2070 1551 in

475 1603 741 1652 aeternum
762 1593 1130 1648 misericordia
1157 1591 1295 1660 ejus.

551 1682 620 1738 Ut
646 1701 825 1754 supra.
857 1683 1083 1738 Domine
1112 1682 1378 1755 refugium
1410 1683 1584 1739 factus
1624 1699 1684 1740 es
1711 1684 1887 1749 nobis,
1920 1699 1950 1738 a
1980 1698 2074 1754 ge-

479 1779 762 1834 neratione
781 1785 836 1831 et
856 1777 1228 1848 generatione.

552 1867 756 1923 Oratio.
781 1867 986 1922 Memor
1016 1866 1335 1921 humilitatis
1368 1874 1598 1932 nostrae,
1631 1866 1891 1922 miserere
1917 1849 2073 1920 nobis

478 1961 820 2031 omnipotens
849 1959 1027 2024 Deus,
1065 1968 1120 2014 et
1158 1961 1248 2030 qui
1291 1961 1562 2030 quondam
1601 1961 1842 2030 patribus
1869 1960 2073 2014 nostris

477 2062 681 2110 terram
711 2052 1146 2107 adversariorum
1188 2053 1242 2106 in
1279 2052 1598 2106 haereditate
1635 2049 1884 2114 donasti,
1916 2063 2074 2105 nos-a

474 2145 687 2216 peccati
717 2145 928 2200 macula
951 2144 1208 2201 liberatos
1229 2144 1284 2198 in
1313 2153 1407 2198 tua
1435 2143 1751 2198 haereditate
1779 2143 2069 2199 constitue.

479 2234 603 2290 Per.

1104 2343 1329 2400 PSALM
1340 2344 1446 2402 US.

555 2482 743 2556 (PSAL.
769 2480 961 2552 cxcv.)
992 2481 1195 2546 Lauda,
1227 2481 1409 2536 anima
1445 2495 1588 2545 mea,
1616 2481 1904 2536 Dominum
1924 2523 1938 2546 ,
1963 2481 2077 2536 lau-

481 2574 619 2633 dabo
670 2574 958 2629 Dominum
1008 2575 1061 2628 in
1112 2574 1220 2628 vita
1264 2589 1384 2629 mea
1433 2592 1444 2626 :
1497 2573 1721 2644 psallam
1769 2573 1882 2630 Deo
1920 2590 2072 2640 meo,

477 2664 716 2736 quandiu
755 2663 926 2718 fuero.
973 2662 1150 2717 Nolite
1187 2662 1459 2717 confidere
1510 2662 1564 2714 in
1611 2662 1945 2732 principibus
1977 2681 1988 2715 :
2019 2664 2072 2717 in

477 2758 606 2816 filiis
631 2758 906 2814 hominum
927 2799 941 2823 ,
973 2758 1028 2812 in
1056 2757 1251 2826 quibus
1286 2773 1393 2811 non
1431 2765 1515 2810 est
1557 2755 1720 2809 salus.
1754 2755 1936 2810 Exibit
1967 2753 2077 2824 spi—

476 2852 614 2909 ritus
643 2849 790 2920 ejus,
826 2858 881 2905 et
909 2857 1211 2904 revertetur
1242 2850 1296 2902 in
1327 2857 1526 2902 terram
1559 2864 1742 2912 suam,
1776 2848 1828 2901 in
1869 2845 1956 2901 illa
1988 2845 2076 2900 die

477 2941 732 3013 peribunt
772 2955 963 2996 omnes
1009 2939 1369 3011 cogitationes
1417 2954 1623 2992 eorum.
1682 2938 1878 2992 Beatus
1921 2933 2076 3002 cujus

476 3031 622 3087 Deus
655 3030 824 3086 Jacob
864 3029 1078 3098 adjutor
1118 3031 1266 3100 ejus,
1310 3044 1435 3099 spes
1475 3028 1591 3096 eju.-,
1625 3047 1675 3081 ,ιι
1709 3026 1936 3080 Domino
1965 3025 2076 3080 Deo

2163 493 2344 534 escam
2391 479 2629 547 ipsorum
2677 497 2688 531 ε
2736 486 2790 531 et
2841 477 3001 547 pullis
3044 495 3330 534 corvorum
3377 481 3758 540 invocantibus

2163 587 2304 626 eum.
2343 570 2454 624 Non
2492 571 2546 624 in
2587 568 2906 625 fortitudine
2947 571 3068 640 equi
3112 571 3443 626 voluntatem
3485 574 3754 632 habebit:

2163 678 2264 718 nec
2299 664 2350 716 in
2383 662 2527 717 tibiis
2558 663 2660 716 viri
2693 663 3090 733 beneplacitum
3123 665 3228 719 erit
3249 665 3319 719 ei.
3349 665 3760 737 Beneplacitutn

2165 765 2251 811 est
2276 756 2505 811 Domino
2537 771 2698 826 super
2733 755 2987 812 timentes
3022 773 3148 813 eum
3180 777 3192 811 :
3223 765 3280 813 et
3313 759 3368 814 in
3400 760 3482 815 eis
3514 760 3610 831 qui
3642 775 3762 833 spe-

2165 857 2291 904 rant
2325 865 2487 920 super
2521 849 2892 905 misericordia
2925 852 3062 922 ejus.

2240 937 2306 993 Ut
2341 957 2518 1009 supra.
2567 939 2686 994 Fiat
2733 941 3106 996 misericordia
3142 951 3263 1009 tua,
3298 944 3562 1011 Domine,
3602 961 3766 1018 super

2126 1044 2130 1048 ’
2169 1048 2288 1096 nos,
2321 1034 2770 1104 quemadmodum
2801 1036 3138 1104 speravimus
3167 1037 3220 1092 in
3249 1045 3321 1093 te.

2241 1121 2445 1178 Oratio.
2474 1123 2797 1179 Aldificator
2819 1127 3060 1182 caelestis
3099 1128 3438 1187 Hierusalem
3465 1132 3634 1200 Deus,
3675 1135 3766 1206 qui

2169 1215 2566 1272 multitudinem
2599 1217 2875 1272 stellarum
2904 1227 2956 1274 et
2986 1221 3270 1276 concludis
3301 1239 3560 1291 numero,
3593 1233 3652 1282 et
3677 1241 3769 1281 no-

2170 1308 2416 1364 minatim
2445 1310 2683 1380 singulas
2706 1326 2868 1367 vocas
2898 1331 2910 1365 :
2941 1329 3104 1379 sana,
3133 1330 3472 1384 quaesumus,
3500 1317 3769 1374 contritas

2169 1402 2352 1467 corde,
2397 1401 2672 1472 dispersos
2699 1419 2987 1477 congrega,
3039 1415 3202 1478 atque
3229 1424 3328 1466 nos
3355 1412 3410 1467 in
3450 1411 3767 1469 innumera-

2170 1494 2265 1549 bili
2299 1494 2567 1565 sapientia
2592 1503 2680 1550 tua
2710 1495 3060 1566 locupletare.
3085 1497 3209 1554 Per.

2795 1625 3136 1684 PSALMUS.

2101 1765 2150 1826 Β
2248 1735 2437 1809 (Ρδλι.
2496 1745 2734 1813 chvu.)
2788 1739 2974 1796 Lauda
3026 1742 3366 1798 Hierusalem
3406 1743 3703 1799 Dominum
3755 1765 3768 1799 :

2176 1828 2333 1884 lauda
2363 1829 2734 1897 Deumtuum,
2774 1831 2927 1888 Sion.
2965 1833 3232 1901 Quoniam
3256 1835 3586 1891 confortavit
3619 1852 3772 1892 seras

2175 1931 2456 1992 portarum
2498 1930 2713 1976 tuarum
2767 1942 2778 1976 :
2827 1925 3108 1980 benedixit
3154 1925 3281 1980 filiis
3319 1927 3425 1981 tuis
3463 1927 3518 1982 in
3558 1936 3629 1982 te.
3674 1927 3772 1996 Qui

2176 2012 2358 2081 posuit
2382 2012 2516 2067 fines
2542 2021 2661 2068 tuos
2683 2029 2873 2084 pacem
2903 2033 2916 2068 :
2953 2024 3008 2070 et
3033 2017 3190 2086 adipe
3215 2016 3473 2073 frumenti
3499 2020 3670 2074 satiat
3701 2028 3771 2076 te.

2178 2105 2280 2174 Qui
2314 2109 2518 2164 emittit
2549 2109 2821 2180 eloquium
2864 2097 3020 2167 suum
3067 2121 3226 2168 teme
3263 2133 3276 2166 :
3314 2114 3579 2171 velociter
3602 2117 3776 2172 currit

2177 2213 2358 2254 sermo
2399 2199 2532 2267 ejus.
2575 2201 2676 2268 Qui
2715 2202 2806 2257 dat
2845 2203 3024 2258 nivem
3063 2205 3206 2260 sicut
3244 2206 3423 2262 lanam
3463 2226 3476 2260 :
3518 2207 3776 2264 nebulam

2178 2290 2320 2344 sicut
2355 2292 2596 2348 cinerem
2632 2296 2856 2366 spargit.
2893 2295 3057 2350 Mittit
3086 2297 3400 2368 c*ystallum
3435 2314 3595 2354 suum
3631 2302 3778 2356 sicut

2176 2381 2447 2438 buccellas
2483 2402 2495 2436 :
2521 2392 2648 2439 ante
2679 2385 2872 2440 faciem
2903 2387 3119 2458 frigoris
3146 2387 3263 2455 ejus
3291 2390 3414 2459 quis
3445 2391 3778 2446 sustinebit!

2178 2473 2404 2531 Emittet
2439 2478 2660 2531 verbum
2698 2493 2875 2542 suum,
2907 2487 2962 2532 et
2997 2478 3311 2548 liquefaciet
3340 2495 3402 2535 ea
3439 2499 3452 2533 :
3488 2479 3642 2536 flabit
3666 2481 3778 2551 spi-

2178 2568 2316 2622 ritus
2356 2569 2503 2640 ejus,
2549 2579 2604 2624 et
2647 2568 2816 2624 fluent
2854 2585 3024 2638 aquae.
3078 2570 3180 2636 Qui
3219 2573 3505 2626 annuntiat
3545 2575 3776 2630 verbum

2179 2672 2336 2711 suum
2363 2657 2530 2712 Jacob
2559 2677 2570 2710 :
2591 2656 2832 2734 justitias
2859 2667 2913 2714 et
2932 2658 3137 2728 judicia
3163 2676 3260 2714 sua
3282 2659 3468 2716 Israel.
3499 2661 3619 2717 Non
3648 2661 3777 2719 fecit

2183 2747 2362 2802 taliter
2397 2749 2544 2803 omni
2577 2748 2784 2803 nationi
2814 2765 2827 2802 :
2864 2756 2918 2804 et
2941 2747 3146 2820 judicia
3182 2765 3281 2806 sua
3317 2767 3426 2808 non
3461 2751 3777 2809 manifesta.

2179 2837 2258 2892 vit
2283 2839 2384 2893 eis.

2253 2929 2320 2984 Ut
2352 2947 2532 3000 supra.
2571 2929 2882 2987 Confitebor
2913 2932 3140 2988 Domino
3176 2935 3472 2990 secundum
3501 2935 3771 3005 justitiam

2181 3019 2316 3090 ejus,
2353 3030 2407 3076 et
2431 3021 2654 3091 psallam
2687 3023 2896 3078 nomini
2931 3024 3147 3079 Domini
3177 3024 3461 3081 Altissimi.

480 3121 652 3192 ipsius
683 3139 696 3174 :
728 3120 820 3190 qui
850 3119 981 3175 fecit
1025 3118 1225 3176 coelum
1255 3129 1311 3174 et
1352 3127 1583 3182 terram,
1615 3133 1764 3172 niare
1794 3124 1849 3170 et
1889 3116 2071 3169 omnia

2253 3133 2453 3189 Oratio.
2490 3135 2768 3200 Conforta,
2802 3136 3050 3203 Domine,
3074 3147 3262 3208 portas
3283 3138 3542 3196 Ecclesiae
3568 3147 3693 3204 tute,
3719 3147 3777 3196 et

479 3227 600 3282 qua:
631 3211 688 3264 in
717 3211 799 3266 eis
827 3219 974 3265 sunt.
1007 3210 1107 3278 Qui
1140 3211 1378 3266 custodit
1408 3211 1693 3264 veritatem
1718 3209 1770 3262 in
1794 3206 2071 3273 seculum,

480 3301 614 3358 facit
637 3302 898 3374 judicium
925 3299 1178 3370 injuriam
1212 3303 1545 3372 patientibus
1574 3319 1586 3353 :
1621 3300 1713 3354 dat
1740 3313 1920 3353 escam
1951 3315 2076 3354 esu-

481 3398 768 3456 rientibus.
795 3398 1054 3453 Dominus
1078 3397 1238 3452 solvit
1265 3396 1602 3465 compeditos
1633 3413 1644 3448 :
1678 3393 1940 3448 Dominus
1963 3392 2078 3446 illu-

487 3490 660 3545 minat
684 3505 876 3544 caecos.
905 3489 1168 3544 Dominus
1195 3488 1355 3558 erigit
1387 3485 1548 3541 elisos
1574 3503 1586 3538 :
1613 3483 1872 3539 Dominus
1901 3483 2076 3554 diligit

481 3579 670 3651 justos.
711 3579 973 3635 Dominus
1014 3579 1253 3634 custodit
1299 3577 1568 3642 advenas,
1607 3576 1867 3648 pupillum
1908 3584 1962 3630 et
2001 3575 2079 3629 vi-

483 3671 644 3726 duam
672 3673 930 3742 suscipiet
974 3691 986 3725 :
1020 3679 1076 3725 et
1111 3671 1228 3726 vias
1263 3677 1610 3740 peccatorum
1649 3668 1940 3737 disperdct.
1975 3666 2079 3720 Re-

482 3765 670 3842 gnabit
697 3765 957 3821 Dominus
990 3765 1046 3818 in
1077 3763 1300 3829 sweula,
1331 3763 1473 3818 Deus
1500 3771 1623 3816 tuus
1646 3759 1807 3825 Sion,
1840 3760 1894 3814 in
1921 3775 2080 3831 gene-

482 3860 695 3916 ratione
723 3868 780 3914 et
810 3857 1237 3932 generationem.

551 3951 660 4024 60
715 3951 781 4007 Ut
827 3969 1008 4023 supra.
1052 3951 1303 4006 Exaltate
1351 3951 1641 4006 Dominum
1689 3957 1973 4013 nostrum,
2021 3956 2078 4002 et

483 4045 705 4100 adorato
734 4045 788 4098 in
829 4052 1012 4099 monte
1042 4051 1233 4099 sancto
1261 4042 1410 4113 ejus,
1440 4043 1698 4112 quoniam
1724 4049 1946 4097 sanctus
1976 4039 2080 4096 Do-

484 4136 666 4192 minus
703 4135 848 4190 Deus
887 4143 1093 4190 noster.

559 4227 764 4282 Oratio.
787 4226 1033 4284 Gloriose
1058 4229 1403 4298 omnipotens
1433 4227 1597 4290 Deus,
1629 4225 1681 4280 in
1711 4241 1869 4295 quem
1892 4226 2080 4280 beato-

487 4334 604 4373 rum
627 4319 820 4372 animze
839 4327 1010 4374 totam
1032 4320 1147 4390 spei
1171 4319 1554 4373 confidentiam
1578 4325 1817 4388 ponunt;
1843 4319 2080 4374 concede

487 4410 644 4466 nobis
672 4419 752 4475 ut,
777 4410 1042 4478 adjutorio
1066 4420 1156 4466 tuo
1180 4411 1487 4477 illuminati,
1509 4409 1782 4466 valeamus
1804 4416 1857 4465 te
1877 4409 2081 4480 jugiter

489 4507 669 4557 mente
696 4515 832 4570 pura
860 4497 1104 4571 diligere.
1127 4499 1253 4554 Per.

1118 4629 1457 4687 PSALMUS.

561 4753 741 4827 (ΡεΑι.
773 4750 974 4823 CXLVI.)
1019 4751 1261 4808 Laudate
1289 4752 1579 4809 Dominum
1603 4756 1861 4826 quoniam
1897 4756 2074 4812 bonus

486 4855 571 4903 est
598 4844 837 4916 psalmus
866 4864 878 4900 :
911 4844 1022 4900 Deo
1055 4853 1242 4901 nostro
1271 4847 1341 4901 sit
1366 4847 1604 4918 jucunda
1637 4850 1938 4919 decoraque
1967 4849 2077 4903 lau-

488 4938 653 4995 datio.
683 4935 980 4992 IEdiﬁcans
1019 4937 1354 4993 Hierusalem
1383 4938 1674 5006 Dominus,
1707 4940 2075 5011 dispersiones

486 5028 702 5086 lsraelis
731 5029 1094 5102 congregabit.
1136 5030 1236 5098 Qui
1273 5040 1428 5086 sanat
1468 5033 1732 5086 contritos
1768 5029 1928 5086 cbrde
1971 5052 1984 5086 :
2024 5041 2082 5094 et

488 5121 671 5194 alligat
707 5121 1064 5178 contritiones
1091 5137 1298 5176 eorum.
1342 5123 1443 5190 Qui
1494 5131 1744 5178 numerat
1785 5125 2080 5180 multitudi-

487 5231 615 5272 nem
659 5215 936 5270 stellarum
967 5233 980 5268 :
1013 5223 1068 5270 et
1107 5215 1359 5270 omnibus
1391 5217 1471 5271 eis
1506 5218 1721 5272 nomina
1755 5226 1927 5273 vocat.
1971 5217 2079 5271 Ma-

491 5327 627 5384 gnus
658 5310 918 5365 Dominus
949 5317 1156 5372 noster,
1190 5317 1245 5364 et
1275 5326 1468 5381 magna
1501 5311 1672 5365 virtus
1720 5311 1835 5380 ejus
1868 5331 1880 5366 :
1913 5321 1968 5367 et
1997 5328 2080 5367 sa-

487 5405 707 5474 pientia:
733 5403 850 5472 ejus
875 5417 983 5456 non
1012 5411 1096 5456 est
1119 5418 1393 5457 numerus.
1428 5403 1743 5474 Suscipiens
1766 5413 2076 5462 mansuetos

491 5491 752 5547 Dominus
786 5511 798 5545 :
831 5492 1126 5548 humilians
1145 5502 1324 5549 autem
1349 5505 1661 5564 peccatores
1689 5511 1860 5566 usque
1889 5498 1954 5552 ad
1975 5507 2082 5552 ter-

493 5597 628 5635 ram.
656 5581 944 5637 Prtecinite
972 5583 1200 5638 Domino
1229 5585 1280 5637 in
1312 5585 1654 5639 confessione
1682 5604 1694 5639 :
1729 5587 1939 5655 psallite
1969 5587 2078 5644 Deo

495 5681 683 5730 nostro
711 5674 764 5728 in
793 5675 1021 5730 cithara.
1058 5676 1158 5743 Qui
1179 5678 1354 5746 operit
1381 5677 1576 5731 ccelum
1608 5678 1840 5734 nubibus
1872 5699 1884 5734 :
1915 5689 1968 5736 et
1988 5697 2082 5751 pa-
2132 5700 2136 5709 ·

499 5773 583 5822 rat
605 5773 760 5818 teme
791 5767 1044 5844 pluviam.
1087 5768 1188 5838 Qui
1211 5768 1459 5841 producit
1483 5767 1540 5828 in
1567 5770 1844 5832 montibus
1874 5772 2078 5841 fenum,

2177 3240 2318 3297 pone
2358 3225 2608 3280 terminis
2648 3227 2765 3296 ejus
2796 3242 3016 3296 pacem,
3055 3229 3215 3297 eique
3255 3229 3469 3301 adipem
3511 3229 3777 3300 spiritalis

2181 3319 2347 3374 tritici
2373 3319 2659 3392 dignanter
2685 3322 2942 3376 attribue.
2973 3320 3096 3376 Per.

2803 3455 3145 3512 PSALMUS.

2252 3564 2442 3638 (PSAL.
2501 3565 2751 3637 CXLVIII.)
2806 3567 3048 3624 Laudate
3098 3566 3388 3624 Dominum
3433 3569 3502 3625 de
3548 3571 3702 3628 caelis
3755 3593 3768 3626 :

2179 3659 2394 3715 laudate
2425 3675 2548 3715 eum
2583 3661 2636 3714 in
2674 3661 2924 3716 excelsis.
2951 3661 3193 3716 Laudate
3225 3677 3348 3716 eum
3380 3677 3573 3720 omnes
3598 3665 3776 3736 angeli

2179 3748 2295 3818 ejus
2325 3769 2336 3803 ε
2365 3749 2580 3805 laudate
2597 3765 2718 3804 eum
2743 3766 2934 3806 omnes
2957 3751 3186 3806 virtutes
3215 3750 3351 3820 ejus.
3377 3753 3620 3810 Laudate
3650 3771 3776 3810 eum

2178 3843 2259 3897 sol
2296 3849 2350 3897 et
2383 3842 2508 3897 luna
2549 3861 2562 3896 :
2608 3842 2822 3897 laudate
2854 3858 2980 3898 eum
3021 3859 3212 3900 omnes
3251 3844 3422 3900 stella:
3466 3853 3521 3900 et
3568 3845 3769 3901 lumen.

2178 3932 2420 3988 Laudate
2456 3949 2576 3988 eum
2622 3935 2744 3988 εσθΙὶ
2785 3933 3044 3989 caelorum
3080 3955 3094 3989 :
3143 3943 3199 3991 et
3232 3950 3416 4006 aqum,
3457 3951 3578 4005 qua:
3612 3950 3776 4005 super

2179 4024 2346 4079 caelos
2373 4033 2518 4089 sunt,
2548 4025 2767 4080 laudent
2803 4041 3001 4080 nomen
3037 4025 3271 4080 Domini.
3301 4025 3439 4093 Quia
3472 4027 3590 4096 ipse
3612 4027 3771 4091 dixit,

2179 4125 2235 4172 et
2265 4116 2300 4169 f:
2320 4125 2405 4171 cla
2438 4126 2566 4172 sunt
2594 4135 2605 4170 :
2633 4117 2748 4186 ipse
2782 4117 3060 4171 mandavit
3091 4125 3146 4172 et
3170 4125 3355 4172 creata
3391 4125 3540 4172 sunt.
3571 4116 3776 4173 Statuit

2179 4223 2244 4262 ea
2276 4208 2330 4261 in
2354 4215 2614 4263 teternum
2639 4217 2692 4263 et
2721 4209 2772 4262 in
2803 4210 3055 4264 smeulum
3084 4209 3262 4264 saeculi
3295 4228 3307 4262 :
3334 4219 3666 4280 praeceptum
3684 4225 3776 4281 po-

2181 4297 2306 4362 suit,
2341 4307 2394 4353 et
2418 4315 2524 4354 non
2554 4298 2871 4368 praeteribit.
2899 4298 3140 4354 Laudate
3167 4297 3456 4353 Dominum
3488 4300 3556 4355 de
3576 4307 3722 4356 terra
3755 4318 3770 4354 :

2180 4391 2444 4446 dracones
2469 4398 2524 4446 et
2556 4405 2746 4445 omnes
2777 4391 2828 4443 al
2846 4389 2978 4461 yssi.
3012 4389 3188 4460 Ignis,
3226 4389 3462 4460 grando,
3502 4390 3627 4455 nix,
3661 4389 3775 4461 εἰει.

2101 4508 2158 4571 υ
2181 4486 2318 4547 cies,
2343 4484 2568 4552 spiritus
2587 4481 2943 4551 procellarum
2974 4499 2986 4534 ε
3011 4496 3131 4550 quae
3153 4479 3362 4536 faciunt
3384 4481 3607 4536 verbum
3632 4479 3770 4550 ejus.

2182 4576 2391 4632 Montes
2417 4584 2472 4630 et
2495 4590 2684 4630 omnes
2719 4573 2915 4639 colles,
2960 4573 3104 4643 ligna
3142 4571 3454 4638 fructifera,
3492 4584 3549 4630 et
3583 4590 3773 4631 omnes

2089 4725 2092 4728 ,
2180 4666 2350 4723 cedri.
2393 4666 2615 4730 Restim,
2650 4672 2704 4719 et
2731 4665 2984 4719 universa
3019 4680 3243 4735 pecora,
3283 4674 3568 4736 serpentes
3589 4674 3646 4722 et
3679 4671 3775 4723 voi-

2180 4757 2358 4812 lucres
2391 4764 2659 4826 pennatm.
2691 4755 2866 4826 Reges
2901 4764 3058 4811 terrae
3080 4763 3134 4810 et
3161 4772 3350 4812 omnes
3381 4758 3594 4828 populi,
3621 4759 3773 4829 prin-

2180 4851 2328 4920 cipes
2357 4857 2412 4903 et
2449 4863 2638 4902 omnes
2677 4846 2891 4916 judices
2924 4856 3100 4903 terrae.
3136 4846 3374 4904 Iuvenes
3418 4856 3476 4904 et
3508 4849 3767 4922 virgines,

2181 4956 2343 4996 senes
2377 4940 2482 5010 61
2513 4954 2635 4994 cum
2666 4935 2972 5008 junioribus
3017 4938 3236 4994 laudent
3269 4953 3467 4994 nomen
3505 4939 3718 4994 Domini
3750 4960 3766 4994 :

2182 5036 2306 5104 quia
2336 5032 2629 5089 exaltatum
2662 5040 2746 5087 est
2772 5046 2966 5086 nomen
2991 5030 3106 5099 ejus
3137 5032 3324 5087 solius.
3349 5030 3632 5088 Confessio
3655 5030 3772 5102 ejus

2183 5143 2345 5196 super
2377 5124 2574 5179 ctelum
2607 5131 2662 5177 et
2703 5132 2904 5178 terram
2935 5141 2947 5175 :
2985 5132 3039 5176 et
3075 5123 3336 5178 exultavit
3375 5139 3544 5178 cornu
3588 5123 3770 5194 p0puli

2184 5220 2288 5274 sui.
2322 5217 2563 5289 Hymnus
2597 5217 2848 5272 omnibus
2883 5215 3088 5270 sanctis
3123 5214 3240 5286 ejus
3275 5235 3288 5268 :
3325 5214 3454 5270 filiis
3483 5215 3650 5271 Israel
3675 5231 3772 5286 po-

2183 5312 2308 5383 pulo
2335 5310 2788 5380 appropinquanti
2826 5310 2952 5365 sibi.

2257 5403 2323 5458 Ut
2369 5418 2547 5473 supra.
2589 5400 2846 5457 Mirabilis
2893 5402 3035 5461 Deus
3085 5402 3141 5456 in
3193 5400 3394 5456 sanctis
3432 5401 3577 5466 suis,
3625 5399 3772 5458 Deus

2175 5496 2362 5560 Israel,
2387 5496 2502 5566 ipse
2527 5493 2679 5550 dabit
2710 5494 2985 5561 virtutem,
3013 5502 3069 5550 et
3089 5493 3459 5550 fortitudinem
3486 5494 3630 5565 plebi
3655 5509 3774 5553 sua!

2179 5589 2497 5644 benedictus
2521 5586 2682 5641 Deus.

2255 5678 2459 5732 Oratio.
2498 5678 2849 5733 Excelsorum
2890 5676 3102 5732 sedium
3143 5678 3556 5748 supereminens
3588 5687 3646 5735 et
3673 5694 3772 5734 ex-

2182 5773 2324 5830 celsa
2363 5780 2607 5846 potestas
2641 5771 2814 5842 Deus,
2857 5772 3097 5838 concede
3118 5771 3334 5833 famulis
3364 5773 3505 5843 tuis,
3535 5779 3597 5830 ut
3628 5773 3769 5838 sicut
