  <div class='ocr_page' id='page_1' title='image "/cluster/home/n/w/nwhite01/storage/ocr_20150623/101/hvd.32044004824769/266.png"; bbox 0 0 4038 6336; ppageno 0'>
   <div class='ocr_carea' id='block_1_1' title="bbox 236 334 339 403">
    <p class='ocr_par' dir='ltr' id='par_1_1' title="bbox 236 334 339 403">
     <span class='ocr_line' id='line_1_1' title="bbox 236 334 339 403; baseline -0.029 0"><span class='ocrx_word' id='word_1_1' title='bbox 236 334 339 403; x_wconf 60' lang='lat' dir='ltr'><strong>Bai</strong></span> 
     </span>
    </p>
   </div>
   <div class='ocr_carea' id='block_1_2' title="bbox 1230 278 2519 387">
    <p class='ocr_par' dir='ltr' id='par_1_2' title="bbox 1230 278 2519 387">
     <span class='ocr_line' id='line_1_2' title="bbox 1230 278 2519 387; baseline -0.01 1"><span class='ocrx_word' id='word_1_2' title='bbox 1230 278 1624 387; x_wconf 58' lang='lat' dir='ltr'><strong>muneres.</strong></span> <span class='ocrx_word' id='word_1_3' title='bbox 1662 354 1735 369; x_wconf 83' lang='lat'><strong>—</strong></span> <span class='ocrx_word' id='word_1_4' title='bbox 1771 320 2038 380; x_wconf 79' lang='lat' dir='ltr'><strong>OFFICIA</strong></span> <span class='ocrx_word' id='word_1_5' title='bbox 2072 323 2209 379; x_wconf 72' lang='lat' dir='ltr'><strong>pan</strong></span> <span class='ocrx_word' id='word_1_6' title='bbox 2246 318 2519 379; x_wconf 69' lang='lat' dir='ltr'><strong>renus.</strong></span> 
     </span>
    </p>
   </div>
   <div class='ocr_carea' id='block_1_3' title="bbox 3396 313 3506 375">
    <p class='ocr_par' dir='ltr' id='par_1_3' title="bbox 3396 313 3506 375">
     <span class='ocr_line' id='line_1_3' title="bbox 3396 313 3506 375; baseline -0.018 0"><span class='ocrx_word' id='word_1_7' title='bbox 3396 313 3506 375; x_wconf 70' lang='lat'><strong>522</strong></span> 
     </span>
    </p>
   </div>
   <div class='ocr_carea' id='block_1_4' title="bbox 235 416 3514 526">
    <p class='ocr_par' dir='ltr' id='par_1_4' title="bbox 235 416 3514 526">
     <span class='ocr_line' id='line_1_4' title="bbox 235 416 3514 526; baseline -0.005 -17"><span class='ocrx_word' id='word_1_8' title='bbox 235 465 438 518; x_wconf 76' lang='lat' dir='ltr'><strong>cuncta</strong></span> <span class='ocrx_word' id='word_1_9' title='bbox 459 496 475 522; x_wconf 95' lang='lat'><strong>,</strong></span> <span class='ocrx_word' id='word_1_10' title='bbox 501 468 623 526; x_wconf 69' lang='lat' dir='ltr'><strong>qum</strong></span> <span class='ocrx_word' id='word_1_11' title='bbox 666 448 974 515; x_wconf 88' lang='lat' dir='ltr'><strong>cernimus,</strong></span> <span class='ocrx_word' id='word_1_12' title='bbox 1016 454 1074 503; x_wconf 88' lang='lat' dir='ltr'><strong>te</strong></span> <span class='ocrx_word' id='word_1_13' title='bbox 1091 445 1318 516; x_wconf 90' lang='lat' dir='ltr'><strong>jubente</strong></span> <span class='ocrx_word' id='word_1_14' title='bbox 1352 452 1534 502; x_wconf 89' lang='lat' dir='ltr'><strong>creata</strong></span> <span class='ocrx_word' id='word_1_15' title='bbox 1558 450 1714 501; x_wconf 86' lang='lat' dir='ltr'><strong>sunt:</strong></span> <span class='ocrx_word' id='word_1_16' title='bbox 1747 440 1822 519; x_wconf 74' lang='lat' dir='ltr'><strong>ita</strong></span> <span class='ocrx_word' id='word_1_17' title='bbox 1850 440 1898 498; x_wconf 74' lang='grc' dir='ltr'><strong>Α</strong></span> <span class='ocrx_word' id='word_1_18' title='bbox 1925 437 2092 491; x_wconf 88' lang='lat' dir='ltr'><strong>mino.</strong></span> <span class='ocrx_word' id='word_1_19' title='bbox 2121 435 2434 492; x_wconf 90' lang='lat' dir='ltr'><strong>Benedicite</strong></span> <span class='ocrx_word' id='word_1_20' title='bbox 2456 434 2623 490; x_wconf 72' lang='lat' dir='ltr'><strong>lux&#39;et</strong></span> <span class='ocrx_word' id='word_1_21' title='bbox 2650 416 2889 526; x_wconf 46' lang='lat' dir='ltr'><strong>ten-clima</strong></span> <span class='ocrx_word' id='word_1_22' title='bbox 2915 426 3145 488; x_wconf 83' lang='lat' dir='ltr'><strong>Domino</strong></span> <span class='ocrx_word' id='word_1_23' title='bbox 3170 452 3181 489; x_wconf 92' lang='lat'><strong>:</strong></span> <span class='ocrx_word' id='word_1_24' title='bbox 3204 433 3514 492; x_wconf 87' lang='lat' dir='ltr'><strong>benedicite</strong></span> 
     </span>
    </p>
   </div>
   <div class='ocr_carea' id='block_1_5' title="bbox 237 543 1534 628">
    <p class='ocr_par' dir='ltr' id='par_1_5' title="bbox 237 543 1534 628">
     <span class='ocr_line' id='line_1_5' title="bbox 237 543 1534 628; baseline -0.012 -15"><span class='ocrx_word' id='word_1_25' title='bbox 237 571 363 628; x_wconf 73' lang='lat' dir='ltr'><strong>qua:</strong></span> <span class='ocrx_word' id='word_1_26' title='bbox 393 550 723 625; x_wconf 64' lang='lat' dir='ltr'><strong>praecepisti,</strong></span> <span class='ocrx_word' id='word_1_27' title='bbox 754 555 812 605; x_wconf 91' lang='lat' dir='ltr'><strong>te</strong></span> <span class='ocrx_word' id='word_1_28' title='bbox 835 546 1062 603; x_wconf 78' lang='lat' dir='ltr'><strong>custode</strong></span> <span class='ocrx_word' id='word_1_29' title='bbox 1085 551 1391 601; x_wconf 76' lang='lat' dir='ltr'><strong>serventur.</strong></span> <span class='ocrx_word' id='word_1_30' title='bbox 1416 543 1534 599; x_wconf 83' lang='lat' dir='ltr'><strong>Per.</strong></span> 
     </span>
    </p>
   </div>
   <div class='ocr_carea' id='block_1_6' title="bbox 859 657 1197 716">
    <p class='ocr_par' dir='ltr' id='par_1_6' title="bbox 859 657 1197 716">
     <span class='ocr_line' id='line_1_6' title="bbox 859 657 1197 716; baseline -0.009 0"><span class='ocrx_word' id='word_1_31' title='bbox 859 657 1197 716; x_wconf 81' lang='lat' dir='ltr'><strong>PSALMUS.</strong></span> 
     </span>
    </p>
   </div>
   <div class='ocr_carea' id='block_1_7' title="bbox 314 772 1823 850">
    <p class='ocr_par' dir='ltr' id='par_1_7' title="bbox 314 772 1823 850">
     <span class='ocr_line' id='line_1_7' title="bbox 314 772 1823 850; baseline -0.007 -17"><span class='ocrx_word' id='word_1_32' title='bbox 314 777 495 850; x_wconf 76' lang='lat' dir='ltr'><strong>(PSAL.</strong></span> <span class='ocrx_word' id='word_1_33' title='bbox 533 775 736 848; x_wconf 79' lang='lat' dir='ltr'><strong>cmx.)</strong></span> <span class='ocrx_word' id='word_1_34' title='bbox 769 773 997 830; x_wconf 85' lang='lat' dir='ltr'><strong>Cantate</strong></span> <span class='ocrx_word' id='word_1_35' title='bbox 1020 773 1247 829; x_wconf 90' lang='lat' dir='ltr'><strong>Domino</strong></span> <span class='ocrx_word' id='word_1_36' title='bbox 1271 772 1544 829; x_wconf 78' lang='lat' dir='ltr'><strong>canticum</strong></span> <span class='ocrx_word' id='word_1_37' title='bbox 1577 784 1776 825; x_wconf 82' lang='lat' dir='ltr'><strong>novum</strong></span> <span class='ocrx_word' id='word_1_38' title='bbox 1812 784 1823 821; x_wconf 91' lang='lat'><strong>:</strong></span> 
     </span>
    </p>
   </div>
   <div class='ocr_carea' id='block_1_8' title="bbox 234 863 1827 940">
    <p class='ocr_par' dir='ltr' id='par_1_8' title="bbox 234 863 1827 940">
     <span class='ocr_line' id='line_1_8' title="bbox 234 863 1827 940; baseline -0.006 -15"><span class='ocrx_word' id='word_1_39' title='bbox 234 866 362 926; x_wconf 87' lang='lat' dir='ltr'><strong>laus</strong></span> <span class='ocrx_word' id='word_1_40' title='bbox 382 870 501 940; x_wconf 83' lang='lat' dir='ltr'><strong>ejus</strong></span> <span class='ocrx_word' id='word_1_41' title='bbox 526 870 581 924; x_wconf 89' lang='lat' dir='ltr'><strong>in</strong></span> <span class='ocrx_word' id='word_1_42' title='bbox 606 867 849 924; x_wconf 80' lang='lat' dir='ltr'><strong>Ecclesia</strong></span> <span class='ocrx_word' id='word_1_43' title='bbox 873 875 1203 923; x_wconf 88' lang='lat' dir='ltr'><strong>sanctorum.</strong></span> <span class='ocrx_word' id='word_1_44' title='bbox 1226 866 1463 920; x_wconf 58' lang='lat' dir='ltr'><strong>Laetetur</strong></span> <span class='ocrx_word' id='word_1_45' title='bbox 1480 863 1644 918; x_wconf 89' lang='lat' dir='ltr'><strong>lsrael</strong></span> <span class='ocrx_word' id='word_1_46' title='bbox 1668 863 1719 917; x_wconf 92' lang='lat' dir='ltr'><strong>in</strong></span> <span class='ocrx_word' id='word_1_47' title='bbox 1744 877 1827 927; x_wconf 90' lang='lat' dir='ltr'><strong>eo,</strong></span> 
     </span>
    </p>
   </div>
   <div class='ocr_carea' id='block_1_9' title="bbox 239 957 1826 1034">
    <p class='ocr_par' dir='ltr' id='par_1_9' title="bbox 239 957 1826 1034">
     <span class='ocr_line' id='line_1_9' title="bbox 239 957 1826 1034; baseline -0.007 -16"><span class='ocrx_word' id='word_1_48' title='bbox 239 964 337 1034; x_wconf 85' lang='lat' dir='ltr'><strong>qui</strong></span> <span class='ocrx_word' id='word_1_49' title='bbox 375 962 504 1017; x_wconf 86' lang='lat' dir='ltr'><strong>fecit</strong></span> <span class='ocrx_word' id='word_1_50' title='bbox 543 976 666 1017; x_wconf 90' lang='lat' dir='ltr'><strong>eum</strong></span> <span class='ocrx_word' id='word_1_51' title='bbox 714 979 725 1015; x_wconf 91' lang='lat'>:</span> <span class='ocrx_word' id='word_1_52' title='bbox 773 968 827 1015; x_wconf 87' lang='lat' dir='ltr'><strong>et</strong></span> <span class='ocrx_word' id='word_1_53' title='bbox 863 958 984 1014; x_wconf 77' lang='lat' dir='ltr'><strong>ﬁlia:</strong></span> <span class='ocrx_word' id='word_1_54' title='bbox 1019 958 1150 1014; x_wconf 90' lang='lat' dir='ltr'><strong>Sion</strong></span> <span class='ocrx_word' id='word_1_55' title='bbox 1186 959 1429 1014; x_wconf 76' lang='lat' dir='ltr'><strong>exultent</strong></span> <span class='ocrx_word' id='word_1_56' title='bbox 1461 957 1515 1011; x_wconf 92' lang='lat' dir='ltr'><strong>in</strong></span> <span class='ocrx_word' id='word_1_57' title='bbox 1553 972 1678 1027; x_wconf 84' lang='lat' dir='ltr'><strong>rege</strong></span> <span class='ocrx_word' id='word_1_58' title='bbox 1709 969 1826 1009; x_wconf 92' lang='lat' dir='ltr'><strong>suo.</strong></span> 
     </span>
    </p>
   </div>
   <div class='ocr_carea' id='block_1_10' title="bbox 237 1043 1835 1119">
    <p class='ocr_par' dir='ltr' id='par_1_10' title="bbox 237 1043 1835 1119">
     <span class='ocr_line' id='line_1_10' title="bbox 237 1043 1835 1119; baseline -0.007 -11"><span class='ocrx_word' id='word_1_59' title='bbox 237 1050 491 1108; x_wconf 76' lang='lat' dir='ltr'><strong>Laudent</strong></span> <span class='ocrx_word' id='word_1_60' title='bbox 523 1066 722 1107; x_wconf 90' lang='lat' dir='ltr'><strong>nomen</strong></span> <span class='ocrx_word' id='word_1_61' title='bbox 760 1049 874 1119; x_wconf 87' lang='lat' dir='ltr'><strong>ejus</strong></span> <span class='ocrx_word' id='word_1_62' title='bbox 902 1050 956 1104; x_wconf 92' lang='lat' dir='ltr'><strong>in</strong></span> <span class='ocrx_word' id='word_1_63' title='bbox 991 1048 1156 1104; x_wconf 91' lang='lat' dir='ltr'><strong>choro</strong></span> <span class='ocrx_word' id='word_1_64' title='bbox 1186 1067 1198 1102; x_wconf 89' lang='lat'>:</span> <span class='ocrx_word' id='word_1_65' title='bbox 1239 1048 1294 1102; x_wconf 91' lang='lat' dir='ltr'><strong>in</strong></span> <span class='ocrx_word' id='word_1_66' title='bbox 1329 1055 1584 1119; x_wconf 87' lang='lat' dir='ltr'><strong>tympano</strong></span> <span class='ocrx_word' id='word_1_67' title='bbox 1616 1053 1670 1100; x_wconf 91' lang='lat' dir='ltr'><strong>et</strong></span> <span class='ocrx_word' id='word_1_68' title='bbox 1695 1043 1835 1114; x_wconf 90' lang='lat' dir='ltr'><strong>psal-</strong></span> 
     </span>
    </p>
   </div>
   <div class='ocr_carea' id='block_1_11' title="bbox 240 1136 1832 1214">
    <p class='ocr_par' dir='ltr' id='par_1_11' title="bbox 240 1136 1832 1214">
     <span class='ocr_line' id='line_1_11' title="bbox 240 1136 1832 1214; baseline -0.006 -14"><span class='ocrx_word' id='word_1_69' title='bbox 240 1145 386 1200; x_wconf 88' lang='lat' dir='ltr'><strong>terio</strong></span> <span class='ocrx_word' id='word_1_70' title='bbox 418 1143 652 1214; x_wconf 89' lang='lat' dir='ltr'><strong>psallant</strong></span> <span class='ocrx_word' id='word_1_71' title='bbox 689 1143 760 1198; x_wconf 91' lang='lat' dir='ltr'><strong>ei.</strong></span> <span class='ocrx_word' id='word_1_72' title='bbox 803 1141 940 1209; x_wconf 85' lang='lat' dir='ltr'><strong>Quia</strong></span> <span class='ocrx_word' id='word_1_73' title='bbox 967 1140 1363 1211; x_wconf 90' lang='lat' dir='ltr'><strong>beneplacitum</strong></span> <span class='ocrx_word' id='word_1_74' title='bbox 1396 1148 1481 1193; x_wconf 89' lang='lat' dir='ltr'><strong>est</strong></span> <span class='ocrx_word' id='word_1_75' title='bbox 1514 1138 1743 1192; x_wconf 88' lang='lat' dir='ltr'><strong>Domino</strong></span> <span class='ocrx_word' id='word_1_76' title='bbox 1778 1136 1832 1191; x_wconf 95' lang='lat' dir='ltr'><strong>in</strong></span> 
     </span>
    </p>
   </div>
   <div class='ocr_carea' id='block_1_12' title="bbox 235 1229 1829 1307">
    <p class='ocr_par' dir='ltr' id='par_1_12' title="bbox 235 1229 1829 1307">
     <span class='ocr_line' id='line_1_12' title="bbox 235 1229 1829 1307; baseline -0.005 -17"><span class='ocrx_word' id='word_1_77' title='bbox 235 1236 443 1307; x_wconf 89' lang='lat' dir='ltr'><strong>populo</strong></span> <span class='ocrx_word' id='word_1_78' title='bbox 493 1252 591 1291; x_wconf 92' lang='lat' dir='ltr'><strong>suo</strong></span> <span class='ocrx_word' id='word_1_79' title='bbox 640 1253 653 1288; x_wconf 87' lang='lat'><strong>:</strong></span> <span class='ocrx_word' id='word_1_80' title='bbox 700 1243 755 1290; x_wconf 90' lang='lat' dir='ltr'><strong>et</strong></span> <span class='ocrx_word' id='word_1_81' title='bbox 798 1233 1060 1289; x_wconf 77' lang='lat' dir='ltr'><strong>exaltavit</strong></span> <span class='ocrx_word' id='word_1_82' title='bbox 1112 1240 1426 1287; x_wconf 88' lang='lat' dir='ltr'><strong>mansuetos</strong></span> <span class='ocrx_word' id='word_1_83' title='bbox 1474 1231 1529 1285; x_wconf 92' lang='lat' dir='ltr'><strong>in</strong></span> <span class='ocrx_word' id='word_1_84' title='bbox 1582 1229 1829 1283; x_wconf 82' lang='lat' dir='ltr'><strong>salutem.</strong></span> 
     </span>
    </p>
   </div>
   <div class='ocr_carea' id='block_1_13' title="bbox 239 1318 1839 1395">
    <p class='ocr_par' dir='ltr' id='par_1_13' title="bbox 239 1318 1839 1395">
     <span class='ocr_line' id='line_1_13' title="bbox 239 1318 1839 1395; baseline -0.006 -13"><span class='ocrx_word' id='word_1_85' title='bbox 239 1326 578 1382; x_wconf 80' lang='lat' dir='ltr'><strong>Exultabunt</strong></span> <span class='ocrx_word' id='word_1_86' title='bbox 618 1324 795 1381; x_wconf 86' lang='lat' dir='ltr'><strong>sancti</strong></span> <span class='ocrx_word' id='word_1_87' title='bbox 834 1324 889 1379; x_wconf 90' lang='lat' dir='ltr'><strong>in</strong></span> <span class='ocrx_word' id='word_1_88' title='bbox 926 1324 1095 1395; x_wconf 91' lang='lat' dir='ltr'><strong>gloria</strong></span> <span class='ocrx_word' id='word_1_89' title='bbox 1139 1342 1151 1376; x_wconf 90' lang='lat'><strong>:</strong></span> <span class='ocrx_word' id='word_1_90' title='bbox 1192 1322 1517 1377; x_wconf 62' lang='lat' dir='ltr'><strong>laetabuntur</strong></span> <span class='ocrx_word' id='word_1_91' title='bbox 1555 1320 1611 1374; x_wconf 93' lang='lat' dir='ltr'><strong>in</strong></span> <span class='ocrx_word' id='word_1_92' title='bbox 1648 1318 1839 1375; x_wconf 85' lang='lat' dir='ltr'><strong>cubili-</strong></span> 
     </span>
    </p>
   </div>
   <div class='ocr_carea' id='block_1_14' title="bbox 237 1413 1837 1485">
    <p class='ocr_par' dir='ltr' id='par_1_14' title="bbox 237 1413 1837 1485">
     <span class='ocr_line' id='line_1_14' title="bbox 237 1413 1837 1485; baseline -0.006 -11"><span class='ocrx_word' id='word_1_93' title='bbox 237 1417 347 1474; x_wconf 88' lang='lat' dir='ltr'><strong>bus</strong></span> <span class='ocrx_word' id='word_1_94' title='bbox 382 1417 520 1474; x_wconf 92' lang='lat' dir='ltr'><strong>suis.</strong></span> <span class='ocrx_word' id='word_1_95' title='bbox 570 1416 945 1472; x_wconf 80' lang='lat' dir='ltr'><strong>Exultationes</strong></span> <span class='ocrx_word' id='word_1_96' title='bbox 988 1415 1084 1470; x_wconf 89' lang='lat' dir='ltr'><strong>Dei</strong></span> <span class='ocrx_word' id='word_1_97' title='bbox 1132 1413 1187 1468; x_wconf 91' lang='lat' dir='ltr'><strong>in</strong></span> <span class='ocrx_word' id='word_1_98' title='bbox 1232 1422 1447 1485; x_wconf 83' lang='lat' dir='ltr'><strong>gutture</strong></span> <span class='ocrx_word' id='word_1_99' title='bbox 1492 1427 1679 1467; x_wconf 90' lang='lat' dir='ltr'><strong>eorum</strong></span> <span class='ocrx_word' id='word_1_100' title='bbox 1724 1428 1736 1464; x_wconf 88' lang='lat'><strong>:</strong></span> <span class='ocrx_word' id='word_1_101' title='bbox 1782 1417 1837 1465; x_wconf 88' lang='lat' dir='ltr'><strong>et</strong></span> 
     </span>
    </p>
   </div>
   <div class='ocr_carea' id='block_1_15' title="bbox 240 1502 1838 1579">
    <p class='ocr_par' dir='ltr' id='par_1_15' title="bbox 240 1502 1838 1579">
     <span class='ocr_line' id='line_1_15' title="bbox 240 1502 1838 1579; baseline -0.003 -19"><span class='ocrx_word' id='word_1_102' title='bbox 240 1507 408 1579; x_wconf 89' lang='lat' dir='ltr'><strong>gladii</strong></span> <span class='ocrx_word' id='word_1_103' title='bbox 458 1508 725 1578; x_wconf 89' lang='lat' dir='ltr'><strong>ancipites</strong></span> <span class='ocrx_word' id='word_1_104' title='bbox 771 1508 823 1562; x_wconf 92' lang='lat' dir='ltr'><strong>in</strong></span> <span class='ocrx_word' id='word_1_105' title='bbox 869 1507 1118 1562; x_wconf 90' lang='lat' dir='ltr'><strong>manibus</strong></span> <span class='ocrx_word' id='word_1_106' title='bbox 1158 1521 1366 1561; x_wconf 91' lang='lat' dir='ltr'><strong>eorum.</strong></span> <span class='ocrx_word' id='word_1_107' title='bbox 1414 1504 1494 1559; x_wconf 80' lang='lat' dir='ltr'><strong>Ad</strong></span> <span class='ocrx_word' id='word_1_108' title='bbox 1534 1502 1838 1558; x_wconf 86' lang='lat' dir='ltr'><strong>faciendam</strong></span> 
     </span>
    </p>
   </div>
   <div class='ocr_carea' id='block_1_16' title="bbox 239 1596 1835 1671">
    <p class='ocr_par' dir='ltr' id='par_1_16' title="bbox 239 1596 1835 1671">
     <span class='ocr_line' id='line_1_16' title="bbox 239 1596 1835 1671; baseline -0.005 -14"><span class='ocrx_word' id='word_1_109' title='bbox 239 1602 549 1657; x_wconf 88' lang='lat' dir='ltr'><strong>vindictam</strong></span> <span class='ocrx_word' id='word_1_110' title='bbox 580 1602 637 1657; x_wconf 91' lang='lat' dir='ltr'><strong>in</strong></span> <span class='ocrx_word' id='word_1_111' title='bbox 674 1601 1019 1667; x_wconf 86' lang='lat' dir='ltr'><strong>nationibus,</strong></span> <span class='ocrx_word' id='word_1_112' title='bbox 1066 1600 1467 1671; x_wconf 88' lang='lat' dir='ltr'><strong>increpationes</strong></span> <span class='ocrx_word' id='word_1_113' title='bbox 1508 1598 1563 1651; x_wconf 89' lang='lat' dir='ltr'><strong>in</strong></span> <span class='ocrx_word' id='word_1_114' title='bbox 1603 1596 1835 1667; x_wconf 87' lang='lat' dir='ltr'><strong>populis.</strong></span> 
     </span>
    </p>
   </div>
   <div class='ocr_carea' id='block_1_17' title="bbox 239 1685 1841 1764">
    <p class='ocr_par' dir='ltr' id='par_1_17' title="bbox 239 1685 1841 1764">
     <span class='ocr_line' id='line_1_17' title="bbox 239 1685 1841 1764; baseline -0.005 -18"><span class='ocrx_word' id='word_1_115' title='bbox 239 1691 326 1747; x_wconf 77' lang='lat' dir='ltr'><strong>Ad</strong></span> <span class='ocrx_word' id='word_1_116' title='bbox 354 1692 656 1763; x_wconf 82' lang='lat' dir='ltr'><strong>alligandos</strong></span> <span class='ocrx_word' id='word_1_117' title='bbox 677 1708 834 1764; x_wconf 85' lang='lat' dir='ltr'><strong>reges</strong></span> <span class='ocrx_word' id='word_1_118' title='bbox 862 1707 1048 1747; x_wconf 88' lang='lat' dir='ltr'><strong>eorum</strong></span> <span class='ocrx_word' id='word_1_119' title='bbox 1077 1691 1131 1745; x_wconf 92' lang='lat' dir='ltr'><strong>in</strong></span> <span class='ocrx_word' id='word_1_120' title='bbox 1160 1689 1526 1760; x_wconf 87' lang='lat' dir='ltr'><strong>compedibus,</strong></span> <span class='ocrx_word' id='word_1_121' title='bbox 1552 1694 1607 1742; x_wconf 92' lang='lat' dir='ltr'><strong>et</strong></span> <span class='ocrx_word' id='word_1_122' title='bbox 1633 1685 1841 1741; x_wconf 87' lang='lat' dir='ltr'><strong>nobiles</strong></span> 
     </span>
    </p>
   </div>
   <div class='ocr_carea' id='block_1_18' title="bbox 1929 524 3511 605">
    <p class='ocr_par' dir='ltr' id='par_1_18' title="bbox 1929 524 3511 605">
     <span class='ocr_line' id='line_1_18' title="bbox 1929 524 3511 605; baseline 0.001 -24"><span class='ocrx_word' id='word_1_123' title='bbox 1929 527 2137 597; x_wconf 77' lang='lat' dir='ltr'><strong>fulgura</strong></span> <span class='ocrx_word' id='word_1_124' title='bbox 2157 536 2213 581; x_wconf 91' lang='lat' dir='ltr'><strong>et</strong></span> <span class='ocrx_word' id='word_1_125' title='bbox 2235 528 2405 583; x_wconf 88' lang='lat' dir='ltr'><strong>nubes</strong></span> <span class='ocrx_word' id='word_1_126' title='bbox 2424 527 2671 582; x_wconf 91' lang='lat' dir='ltr'><strong>Domino.</strong></span> <span class='ocrx_word' id='word_1_127' title='bbox 2698 524 2994 581; x_wconf 89' lang='lat' dir='ltr'><strong>Benedicat</strong></span> <span class='ocrx_word' id='word_1_128' title='bbox 3017 532 3161 581; x_wconf 89' lang='lat' dir='ltr'><strong>terra</strong></span> <span class='ocrx_word' id='word_1_129' title='bbox 3182 526 3469 582; x_wconf 90' lang='lat' dir='ltr'><strong>Dominum</strong></span> <span class='ocrx_word' id='word_1_130' title='bbox 3495 544 3511 605; x_wconf 85' lang='lat'><strong>:_</strong></span> 
     </span>
    </p>
   </div>
   <div class='ocr_carea' id='block_1_19' title="bbox 1927 619 3517 690">
    <p class='ocr_par' dir='ltr' id='par_1_19' title="bbox 1927 619 3517 690">
     <span class='ocr_line' id='line_1_19' title="bbox 1927 619 3517 690; baseline 0.003 -17"><span class='ocrx_word' id='word_1_131' title='bbox 1927 619 2111 674; x_wconf 88' lang='lat' dir='ltr'><strong>laudet</strong></span> <span class='ocrx_word' id='word_1_132' title='bbox 2157 628 2212 676; x_wconf 91' lang='lat' dir='ltr'><strong>et</strong></span> <span class='ocrx_word' id='word_1_133' title='bbox 2254 620 2618 690; x_wconf 80' lang='lat' dir='ltr'><strong>superexaltet</strong></span> <span class='ocrx_word' id='word_1_134' title='bbox 2666 637 2791 677; x_wconf 91' lang='lat' dir='ltr'><strong>eum</strong></span> <span class='ocrx_word' id='word_1_135' title='bbox 2839 620 2892 675; x_wconf 93' lang='lat' dir='ltr'><strong>in</strong></span> <span class='ocrx_word' id='word_1_136' title='bbox 2927 621 3141 677; x_wconf 65' lang='lat' dir='ltr'><strong>saacula.</strong></span> <span class='ocrx_word' id='word_1_137' title='bbox 3205 621 3517 678; x_wconf 87' lang='lat' dir='ltr'><strong>Benedicite</strong></span> 
     </span>
    </p>
   </div>
   <div class='ocr_carea' id='block_1_20' title="bbox 1929 711 3519 784">
    <p class='ocr_par' dir='ltr' id='par_1_20' title="bbox 1929 711 3519 784">
     <span class='ocr_line' id='line_1_20' title="bbox 1929 711 3519 784; baseline 0.001 -19"><span class='ocrx_word' id='word_1_138' title='bbox 1929 720 2144 766; x_wconf 82' lang='lat' dir='ltr'><strong>montes</strong></span> <span class='ocrx_word' id='word_1_139' title='bbox 2176 718 2229 767; x_wconf 89' lang='lat' dir='ltr'><strong>et</strong></span> <span class='ocrx_word' id='word_1_140' title='bbox 2260 711 2422 767; x_wconf 91' lang='lat' dir='ltr'><strong>colles</strong></span> <span class='ocrx_word' id='word_1_141' title='bbox 2452 712 2677 767; x_wconf 90' lang='lat' dir='ltr'><strong>Domino</strong></span> <span class='ocrx_word' id='word_1_142' title='bbox 2716 731 2728 766; x_wconf 92' lang='lat'>:</span> <span class='ocrx_word' id='word_1_143' title='bbox 2767 713 3074 768; x_wconf 88' lang='lat' dir='ltr'><strong>benedicite</strong></span> <span class='ocrx_word' id='word_1_144' title='bbox 3112 713 3363 767; x_wconf 85' lang='lat' dir='ltr'><strong>universa</strong></span> <span class='ocrx_word' id='word_1_145' title='bbox 3395 728 3519 784; x_wconf 88' lang='lat' dir='ltr'><strong>ger-</strong></span> 
     </span>
    </p>
   </div>
   <div class='ocr_carea' id='block_1_21' title="bbox 1931 803 3521 860">
    <p class='ocr_par' dir='ltr' id='par_1_21' title="bbox 1931 803 3521 860">
     <span class='ocr_line' id='line_1_21' title="bbox 1931 803 3521 860; baseline 0.001 -3"><span class='ocrx_word' id='word_1_146' title='bbox 1931 804 2196 857; x_wconf 87' lang='lat' dir='ltr'><strong>minantia</strong></span> <span class='ocrx_word' id='word_1_147' title='bbox 2244 804 2298 857; x_wconf 89' lang='lat' dir='ltr'><strong>iu</strong></span> <span class='ocrx_word' id='word_1_148' title='bbox 2345 811 2489 858; x_wconf 89' lang='lat' dir='ltr'><strong>terra</strong></span> <span class='ocrx_word' id='word_1_149' title='bbox 2534 803 2780 859; x_wconf 86' lang='lat' dir='ltr'><strong>Domino.</strong></span> <span class='ocrx_word' id='word_1_150' title='bbox 2829 803 3140 859; x_wconf 86' lang='lat' dir='ltr'><strong>Benedicite</strong></span> <span class='ocrx_word' id='word_1_151' title='bbox 3188 803 3364 860; x_wconf 85' lang='lat' dir='ltr'><strong>fontes</strong></span> <span class='ocrx_word' id='word_1_152' title='bbox 3418 805 3521 859; x_wconf 86' lang='lat' dir='ltr'><strong>Do-</strong></span> 
     </span>
    </p>
   </div>
   <div class='ocr_carea' id='block_1_22' title="bbox 1931 894 3523 951">
    <p class='ocr_par' dir='ltr' id='par_1_22' title="bbox 1931 894 3523 951">
     <span class='ocr_line' id='line_1_22' title="bbox 1931 894 3523 951; baseline 0.001 -1"><span class='ocrx_word' id='word_1_153' title='bbox 1931 896 2080 950; x_wconf 90' lang='lat' dir='ltr'><strong>mino</strong></span> <span class='ocrx_word' id='word_1_154' title='bbox 2114 914 2125 949; x_wconf 89' lang='lat'><strong>:</strong></span> <span class='ocrx_word' id='word_1_155' title='bbox 2157 896 2467 951; x_wconf 79' lang='lat' dir='ltr'><strong>benedicite</strong></span> <span class='ocrx_word' id='word_1_156' title='bbox 2497 897 2666 949; x_wconf 87' lang='lat' dir='ltr'><strong>maria</strong></span> <span class='ocrx_word' id='word_1_157' title='bbox 2691 904 2745 950; x_wconf 89' lang='lat' dir='ltr'><strong>et</strong></span> <span class='ocrx_word' id='word_1_158' title='bbox 2766 894 2983 950; x_wconf 85' lang='lat' dir='ltr'><strong>ﬁumina</strong></span> <span class='ocrx_word' id='word_1_159' title='bbox 3016 898 3262 951; x_wconf 89' lang='lat' dir='ltr'><strong>Domino.</strong></span> <span class='ocrx_word' id='word_1_160' title='bbox 3293 896 3523 951; x_wconf 80' lang='lat' dir='ltr'><strong>Benedi-</strong></span> 
     </span>
    </p>
   </div>
   <div class='ocr_carea' id='block_1_23' title="bbox 1934 986 3525 1058">
    <p class='ocr_par' dir='ltr' id='par_1_23' title="bbox 1934 986 3525 1058">
     <span class='ocr_line' id='line_1_23' title="bbox 1934 986 3525 1058; baseline 0.002 -18"><span class='ocrx_word' id='word_1_161' title='bbox 1934 986 2040 1040; x_wconf 93' lang='lat' dir='ltr'><strong>cite</strong></span> <span class='ocrx_word' id='word_1_162' title='bbox 2077 994 2209 1040; x_wconf 68' lang='lat' dir='ltr'><strong>cetre</strong></span> <span class='ocrx_word' id='word_1_163' title='bbox 2257 994 2312 1039; x_wconf 88' lang='lat' dir='ltr'><strong>et</strong></span> <span class='ocrx_word' id='word_1_164' title='bbox 2364 987 2578 1051; x_wconf 88' lang='lat' dir='ltr'><strong>omnia,</strong></span> <span class='ocrx_word' id='word_1_165' title='bbox 2622 1002 2741 1056; x_wconf 68' lang='lat' dir='ltr'><strong>qua:</strong></span> <span class='ocrx_word' id='word_1_166' title='bbox 2780 996 3066 1042; x_wconf 85' lang='lat' dir='ltr'><strong>moventur</strong></span> <span class='ocrx_word' id='word_1_167' title='bbox 3108 987 3162 1041; x_wconf 90' lang='lat' dir='ltr'><strong>in</strong></span> <span class='ocrx_word' id='word_1_168' title='bbox 3195 988 3381 1058; x_wconf 86' lang='lat' dir='ltr'><strong>aquis,</strong></span> <span class='ocrx_word' id='word_1_169' title='bbox 3420 988 3525 1043; x_wconf 92' lang='lat' dir='ltr'><strong>Do-</strong></span> 
     </span>
    </p>
   </div>
   <div class='ocr_carea' id='block_1_24' title="bbox 1934 1078 3519 1135">
    <p class='ocr_par' dir='ltr' id='par_1_24' title="bbox 1934 1078 3519 1135">
     <span class='ocr_line' id='line_1_24' title="bbox 1934 1078 3519 1135; baseline 0.003 -4"><span class='ocrx_word' id='word_1_170' title='bbox 1934 1078 2082 1132; x_wconf 91' lang='lat' dir='ltr'><strong>mino</strong></span> <span class='ocrx_word' id='word_1_171' title='bbox 2132 1097 2143 1131; x_wconf 92' lang='lat'><strong>:</strong></span> <span class='ocrx_word' id='word_1_172' title='bbox 2196 1078 2500 1132; x_wconf 88' lang='lat' dir='ltr'><strong>benedicite</strong></span> <span class='ocrx_word' id='word_1_173' title='bbox 2549 1092 2738 1133; x_wconf 93' lang='lat' dir='ltr'><strong>omnes</strong></span> <span class='ocrx_word' id='word_1_174' title='bbox 2784 1078 3032 1133; x_wconf 83' lang='lat' dir='ltr'><strong>volucres</strong></span> <span class='ocrx_word' id='word_1_175' title='bbox 3086 1080 3207 1134; x_wconf 74' lang='lat' dir='ltr'><strong>cmli</strong></span> <span class='ocrx_word' id='word_1_176' title='bbox 3266 1080 3519 1135; x_wconf 92' lang='lat' dir='ltr'><strong>Domino.</strong></span> 
     </span>
    </p>
   </div>
   <div class='ocr_carea' id='block_1_25' title="bbox 1935 1169 3527 1241">
    <p class='ocr_par' dir='ltr' id='par_1_25' title="bbox 1935 1169 3527 1241">
     <span class='ocr_line' id='line_1_25' title="bbox 1935 1169 3527 1241; baseline 0.003 -16"><span class='ocrx_word' id='word_1_177' title='bbox 1935 1171 2244 1226; x_wconf 81' lang='lat' dir='ltr'><strong>Benedicite</strong></span> <span class='ocrx_word' id='word_1_178' title='bbox 2286 1186 2475 1225; x_wconf 89' lang='lat' dir='ltr'><strong>omnes</strong></span> <span class='ocrx_word' id='word_1_179' title='bbox 2526 1169 2713 1225; x_wconf 73' lang='lat' dir='ltr'><strong>bestia:</strong></span> <span class='ocrx_word' id='word_1_180' title='bbox 2754 1179 2809 1225; x_wconf 90' lang='lat' dir='ltr'><strong>et</strong></span> <span class='ocrx_word' id='word_1_181' title='bbox 2854 1186 3049 1241; x_wconf 89' lang='lat' dir='ltr'><strong>pecora</strong></span> <span class='ocrx_word' id='word_1_182' title='bbox 3094 1172 3324 1228; x_wconf 91' lang='lat' dir='ltr'><strong>Domino</strong></span> <span class='ocrx_word' id='word_1_183' title='bbox 3373 1192 3385 1228; x_wconf 93' lang='lat'><strong>:</strong></span> <span class='ocrx_word' id='word_1_184' title='bbox 3435 1174 3527 1229; x_wconf 86' lang='lat' dir='ltr'><strong>be-</strong></span> 
     </span>
    </p>
   </div>
   <div class='ocr_carea' id='block_1_26' title="bbox 1938 1260 3528 1321">
    <p class='ocr_par' dir='ltr' id='par_1_26' title="bbox 1938 1260 3528 1321">
     <span class='ocr_line' id='line_1_26' title="bbox 1938 1260 3528 1321; baseline 0.003 -6"><span class='ocrx_word' id='word_1_185' title='bbox 1938 1261 2171 1315; x_wconf 79' lang='lat' dir='ltr'><strong>nedicite</strong></span> <span class='ocrx_word' id='word_1_186' title='bbox 2227 1260 2319 1315; x_wconf 90' lang='lat' dir='ltr'><strong>ﬁlii</strong></span> <span class='ocrx_word' id='word_1_187' title='bbox 2378 1260 2655 1315; x_wconf 83' lang='lat' dir='ltr'><strong>hominum</strong></span> <span class='ocrx_word' id='word_1_188' title='bbox 2707 1260 2955 1317; x_wconf 89' lang='lat' dir='ltr'><strong>Domino.</strong></span> <span class='ocrx_word' id='word_1_189' title='bbox 3009 1262 3304 1319; x_wconf 87' lang='lat' dir='ltr'><strong>Benedicat</strong></span> <span class='ocrx_word' id='word_1_190' title='bbox 3358 1263 3528 1321; x_wconf 89' lang='lat' dir='ltr'><strong>Israel</strong></span> 
     </span>
    </p>
   </div>
   <div class='ocr_carea' id='block_1_27' title="bbox 1939 1352 3525 1422">
    <p class='ocr_par' dir='ltr' id='par_1_27' title="bbox 1939 1352 3525 1422">
     <span class='ocr_line' id='line_1_27' title="bbox 1939 1352 3525 1422; baseline 0.004 -16"><span class='ocrx_word' id='word_1_191' title='bbox 1939 1352 2169 1407; x_wconf 87' lang='lat' dir='ltr'><strong>Domino</strong></span> <span class='ocrx_word' id='word_1_192' title='bbox 2202 1372 2214 1405; x_wconf 89' lang='lat'><strong>:</strong></span> <span class='ocrx_word' id='word_1_193' title='bbox 2248 1353 2428 1408; x_wconf 87' lang='lat' dir='ltr'><strong>laudet</strong></span> <span class='ocrx_word' id='word_1_194' title='bbox 2456 1360 2509 1407; x_wconf 87' lang='lat' dir='ltr'><strong>et</strong></span> <span class='ocrx_word' id='word_1_195' title='bbox 2539 1354 2905 1422; x_wconf 79' lang='lat' dir='ltr'><strong>superexaltet</strong></span> <span class='ocrx_word' id='word_1_196' title='bbox 2931 1369 3053 1409; x_wconf 93' lang='lat' dir='ltr'><strong>eum</strong></span> <span class='ocrx_word' id='word_1_197' title='bbox 3088 1355 3142 1408; x_wconf 88' lang='lat' dir='ltr'><strong>in</strong></span> <span class='ocrx_word' id='word_1_198' title='bbox 3173 1357 3385 1410; x_wconf 70' lang='lat' dir='ltr'><strong>srccula.</strong></span> <span class='ocrx_word' id='word_1_199' title='bbox 3420 1357 3525 1413; x_wconf 75' lang='lat' dir='ltr'><strong>Be—</strong></span> 
     </span>
    </p>
   </div>
   <div class='ocr_carea' id='block_1_28' title="bbox 1938 1442 3527 1501">
    <p class='ocr_par' dir='ltr' id='par_1_28' title="bbox 1938 1442 3527 1501">
     <span class='ocr_line' id='line_1_28' title="bbox 1938 1442 3527 1501; baseline 0.002 -3"><span class='ocrx_word' id='word_1_200' title='bbox 1938 1443 2172 1499; x_wconf 88' lang='lat' dir='ltr'><strong>nedicite</strong></span> <span class='ocrx_word' id='word_1_201' title='bbox 2186 1442 2492 1497; x_wconf 86' lang='lat' dir='ltr'><strong>sacerdotes</strong></span> <span class='ocrx_word' id='word_1_202' title='bbox 2510 1442 2724 1497; x_wconf 90' lang='lat' dir='ltr'><strong>Domini</strong></span> <span class='ocrx_word' id='word_1_203' title='bbox 2749 1442 2978 1499; x_wconf 91' lang='lat' dir='ltr'><strong>Domino</strong></span> <span class='ocrx_word' id='word_1_204' title='bbox 3005 1461 3017 1497; x_wconf 93' lang='lat'><strong>:</strong></span> <span class='ocrx_word' id='word_1_205' title='bbox 3049 1444 3357 1500; x_wconf 90' lang='lat' dir='ltr'><strong>benedicite</strong></span> <span class='ocrx_word' id='word_1_206' title='bbox 3380 1446 3527 1501; x_wconf 91' lang='lat' dir='ltr'><strong>servi</strong></span> 
     </span>
    </p>
   </div>
   <div class='ocr_carea' id='block_1_29' title="bbox 1939 1533 3532 1607">
    <p class='ocr_par' dir='ltr' id='par_1_29' title="bbox 1939 1533 3532 1607">
     <span class='ocr_line' id='line_1_29' title="bbox 1939 1533 3532 1607; baseline 0.003 -19"><span class='ocrx_word' id='word_1_207' title='bbox 1939 1533 2155 1589; x_wconf 91' lang='lat' dir='ltr'><strong>Domini</strong></span> <span class='ocrx_word' id='word_1_208' title='bbox 2185 1534 2430 1589; x_wconf 90' lang='lat' dir='ltr'><strong>Domino.</strong></span> <span class='ocrx_word' id='word_1_209' title='bbox 2466 1535 2777 1590; x_wconf 76' lang='lat' dir='ltr'><strong>Benedicite</strong></span> <span class='ocrx_word' id='word_1_210' title='bbox 2809 1536 3033 1605; x_wconf 86' lang='lat' dir='ltr'><strong>spiritus</strong></span> <span class='ocrx_word' id='word_1_211' title='bbox 3061 1545 3117 1592; x_wconf 89' lang='lat' dir='ltr'><strong>et</strong></span> <span class='ocrx_word' id='word_1_212' title='bbox 3136 1537 3330 1591; x_wconf 67' lang='lat' dir='ltr'><strong>anima:</strong></span> <span class='ocrx_word' id='word_1_213' title='bbox 3353 1536 3532 1607; x_wconf 89' lang='lat' dir='ltr'><strong>justo-</strong></span> 
     </span>
    </p>
   </div>
   <div class='ocr_carea' id='block_1_30' title="bbox 1942 1626 3533 1687">
    <p class='ocr_par' dir='ltr' id='par_1_30' title="bbox 1942 1626 3533 1687">
     <span class='ocr_line' id='line_1_30' title="bbox 1942 1626 3533 1687; baseline 0.003 -6"><span class='ocrx_word' id='word_1_214' title='bbox 1942 1642 2062 1681; x_wconf 91' lang='lat' dir='ltr'><strong>rum</strong></span> <span class='ocrx_word' id='word_1_215' title='bbox 2088 1626 2317 1681; x_wconf 90' lang='lat' dir='ltr'><strong>Domino</strong></span> <span class='ocrx_word' id='word_1_216' title='bbox 2362 1645 2376 1680; x_wconf 91' lang='lat'><strong>:</strong></span> <span class='ocrx_word' id='word_1_217' title='bbox 2426 1626 2732 1683; x_wconf 91' lang='lat' dir='ltr'><strong>benedicite</strong></span> <span class='ocrx_word' id='word_1_218' title='bbox 2776 1629 2952 1683; x_wconf 90' lang='lat' dir='ltr'><strong>sancti</strong></span> <span class='ocrx_word' id='word_1_219' title='bbox 3001 1636 3057 1684; x_wconf 91' lang='lat' dir='ltr'><strong>et</strong></span> <span class='ocrx_word' id='word_1_220' title='bbox 3092 1629 3324 1685; x_wconf 88' lang='lat' dir='ltr'><strong>humiles</strong></span> <span class='ocrx_word' id='word_1_221' title='bbox 3366 1630 3533 1687; x_wconf 87' lang='lat' dir='ltr'><strong>corde</strong></span> 
     </span>
    </p>
   </div>
   <div class='ocr_carea' id='block_1_31' title="bbox 1943 1716 3529 1785">
    <p class='ocr_par' dir='ltr' id='par_1_31' title="bbox 1943 1716 3529 1785">
     <span class='ocr_line' id='line_1_31' title="bbox 1943 1716 3529 1785; baseline 0.004 -15"><span class='ocrx_word' id='word_1_222' title='bbox 1943 1716 2188 1771; x_wconf 92' lang='lat' dir='ltr'><strong>Domino.</strong></span> <span class='ocrx_word' id='word_1_223' title='bbox 2212 1717 2523 1771; x_wconf 88' lang='lat' dir='ltr'><strong>Benedicite</strong></span> <span class='ocrx_word' id='word_1_224' title='bbox 2548 1717 2775 1783; x_wconf 83' lang='lat' dir='ltr'><strong>Anania,</strong></span> <span class='ocrx_word' id='word_1_225' title='bbox 2800 1718 3017 1785; x_wconf 85' lang='lat' dir='ltr'><strong>Azaria,</strong></span> <span class='ocrx_word' id='word_1_226' title='bbox 3049 1718 3235 1775; x_wconf 82' lang='lat' dir='ltr'><strong>Misael</strong></span> <span class='ocrx_word' id='word_1_227' title='bbox 3258 1720 3488 1776; x_wconf 91' lang='lat' dir='ltr'><strong>Domino</strong></span> <span class='ocrx_word' id='word_1_228' title='bbox 3513 1740 3529 1777; x_wconf 86' lang='lat'><strong>:</strong></span> 
     </span>
    </p>
   </div>
   <div class='ocr_carea' id='block_1_32' title="bbox 242 1778 3533 1877">
    <p class='ocr_par' dir='ltr' id='par_1_32' title="bbox 242 1778 3533 1877">
     <span class='ocr_line' id='line_1_32' title="bbox 242 1778 3533 1877; baseline -0.001 -7"><span class='ocrx_word' id='word_1_229' title='bbox 242 1801 440 1843; x_wconf 62' lang='lat' dir='ltr'><strong>eorum</strong></span> <span class='ocrx_word' id='word_1_230' title='bbox 470 1786 526 1840; x_wconf 69' lang='lat' dir='ltr'><strong>in</strong></span> <span class='ocrx_word' id='word_1_231' title='bbox 557 1785 785 1843; x_wconf 48' lang='lat' dir='ltr'><strong>manias</strong></span> <span class='ocrx_word' id='word_1_232' title='bbox 808 1784 1019 1877; x_wconf 32' lang='lat' dir='ltr'><strong>ferteis’</strong></span> <span class='ocrx_word' id='word_1_233' title='bbox 1049 1782 1121 1839; x_wconf 56' lang='lat' dir='ltr'><strong>Ut</strong></span> <span class='ocrx_word' id='word_1_234' title='bbox 1151 1783 1351 1877; x_wconf 37' lang='lat' dir='ltr'><strong>“ei”?</strong></span> <span class='ocrx_word' id='word_1_235' title='bbox 1386 1781 1549 1875; x_wconf 53' lang='lat' dir='ltr'><strong>meis</strong></span> <span class='ocrx_word' id='word_1_236' title='bbox 1574 1778 1838 1877; x_wconf 37' lang='lat' dir='ltr'><strong>“fﬁcium</strong></span> <span class='ocrx_word' id='word_1_237' title='bbox 1872 1803 1918 1865; x_wconf 84' lang='grc' dir='ltr'><strong>Β</strong></span> <span class='ocrx_word' id='word_1_238' title='bbox 1946 1807 2155 1862; x_wconf 84' lang='lat' dir='ltr'><strong>laudate</strong></span> <span class='ocrx_word' id='word_1_239' title='bbox 2176 1816 2232 1862; x_wconf 92' lang='lat' dir='ltr'><strong>et</strong></span> <span class='ocrx_word' id='word_1_240' title='bbox 2252 1808 2652 1877; x_wconf 84' lang='lat' dir='ltr'><strong>superexaltate</strong></span> <span class='ocrx_word' id='word_1_241' title='bbox 2677 1825 2801 1863; x_wconf 90' lang='lat' dir='ltr'><strong>eum</strong></span> <span class='ocrx_word' id='word_1_242' title='bbox 2832 1810 2886 1863; x_wconf 92' lang='lat' dir='ltr'><strong>in</strong></span> <span class='ocrx_word' id='word_1_243' title='bbox 2910 1809 3113 1864; x_wconf 89' lang='lat' dir='ltr'><strong>secula.</strong></span> <span class='ocrx_word' id='word_1_244' title='bbox 3139 1809 3533 1867; x_wconf 85' lang='lat' dir='ltr'><strong>Benedicamus</strong></span> 
     </span>
    </p>
   </div>
   <div class='ocr_carea' id='block_1_33' title="bbox 242 1868 1837 1948">
    <p class='ocr_par' dir='ltr' id='par_1_33' title="bbox 242 1868 1837 1948">
     <span class='ocr_line' id='line_1_33' title="bbox 242 1868 1837 1948; baseline -0.006 -15"><span class='ocrx_word' id='word_1_245' title='bbox 242 1877 665 1948; x_wconf 89' lang='lat' dir='ltr'><strong>conscriptum:</strong></span> <span class='ocrx_word' id='word_1_246' title='bbox 699 1876 866 1948; x_wconf 90' lang='lat' dir='ltr'><strong>gloria</strong></span> <span class='ocrx_word' id='word_1_247' title='bbox 903 1874 1019 1931; x_wconf 73' lang='lat' dir='ltr'><strong>hazc</strong></span> <span class='ocrx_word' id='word_1_248' title='bbox 1056 1882 1142 1929; x_wconf 92' lang='lat' dir='ltr'><strong>est</strong></span> <span class='ocrx_word' id='word_1_249' title='bbox 1176 1874 1429 1929; x_wconf 91' lang='lat' dir='ltr'><strong>omnibus</strong></span> <span class='ocrx_word' id='word_1_250' title='bbox 1452 1868 1669 1927; x_wconf 42' lang='lat' dir='ltr'><strong>‘sanctis</strong></span> <span class='ocrx_word' id='word_1_251' title='bbox 1702 1869 1837 1939; x_wconf 89' lang='lat' dir='ltr'><strong>ejus.</strong></span> 
     </span>
    </p>
   </div>
   <div class='ocr_carea' id='block_1_34' title="bbox 321 1963 1842 2040">
    <p class='ocr_par' dir='ltr' id='par_1_34' title="bbox 321 1963 1842 2040">
     <span class='ocr_line' id='line_1_34' title="bbox 321 1963 1842 2040; baseline -0.004 -18"><span class='ocrx_word' id='word_1_252' title='bbox 321 1967 390 2023; x_wconf 82' lang='lat' dir='ltr'><strong>Ut</strong></span> <span class='ocrx_word' id='word_1_253' title='bbox 416 1986 598 2040; x_wconf 81' lang='lat' dir='ltr'><strong>supra.</strong></span> <span class='ocrx_word' id='word_1_254' title='bbox 627 1967 834 2023; x_wconf 90' lang='lat' dir='ltr'><strong>Bonum</strong></span> <span class='ocrx_word' id='word_1_255' title='bbox 865 1976 948 2023; x_wconf 87' lang='lat' dir='ltr'><strong>est</strong></span> <span class='ocrx_word' id='word_1_256' title='bbox 981 1967 1229 2022; x_wconf 91' lang='lat' dir='ltr'><strong>conﬁteri</strong></span> <span class='ocrx_word' id='word_1_257' title='bbox 1259 1966 1506 2030; x_wconf 86' lang='lat' dir='ltr'><strong>Domino,</strong></span> <span class='ocrx_word' id='word_1_258' title='bbox 1535 1972 1588 2020; x_wconf 90' lang='lat' dir='ltr'><strong>et</strong></span> <span class='ocrx_word' id='word_1_259' title='bbox 1616 1963 1842 2035; x_wconf 89' lang='lat' dir='ltr'><strong>psallere</strong></span> 
     </span>
    </p>
   </div>
   <div class='ocr_carea' id='block_1_35' title="bbox 242 2055 1845 2136">
    <p class='ocr_par' dir='ltr' id='par_1_35' title="bbox 242 2055 1845 2136">
     <span class='ocr_line' id='line_1_35' title="bbox 242 2055 1845 2136; baseline -0.006 -19"><span class='ocrx_word' id='word_1_260' title='bbox 242 2061 460 2117; x_wconf 88' lang='lat' dir='ltr'><strong>nomini</strong></span> <span class='ocrx_word' id='word_1_261' title='bbox 494 2070 616 2127; x_wconf 91' lang='lat' dir='ltr'><strong>tuo,</strong></span> <span class='ocrx_word' id='word_1_262' title='bbox 656 2060 949 2116; x_wconf 86' lang='lat' dir='ltr'><strong>Altissime.</strong></span> <span class='ocrx_word' id='word_1_263' title='bbox 985 2060 1064 2114; x_wconf 83' lang='lat' dir='ltr'><strong>Ad</strong></span> <span class='ocrx_word' id='word_1_264' title='bbox 1097 2058 1527 2136; x_wconf 63' lang='lat' dir='ltr'><strong>anquntiandum</strong></span> <span class='ocrx_word' id='word_1_265' title='bbox 1563 2071 1722 2111; x_wconf 88' lang='lat' dir='ltr'><strong>mane</strong></span> <span class='ocrx_word' id='word_1_266' title='bbox 1747 2055 1845 2109; x_wconf 90' lang='lat' dir='ltr'><strong>mi-</strong></span> 
     </span>
    </p>
   </div>
   <div class='ocr_carea' id='block_1_36' title="bbox 242 2154 1768 2222">
    <p class='ocr_par' dir='ltr' id='par_1_36' title="bbox 242 2154 1768 2222">
     <span class='ocr_line' id='line_1_36' title="bbox 242 2154 1768 2222; baseline -0.006 -11"><span class='ocrx_word' id='word_1_267' title='bbox 242 2155 608 2212; x_wconf 84' lang='lat' dir='ltr'><strong>sericordiam</strong></span> <span class='ocrx_word' id='word_1_268' title='bbox 631 2164 799 2220; x_wconf 91' lang='lat' dir='ltr'><strong>tuam,</strong></span> <span class='ocrx_word' id='word_1_269' title='bbox 838 2162 894 2209; x_wconf 92' lang='lat' dir='ltr'><strong>et</strong></span> <span class='ocrx_word' id='word_1_270' title='bbox 924 2154 1210 2209; x_wconf 80' lang='lat' dir='ltr'><strong>veritatem</strong></span> <span class='ocrx_word' id='word_1_271' title='bbox 1235 2160 1380 2207; x_wconf 88' lang='lat' dir='ltr'><strong>tuam</strong></span> <span class='ocrx_word' id='word_1_272' title='bbox 1415 2167 1512 2222; x_wconf 90' lang='lat' dir='ltr'><strong>per</strong></span> <span class='ocrx_word' id='word_1_273' title='bbox 1533 2159 1768 2205; x_wconf 91' lang='lat' dir='ltr'><strong>noctem.</strong></span> 
     </span>
    </p>
   </div>
   <div class='ocr_carea' id='block_1_37' title="bbox 321 2243 1842 2312">
    <p class='ocr_par' dir='ltr' id='par_1_37' title="bbox 321 2243 1842 2312">
     <span class='ocr_line' id='line_1_37' title="bbox 321 2243 1842 2312; baseline -0.006 -9"><span class='ocrx_word' id='word_1_274' title='bbox 321 2247 531 2303; x_wconf 79' lang='lat' dir='ltr'><strong>Oratio.</strong></span> <span class='ocrx_word' id='word_1_275' title='bbox 561 2248 761 2303; x_wconf 77' lang='lat' dir='ltr'><strong>Auctor</strong></span> <span class='ocrx_word' id='word_1_276' title='bbox 798 2247 962 2301; x_wconf 90' lang='lat' dir='ltr'><strong>totius</strong></span> <span class='ocrx_word' id='word_1_277' title='bbox 998 2245 1259 2307; x_wconf 77' lang='lat' dir='ltr'><strong>bonitatis</strong></span> <span class='ocrx_word' id='word_1_278' title='bbox 1292 2243 1464 2308; x_wconf 87' lang='lat' dir='ltr'><strong>Deus,</strong></span> <span class='ocrx_word' id='word_1_279' title='bbox 1505 2243 1597 2312; x_wconf 88' lang='lat' dir='ltr'><strong>qui</strong></span> <span class='ocrx_word' id='word_1_280' title='bbox 1626 2255 1842 2296; x_wconf 87' lang='lat' dir='ltr'><strong>omnem</strong></span> 
     </span>
    </p>
   </div>
   <div class='ocr_carea' id='block_1_38' title="bbox 242 2326 1841 2413">
    <p class='ocr_par' dir='ltr' id='par_1_38' title="bbox 242 2326 1841 2413">
     <span class='ocr_line' id='line_1_38' title="bbox 242 2326 1841 2413; baseline -0.005 -17"><span class='ocrx_word' id='word_1_281' title='bbox 242 2341 727 2413; x_wconf 85' lang='lat' dir='ltr'><strong>mansuetudinem</strong></span> <span class='ocrx_word' id='word_1_282' title='bbox 775 2348 826 2395; x_wconf 91' lang='lat' dir='ltr'><strong>te</strong></span> <span class='ocrx_word' id='word_1_283' title='bbox 876 2326 1153 2394; x_wconf 85' lang='lat' dir='ltr'><strong>humiliter</strong></span> <span class='ocrx_word' id='word_1_284' title='bbox 1198 2337 1549 2392; x_wconf 88' lang='lat' dir='ltr'><strong>conﬁtentem</strong></span> <span class='ocrx_word' id='word_1_285' title='bbox 1596 2334 1841 2400; x_wconf 77' lang='lat' dir='ltr'><strong>exaltas;</strong></span> 
     </span>
    </p>
   </div>
   <div class='ocr_carea' id='block_1_39' title="bbox 240 2424 1846 2505">
    <p class='ocr_par' dir='ltr' id='par_1_39' title="bbox 240 2424 1846 2505">
     <span class='ocr_line' id='line_1_39' title="bbox 240 2424 1846 2505; baseline -0.005 -18"><span class='ocrx_word' id='word_1_286' title='bbox 240 2440 483 2505; x_wconf 60' lang='lat' dir='ltr'><strong>praesta,</strong></span> <span class='ocrx_word' id='word_1_287' title='bbox 520 2439 579 2485; x_wconf 91' lang='lat' dir='ltr'><strong>ut</strong></span> <span class='ocrx_word' id='word_1_288' title='bbox 619 2432 761 2486; x_wconf 89' lang='lat' dir='ltr'><strong>sicut</strong></span> <span class='ocrx_word' id='word_1_289' title='bbox 793 2438 1011 2485; x_wconf 87' lang='lat' dir='ltr'><strong>sanctos</strong></span> <span class='ocrx_word' id='word_1_290' title='bbox 1046 2438 1165 2483; x_wconf 90' lang='lat' dir='ltr'><strong>tuos</strong></span> <span class='ocrx_word' id='word_1_291' title='bbox 1197 2428 1441 2483; x_wconf 76' lang='lat' dir='ltr'><strong>exultare</strong></span> <span class='ocrx_word' id='word_1_292' title='bbox 1479 2425 1611 2480; x_wconf 85' lang='lat' dir='ltr'><strong>facis</strong></span> <span class='ocrx_word' id='word_1_293' title='bbox 1647 2426 1702 2479; x_wconf 91' lang='lat' dir='ltr'><strong>in</strong></span> <span class='ocrx_word' id='word_1_294' title='bbox 1734 2424 1846 2495; x_wconf 89' lang='lat' dir='ltr'><strong>glo-</strong></span> 
     </span>
    </p>
   </div>
   <div class='ocr_carea' id='block_1_40' title="bbox 244 2519 1847 2593">
    <p class='ocr_par' dir='ltr' id='par_1_40' title="bbox 244 2519 1847 2593">
     <span class='ocr_line' id='line_1_40' title="bbox 244 2519 1847 2593; baseline -0.005 -14"><span class='ocrx_word' id='word_1_295' title='bbox 244 2525 353 2589; x_wconf 86' lang='lat' dir='ltr'><strong>ria,</strong></span> <span class='ocrx_word' id='word_1_296' title='bbox 392 2524 465 2578; x_wconf 91' lang='lat' dir='ltr'><strong>ita</strong></span> <span class='ocrx_word' id='word_1_297' title='bbox 495 2533 816 2593; x_wconf 59' lang='lat' dir='ltr'><strong>praesentem</strong></span> <span class='ocrx_word' id='word_1_298' title='bbox 842 2522 1135 2577; x_wconf 83' lang='lat' dir='ltr'><strong>Ecclesiam</strong></span> <span class='ocrx_word' id='word_1_299' title='bbox 1165 2521 1439 2576; x_wconf 67' lang='lat' dir='ltr'><strong>custodire</strong></span> <span class='ocrx_word' id='word_1_300' title='bbox 1462 2519 1701 2589; x_wconf 84' lang='lat' dir='ltr'><strong>digneris</strong></span> <span class='ocrx_word' id='word_1_301' title='bbox 1728 2533 1847 2587; x_wconf 89' lang='lat' dir='ltr'><strong>per-</strong></span> 
     </span>
    </p>
   </div>
   <div class='ocr_carea' id='block_1_41' title="bbox 243 2610 1849 2687">
    <p class='ocr_par' dir='ltr' id='par_1_41' title="bbox 243 2610 1849 2687">
     <span class='ocr_line' id='line_1_41' title="bbox 243 2610 1849 2687; baseline -0.005 -16"><span class='ocrx_word' id='word_1_302' title='bbox 243 2617 432 2687; x_wconf 88' lang='lat' dir='ltr'><strong>petuis</strong></span> <span class='ocrx_word' id='word_1_303' title='bbox 455 2616 787 2685; x_wconf 85' lang='lat' dir='ltr'><strong>temporibus</strong></span> <span class='ocrx_word' id='word_1_304' title='bbox 817 2614 885 2668; x_wconf 86' lang='lat' dir='ltr'><strong>ab</strong></span> <span class='ocrx_word' id='word_1_305' title='bbox 907 2614 1065 2684; x_wconf 86' lang='lat' dir='ltr'><strong>hujus</strong></span> <span class='ocrx_word' id='word_1_306' title='bbox 1092 2613 1271 2668; x_wconf 55' lang='lat' dir='ltr'><strong>saeculi</strong></span> <span class='ocrx_word' id='word_1_307' title='bbox 1290 2610 1849 2667; x_wconf 83' lang='lat' dir='ltr'><strong>delectatiouihusim-</strong></span> 
     </span>
    </p>
   </div>
   <div class='ocr_carea' id='block_1_42' title="bbox 242 2706 1000 2780">
    <p class='ocr_par' dir='ltr' id='par_1_42' title="bbox 242 2706 1000 2780">
     <span class='ocr_line' id='line_1_42' title="bbox 242 2706 1000 2780; baseline -0.007 -17"><span class='ocrx_word' id='word_1_308' title='bbox 242 2709 536 2780; x_wconf 89' lang='lat' dir='ltr'><strong>pollutam.</strong></span> <span class='ocrx_word' id='word_1_309' title='bbox 570 2707 673 2761; x_wconf 92' lang='lat' dir='ltr'><strong>Per</strong></span> <span class='ocrx_word' id='word_1_310' title='bbox 694 2706 1000 2762; x_wconf 89' lang='lat' dir='ltr'><strong>Dominum.</strong></span> 
     </span>
    </p>
   </div>
   <div class='ocr_carea' id='block_1_43' title="bbox 877 2816 1217 2873">
    <p class='ocr_par' dir='ltr' id='par_1_43' title="bbox 877 2816 1217 2873">
     <span class='ocr_line' id='line_1_43' title="bbox 877 2816 1217 2873; baseline -0.006 0"><span class='ocrx_word' id='word_1_311' title='bbox 877 2816 1217 2873; x_wconf 66' lang='lat' dir='ltr'><strong>PSALMUS.</strong></span> 
     </span>
    </p>
   </div>
   <div class='ocr_carea' id='block_1_44' title="bbox 319 2926 1843 3004">
    <p class='ocr_par' dir='ltr' id='par_1_44' title="bbox 319 2926 1843 3004">
     <span class='ocr_line' id='line_1_44' title="bbox 319 2926 1843 3004; baseline -0.003 -17"><span class='ocrx_word' id='word_1_312' title='bbox 319 2931 511 3004; x_wconf 63' lang='lat' dir='ltr'><strong>(Psan.</strong></span> <span class='ocrx_word' id='word_1_313' title='bbox 550 2930 658 3003; x_wconf 84' lang='lat' dir='ltr'><strong>CL.)</strong></span> <span class='ocrx_word' id='word_1_314' title='bbox 700 2930 941 2985; x_wconf 90' lang='lat' dir='ltr'><strong>Laudate</strong></span> <span class='ocrx_word' id='word_1_315' title='bbox 987 2930 1273 2985; x_wconf 91' lang='lat' dir='ltr'><strong>Dominum</strong></span> <span class='ocrx_word' id='word_1_316' title='bbox 1318 2928 1373 2983; x_wconf 93' lang='lat' dir='ltr'><strong>in</strong></span> <span class='ocrx_word' id='word_1_317' title='bbox 1428 2930 1633 2983; x_wconf 81' lang='lat' dir='ltr'><strong>sanctis</strong></span> <span class='ocrx_word' id='word_1_318' title='bbox 1669 2926 1788 2997; x_wconf 91' lang='lat' dir='ltr'><strong>ejus</strong></span> <span class='ocrx_word' id='word_1_319' title='bbox 1829 2944 1843 2983; x_wconf 86' lang='lat'><strong>:</strong></span> 
     </span>
    </p>
   </div>
   <div class='ocr_carea' id='block_1_45' title="bbox 243 3017 1847 3088">
    <p class='ocr_par' dir='ltr' id='par_1_45' title="bbox 243 3017 1847 3088">
     <span class='ocr_line' id='line_1_45' title="bbox 243 3017 1847 3088; baseline -0.004 -9"><span class='ocrx_word' id='word_1_320' title='bbox 243 3023 476 3079; x_wconf 78' lang='lat' dir='ltr'><strong>laudate</strong></span> <span class='ocrx_word' id='word_1_321' title='bbox 512 3038 637 3077; x_wconf 90' lang='lat' dir='ltr'><strong>eum</strong></span> <span class='ocrx_word' id='word_1_322' title='bbox 681 3022 738 3077; x_wconf 92' lang='lat' dir='ltr'><strong>in</strong></span> <span class='ocrx_word' id='word_1_323' title='bbox 782 3021 1122 3076; x_wconf 89' lang='lat' dir='ltr'><strong>ﬁrmamento</strong></span> <span class='ocrx_word' id='word_1_324' title='bbox 1167 3020 1387 3073; x_wconf 88' lang='lat' dir='ltr'><strong>virtutis</strong></span> <span class='ocrx_word' id='word_1_325' title='bbox 1433 3018 1569 3088; x_wconf 88' lang='lat' dir='ltr'><strong>ejus.</strong></span> <span class='ocrx_word' id='word_1_326' title='bbox 1610 3017 1847 3073; x_wconf 88' lang='lat' dir='ltr'><strong>Laudate</strong></span> 
     </span>
    </p>
   </div>
   <div class='ocr_carea' id='block_1_46' title="bbox 244 3109 1847 3182">
    <p class='ocr_par' dir='ltr' id='par_1_46' title="bbox 244 3109 1847 3182">
     <span class='ocr_line' id='line_1_46' title="bbox 244 3109 1847 3182; baseline -0.007 -9"><span class='ocrx_word' id='word_1_327' title='bbox 244 3132 379 3173; x_wconf 81' lang='lat' dir='ltr'><strong>eum</strong></span> <span class='ocrx_word' id='word_1_328' title='bbox 409 3116 466 3169; x_wconf 89' lang='lat' dir='ltr'><strong>in</strong></span> <span class='ocrx_word' id='word_1_329' title='bbox 492 3115 783 3169; x_wconf 77' lang='lat' dir='ltr'><strong>virtutibus</strong></span> <span class='ocrx_word' id='word_1_330' title='bbox 805 3111 923 3182; x_wconf 87' lang='lat' dir='ltr'><strong>ejus</strong></span> <span class='ocrx_word' id='word_1_331' title='bbox 953 3133 966 3167; x_wconf 90' lang='lat'><strong>:</strong></span> <span class='ocrx_word' id='word_1_332' title='bbox 994 3113 1207 3167; x_wconf 88' lang='lat' dir='ltr'><strong>laudate</strong></span> <span class='ocrx_word' id='word_1_333' title='bbox 1239 3127 1361 3166; x_wconf 90' lang='lat' dir='ltr'><strong>eum</strong></span> <span class='ocrx_word' id='word_1_334' title='bbox 1391 3110 1687 3166; x_wconf 85' lang='lat' dir='ltr'><strong>secundum</strong></span> <span class='ocrx_word' id='word_1_335' title='bbox 1714 3109 1847 3163; x_wconf 87' lang='lat' dir='ltr'><strong>mul-</strong></span> 
     </span>
    </p>
   </div>
   <div class='ocr_carea' id='block_1_47' title="bbox 1944 1894 3536 1971">
    <p class='ocr_par' dir='ltr' id='par_1_47' title="bbox 1944 1894 3536 1971">
     <span class='ocr_line' id='line_1_47' title="bbox 1944 1894 3536 1971; baseline 0.004 -20"><span class='ocrx_word' id='word_1_336' title='bbox 1944 1894 2158 1953; x_wconf 90' lang='lat' dir='ltr'><strong>Patrem</strong></span> <span class='ocrx_word' id='word_1_337' title='bbox 2194 1907 2250 1954; x_wconf 89' lang='lat' dir='ltr'><strong>et</strong></span> <span class='ocrx_word' id='word_1_338' title='bbox 2272 1899 2488 1965; x_wconf 86' lang='lat' dir='ltr'><strong>Filium,</strong></span> <span class='ocrx_word' id='word_1_339' title='bbox 2521 1915 2643 1954; x_wconf 92' lang='lat' dir='ltr'><strong>cum</strong></span> <span class='ocrx_word' id='word_1_340' title='bbox 2674 1908 2864 1955; x_wconf 91' lang='lat' dir='ltr'><strong>sancto</strong></span> <span class='ocrx_word' id='word_1_341' title='bbox 2892 1900 3097 1971; x_wconf 87' lang='lat' dir='ltr'><strong>Spiritu</strong></span> <span class='ocrx_word' id='word_1_342' title='bbox 3132 1921 3143 1955; x_wconf 88' lang='lat'><strong>:</strong></span> <span class='ocrx_word' id='word_1_343' title='bbox 3177 1902 3457 1958; x_wconf 85' lang='lat' dir='ltr'><strong>laudemus</strong></span> <span class='ocrx_word' id='word_1_344' title='bbox 3478 1911 3536 1960; x_wconf 89' lang='lat' dir='ltr'><strong>et</strong></span> 
     </span>
    </p>
   </div>
   <div class='ocr_carea' id='block_1_48' title="bbox 1945 1991 3536 2061">
    <p class='ocr_par' dir='ltr' id='par_1_48' title="bbox 1945 1991 3536 2061">
     <span class='ocr_line' id='line_1_48' title="bbox 1945 1991 3536 2061; baseline 0.003 -15"><span class='ocrx_word' id='word_1_345' title='bbox 1945 1991 2409 2061; x_wconf 80' lang='lat' dir='ltr'><strong>superexaltemus</strong></span> <span class='ocrx_word' id='word_1_346' title='bbox 2429 2008 2550 2046; x_wconf 91' lang='lat' dir='ltr'><strong>eum</strong></span> <span class='ocrx_word' id='word_1_347' title='bbox 2576 1994 2627 2046; x_wconf 93' lang='lat' dir='ltr'><strong>in</strong></span> <span class='ocrx_word' id='word_1_348' title='bbox 2651 1993 2864 2047; x_wconf 57' lang='lat' dir='ltr'><strong>sarcula.</strong></span> <span class='ocrx_word' id='word_1_349' title='bbox 2889 1994 3214 2049; x_wconf 89' lang='lat' dir='ltr'><strong>Benedictus</strong></span> <span class='ocrx_word' id='word_1_350' title='bbox 3234 2010 3315 2060; x_wconf 91' lang='lat' dir='ltr'><strong>es,</strong></span> <span class='ocrx_word' id='word_1_351' title='bbox 3349 1994 3536 2050; x_wconf 83' lang='lat' dir='ltr'><strong>Domi-</strong></span> 
     </span>
    </p>
   </div>
   <div class='ocr_carea' id='block_1_49' title="bbox 1944 2080 3536 2156">
    <p class='ocr_par' dir='ltr' id='par_1_49' title="bbox 1944 2080 3536 2156">
     <span class='ocr_line' id='line_1_49' title="bbox 1944 2080 3536 2156; baseline 0.004 -21"><span class='ocrx_word' id='word_1_352' title='bbox 1944 2097 2032 2145; x_wconf 90' lang='lat' dir='ltr'><strong>ne,</strong></span> <span class='ocrx_word' id='word_1_353' title='bbox 2053 2082 2105 2135; x_wconf 88' lang='lat' dir='ltr'><strong>in</strong></span> <span class='ocrx_word' id='word_1_354' title='bbox 2132 2080 2475 2137; x_wconf 76' lang='lat' dir='ltr'><strong>ﬁrmamento</strong></span> <span class='ocrx_word' id='word_1_355' title='bbox 2502 2084 2658 2137; x_wconf 62' lang='lat' dir='ltr'><strong>caeli:</strong></span> <span class='ocrx_word' id='word_1_356' title='bbox 2688 2084 2973 2140; x_wconf 87' lang='lat' dir='ltr'><strong>laudabilis</strong></span> <span class='ocrx_word' id='word_1_357' title='bbox 2999 2093 3053 2139; x_wconf 89' lang='lat' dir='ltr'><strong>et</strong></span> <span class='ocrx_word' id='word_1_358' title='bbox 3076 2084 3342 2156; x_wconf 84' lang='lat' dir='ltr'><strong>gloriosus</strong></span> <span class='ocrx_word' id='word_1_359' title='bbox 3366 2095 3421 2140; x_wconf 91' lang='lat' dir='ltr'><strong>et</strong></span> <span class='ocrx_word' id='word_1_360' title='bbox 3443 2101 3536 2141; x_wconf 84' lang='lat' dir='ltr'><strong>su-</strong></span> 
     </span>
    </p>
   </div>
   <div class='ocr_carea' id='block_1_50' title="bbox 1943 2175 2975 2253">
    <p class='ocr_par' dir='ltr' id='par_1_50' title="bbox 1943 2175 2975 2253">
     <span class='ocr_line' id='line_1_50' title="bbox 1943 2175 2975 2253; baseline 0 -23"><span class='ocrx_word' id='word_1_361' title='bbox 1943 2175 2311 2246; x_wconf 80' lang='lat' dir='ltr'><strong>perexaltatus</strong></span> <span class='ocrx_word' id='word_1_362' title='bbox 2350 2176 2403 2229; x_wconf 90' lang='lat' dir='ltr'><strong>in</strong></span> <span class='ocrx_word' id='word_1_363' title='bbox 2433 2176 2648 2230; x_wconf 77' lang='lat' dir='ltr'><strong>szccula.</strong></span> <span class='ocrx_word' id='word_1_364' title='bbox 2964 2240 2975 2253; x_wconf 33' lang='grc' dir='ltr'><em>α</em></span> 
     </span>
    </p>
   </div>
   <div class='ocr_carea' id='block_1_51' title="bbox 2019 2264 3541 2340">
    <p class='ocr_par' dir='ltr' id='par_1_51' title="bbox 2019 2264 3541 2340">
     <span class='ocr_line' id='line_1_51' title="bbox 2019 2264 3541 2340; baseline 0.003 -20"><span class='ocrx_word' id='word_1_365' title='bbox 2019 2264 2222 2320; x_wconf 79' lang='lat' dir='ltr'><strong>Oratio.</strong></span> <span class='ocrx_word' id='word_1_366' title='bbox 2256 2266 2419 2331; x_wconf 90' lang='lat' dir='ltr'><strong>Deus,</strong></span> <span class='ocrx_word' id='word_1_367' title='bbox 2449 2283 2548 2337; x_wconf 88' lang='lat' dir='ltr'><strong>per</strong></span> <span class='ocrx_word' id='word_1_368' title='bbox 2574 2284 2734 2338; x_wconf 91' lang='lat' dir='ltr'><strong>quem</strong></span> <span class='ocrx_word' id='word_1_369' title='bbox 2764 2269 2897 2324; x_wconf 87' lang='lat' dir='ltr'><strong>ﬁdes</strong></span> <span class='ocrx_word' id='word_1_370' title='bbox 2925 2270 3104 2340; x_wconf 86' lang='lat' dir='ltr'><strong>ignem</strong></span> <span class='ocrx_word' id='word_1_371' title='bbox 3128 2284 3236 2325; x_wconf 92' lang='lat' dir='ltr'><strong>non</strong></span> <span class='ocrx_word' id='word_1_372' title='bbox 3265 2270 3455 2336; x_wconf 87' lang='lat' dir='ltr'><strong>sentit,</strong></span> <span class='ocrx_word' id='word_1_373' title='bbox 3482 2278 3541 2325; x_wconf 89' lang='lat' dir='ltr'><strong>et</strong></span> 
     </span>
    </p>
   </div>
   <div class='ocr_carea' id='block_1_52' title="bbox 1947 2356 3540 2432">
    <p class='ocr_par' dir='ltr' id='par_1_52' title="bbox 1947 2356 3540 2432">
     <span class='ocr_line' id='line_1_52' title="bbox 1947 2356 3540 2432; baseline 0.003 -19"><span class='ocrx_word' id='word_1_374' title='bbox 1947 2356 2236 2413; x_wconf 82' lang='lat' dir='ltr'><strong>iuﬁlelitas</strong></span> <span class='ocrx_word' id='word_1_375' title='bbox 2272 2359 2391 2412; x_wconf 92' lang='lat' dir='ltr'><strong>sine</strong></span> <span class='ocrx_word' id='word_1_376' title='bbox 2431 2358 2554 2430; x_wconf 87' lang='lat' dir='ltr'><strong>igne</strong></span> <span class='ocrx_word' id='word_1_377' title='bbox 2595 2360 2872 2425; x_wconf 81' lang='lat' dir='ltr'><strong>exuritur;</strong></span> <span class='ocrx_word' id='word_1_378' title='bbox 2910 2362 3003 2432; x_wconf 91' lang='lat' dir='ltr'><strong>qui</strong></span> <span class='ocrx_word' id='word_1_379' title='bbox 3043 2361 3389 2417; x_wconf 86' lang='lat' dir='ltr'><strong>beatissimos</strong></span> <span class='ocrx_word' id='word_1_380' title='bbox 3426 2369 3540 2417; x_wconf 89' lang='lat' dir='ltr'><strong>tres</strong></span> 
     </span>
    </p>
   </div>
   <div class='ocr_carea' id='block_1_53' title="bbox 1945 2450 3541 2525">
    <p class='ocr_par' dir='ltr' id='par_1_53' title="bbox 1945 2450 3541 2525">
     <span class='ocr_line' id='line_1_53' title="bbox 1945 2450 3541 2525; baseline 0.003 -22"><span class='ocrx_word' id='word_1_381' title='bbox 1945 2465 2143 2521; x_wconf 89' lang='lat' dir='ltr'><strong>pueros</strong></span> <span class='ocrx_word' id='word_1_382' title='bbox 2174 2450 2275 2505; x_wconf 64' lang='lat' dir='ltr'><strong>ﬁale</strong></span> <span class='ocrx_word' id='word_1_383' title='bbox 2302 2464 2562 2515; x_wconf 87' lang='lat' dir='ltr'><strong>armatos,</strong></span> <span class='ocrx_word' id='word_1_384' title='bbox 2586 2451 2860 2521; x_wconf 89' lang='lat' dir='ltr'><strong>conjectos</strong></span> <span class='ocrx_word' id='word_1_385' title='bbox 2894 2453 2949 2507; x_wconf 91' lang='lat' dir='ltr'><strong>in</strong></span> <span class='ocrx_word' id='word_1_386' title='bbox 2979 2454 3196 2509; x_wconf 91' lang='lat' dir='ltr'><strong>camino</strong></span> <span class='ocrx_word' id='word_1_387' title='bbox 3229 2454 3391 2525; x_wconf 84' lang='lat' dir='ltr'><strong>ignis,</strong></span> <span class='ocrx_word' id='word_1_388' title='bbox 3416 2453 3541 2508; x_wconf 66' lang='lat' dir='ltr'><strong>laeto</strong></span> 
     </span>
    </p>
   </div>
   <div class='ocr_carea' id='block_1_54' title="bbox 1947 2543 3544 2617">
    <p class='ocr_par' dir='ltr' id='par_1_54' title="bbox 1947 2543 3544 2617">
     <span class='ocr_line' id='line_1_54' title="bbox 1947 2543 3544 2617; baseline 0.001 -19"><span class='ocrx_word' id='word_1_389' title='bbox 1947 2544 2095 2598; x_wconf 84' lang='lat' dir='ltr'><strong>vultu</strong></span> <span class='ocrx_word' id='word_1_390' title='bbox 2122 2544 2269 2598; x_wconf 88' lang='lat' dir='ltr'><strong>omni</strong></span> <span class='ocrx_word' id='word_1_391' title='bbox 2301 2558 2368 2597; x_wconf 79' lang='lat' dir='ltr'><strong>ex</strong></span> <span class='ocrx_word' id='word_1_392' title='bbox 2403 2552 2557 2613; x_wconf 91' lang='lat' dir='ltr'><strong>parte</strong></span> <span class='ocrx_word' id='word_1_393' title='bbox 2592 2543 2787 2599; x_wconf 61' lang='lat' dir='ltr'><strong>illaesos</strong></span> <span class='ocrx_word' id='word_1_394' title='bbox 2820 2545 3079 2617; x_wconf 82' lang='lat' dir='ltr'><strong>hymnum</strong></span> <span class='ocrx_word' id='word_1_395' title='bbox 3110 2545 3207 2600; x_wconf 90' lang='lat' dir='ltr'><strong>tibi</strong></span> <span class='ocrx_word' id='word_1_396' title='bbox 3235 2559 3435 2600; x_wconf 88' lang='lat' dir='ltr'><strong>canere</strong></span> <span class='ocrx_word' id='word_1_397' title='bbox 3466 2544 3544 2600; x_wconf 81' lang='lat' dir='ltr'><strong>le-</strong></span> 
     </span>
    </p>
   </div>
   <div class='ocr_carea' id='block_1_55' title="bbox 1948 2635 3543 2707">
    <p class='ocr_par' dir='ltr' id='par_1_55' title="bbox 1948 2635 3543 2707">
     <span class='ocr_line' id='line_1_55' title="bbox 1948 2635 3543 2707; baseline 0 -16"><span class='ocrx_word' id='word_1_398' title='bbox 1948 2635 2067 2691; x_wconf 89' lang='lat' dir='ltr'><strong>cisti</strong></span> <span class='ocrx_word' id='word_1_399' title='bbox 2096 2654 2108 2689; x_wconf 88' lang='lat'><strong>:</strong></span> <span class='ocrx_word' id='word_1_400' title='bbox 2142 2637 2524 2700; x_wconf 81' lang='lat' dir='ltr'><strong>obsecramus,</strong></span> <span class='ocrx_word' id='word_1_401' title='bbox 2548 2645 2608 2689; x_wconf 92' lang='lat' dir='ltr'><strong>ut</strong></span> <span class='ocrx_word' id='word_1_402' title='bbox 2635 2636 2751 2705; x_wconf 85' lang='lat' dir='ltr'><strong>pari</strong></span> <span class='ocrx_word' id='word_1_403' title='bbox 2783 2636 3125 2707; x_wconf 85' lang='lat' dir='ltr'><strong>dignatione,</strong></span> <span class='ocrx_word' id='word_1_404' title='bbox 3152 2635 3258 2691; x_wconf 91' lang='lat' dir='ltr'><strong>ﬁde</strong></span> <span class='ocrx_word' id='word_1_405' title='bbox 3290 2644 3344 2691; x_wconf 90' lang='lat' dir='ltr'><strong>et</strong></span> <span class='ocrx_word' id='word_1_406' title='bbox 3380 2637 3543 2691; x_wconf 84' lang='lat' dir='ltr'><strong>devo-</strong></span> 
     </span>
    </p>
   </div>
   <div class='ocr_carea' id='block_1_56' title="bbox 1950 2724 3546 2795">
    <p class='ocr_par' dir='ltr' id='par_1_56' title="bbox 1950 2724 3546 2795">
     <span class='ocr_line' id='line_1_56' title="bbox 1950 2724 3546 2795; baseline 0.001 -16"><span class='ocrx_word' id='word_1_407' title='bbox 1950 2724 2096 2780; x_wconf 87' lang='lat' dir='ltr'><strong>tione</strong></span> <span class='ocrx_word' id='word_1_408' title='bbox 2118 2740 2215 2780; x_wconf 88' lang='lat' dir='ltr'><strong>nos</strong></span> <span class='ocrx_word' id='word_1_409' title='bbox 2240 2741 2474 2790; x_wconf 89' lang='lat' dir='ltr'><strong>armare,</strong></span> <span class='ocrx_word' id='word_1_410' title='bbox 2492 2734 2546 2780; x_wconf 92' lang='lat' dir='ltr'><strong>et</strong></span> <span class='ocrx_word' id='word_1_411' title='bbox 2572 2725 2780 2779; x_wconf 87' lang='lat' dir='ltr'><strong>timoris</strong></span> <span class='ocrx_word' id='word_1_412' title='bbox 2807 2725 2882 2779; x_wconf 90' lang='lat' dir='ltr'><strong>tui</strong></span> <span class='ocrx_word' id='word_1_413' title='bbox 2906 2726 3089 2794; x_wconf 85' lang='lat' dir='ltr'><strong>vigore</strong></span> <span class='ocrx_word' id='word_1_414' title='bbox 3109 2726 3331 2794; x_wconf 89' lang='lat' dir='ltr'><strong>implere</strong></span> <span class='ocrx_word' id='word_1_415' title='bbox 3354 2725 3546 2795; x_wconf 83' lang='lat' dir='ltr'><strong>digne-</strong></span> 
     </span>
    </p>
   </div>
   <div class='ocr_carea' id='block_1_57' title="bbox 1948 2812 3545 2887">
    <p class='ocr_par' dir='ltr' id='par_1_57' title="bbox 1948 2812 3545 2887">
     <span class='ocr_line' id='line_1_57' title="bbox 1948 2812 3545 2887; baseline 0 -18"><span class='ocrx_word' id='word_1_416' title='bbox 1948 2815 2046 2879; x_wconf 90' lang='lat' dir='ltr'><strong>ris,</strong></span> <span class='ocrx_word' id='word_1_417' title='bbox 2074 2826 2133 2869; x_wconf 91' lang='lat' dir='ltr'><strong>ut</strong></span> <span class='ocrx_word' id='word_1_418' title='bbox 2156 2831 2187 2868; x_wconf 89' lang='lat' dir='ltr'><strong>a</strong></span> <span class='ocrx_word' id='word_1_419' title='bbox 2211 2816 2425 2871; x_wconf 90' lang='lat' dir='ltr'><strong>camino</strong></span> <span class='ocrx_word' id='word_1_420' title='bbox 2453 2816 2708 2870; x_wconf 81' lang='lat' dir='ltr'><strong>vitiorum</strong></span> <span class='ocrx_word' id='word_1_421' title='bbox 2734 2814 2949 2887; x_wconf 65' lang='lat' dir='ltr'><strong>liberati</strong></span> <span class='ocrx_word' id='word_1_422' title='bbox 2971 2814 3232 2885; x_wconf 87' lang='lat' dir='ltr'><strong>hymnum</strong></span> <span class='ocrx_word' id='word_1_423' title='bbox 3260 2812 3463 2880; x_wconf 79' lang='lat' dir='ltr'><strong>dicere,</strong></span> <span class='ocrx_word' id='word_1_424' title='bbox 3487 2819 3545 2869; x_wconf 88' lang='lat' dir='ltr'><strong>et</strong></span> 
     </span>
    </p>
   </div>
   <div class='ocr_carea' id='block_1_58' title="bbox 1904 2908 3384 2978">
    <p class='ocr_par' dir='ltr' id='par_1_58' title="bbox 1904 2908 3384 2978">
     <span class='ocr_line' id='line_1_58' title="bbox 1904 2908 3384 2978; baseline -0.005 -11"><span class='ocrx_word' id='word_1_425' title='bbox 1904 2960 1907 2967; x_wconf 72' lang='lat'><em>,</em></span> <span class='ocrx_word' id='word_1_426' title='bbox 1948 2908 2188 2964; x_wconf 65' lang='lat' dir='ltr'><strong>exaltare</strong></span> <span class='ocrx_word' id='word_1_427' title='bbox 2217 2924 2416 2965; x_wconf 91' lang='lat' dir='ltr'><strong>nomen</strong></span> <span class='ocrx_word' id='word_1_428' title='bbox 2447 2916 2598 2963; x_wconf 90' lang='lat' dir='ltr'><strong>tuum</strong></span> <span class='ocrx_word' id='word_1_429' title='bbox 2628 2908 2682 2962; x_wconf 91' lang='lat' dir='ltr'><strong>in</strong></span> <span class='ocrx_word' id='word_1_430' title='bbox 2705 2916 3027 2978; x_wconf 87' lang='lat' dir='ltr'><strong>perpetuum</strong></span> <span class='ocrx_word' id='word_1_431' title='bbox 3055 2921 3384 2962; x_wconf 89' lang='lat' dir='ltr'><strong>mereamur.</strong></span> 
     </span>
    </p>
   </div>
   <div class='ocr_carea' id='block_1_59' title="bbox 2592 3016 2886 3072">
    <p class='ocr_par' dir='ltr' id='par_1_59' title="bbox 2592 3016 2886 3072">
     <span class='ocr_line' id='line_1_59' title="bbox 2592 3016 2886 3072; baseline -0.003 0"><span class='ocrx_word' id='word_1_432' title='bbox 2592 3016 2886 3072; x_wconf 79' lang='lat' dir='ltr'><strong>LITANIA.</strong></span> 
     </span>
    </p>
   </div>
   <div class='ocr_carea' id='block_1_60' title="bbox 2023 3106 3549 3189">
    <p class='ocr_par' dir='ltr' id='par_1_60' title="bbox 2023 3106 3549 3189">
     <span class='ocr_line' id='line_1_60' title="bbox 2023 3106 3549 3189; baseline -0.001 -17"><span class='ocrx_word' id='word_1_433' title='bbox 2023 3117 2225 3184; x_wconf 87' lang='lat' dir='ltr'><strong>Parce,</strong></span> <span class='ocrx_word' id='word_1_434' title='bbox 2249 3117 2507 3184; x_wconf 88' lang='lat' dir='ltr'><strong>Domine,</strong></span> <span class='ocrx_word' id='word_1_435' title='bbox 2533 3106 2694 3188; x_wconf 87' lang='lat' dir='ltr'><strong>parce</strong></span> <span class='ocrx_word' id='word_1_436' title='bbox 2725 3118 2922 3189; x_wconf 88' lang='lat' dir='ltr'><strong>populo</strong></span> <span class='ocrx_word' id='word_1_437' title='bbox 2956 3125 3050 3173; x_wconf 91' lang='lat' dir='ltr'><strong>tuo</strong></span> <span class='ocrx_word' id='word_1_438' title='bbox 3071 3158 3087 3184; x_wconf 94' lang='lat'><strong>,</strong></span> <span class='ocrx_word' id='word_1_439' title='bbox 3121 3131 3284 3188; x_wconf 88' lang='lat' dir='ltr'><strong>quem</strong></span> <span class='ocrx_word' id='word_1_440' title='bbox 3314 3117 3549 3173; x_wconf 85' lang='lat' dir='ltr'><strong>redemi-</strong></span> 
     </span>
    </p>
   </div>
   <div class='ocr_carea' id='block_1_61' title="bbox 250 3170 3548 3281">
    <p class='ocr_par' dir='ltr' id='par_1_61' title="bbox 250 3170 3548 3281">
     <span class='ocr_line' id='line_1_61' title="bbox 250 3170 3548 3281; baseline -0 -15"><span class='ocrx_word' id='word_1_441' title='bbox 250 3207 556 3262; x_wconf 81' lang='lat' dir='ltr'><strong>titudinem</strong></span> <span class='ocrx_word' id='word_1_442' title='bbox 592 3205 979 3276; x_wconf 80' lang='lat' dir='ltr'><strong>magnitudinis</strong></span> <span class='ocrx_word' id='word_1_443' title='bbox 1015 3202 1151 3271; x_wconf 79' lang='lat' dir='ltr'><strong>eius.</strong></span> <span class='ocrx_word' id='word_1_444' title='bbox 1187 3201 1429 3257; x_wconf 79' lang='lat' dir='ltr'><strong>Laudate</strong></span> <span class='ocrx_word' id='word_1_445' title='bbox 1468 3218 1591 3257; x_wconf 88' lang='lat' dir='ltr'><strong>eum</strong></span> <span class='ocrx_word' id='word_1_446' title='bbox 1627 3202 1681 3255; x_wconf 85' lang='lat' dir='ltr'><strong>in</strong></span> <span class='ocrx_word' id='word_1_447' title='bbox 1717 3216 1850 3256; x_wconf 85' lang='lat' dir='ltr'><strong>sono</strong></span> <span class='ocrx_word' id='word_1_448' title='bbox 1877 3170 1923 3235; x_wconf 65' lang='grc' dir='ltr'><strong>δ</strong></span> <span class='ocrx_word' id='word_1_449' title='bbox 1954 3208 2045 3274; x_wconf 89' lang='lat' dir='ltr'><strong>sti,</strong></span> <span class='ocrx_word' id='word_1_450' title='bbox 2074 3207 2312 3278; x_wconf 82' lang='lat' dir='ltr'><strong>Christe,</strong></span> <span class='ocrx_word' id='word_1_451' title='bbox 2342 3211 2604 3281; x_wconf 78' lang='lat' dir='ltr'><strong>sanguine</strong></span> <span class='ocrx_word' id='word_1_452' title='bbox 2629 3219 2720 3266; x_wconf 89' lang='lat' dir='ltr'><strong>tuo</strong></span> <span class='ocrx_word' id='word_1_453' title='bbox 2749 3229 2760 3263; x_wconf 90' lang='lat'><strong>:</strong></span> <span class='ocrx_word' id='word_1_454' title='bbox 2794 3226 2864 3266; x_wconf 89' lang='lat' dir='ltr'><strong>ne</strong></span> <span class='ocrx_word' id='word_1_455' title='bbox 2901 3210 2956 3265; x_wconf 93' lang='lat' dir='ltr'><strong>in</strong></span> <span class='ocrx_word' id='word_1_456' title='bbox 2984 3217 3250 3266; x_wconf 65' lang='lat' dir='ltr'><strong>aeternum</strong></span> <span class='ocrx_word' id='word_1_457' title='bbox 3290 3210 3548 3267; x_wconf 82' lang='lat' dir='ltr'><strong>irascaris</strong></span> 
     </span>
    </p>
   </div>
   <div class='ocr_carea' id='block_1_62' title="bbox 251 3291 1855 3365">
    <p class='ocr_par' dir='ltr' id='par_1_62' title="bbox 251 3291 1855 3365">
     <span class='ocr_line' id='line_1_62' title="bbox 251 3291 1855 3365; baseline -0.004 -12"><span class='ocrx_word' id='word_1_458' title='bbox 251 3299 406 3353; x_wconf 67' lang='lat' dir='ltr'><strong>tubae</strong></span> <span class='ocrx_word' id='word_1_459' title='bbox 445 3315 459 3351; x_wconf 90' lang='lat'>:</span> <span class='ocrx_word' id='word_1_460' title='bbox 497 3295 712 3351; x_wconf 89' lang='lat' dir='ltr'><strong>laudate</strong></span> <span class='ocrx_word' id='word_1_461' title='bbox 735 3311 857 3351; x_wconf 93' lang='lat' dir='ltr'><strong>eum</strong></span> <span class='ocrx_word' id='word_1_462' title='bbox 885 3294 939 3348; x_wconf 91' lang='lat' dir='ltr'><strong>in</strong></span> <span class='ocrx_word' id='word_1_463' title='bbox 974 3294 1236 3365; x_wconf 90' lang='lat' dir='ltr'><strong>psalterio</strong></span> <span class='ocrx_word' id='word_1_464' title='bbox 1268 3302 1324 3349; x_wconf 91' lang='lat' dir='ltr'><strong>et</strong></span> <span class='ocrx_word' id='word_1_465' title='bbox 1352 3293 1582 3348; x_wconf 88' lang='lat' dir='ltr'><strong>cithara.</strong></span> <span class='ocrx_word' id='word_1_466' title='bbox 1617 3291 1855 3347; x_wconf 86' lang='lat' dir='ltr'><strong>Laudate</strong></span> 
     </span>
    </p>
   </div>
   <div class='ocr_carea' id='block_1_63' title="bbox 246 3385 1855 3461">
    <p class='ocr_par' dir='ltr' id='par_1_63' title="bbox 246 3385 1855 3461">
     <span class='ocr_line' id='line_1_63' title="bbox 246 3385 1855 3461; baseline -0.004 -13"><span class='ocrx_word' id='word_1_467' title='bbox 246 3408 385 3448; x_wconf 84' lang='lat' dir='ltr'><strong>eum</strong></span> <span class='ocrx_word' id='word_1_468' title='bbox 426 3390 484 3445; x_wconf 88' lang='lat' dir='ltr'><strong>in</strong></span> <span class='ocrx_word' id='word_1_469' title='bbox 526 3400 778 3461; x_wconf 87' lang='lat' dir='ltr'><strong>tympano</strong></span> <span class='ocrx_word' id='word_1_470' title='bbox 813 3396 869 3444; x_wconf 93' lang='lat' dir='ltr'><strong>et</strong></span> <span class='ocrx_word' id='word_1_471' title='bbox 898 3388 1065 3443; x_wconf 89' lang='lat' dir='ltr'><strong>choro</strong></span> <span class='ocrx_word' id='word_1_472' title='bbox 1097 3408 1109 3441; x_wconf 89' lang='lat'><strong>:</strong></span> <span class='ocrx_word' id='word_1_473' title='bbox 1144 3388 1360 3442; x_wconf 88' lang='lat' dir='ltr'><strong>laudate</strong></span> <span class='ocrx_word' id='word_1_474' title='bbox 1395 3402 1519 3442; x_wconf 92' lang='lat' dir='ltr'><strong>eum</strong></span> <span class='ocrx_word' id='word_1_475' title='bbox 1551 3386 1606 3440; x_wconf 89' lang='lat' dir='ltr'><strong>in</strong></span> <span class='ocrx_word' id='word_1_476' title='bbox 1635 3385 1855 3441; x_wconf 80' lang='lat' dir='ltr'><strong>chordis</strong></span> 
     </span>
    </p>
   </div>
   <div class='ocr_carea' id='block_1_64' title="bbox 248 3478 1852 3552">
    <p class='ocr_par' dir='ltr' id='par_1_64' title="bbox 248 3478 1852 3552">
     <span class='ocr_line' id='line_1_64' title="bbox 248 3478 1852 3552; baseline -0.002 -15"><span class='ocrx_word' id='word_1_477' title='bbox 248 3489 307 3537; x_wconf 84' lang='lat' dir='ltr'><strong>et</strong></span> <span class='ocrx_word' id='word_1_478' title='bbox 334 3495 569 3552; x_wconf 86' lang='lat' dir='ltr'><strong>organo.</strong></span> <span class='ocrx_word' id='word_1_479' title='bbox 600 3479 841 3534; x_wconf 90' lang='lat' dir='ltr'><strong>Laudate</strong></span> <span class='ocrx_word' id='word_1_480' title='bbox 862 3494 986 3533; x_wconf 91' lang='lat' dir='ltr'><strong>eum</strong></span> <span class='ocrx_word' id='word_1_481' title='bbox 1009 3478 1063 3533; x_wconf 91' lang='lat' dir='ltr'><strong>in</strong></span> <span class='ocrx_word' id='word_1_482' title='bbox 1091 3478 1353 3549; x_wconf 85' lang='lat' dir='ltr'><strong>cymbalis</strong></span> <span class='ocrx_word' id='word_1_483' title='bbox 1372 3478 1852 3544; x_wconf 89' lang='lat' dir='ltr'><strong>benesonautibus,</strong></span> 
     </span>
    </p>
   </div>
   <div class='ocr_carea' id='block_1_65' title="bbox 249 3566 1858 3639">
    <p class='ocr_par' dir='ltr' id='par_1_65' title="bbox 249 3566 1858 3639">
     <span class='ocr_line' id='line_1_65' title="bbox 249 3566 1858 3639; baseline -0.002 -14"><span class='ocrx_word' id='word_1_484' title='bbox 249 3569 487 3626; x_wconf 84' lang='lat' dir='ltr'><strong>laudate</strong></span> <span class='ocrx_word' id='word_1_485' title='bbox 530 3584 651 3625; x_wconf 91' lang='lat' dir='ltr'><strong>eum</strong></span> <span class='ocrx_word' id='word_1_486' title='bbox 688 3570 744 3624; x_wconf 93' lang='lat' dir='ltr'><strong>in</strong></span> <span class='ocrx_word' id='word_1_487' title='bbox 781 3568 1041 3634; x_wconf 78' lang='lat' dir='ltr'><strong>cymbalis</strong></span> <span class='ocrx_word' id='word_1_488' title='bbox 1072 3566 1409 3638; x_wconf 89' lang='lat' dir='ltr'><strong>jubilationis</strong></span> <span class='ocrx_word' id='word_1_489' title='bbox 1441 3585 1454 3622; x_wconf 89' lang='lat'><strong>:</strong></span> <span class='ocrx_word' id='word_1_490' title='bbox 1482 3569 1660 3623; x_wconf 86' lang='lat' dir='ltr'><strong>omnis</strong></span> <span class='ocrx_word' id='word_1_491' title='bbox 1698 3569 1858 3639; x_wconf 89' lang='lat' dir='ltr'><strong>spiri-</strong></span> 
     </span>
    </p>
   </div>
   <div class='ocr_carea' id='block_1_66' title="bbox 253 3658 908 3717">
    <p class='ocr_par' dir='ltr' id='par_1_66' title="bbox 253 3658 908 3717">
     <span class='ocr_line' id='line_1_66' title="bbox 253 3658 908 3717; baseline -0.006 -1"><span class='ocrx_word' id='word_1_492' title='bbox 253 3669 349 3717; x_wconf 81' lang='lat' dir='ltr'><strong>tus</strong></span> <span class='ocrx_word' id='word_1_493' title='bbox 384 3660 572 3715; x_wconf 81' lang='lat' dir='ltr'><strong>laudet</strong></span> <span class='ocrx_word' id='word_1_494' title='bbox 601 3658 908 3713; x_wconf 88' lang='lat' dir='ltr'><strong>Dominum.</strong></span> 
     </span>
    </p>
   </div>
   <div class='ocr_carea' id='block_1_67' title="bbox 329 3750 1858 3823">
    <p class='ocr_par' dir='ltr' id='par_1_67' title="bbox 329 3750 1858 3823">
     <span class='ocr_line' id='line_1_67' title="bbox 329 3750 1858 3823; baseline 0 -14"><span class='ocrx_word' id='word_1_495' title='bbox 329 3751 405 3809; x_wconf 89' lang='lat' dir='ltr'><strong>Ut</strong></span> <span class='ocrx_word' id='word_1_496' title='bbox 443 3769 627 3823; x_wconf 83' lang='lat' dir='ltr'><strong>supra.</strong></span> <span class='ocrx_word' id='word_1_497' title='bbox 674 3750 914 3807; x_wconf 87' lang='lat' dir='ltr'><strong>Laudate</strong></span> <span class='ocrx_word' id='word_1_498' title='bbox 959 3766 1156 3806; x_wconf 91' lang='lat' dir='ltr'><strong>nomen</strong></span> <span class='ocrx_word' id='word_1_499' title='bbox 1197 3751 1344 3821; x_wconf 86' lang='lat' dir='ltr'><strong>ejus,</strong></span> <span class='ocrx_word' id='word_1_500' title='bbox 1381 3752 1634 3822; x_wconf 90' lang='lat' dir='ltr'><strong>quoniam</strong></span> <span class='ocrx_word' id='word_1_501' title='bbox 1674 3755 1858 3809; x_wconf 83' lang='lat' dir='ltr'><strong>suavis</strong></span> 
     </span>
    </p>
   </div>
   <div class='ocr_carea' id='block_1_68' title="bbox 250 3841 1860 3914">
    <p class='ocr_par' dir='ltr' id='par_1_68' title="bbox 250 3841 1860 3914">
     <span class='ocr_line' id='line_1_68' title="bbox 250 3841 1860 3914; baseline -0.001 -15"><span class='ocrx_word' id='word_1_502' title='bbox 250 3852 344 3900; x_wconf 86' lang='lat' dir='ltr'><strong>est</strong></span> <span class='ocrx_word' id='word_1_503' title='bbox 372 3842 664 3907; x_wconf 88' lang='lat' dir='ltr'><strong>Dominus,</strong></span> <span class='ocrx_word' id='word_1_504' title='bbox 692 3842 746 3895; x_wconf 89' lang='lat' dir='ltr'><strong>in</strong></span> <span class='ocrx_word' id='word_1_505' title='bbox 768 3850 1030 3896; x_wconf 65' lang='lat' dir='ltr'><strong>aeternum</strong></span> <span class='ocrx_word' id='word_1_506' title='bbox 1053 3841 1423 3898; x_wconf 88' lang='lat' dir='ltr'><strong>misericordia</strong></span> <span class='ocrx_word' id='word_1_507' title='bbox 1446 3843 1583 3914; x_wconf 89' lang='lat' dir='ltr'><strong>ejus,</strong></span> <span class='ocrx_word' id='word_1_508' title='bbox 1609 3851 1664 3898; x_wconf 93' lang='lat' dir='ltr'><strong>et</strong></span> <span class='ocrx_word' id='word_1_509' title='bbox 1690 3859 1860 3914; x_wconf 88' lang='lat' dir='ltr'><strong>usque</strong></span> 
     </span>
    </p>
   </div>
   <div class='ocr_carea' id='block_1_69' title="bbox 248 3933 1691 4009">
    <p class='ocr_par' dir='ltr' id='par_1_69' title="bbox 248 3933 1691 4009">
     <span class='ocr_line' id='line_1_69' title="bbox 248 3933 1691 4009; baseline -0.002 -16"><span class='ocrx_word' id='word_1_510' title='bbox 248 3936 311 3993; x_wconf 82' lang='lat' dir='ltr'><strong>in</strong></span> <span class='ocrx_word' id='word_1_511' title='bbox 350 3933 768 4009; x_wconf 88' lang='lat' dir='ltr'><strong>generationem</strong></span> <span class='ocrx_word' id='word_1_512' title='bbox 798 3941 854 3988; x_wconf 91' lang='lat' dir='ltr'><strong>et</strong></span> <span class='ocrx_word' id='word_1_513' title='bbox 878 3934 1281 4005; x_wconf 88' lang='lat' dir='ltr'><strong>generationem</strong></span> <span class='ocrx_word' id='word_1_514' title='bbox 1316 3935 1521 3989; x_wconf 88' lang='lat' dir='ltr'><strong>veritas</strong></span> <span class='ocrx_word' id='word_1_515' title='bbox 1556 3934 1691 4004; x_wconf 91' lang='lat' dir='ltr'><strong>ejus.</strong></span> 
     </span>
    </p>
   </div>
   <div class='ocr_carea' id='block_1_70' title="bbox 328 4022 1858 4096">
    <p class='ocr_par' dir='ltr' id='par_1_70' title="bbox 328 4022 1858 4096">
     <span class='ocr_line' id='line_1_70' title="bbox 328 4022 1858 4096; baseline -0.003 -13"><span class='ocrx_word' id='word_1_516' title='bbox 328 4023 716 4096; x_wconf 87' lang='lat' dir='ltr'><strong>Sicpsalmum</strong></span> <span class='ocrx_word' id='word_1_517' title='bbox 743 4022 921 4078; x_wconf 90' lang='lat' dir='ltr'><strong>dicam</strong></span> <span class='ocrx_word' id='word_1_518' title='bbox 948 4025 1155 4078; x_wconf 91' lang='lat' dir='ltr'><strong>nomini</strong></span> <span class='ocrx_word' id='word_1_519' title='bbox 1181 4024 1349 4080; x_wconf 90' lang='lat' dir='ltr'><strong>tuoin</strong></span> <span class='ocrx_word' id='word_1_520' title='bbox 1374 4024 1629 4080; x_wconf 64' lang='lat' dir='ltr'><strong>sacculum</strong></span> <span class='ocrx_word' id='word_1_521' title='bbox 1655 4023 1858 4090; x_wconf 71' lang='lat' dir='ltr'><strong>saeculi,</strong></span> 
     </span>
    </p>
   </div>
   <div class='ocr_carea' id='block_1_71' title="bbox 250 4118 1366 4178">
    <p class='ocr_par' dir='ltr' id='par_1_71' title="bbox 250 4118 1366 4178">
     <span class='ocr_line' id='line_1_71' title="bbox 250 4118 1366 4178; baseline -0.004 0"><span class='ocrx_word' id='word_1_522' title='bbox 250 4127 316 4178; x_wconf 85' lang='lat' dir='ltr'><strong>ut</strong></span> <span class='ocrx_word' id='word_1_523' title='bbox 348 4120 585 4176; x_wconf 83' lang='lat' dir='ltr'><strong>reddam</strong></span> <span class='ocrx_word' id='word_1_524' title='bbox 621 4126 743 4173; x_wconf 87' lang='lat' dir='ltr'><strong>vota</strong></span> <span class='ocrx_word' id='word_1_525' title='bbox 774 4133 892 4173; x_wconf 91' lang='lat' dir='ltr'><strong>mea</strong></span> <span class='ocrx_word' id='word_1_526' title='bbox 916 4118 980 4172; x_wconf 90' lang='lat' dir='ltr'><strong>de</strong></span> <span class='ocrx_word' id='word_1_527' title='bbox 1007 4118 1095 4173; x_wconf 90' lang='lat' dir='ltr'><strong>die</strong></span> <span class='ocrx_word' id='word_1_528' title='bbox 1119 4118 1174 4171; x_wconf 89' lang='lat' dir='ltr'><strong>in</strong></span> <span class='ocrx_word' id='word_1_529' title='bbox 1204 4118 1366 4174; x_wconf 90' lang='lat' dir='ltr'><strong>diem.</strong></span> 
     </span>
    </p>
   </div>
   <div class='ocr_carea' id='block_1_72' title="bbox 330 4207 1864 4275">
    <p class='ocr_par' dir='ltr' id='par_1_72' title="bbox 330 4207 1864 4275">
     <span class='ocr_line' id='line_1_72' title="bbox 330 4207 1864 4275; baseline -0.001 -9"><span class='ocrx_word' id='word_1_530' title='bbox 330 4210 553 4275; x_wconf 72' lang='lat' dir='ltr'><strong>Oratio.</strong></span> <span class='ocrx_word' id='word_1_531' title='bbox 580 4207 887 4263; x_wconf 58' lang='lat' dir='ltr'><strong>Harmonia</strong></span> <span class='ocrx_word' id='word_1_532' title='bbox 911 4216 1129 4274; x_wconf 67' lang='lat' dir='ltr'><strong>nostras,</strong></span> <span class='ocrx_word' id='word_1_533' title='bbox 1154 4209 1317 4275; x_wconf 92' lang='lat' dir='ltr'><strong>Deus,</strong></span> <span class='ocrx_word' id='word_1_534' title='bbox 1344 4209 1725 4265; x_wconf 71' lang='lat' dir='ltr'><strong>suavissrmum</strong></span> <span class='ocrx_word' id='word_1_535' title='bbox 1748 4224 1864 4265; x_wconf 90' lang='lat' dir='ltr'><strong>me-</strong></span> 
     </span>
    </p>
   </div>
   <div class='ocr_carea' id='block_1_73' title="bbox 251 4299 1861 4371">
    <p class='ocr_par' dir='ltr' id='par_1_73' title="bbox 251 4299 1861 4371">
     <span class='ocr_line' id='line_1_73' title="bbox 251 4299 1861 4371; baseline -0.002 -12"><span class='ocrx_word' id='word_1_536' title='bbox 251 4303 379 4368; x_wconf 83' lang='lat' dir='ltr'><strong>los,</strong></span> <span class='ocrx_word' id='word_1_537' title='bbox 423 4299 520 4371; x_wconf 90' lang='lat' dir='ltr'><strong>qui</strong></span> <span class='ocrx_word' id='word_1_538' title='bbox 553 4299 725 4355; x_wconf 87' lang='lat' dir='ltr'><strong>nostri</strong></span> <span class='ocrx_word' id='word_1_539' title='bbox 764 4301 1003 4370; x_wconf 90' lang='lat' dir='ltr'><strong>pectoris</strong></span> <span class='ocrx_word' id='word_1_540' title='bbox 1038 4300 1403 4355; x_wconf 86' lang='lat' dir='ltr'><strong>modulamina</strong></span> <span class='ocrx_word' id='word_1_541' title='bbox 1438 4317 1583 4356; x_wconf 93' lang='lat' dir='ltr'><strong>nunc</strong></span> <span class='ocrx_word' id='word_1_542' title='bbox 1613 4300 1861 4369; x_wconf 83' lang='lat' dir='ltr'><strong>ﬂatibus,</strong></span> 
     </span>
    </p>
   </div>
   <div class='ocr_carea' id='block_1_74' title="bbox 254 4391 1865 4463">
    <p class='ocr_par' dir='ltr' id='par_1_74' title="bbox 254 4391 1865 4463">
     <span class='ocr_line' id='line_1_74' title="bbox 254 4391 1865 4463; baseline 0.001 -13"><span class='ocrx_word' id='word_1_543' title='bbox 254 4409 415 4450; x_wconf 86' lang='lat' dir='ltr'><strong>nunc</strong></span> <span class='ocrx_word' id='word_1_544' title='bbox 464 4391 681 4447; x_wconf 80' lang='lat' dir='ltr'><strong>fletibus</strong></span> <span class='ocrx_word' id='word_1_545' title='bbox 707 4393 955 4463; x_wconf 73' lang='lat' dir='ltr'><strong>przecipis</strong></span> <span class='ocrx_word' id='word_1_546' title='bbox 982 4408 1269 4460; x_wconf 76' lang='lat' dir='ltr'><strong>exercere;</strong></span> <span class='ocrx_word' id='word_1_547' title='bbox 1297 4402 1517 4463; x_wconf 67' lang='lat' dir='ltr'><strong>prmsta,</strong></span> <span class='ocrx_word' id='word_1_548' title='bbox 1539 4402 1598 4448; x_wconf 88' lang='lat' dir='ltr'><strong>ut</strong></span> <span class='ocrx_word' id='word_1_549' title='bbox 1624 4396 1749 4451; x_wconf 91' lang='lat' dir='ltr'><strong>dum</strong></span> <span class='ocrx_word' id='word_1_550' title='bbox 1776 4396 1865 4451; x_wconf 89' lang='lat' dir='ltr'><strong>illa</strong></span> 
     </span>
    </p>
   </div>
   <div class='ocr_carea' id='block_1_75' title="bbox 254 4483 1867 4558">
    <p class='ocr_par' dir='ltr' id='par_1_75' title="bbox 254 4483 1867 4558">
     <span class='ocr_line' id='line_1_75' title="bbox 254 4483 1867 4558; baseline 0 -17"><span class='ocrx_word' id='word_1_551' title='bbox 254 4483 506 4558; x_wconf 70' lang='lat' dir='ltr'><strong>spiritali</strong></span> <span class='ocrx_word' id='word_1_552' title='bbox 539 4483 732 4539; x_wconf 83' lang='lat' dir='ltr'><strong>aﬂ&#39;ectu</strong></span> <span class='ocrx_word' id='word_1_553' title='bbox 762 4484 1121 4550; x_wconf 89' lang='lat' dir='ltr'><strong>coneinimus,</strong></span> <span class='ocrx_word' id='word_1_554' title='bbox 1153 4484 1554 4555; x_wconf 83' lang='lat' dir='ltr'><strong>perpetualibus</strong></span> <span class='ocrx_word' id='word_1_555' title='bbox 1581 4486 1763 4541; x_wconf 91' lang='lat' dir='ltr'><strong>choris</strong></span> <span class='ocrx_word' id='word_1_556' title='bbox 1789 4488 1867 4541; x_wconf 82' lang='lat' dir='ltr'><strong>in-</strong></span> 
     </span>
    </p>
   </div>
   <div class='ocr_carea' id='block_1_76' title="bbox 182 4576 1737 4635">
    <p class='ocr_par' dir='ltr' id='par_1_76' title="bbox 182 4576 1737 4635">
     <span class='ocr_line' id='line_1_76' title="bbox 182 4576 1737 4635; baseline -0.001 -1"><span class='ocrx_word' id='word_1_557' title='bbox 182 4610 191 4619; x_wconf 94' lang='lat'><em>-</em></span> <span class='ocrx_word' id='word_1_558' title='bbox 255 4578 430 4635; x_wconf 75' lang='lat' dir='ltr'><strong>serti.</strong></span> <span class='ocrx_word' id='word_1_559' title='bbox 464 4584 518 4631; x_wconf 85' lang='lat' dir='ltr'><strong>te</strong></span> <span class='ocrx_word' id='word_1_560' title='bbox 542 4591 665 4630; x_wconf 92' lang='lat' dir='ltr'><strong>cum</strong></span> <span class='ocrx_word' id='word_1_561' title='bbox 692 4576 943 4633; x_wconf 90' lang='lat' dir='ltr'><strong>omnibus</strong></span> <span class='ocrx_word' id='word_1_562' title='bbox 971 4578 1171 4631; x_wconf 91' lang='lat' dir='ltr'><strong>sanctis</strong></span> <span class='ocrx_word' id='word_1_563' title='bbox 1198 4577 1581 4634; x_wconf 90' lang='lat' dir='ltr'><strong>collaudemus.</strong></span> <span class='ocrx_word' id='word_1_564' title='bbox 1615 4579 1737 4635; x_wconf 89' lang='lat' dir='ltr'><strong>Per.</strong></span> 
     </span>
    </p>
   </div>
   <div class='ocr_carea' id='block_1_77' title="bbox 586 4688 1567 4748">
    <p class='ocr_par' dir='ltr' id='par_1_77' title="bbox 586 4688 1567 4748">
     <span class='ocr_line' id='line_1_77' title="bbox 586 4688 1567 4748; baseline 0.002 -4"><span class='ocrx_word' id='word_1_565' title='bbox 586 4688 876 4745; x_wconf 80' lang='lat' dir='ltr'><strong>llYMNUS</strong></span> <span class='ocrx_word' id='word_1_566' title='bbox 915 4689 1129 4745; x_wconf 78' lang='lat' dir='ltr'><strong>TRIUM</strong></span> <span class='ocrx_word' id='word_1_567' title='bbox 1166 4689 1567 4748; x_wconf 80' lang='lat' dir='ltr'><strong>PUERORUM.</strong></span> 
     </span>
    </p>
   </div>
   <div class='ocr_carea' id='block_1_78' title="bbox 332 4770 1871 4857">
    <p class='ocr_par' dir='ltr' id='par_1_78' title="bbox 332 4770 1871 4857">
     <span class='ocr_line' id='line_1_78' title="bbox 332 4770 1871 4857; baseline 0.005 -20"><span class='ocrx_word' id='word_1_568' title='bbox 332 4782 511 4857; x_wconf 64' lang='lat' dir='ltr'><strong>(Du.</strong></span> <span class='ocrx_word' id='word_1_569' title='bbox 552 4784 661 4853; x_wconf 82' lang='lat' dir='ltr'><strong>tu.)</strong></span> <span class='ocrx_word' id='word_1_570' title='bbox 708 4783 1026 4839; x_wconf 85' lang='lat' dir='ltr'><strong>Benedicite</strong></span> <span class='ocrx_word' id='word_1_571' title='bbox 1074 4785 1255 4839; x_wconf 90' lang='lat' dir='ltr'><strong>omnia</strong></span> <span class='ocrx_word' id='word_1_572' title='bbox 1304 4770 1726 4855; x_wconf 51' lang='lat' dir='ltr'><strong>opera‘Domini</strong></span> <span class='ocrx_word' id='word_1_573' title='bbox 1770 4786 1871 4844; x_wconf 92' lang='lat' dir='ltr'><strong>Do-</strong></span> 
     </span>
    </p>
   </div>
   <div class='ocr_carea' id='block_1_79' title="bbox 256 4875 1870 4947">
    <p class='ocr_par' dir='ltr' id='par_1_79' title="bbox 256 4875 1870 4947">
     <span class='ocr_line' id='line_1_79' title="bbox 256 4875 1870 4947; baseline 0.002 -16"><span class='ocrx_word' id='word_1_574' title='bbox 256 4877 426 4932; x_wconf 85' lang='lat' dir='ltr'><strong>mino</strong></span> <span class='ocrx_word' id='word_1_575' title='bbox 465 4893 479 4929; x_wconf 91' lang='lat'><strong>:</strong></span> <span class='ocrx_word' id='word_1_576' title='bbox 518 4875 737 4933; x_wconf 88' lang='lat' dir='ltr'><strong>laudate</strong></span> <span class='ocrx_word' id='word_1_577' title='bbox 772 4888 827 4932; x_wconf 89' lang='lat' dir='ltr'><strong>et</strong></span> <span class='ocrx_word' id='word_1_578' title='bbox 861 4877 1262 4947; x_wconf 84' lang='lat' dir='ltr'><strong>superexaltate</strong></span> <span class='ocrx_word' id='word_1_579' title='bbox 1289 4894 1410 4933; x_wconf 90' lang='lat' dir='ltr'><strong>cum</strong></span> <span class='ocrx_word' id='word_1_580' title='bbox 1437 4880 1489 4933; x_wconf 89' lang='lat' dir='ltr'><strong>in</strong></span> <span class='ocrx_word' id='word_1_581' title='bbox 1530 4880 1744 4935; x_wconf 65' lang='lat' dir='ltr'><strong>smcula.</strong></span> <span class='ocrx_word' id='word_1_582' title='bbox 1770 4880 1870 4935; x_wconf 84' lang='lat' dir='ltr'><strong>Be-</strong></span> 
     </span>
    </p>
   </div>
   <div class='ocr_carea' id='block_1_80' title="bbox 257 4967 1871 5038">
    <p class='ocr_par' dir='ltr' id='par_1_80' title="bbox 257 4967 1871 5038">
     <span class='ocr_line' id='line_1_80' title="bbox 257 4967 1871 5038; baseline -0.001 -12"><span class='ocrx_word' id='word_1_583' title='bbox 257 4967 525 5026; x_wconf 85' lang='lat' dir='ltr'><strong>nedicite</strong></span> <span class='ocrx_word' id='word_1_584' title='bbox 573 4970 748 5038; x_wconf 88' lang='lat' dir='ltr'><strong>angeli</strong></span> <span class='ocrx_word' id='word_1_585' title='bbox 789 4969 1005 5025; x_wconf 91' lang='lat' dir='ltr'><strong>Domini</strong></span> <span class='ocrx_word' id='word_1_586' title='bbox 1054 4970 1282 5025; x_wconf 88' lang='lat' dir='ltr'><strong>Domino</strong></span> <span class='ocrx_word' id='word_1_587' title='bbox 1335 4989 1348 5025; x_wconf 91' lang='lat'>:</span> <span class='ocrx_word' id='word_1_588' title='bbox 1394 4971 1699 5027; x_wconf 88' lang='lat' dir='ltr'><strong>benedicite</strong></span> <span class='ocrx_word' id='word_1_589' title='bbox 1745 4972 1871 5027; x_wconf 59' lang='lat' dir='ltr'><strong>coeli</strong></span> 
     </span>
    </p>
   </div>
   <div class='ocr_carea' id='block_1_81' title="bbox 258 5059 1875 5132">
    <p class='ocr_par' dir='ltr' id='par_1_81' title="bbox 258 5059 1875 5132">
     <span class='ocr_line' id='line_1_81' title="bbox 258 5059 1875 5132; baseline -0.001 -14"><span class='ocrx_word' id='word_1_590' title='bbox 258 5059 537 5118; x_wconf 87' lang='lat' dir='ltr'><strong>Domino.</strong></span> <span class='ocrx_word' id='word_1_591' title='bbox 578 5059 887 5116; x_wconf 88' lang='lat' dir='ltr'><strong>Benedicite</strong></span> <span class='ocrx_word' id='word_1_592' title='bbox 923 5076 1076 5132; x_wconf 70' lang='lat' dir='ltr'><strong>aquze</strong></span> <span class='ocrx_word' id='word_1_593' title='bbox 1111 5077 1333 5127; x_wconf 90' lang='lat' dir='ltr'><strong>omnes,</strong></span> <span class='ocrx_word' id='word_1_594' title='bbox 1362 5078 1482 5132; x_wconf 67' lang='lat' dir='ltr'><strong>quae</strong></span> <span class='ocrx_word' id='word_1_595' title='bbox 1516 5078 1679 5132; x_wconf 88' lang='lat' dir='ltr'><strong>super</strong></span> <span class='ocrx_word' id='word_1_596' title='bbox 1707 5062 1875 5116; x_wconf 80' lang='lat' dir='ltr'><strong>caelos</strong></span> 
     </span>
    </p>
   </div>
   <div class='ocr_carea' id='block_1_82' title="bbox 256 5149 1878 5219">
    <p class='ocr_par' dir='ltr' id='par_1_82' title="bbox 256 5149 1878 5219">
     <span class='ocr_line' id='line_1_82' title="bbox 256 5149 1878 5219; baseline -0.001 -9"><span class='ocrx_word' id='word_1_597' title='bbox 256 5160 429 5219; x_wconf 77' lang='lat' dir='ltr'><strong>sunt,</strong></span> <span class='ocrx_word' id='word_1_598' title='bbox 456 5149 689 5206; x_wconf 91' lang='lat' dir='ltr'><strong>Domino</strong></span> <span class='ocrx_word' id='word_1_599' title='bbox 715 5171 727 5206; x_wconf 89' lang='lat'>:</span> <span class='ocrx_word' id='word_1_600' title='bbox 753 5152 1058 5208; x_wconf 89' lang='lat' dir='ltr'><strong>benedicite</strong></span> <span class='ocrx_word' id='word_1_601' title='bbox 1079 5168 1269 5209; x_wconf 88' lang='lat' dir='ltr'><strong>omnes</strong></span> <span class='ocrx_word' id='word_1_602' title='bbox 1292 5155 1521 5209; x_wconf 83' lang='lat' dir='ltr'><strong>virtutes</strong></span> <span class='ocrx_word' id='word_1_603' title='bbox 1543 5153 1755 5209; x_wconf 89' lang='lat' dir='ltr'><strong>Domini</strong></span> <span class='ocrx_word' id='word_1_604' title='bbox 1777 5152 1878 5209; x_wconf 92' lang='lat' dir='ltr'><strong>Do-</strong></span> 
     </span>
    </p>
   </div>
   <div class='ocr_carea' id='block_1_83' title="bbox 253 5242 1878 5303">
    <p class='ocr_par' dir='ltr' id='par_1_83' title="bbox 253 5242 1878 5303">
     <span class='ocr_line' id='line_1_83' title="bbox 253 5242 1878 5303; baseline -0.002 0"><span class='ocrx_word' id='word_1_605' title='bbox 253 5244 455 5303; x_wconf 84' lang='lat' dir='ltr'><strong>mino.</strong></span> <span class='ocrx_word' id='word_1_606' title='bbox 503 5242 817 5300; x_wconf 87' lang='lat' dir='ltr'><strong>Benedicite</strong></span> <span class='ocrx_word' id='word_1_607' title='bbox 862 5244 939 5300; x_wconf 91' lang='lat' dir='ltr'><strong>sol</strong></span> <span class='ocrx_word' id='word_1_608' title='bbox 983 5252 1038 5300; x_wconf 93' lang='lat' dir='ltr'><strong>et</strong></span> <span class='ocrx_word' id='word_1_609' title='bbox 1076 5247 1201 5301; x_wconf 89' lang='lat' dir='ltr'><strong>luna</strong></span> <span class='ocrx_word' id='word_1_610' title='bbox 1244 5245 1472 5300; x_wconf 90' lang='lat' dir='ltr'><strong>Domino</strong></span> <span class='ocrx_word' id='word_1_611' title='bbox 1514 5264 1526 5300; x_wconf 94' lang='lat'><strong>:</strong></span> <span class='ocrx_word' id='word_1_612' title='bbox 1570 5244 1878 5300; x_wconf 84' lang='lat' dir='ltr'><strong>benedicite</strong></span> 
     </span>
    </p>
   </div>
   <div class='ocr_carea' id='block_1_84' title="bbox 251 5332 1882 5396">
    <p class='ocr_par' dir='ltr' id='par_1_84' title="bbox 251 5332 1882 5396">
     <span class='ocr_line' id='line_1_84' title="bbox 251 5332 1882 5396; baseline -0.002 0"><span class='ocrx_word' id='word_1_613' title='bbox 251 5332 461 5396; x_wconf 47' lang='lat' dir='ltr'><strong>stella</strong></span> <span class='ocrx_word' id='word_1_614' title='bbox 503 5336 627 5392; x_wconf 64' lang='lat' dir='ltr'><strong>caeli</strong></span> <span class='ocrx_word' id='word_1_615' title='bbox 677 5336 923 5393; x_wconf 90' lang='lat' dir='ltr'><strong>Domino.</strong></span> <span class='ocrx_word' id='word_1_616' title='bbox 971 5338 1282 5393; x_wconf 90' lang='lat' dir='ltr'><strong>Benedicite</strong></span> <span class='ocrx_word' id='word_1_617' title='bbox 1331 5338 1504 5392; x_wconf 89' lang='lat' dir='ltr'><strong>imber</strong></span> <span class='ocrx_word' id='word_1_618' title='bbox 1546 5345 1604 5391; x_wconf 90' lang='lat' dir='ltr'><strong>et</strong></span> <span class='ocrx_word' id='word_1_619' title='bbox 1648 5353 1737 5393; x_wconf 89' lang='lat' dir='ltr'><strong>ros</strong></span> <span class='ocrx_word' id='word_1_620' title='bbox 1780 5336 1882 5392; x_wconf 89' lang='lat' dir='ltr'><strong>Do-</strong></span> 
     </span>
    </p>
   </div>
   <div class='ocr_carea' id='block_1_85' title="bbox 251 5427 1884 5499">
    <p class='ocr_par' dir='ltr' id='par_1_85' title="bbox 251 5427 1884 5499">
     <span class='ocr_line' id='line_1_85' title="bbox 251 5427 1884 5499; baseline -0.002 -13"><span class='ocrx_word' id='word_1_621' title='bbox 251 5431 434 5486; x_wconf 83' lang='lat' dir='ltr'><strong>mino</strong></span> <span class='ocrx_word' id='word_1_622' title='bbox 465 5446 481 5483; x_wconf 87' lang='lat'><strong>:</strong></span> <span class='ocrx_word' id='word_1_623' title='bbox 519 5427 828 5484; x_wconf 87' lang='lat' dir='ltr'><strong>benedicite</strong></span> <span class='ocrx_word' id='word_1_624' title='bbox 855 5430 1031 5485; x_wconf 91' lang='lat' dir='ltr'><strong>omnis</strong></span> <span class='ocrx_word' id='word_1_625' title='bbox 1059 5429 1283 5499; x_wconf 87' lang='lat' dir='ltr'><strong>spiritus</strong></span> <span class='ocrx_word' id='word_1_626' title='bbox 1306 5427 1402 5483; x_wconf 91' lang='lat' dir='ltr'><strong>Dei</strong></span> <span class='ocrx_word' id='word_1_627' title='bbox 1434 5427 1680 5483; x_wconf 92' lang='lat' dir='ltr'><strong>Domino.</strong></span> <span class='ocrx_word' id='word_1_628' title='bbox 1713 5428 1884 5483; x_wconf 88' lang='lat' dir='ltr'><strong>Bene-</strong></span> 
     </span>
    </p>
   </div>
   <div class='ocr_carea' id='block_1_86' title="bbox 251 5516 1883 5589">
    <p class='ocr_par' dir='ltr' id='par_1_86' title="bbox 251 5516 1883 5589">
     <span class='ocr_line' id='line_1_86' title="bbox 251 5516 1883 5589; baseline 0 -16"><span class='ocrx_word' id='word_1_629' title='bbox 251 5518 453 5574; x_wconf 78' lang='lat' dir='ltr'><strong>dicite</strong></span> <span class='ocrx_word' id='word_1_630' title='bbox 492 5516 634 5589; x_wconf 88' lang='lat' dir='ltr'><strong>ignis</strong></span> <span class='ocrx_word' id='word_1_631' title='bbox 675 5526 730 5573; x_wconf 90' lang='lat' dir='ltr'><strong>et</strong></span> <span class='ocrx_word' id='word_1_632' title='bbox 767 5528 932 5575; x_wconf 70' lang='lat' dir='ltr'><strong>aestus</strong></span> <span class='ocrx_word' id='word_1_633' title='bbox 979 5519 1207 5575; x_wconf 90' lang='lat' dir='ltr'><strong>Domino</strong></span> <span class='ocrx_word' id='word_1_634' title='bbox 1245 5538 1257 5573; x_wconf 88' lang='lat'><strong>:</strong></span> <span class='ocrx_word' id='word_1_635' title='bbox 1294 5519 1600 5576; x_wconf 89' lang='lat' dir='ltr'><strong>benedicite</strong></span> <span class='ocrx_word' id='word_1_636' title='bbox 1634 5518 1804 5589; x_wconf 81' lang='lat' dir='ltr'><strong>frigus</strong></span> <span class='ocrx_word' id='word_1_637' title='bbox 1826 5527 1883 5575; x_wconf 92' lang='lat' dir='ltr'><strong>et</strong></span> 
     </span>
    </p>
   </div>
   <div class='ocr_carea' id='block_1_87' title="bbox 251 5610 1876 5688">
    <p class='ocr_par' dir='ltr' id='par_1_87' title="bbox 251 5610 1876 5688">
     <span class='ocr_line' id='line_1_87' title="bbox 251 5610 1876 5688; baseline 0.001 -18"><span class='ocrx_word' id='word_1_638' title='bbox 251 5622 459 5671; x_wconf 62' lang='lat' dir='ltr'><strong>astus</strong></span> <span class='ocrx_word' id='word_1_639' title='bbox 496 5610 746 5670; x_wconf 84' lang='lat' dir='ltr'><strong>Domino.</strong></span> <span class='ocrx_word' id='word_1_640' title='bbox 786 5616 1100 5674; x_wconf 88' lang='lat' dir='ltr'><strong>Benedicite</strong></span> <span class='ocrx_word' id='word_1_641' title='bbox 1126 5634 1278 5673; x_wconf 92' lang='lat' dir='ltr'><strong>rores</strong></span> <span class='ocrx_word' id='word_1_642' title='bbox 1301 5624 1355 5673; x_wconf 92' lang='lat' dir='ltr'><strong>et</strong></span> <span class='ocrx_word' id='word_1_643' title='bbox 1383 5616 1578 5688; x_wconf 92' lang='lat' dir='ltr'><strong>pruina</strong></span> <span class='ocrx_word' id='word_1_644' title='bbox 1602 5616 1831 5671; x_wconf 90' lang='lat' dir='ltr'><strong>Domino</strong></span> <span class='ocrx_word' id='word_1_645' title='bbox 1862 5635 1876 5671; x_wconf 90' lang='lat'><strong>:</strong></span> 
     </span>
    </p>
   </div>
   <div class='ocr_carea' id='block_1_88' title="bbox 248 5706 1882 5781">
    <p class='ocr_par' dir='ltr' id='par_1_88' title="bbox 248 5706 1882 5781">
     <span class='ocr_line' id='line_1_88' title="bbox 248 5706 1882 5781; baseline -0.002 -13"><span class='ocrx_word' id='word_1_646' title='bbox 248 5707 607 5768; x_wconf 82' lang='lat' dir='ltr'><strong>benedicite</strong></span> <span class='ocrx_word' id='word_1_647' title='bbox 635 5706 755 5780; x_wconf 80' lang='lat' dir='ltr'><strong>gelu</strong></span> <span class='ocrx_word' id='word_1_648' title='bbox 782 5716 838 5764; x_wconf 90' lang='lat' dir='ltr'><strong>et</strong></span> <span class='ocrx_word' id='word_1_649' title='bbox 868 5708 1036 5781; x_wconf 81' lang='lat' dir='ltr'><strong>frigus</strong></span> <span class='ocrx_word' id='word_1_650' title='bbox 1069 5712 1316 5767; x_wconf 91' lang='lat' dir='ltr'><strong>Domino.</strong></span> <span class='ocrx_word' id='word_1_651' title='bbox 1341 5710 1655 5767; x_wconf 89' lang='lat' dir='ltr'><strong>Benedicite</strong></span> <span class='ocrx_word' id='word_1_652' title='bbox 1684 5709 1882 5781; x_wconf 89' lang='lat' dir='ltr'><strong>glacies</strong></span> 
     </span>
    </p>
   </div>
   <div class='ocr_carea' id='block_1_89' title="bbox 248 5799 1885 5882">
    <p class='ocr_par' dir='ltr' id='par_1_89' title="bbox 248 5799 1885 5882">
     <span class='ocr_line' id='line_1_89' title="bbox 248 5799 1885 5882; baseline 0.002 -24"><span class='ocrx_word' id='word_1_653' title='bbox 248 5804 384 5882; x_wconf 60' lang='grc' dir='ltr'>σε</span> <span class='ocrx_word' id='word_1_654' title='bbox 420 5808 491 5859; x_wconf 86' lang='lat' dir='ltr'><strong>et</strong></span> <span class='ocrx_word' id='word_1_655' title='bbox 510 5800 666 5856; x_wconf 88' lang='lat' dir='ltr'><strong>nives</strong></span> <span class='ocrx_word' id='word_1_656' title='bbox 692 5799 918 5857; x_wconf 92' lang='lat' dir='ltr'><strong>Domino</strong></span> <span class='ocrx_word' id='word_1_657' title='bbox 950 5821 964 5859; x_wconf 89' lang='lat'><strong>:</strong></span> <span class='ocrx_word' id='word_1_658' title='bbox 996 5803 1299 5862; x_wconf 89' lang='lat' dir='ltr'><strong>benedicite</strong></span> <span class='ocrx_word' id='word_1_659' title='bbox 1328 5812 1517 5862; x_wconf 86' lang='lat' dir='ltr'><strong>noctes</strong></span> <span class='ocrx_word' id='word_1_660' title='bbox 1545 5810 1599 5862; x_wconf 88' lang='lat' dir='ltr'><strong>et</strong></span> <span class='ocrx_word' id='word_1_661' title='bbox 1637 5804 1753 5861; x_wconf 90' lang='lat' dir='ltr'><strong>dies</strong></span> <span class='ocrx_word' id='word_1_662' title='bbox 1780 5802 1885 5861; x_wconf 91' lang='lat' dir='ltr'><strong>Do-</strong></span> 
     </span>
    </p>
   </div>
   <div class='ocr_carea' id='block_1_90' title="bbox 543 5895 970 5961">
    <p class='ocr_par' dir='ltr' id='par_1_90' title="bbox 543 5895 970 5961">
     <span class='ocr_line' id='line_1_90' title="bbox 543 5895 970 5961; baseline 0 0"><span class='ocrx_word' id='word_1_663' title='bbox 543 5895 821 5961; x_wconf 68' lang='lat' dir='ltr'><strong>Ps&#39;rnos.</strong></span> <span class='ocrx_word' id='word_1_664' title='bbox 865 5895 970 5961; x_wconf 87' lang='lat' dir='ltr'><strong>CI.</strong></span> 
     </span>
    </p>
   </div>
   <div class='ocr_carea' id='block_1_91' title="bbox 1892 4567 1947 4630">
    <p class='ocr_par' dir='ltr' id='par_1_91' title="bbox 1892 4567 1947 4630">
     <span class='ocr_line' id='line_1_91' title="bbox 1892 4567 1947 4630; baseline 0 0"><span class='ocrx_word' id='word_1_665' title='bbox 1892 4567 1947 4630; x_wconf 87' lang='lat' dir='ltr'><strong>D</strong></span> 
     </span>
    </p>
   </div>
   <div class='ocr_carea' id='block_1_92' title="bbox 1954 3309 2133 3365">
    <p class='ocr_par' dir='ltr' id='par_1_92' title="bbox 1954 3309 2133 3365">
     <span class='ocr_line' id='line_1_92' title="bbox 1954 3309 2133 3365; baseline 0 -1"><span class='ocrx_word' id='word_1_666' title='bbox 1954 3309 2133 3365; x_wconf 88' lang='lat' dir='ltr'><strong>nobis.</strong></span> 
     </span>
    </p>
   </div>
   <div class='ocr_carea' id='block_1_93' title="bbox 2026 3404 2554 3473">
    <p class='ocr_par' dir='ltr' id='par_1_93' title="bbox 2026 3404 2554 3473">
     <span class='ocr_line' id='line_1_93' title="bbox 2026 3404 2554 3473; baseline -0.002 -11"><span class='ocrx_word' id='word_1_667' title='bbox 2026 3405 2267 3473; x_wconf 90' lang='lat' dir='ltr'><strong>Christe,</strong></span> <span class='ocrx_word' id='word_1_668' title='bbox 2289 3404 2415 3462; x_wconf 92' lang='lat' dir='ltr'><strong>audi</strong></span> <span class='ocrx_word' id='word_1_669' title='bbox 2437 3421 2554 3461; x_wconf 91' lang='lat' dir='ltr'><strong>nos.</strong></span> 
     </span>
    </p>
   </div>
   <div class='ocr_carea' id='block_1_94' title="bbox 2027 3496 3415 3569">
    <p class='ocr_par' dir='ltr' id='par_1_94' title="bbox 2027 3496 3415 3569">
     <span class='ocr_line' id='line_1_94' title="bbox 2027 3496 3415 3569; baseline -0.001 -17"><span class='ocrx_word' id='word_1_670' title='bbox 2027 3498 2233 3562; x_wconf 73' lang='lat' dir='ltr'><strong>Prcesta</strong></span> <span class='ocrx_word' id='word_1_671' title='bbox 2264 3498 2420 3564; x_wconf 90' lang='lat' dir='ltr'><strong>mihi,</strong></span> <span class='ocrx_word' id='word_1_672' title='bbox 2450 3497 2613 3564; x_wconf 90' lang='lat' dir='ltr'><strong>Deus,</strong></span> <span class='ocrx_word' id='word_1_673' title='bbox 2639 3506 2699 3553; x_wconf 91' lang='lat' dir='ltr'><strong>ut</strong></span> <span class='ocrx_word' id='word_1_674' title='bbox 2717 3507 2770 3553; x_wconf 93' lang='lat' dir='ltr'><strong>te</strong></span> <span class='ocrx_word' id='word_1_675' title='bbox 2791 3498 3027 3569; x_wconf 89' lang='lat' dir='ltr'><strong>primum</strong></span> <span class='ocrx_word' id='word_1_676' title='bbox 3050 3496 3190 3554; x_wconf 90' lang='lat' dir='ltr'><strong>bene</strong></span> <span class='ocrx_word' id='word_1_677' title='bbox 3211 3510 3415 3568; x_wconf 75' lang='lat' dir='ltr'><strong>rogem.</strong></span> 
     </span>
    </p>
   </div>
   <div class='ocr_carea' id='block_1_95' title="bbox 2027 3588 3187 3661">
    <p class='ocr_par' dir='ltr' id='par_1_95' title="bbox 2027 3588 3187 3661">
     <span class='ocr_line' id='line_1_95' title="bbox 2027 3588 3187 3661; baseline -0.002 -18"><span class='ocrx_word' id='word_1_678' title='bbox 2027 3588 2235 3645; x_wconf 88' lang='lat' dir='ltr'><strong>Deinde</strong></span> <span class='ocrx_word' id='word_1_679' title='bbox 2261 3598 2320 3644; x_wconf 92' lang='lat' dir='ltr'><strong>ut</strong></span> <span class='ocrx_word' id='word_1_680' title='bbox 2346 3605 2432 3645; x_wconf 91' lang='lat' dir='ltr'><strong>me</strong></span> <span class='ocrx_word' id='word_1_681' title='bbox 2466 3589 2687 3661; x_wconf 91' lang='lat' dir='ltr'><strong>dignum</strong></span> <span class='ocrx_word' id='word_1_682' title='bbox 2720 3590 2889 3644; x_wconf 84' lang='lat' dir='ltr'><strong>facias</strong></span> <span class='ocrx_word' id='word_1_683' title='bbox 2920 3588 3187 3645; x_wconf 79' lang='lat' dir='ltr'><strong>exaudiri.</strong></span> 
     </span>
    </p>
   </div>
   <div class='ocr_carea' id='block_1_96' title="bbox 2029 3679 2624 3738">
    <p class='ocr_par' dir='ltr' id='par_1_96' title="bbox 2029 3679 2624 3738">
     <span class='ocr_line' id='line_1_96' title="bbox 2029 3679 2624 3738; baseline 0 -3"><span class='ocrx_word' id='word_1_684' title='bbox 2029 3681 2235 3738; x_wconf 84' lang='lat' dir='ltr'><strong>Deinde</strong></span> <span class='ocrx_word' id='word_1_685' title='bbox 2256 3689 2317 3735; x_wconf 94' lang='lat' dir='ltr'><strong>ut</strong></span> <span class='ocrx_word' id='word_1_686' title='bbox 2346 3679 2624 3736; x_wconf 53' lang='lat' dir='ltr'><strong>ex‘audias.</strong></span> 
     </span>
    </p>
   </div>
   <div class='ocr_carea' id='block_1_97' title="bbox 2033 3775 2913 3845">
    <p class='ocr_par' dir='ltr' id='par_1_97' title="bbox 2033 3775 2913 3845">
     <span class='ocr_line' id='line_1_97' title="bbox 2033 3775 2913 3845; baseline -0.001 -14"><span class='ocrx_word' id='word_1_687' title='bbox 2033 3775 2235 3831; x_wconf 89' lang='lat' dir='ltr'><strong>Sancta</strong></span> <span class='ocrx_word' id='word_1_688' title='bbox 2271 3775 2460 3842; x_wconf 85' lang='lat' dir='ltr'><strong>Maria,</strong></span> <span class='ocrx_word' id='word_1_689' title='bbox 2493 3791 2588 3831; x_wconf 89' lang='lat' dir='ltr'><strong>ora</strong></span> <span class='ocrx_word' id='word_1_690' title='bbox 2614 3790 2712 3845; x_wconf 90' lang='lat' dir='ltr'><strong>pro</strong></span> <span class='ocrx_word' id='word_1_691' title='bbox 2737 3776 2913 3831; x_wconf 85' lang='lat' dir='ltr'><strong>nobis.</strong></span> 
     </span>
    </p>
   </div>
   <div class='ocr_carea' id='block_1_98' title="bbox 2036 3868 3335 3938">
    <p class='ocr_par' dir='ltr' id='par_1_98' title="bbox 2036 3868 3335 3938">
     <span class='ocr_line' id='line_1_98' title="bbox 2036 3868 3335 3938; baseline -0.003 -14"><span class='ocrx_word' id='word_1_692' title='bbox 2036 3868 2234 3924; x_wconf 90' lang='lat' dir='ltr'><strong>Sancta</strong></span> <span class='ocrx_word' id='word_1_693' title='bbox 2264 3868 2455 3934; x_wconf 85' lang='lat' dir='ltr'><strong>Maria,</strong></span> <span class='ocrx_word' id='word_1_694' title='bbox 2488 3868 2762 3924; x_wconf 86' lang='lat' dir='ltr'><strong>intercede</strong></span> <span class='ocrx_word' id='word_1_695' title='bbox 2789 3884 2888 3938; x_wconf 89' lang='lat' dir='ltr'><strong>pro</strong></span> <span class='ocrx_word' id='word_1_696' title='bbox 2914 3882 3001 3922; x_wconf 93' lang='lat' dir='ltr'><strong>me</strong></span> <span class='ocrx_word' id='word_1_697' title='bbox 3028 3873 3335 3938; x_wconf 87' lang='lat' dir='ltr'><strong>peccatore.</strong></span> 
     </span>
    </p>
   </div>
   <div class='ocr_carea' id='block_1_99' title="bbox 2034 3957 3552 4034">
    <p class='ocr_par' dir='ltr' id='par_1_99' title="bbox 2034 3957 3552 4034">
     <span class='ocr_line' id='line_1_99' title="bbox 2034 3957 3552 4034; baseline 0.001 -17"><span class='ocrx_word' id='word_1_698' title='bbox 2034 3961 2232 4017; x_wconf 89' lang='lat' dir='ltr'><strong>Sancta</strong></span> <span class='ocrx_word' id='word_1_699' title='bbox 2262 3962 2453 4028; x_wconf 87' lang='lat' dir='ltr'><strong>Maria,</strong></span> <span class='ocrx_word' id='word_1_700' title='bbox 2479 3962 2671 4034; x_wconf 84' lang='lat' dir='ltr'><strong>adjuva</strong></span> <span class='ocrx_word' id='word_1_701' title='bbox 2700 3977 2787 4017; x_wconf 90' lang='lat' dir='ltr'><strong>me</strong></span> <span class='ocrx_word' id='word_1_702' title='bbox 2814 3962 2869 4016; x_wconf 90' lang='lat' dir='ltr'><strong>in</strong></span> <span class='ocrx_word' id='word_1_703' title='bbox 2897 3961 2983 4016; x_wconf 89' lang='lat' dir='ltr'><strong>die</strong></span> <span class='ocrx_word' id='word_1_704' title='bbox 3008 3960 3188 4017; x_wconf 79' lang='lat' dir='ltr'><strong>exitus</strong></span> <span class='ocrx_word' id='word_1_705' title='bbox 3217 3959 3323 4017; x_wconf 88' lang='lat' dir='ltr'><strong>mei</strong></span> <span class='ocrx_word' id='word_1_706' title='bbox 3353 3974 3420 4017; x_wconf 82' lang='lat' dir='ltr'><strong>ex</strong></span> <span class='ocrx_word' id='word_1_707' title='bbox 3447 3957 3552 4018; x_wconf 78' lang='lat' dir='ltr'><strong>hac</strong></span> 
     </span>
    </p>
   </div>
   <div class='ocr_carea' id='block_1_100' title="bbox 1963 4054 2379 4127">
    <p class='ocr_par' dir='ltr' id='par_1_100' title="bbox 1963 4054 2379 4127">
     <span class='ocr_line' id='line_1_100' title="bbox 1963 4054 2379 4127; baseline -0.002 -18"><span class='ocrx_word' id='word_1_708' title='bbox 1963 4055 2218 4127; x_wconf 64' lang='lat' dir='ltr'><strong>praesenti</strong></span> <span class='ocrx_word' id='word_1_709' title='bbox 2249 4054 2379 4109; x_wconf 81' lang='lat' dir='ltr'><strong>vita.</strong></span> 
     </span>
    </p>
   </div>
   <div class='ocr_carea' id='block_1_101' title="bbox 2037 4142 2986 4214">
    <p class='ocr_par' dir='ltr' id='par_1_101' title="bbox 2037 4142 2986 4214">
     <span class='ocr_line' id='line_1_101' title="bbox 2037 4142 2986 4214; baseline -0.004 -12"><span class='ocrx_word' id='word_1_710' title='bbox 2037 4145 2235 4202; x_wconf 90' lang='lat' dir='ltr'><strong>Sancte</strong></span> <span class='ocrx_word' id='word_1_711' title='bbox 2264 4142 2521 4210; x_wconf 87' lang='lat' dir='ltr'><strong>Joannes,</strong></span> <span class='ocrx_word' id='word_1_712' title='bbox 2554 4159 2651 4201; x_wconf 90' lang='lat' dir='ltr'><strong>ora</strong></span> <span class='ocrx_word' id='word_1_713' title='bbox 2677 4158 2776 4214; x_wconf 90' lang='lat' dir='ltr'><strong>pro</strong></span> <span class='ocrx_word' id='word_1_714' title='bbox 2809 4142 2986 4198; x_wconf 88' lang='lat' dir='ltr'><strong>nobis.</strong></span> 
     </span>
    </p>
   </div>
   <div class='ocr_carea' id='block_1_102' title="bbox 2038 4237 2897 4308">
    <p class='ocr_par' dir='ltr' id='par_1_102' title="bbox 2038 4237 2897 4308">
     <span class='ocr_line' id='line_1_102' title="bbox 2038 4237 2897 4308; baseline -0.003 -14"><span class='ocrx_word' id='word_1_715' title='bbox 2038 4238 2236 4294; x_wconf 89' lang='lat' dir='ltr'><strong>Sancte</strong></span> <span class='ocrx_word' id='word_1_716' title='bbox 2264 4238 2448 4305; x_wconf 90' lang='lat' dir='ltr'><strong>Petre,</strong></span> <span class='ocrx_word' id='word_1_717' title='bbox 2472 4251 2570 4292; x_wconf 92' lang='lat' dir='ltr'><strong>ora</strong></span> <span class='ocrx_word' id='word_1_718' title='bbox 2596 4254 2695 4308; x_wconf 87' lang='lat' dir='ltr'><strong>pro</strong></span> <span class='ocrx_word' id='word_1_719' title='bbox 2720 4237 2897 4293; x_wconf 91' lang='lat' dir='ltr'><strong>nobis.</strong></span> 
     </span>
    </p>
   </div>
   <div class='ocr_carea' id='block_1_103' title="bbox 2038 4329 2897 4399">
    <p class='ocr_par' dir='ltr' id='par_1_103' title="bbox 2038 4329 2897 4399">
     <span class='ocr_line' id='line_1_103' title="bbox 2038 4329 2897 4399; baseline -0.005 -12"><span class='ocrx_word' id='word_1_720' title='bbox 2038 4331 2235 4387; x_wconf 88' lang='lat' dir='ltr'><strong>Sancte</strong></span> <span class='ocrx_word' id='word_1_721' title='bbox 2264 4329 2447 4397; x_wconf 90' lang='lat' dir='ltr'><strong>Paule,</strong></span> <span class='ocrx_word' id='word_1_722' title='bbox 2477 4345 2572 4385; x_wconf 88' lang='lat' dir='ltr'><strong>ora</strong></span> <span class='ocrx_word' id='word_1_723' title='bbox 2602 4345 2699 4399; x_wconf 91' lang='lat' dir='ltr'><strong>pro</strong></span> <span class='ocrx_word' id='word_1_724' title='bbox 2721 4330 2897 4384; x_wconf 90' lang='lat' dir='ltr'><strong>nobis.</strong></span> 
     </span>
    </p>
   </div>
   <div class='ocr_carea' id='block_1_104' title="bbox 2039 4419 2961 4490">
    <p class='ocr_par' dir='ltr' id='par_1_104' title="bbox 2039 4419 2961 4490">
     <span class='ocr_line' id='line_1_104' title="bbox 2039 4419 2961 4490; baseline -0.005 -12"><span class='ocrx_word' id='word_1_725' title='bbox 2039 4422 2237 4478; x_wconf 87' lang='lat' dir='ltr'><strong>Sancte</strong></span> <span class='ocrx_word' id='word_1_726' title='bbox 2263 4421 2500 4487; x_wconf 78' lang='lat' dir='ltr'><strong>Andrea,</strong></span> <span class='ocrx_word' id='word_1_727' title='bbox 2531 4436 2625 4475; x_wconf 90' lang='lat' dir='ltr'><strong>ora</strong></span> <span class='ocrx_word' id='word_1_728' title='bbox 2657 4436 2755 4490; x_wconf 89' lang='lat' dir='ltr'><strong>pro</strong></span> <span class='ocrx_word' id='word_1_729' title='bbox 2781 4419 2961 4475; x_wconf 86' lang='lat' dir='ltr'><strong>nobis.</strong></span> 
     </span>
    </p>
   </div>
   <div class='ocr_carea' id='block_1_105' title="bbox 2041 4510 2938 4580">
    <p class='ocr_par' dir='ltr' id='par_1_105' title="bbox 2041 4510 2938 4580">
     <span class='ocr_line' id='line_1_105' title="bbox 2041 4510 2938 4580; baseline -0.006 -11"><span class='ocrx_word' id='word_1_730' title='bbox 2041 4513 2238 4569; x_wconf 79' lang='lat' dir='ltr'><strong>Sancte</strong></span> <span class='ocrx_word' id='word_1_731' title='bbox 2263 4510 2486 4577; x_wconf 86' lang='lat' dir='ltr'><strong>Jacobe,</strong></span> <span class='ocrx_word' id='word_1_732' title='bbox 2513 4526 2609 4565; x_wconf 90' lang='lat' dir='ltr'><strong>ora</strong></span> <span class='ocrx_word' id='word_1_733' title='bbox 2635 4526 2733 4580; x_wconf 90' lang='lat' dir='ltr'><strong>pro</strong></span> <span class='ocrx_word' id='word_1_734' title='bbox 2762 4511 2938 4565; x_wconf 77' lang='lat' dir='ltr'><strong>nobis.</strong></span> 
     </span>
    </p>
   </div>
   <div class='ocr_carea' id='block_1_106' title="bbox 2040 4600 2976 4671">
    <p class='ocr_par' dir='ltr' id='par_1_106' title="bbox 2040 4600 2976 4671">
     <span class='ocr_line' id='line_1_106' title="bbox 2040 4600 2976 4671; baseline -0.004 -14"><span class='ocrx_word' id='word_1_735' title='bbox 2040 4602 2236 4659; x_wconf 89' lang='lat' dir='ltr'><strong>Sancte</strong></span> <span class='ocrx_word' id='word_1_736' title='bbox 2264 4600 2520 4665; x_wconf 83' lang='lat' dir='ltr'><strong>Joannes,</strong></span> <span class='ocrx_word' id='word_1_737' title='bbox 2552 4616 2647 4655; x_wconf 91' lang='lat' dir='ltr'><strong>ora</strong></span> <span class='ocrx_word' id='word_1_738' title='bbox 2672 4616 2770 4671; x_wconf 88' lang='lat' dir='ltr'><strong>pro</strong></span> <span class='ocrx_word' id='word_1_739' title='bbox 2799 4600 2976 4655; x_wconf 89' lang='lat' dir='ltr'><strong>nobis.</strong></span> 
     </span>
    </p>
   </div>
   <div class='ocr_carea' id='block_1_107' title="bbox 2040 4690 2951 4761">
    <p class='ocr_par' dir='ltr' id='par_1_107' title="bbox 2040 4690 2951 4761">
     <span class='ocr_line' id='line_1_107' title="bbox 2040 4690 2951 4761; baseline -0.007 -11"><span class='ocrx_word' id='word_1_740' title='bbox 2040 4690 2239 4750; x_wconf 81' lang='lat' dir='ltr'><strong>Sancte</strong></span> <span class='ocrx_word' id='word_1_741' title='bbox 2269 4693 2495 4758; x_wconf 90' lang='lat' dir='ltr'><strong>Thoma,</strong></span> <span class='ocrx_word' id='word_1_742' title='bbox 2524 4707 2619 4747; x_wconf 89' lang='lat' dir='ltr'><strong>ora</strong></span> <span class='ocrx_word' id='word_1_743' title='bbox 2650 4707 2745 4761; x_wconf 89' lang='lat' dir='ltr'><strong>pro</strong></span> <span class='ocrx_word' id='word_1_744' title='bbox 2776 4690 2951 4745; x_wconf 87' lang='lat' dir='ltr'><strong>nobis.</strong></span> 
     </span>
    </p>
   </div>
   <div class='ocr_carea' id='block_1_108' title="bbox 2041 4783 2944 4853">
    <p class='ocr_par' dir='ltr' id='par_1_108' title="bbox 2041 4783 2944 4853">
     <span class='ocr_line' id='line_1_108' title="bbox 2041 4783 2944 4853; baseline -0.009 -10"><span class='ocrx_word' id='word_1_745' title='bbox 2041 4787 2242 4843; x_wconf 88' lang='lat' dir='ltr'><strong>Sancte</strong></span> <span class='ocrx_word' id='word_1_746' title='bbox 2271 4783 2491 4851; x_wconf 84' lang='lat' dir='ltr'><strong>Jacobe,</strong></span> <span class='ocrx_word' id='word_1_747' title='bbox 2523 4799 2617 4839; x_wconf 91' lang='lat' dir='ltr'><strong>ora</strong></span> <span class='ocrx_word' id='word_1_748' title='bbox 2640 4799 2739 4853; x_wconf 89' lang='lat' dir='ltr'><strong>pro</strong></span> <span class='ocrx_word' id='word_1_749' title='bbox 2767 4783 2944 4837; x_wconf 88' lang='lat' dir='ltr'><strong>nobis.</strong></span> 
     </span>
    </p>
   </div>
   <div class='ocr_carea' id='block_1_109' title="bbox 2044 4874 2989 4947">
    <p class='ocr_par' dir='ltr' id='par_1_109' title="bbox 2044 4874 2989 4947">
     <span class='ocr_line' id='line_1_109' title="bbox 2044 4874 2989 4947; baseline -0.007 -13"><span class='ocrx_word' id='word_1_750' title='bbox 2044 4878 2242 4935; x_wconf 88' lang='lat' dir='ltr'><strong>Sancte</strong></span> <span class='ocrx_word' id='word_1_751' title='bbox 2269 4877 2537 4947; x_wconf 88' lang='lat' dir='ltr'><strong>Philippe,</strong></span> <span class='ocrx_word' id='word_1_752' title='bbox 2564 4890 2660 4929; x_wconf 89' lang='lat' dir='ltr'><strong>ora</strong></span> <span class='ocrx_word' id='word_1_753' title='bbox 2688 4891 2787 4945; x_wconf 90' lang='lat' dir='ltr'><strong>pro</strong></span> <span class='ocrx_word' id='word_1_754' title='bbox 2812 4874 2989 4928; x_wconf 90' lang='lat' dir='ltr'><strong>nobis.</strong></span> 
     </span>
    </p>
   </div>
   <div class='ocr_carea' id='block_1_110' title="bbox 2047 4967 3139 5038">
    <p class='ocr_par' dir='ltr' id='par_1_110' title="bbox 2047 4967 3139 5038">
     <span class='ocr_line' id='line_1_110' title="bbox 2047 4967 3139 5038; baseline 0 -12"><span class='ocrx_word' id='word_1_755' title='bbox 2047 4971 2246 5026; x_wconf 85' lang='lat' dir='ltr'><strong>Sancte</strong></span> <span class='ocrx_word' id='word_1_756' title='bbox 2267 4969 2680 5034; x_wconf 69' lang='lat' dir='ltr'><strong>Bartholomtee,</strong></span> <span class='ocrx_word' id='word_1_757' title='bbox 2711 4983 2807 5021; x_wconf 88' lang='lat' dir='ltr'><strong>ora</strong></span> <span class='ocrx_word' id='word_1_758' title='bbox 2836 4984 2932 5038; x_wconf 90' lang='lat' dir='ltr'><strong>pro</strong></span> <span class='ocrx_word' id='word_1_759' title='bbox 2962 4967 3139 5026; x_wconf 82' lang='lat' dir='ltr'><strong>nobis.</strong></span> 
     </span>
    </p>
   </div>
   <div class='ocr_carea' id='block_1_111' title="bbox 2050 5061 3002 5130">
    <p class='ocr_par' dir='ltr' id='par_1_111' title="bbox 2050 5061 3002 5130">
     <span class='ocr_line' id='line_1_111' title="bbox 2050 5061 3002 5130; baseline -0.001 -14"><span class='ocrx_word' id='word_1_760' title='bbox 2050 5062 2248 5117; x_wconf 91' lang='lat' dir='ltr'><strong>Sancte</strong></span> <span class='ocrx_word' id='word_1_761' title='bbox 2276 5061 2546 5126; x_wconf 73' lang='lat' dir='ltr'><strong>Matthzee,</strong></span> <span class='ocrx_word' id='word_1_762' title='bbox 2572 5075 2669 5115; x_wconf 91' lang='lat' dir='ltr'><strong>ora</strong></span> <span class='ocrx_word' id='word_1_763' title='bbox 2697 5075 2795 5130; x_wconf 89' lang='lat' dir='ltr'><strong>pro</strong></span> <span class='ocrx_word' id='word_1_764' title='bbox 2825 5061 3002 5115; x_wconf 89' lang='lat' dir='ltr'><strong>nobis.</strong></span> 
     </span>
    </p>
   </div>
   <div class='ocr_carea' id='block_1_112' title="bbox 2049 5151 2969 5223">
    <p class='ocr_par' dir='ltr' id='par_1_112' title="bbox 2049 5151 2969 5223">
     <span class='ocr_line' id='line_1_112' title="bbox 2049 5151 2969 5223; baseline -0.001 -15"><span class='ocrx_word' id='word_1_765' title='bbox 2049 5153 2247 5209; x_wconf 88' lang='lat' dir='ltr'><strong>Sancte</strong></span> <span class='ocrx_word' id='word_1_766' title='bbox 2274 5151 2512 5218; x_wconf 73' lang='lat' dir='ltr'><strong>Tatbcee,</strong></span> <span class='ocrx_word' id='word_1_767' title='bbox 2546 5167 2641 5207; x_wconf 90' lang='lat' dir='ltr'><strong>ora</strong></span> <span class='ocrx_word' id='word_1_768' title='bbox 2666 5168 2762 5223; x_wconf 92' lang='lat' dir='ltr'><strong>pro</strong></span> <span class='ocrx_word' id='word_1_769' title='bbox 2792 5153 2969 5209; x_wconf 90' lang='lat' dir='ltr'><strong>nobis.</strong></span> 
     </span>
    </p>
   </div>
   <div class='ocr_carea' id='block_1_113' title="bbox 2049 5242 3225 5314">
    <p class='ocr_par' dir='ltr' id='par_1_113' title="bbox 2049 5242 3225 5314">
     <span class='ocr_line' id='line_1_113' title="bbox 2049 5242 3225 5314; baseline 0.002 -15"><span class='ocrx_word' id='word_1_770' title='bbox 2049 5243 2251 5299; x_wconf 90' lang='lat' dir='ltr'><strong>Omnes</strong></span> <span class='ocrx_word' id='word_1_771' title='bbox 2275 5242 2449 5298; x_wconf 89' lang='lat' dir='ltr'><strong>sancti</strong></span> <span class='ocrx_word' id='word_1_772' title='bbox 2478 5243 2726 5313; x_wconf 90' lang='lat' dir='ltr'><strong>apostoli,</strong></span> <span class='ocrx_word' id='word_1_773' title='bbox 2756 5252 2907 5299; x_wconf 89' lang='lat' dir='ltr'><strong>orate</strong></span> <span class='ocrx_word' id='word_1_774' title='bbox 2925 5259 3024 5314; x_wconf 89' lang='lat' dir='ltr'><strong>pro</strong></span> <span class='ocrx_word' id='word_1_775' title='bbox 3049 5243 3225 5301; x_wconf 82' lang='lat' dir='ltr'><strong>nobis.</strong></span> 
     </span>
    </p>
   </div>
   <div class='ocr_carea' id='block_1_114' title="bbox 2052 5334 3037 5407">
    <p class='ocr_par' dir='ltr' id='par_1_114' title="bbox 2052 5334 3037 5407">
     <span class='ocr_line' id='line_1_114' title="bbox 2052 5334 3037 5407; baseline -0.001 -16"><span class='ocrx_word' id='word_1_776' title='bbox 2052 5335 2251 5391; x_wconf 88' lang='lat' dir='ltr'><strong>Sancte</strong></span> <span class='ocrx_word' id='word_1_777' title='bbox 2282 5334 2579 5407; x_wconf 88' lang='lat' dir='ltr'><strong>Stephane,</strong></span> <span class='ocrx_word' id='word_1_778' title='bbox 2609 5349 2706 5390; x_wconf 89' lang='lat' dir='ltr'><strong>ora</strong></span> <span class='ocrx_word' id='word_1_779' title='bbox 2733 5351 2833 5406; x_wconf 89' lang='lat' dir='ltr'><strong>pro</strong></span> <span class='ocrx_word' id='word_1_780' title='bbox 2861 5337 3037 5392; x_wconf 85' lang='lat' dir='ltr'><strong>nobis.</strong></span> 
     </span>
    </p>
   </div>
   <div class='ocr_carea' id='block_1_115' title="bbox 2052 5427 2883 5498">
    <p class='ocr_par' dir='ltr' id='par_1_115' title="bbox 2052 5427 2883 5498">
     <span class='ocr_line' id='line_1_115' title="bbox 2052 5427 2883 5498; baseline -0.001 -13"><span class='ocrx_word' id='word_1_781' title='bbox 2052 5428 2250 5485; x_wconf 88' lang='lat' dir='ltr'><strong>Sancte</strong></span> <span class='ocrx_word' id='word_1_782' title='bbox 2278 5427 2433 5495; x_wconf 90' lang='lat' dir='ltr'><strong>Line,</strong></span> <span class='ocrx_word' id='word_1_783' title='bbox 2463 5442 2558 5484; x_wconf 91' lang='lat' dir='ltr'><strong>ora</strong></span> <span class='ocrx_word' id='word_1_784' title='bbox 2586 5443 2686 5498; x_wconf 82' lang='lat' dir='ltr'><strong>pro</strong></span> <span class='ocrx_word' id='word_1_785' title='bbox 2706 5430 2883 5486; x_wconf 89' lang='lat' dir='ltr'><strong>nobis.</strong></span> 
     </span>
    </p>
   </div>
   <div class='ocr_carea' id='block_1_116' title="bbox 2052 5517 2893 5589">
    <p class='ocr_par' dir='ltr' id='par_1_116' title="bbox 2052 5517 2893 5589">
     <span class='ocr_line' id='line_1_116' title="bbox 2052 5517 2893 5589; baseline -0.002 -13"><span class='ocrx_word' id='word_1_786' title='bbox 2052 5520 2251 5576; x_wconf 88' lang='lat' dir='ltr'><strong>Sancte</strong></span> <span class='ocrx_word' id='word_1_787' title='bbox 2275 5517 2444 5586; x_wconf 86' lang='lat' dir='ltr'><strong>Clete,</strong></span> <span class='ocrx_word' id='word_1_788' title='bbox 2471 5534 2567 5574; x_wconf 90' lang='lat' dir='ltr'><strong>ora</strong></span> <span class='ocrx_word' id='word_1_789' title='bbox 2592 5534 2690 5589; x_wconf 91' lang='lat' dir='ltr'><strong>pro</strong></span> <span class='ocrx_word' id='word_1_790' title='bbox 2718 5520 2893 5575; x_wconf 91' lang='lat' dir='ltr'><strong>nobis.</strong></span> 
     </span>
    </p>
   </div>
   <div class='ocr_carea' id='block_1_117' title="bbox 2053 5612 2982 5684">
    <p class='ocr_par' dir='ltr' id='par_1_117' title="bbox 2053 5612 2982 5684">
     <span class='ocr_line' id='line_1_117' title="bbox 2053 5612 2982 5684; baseline -0.004 -11"><span class='ocrx_word' id='word_1_791' title='bbox 2053 5616 2252 5673; x_wconf 83' lang='lat' dir='ltr'><strong>Sancte</strong></span> <span class='ocrx_word' id='word_1_792' title='bbox 2276 5612 2543 5680; x_wconf 87' lang='lat' dir='ltr'><strong>Clemens,</strong></span> <span class='ocrx_word' id='word_1_793' title='bbox 2574 5629 2670 5669; x_wconf 90' lang='lat' dir='ltr'><strong>ora</strong></span> <span class='ocrx_word' id='word_1_794' title='bbox 2698 5629 2797 5684; x_wconf 93' lang='lat' dir='ltr'><strong>pro</strong></span> <span class='ocrx_word' id='word_1_795' title='bbox 2825 5613 2982 5669; x_wconf 88' lang='lat' dir='ltr'><strong>nobis</strong></span> 
     </span>
    </p>
   </div>
   <div class='ocr_carea' id='block_1_118' title="bbox 2055 5704 2891 5775">
    <p class='ocr_par' dir='ltr' id='par_1_118' title="bbox 2055 5704 2891 5775">
     <span class='ocr_line' id='line_1_118' title="bbox 2055 5704 2891 5775; baseline -0.006 -11"><span class='ocrx_word' id='word_1_796' title='bbox 2055 5707 2253 5765; x_wconf 90' lang='lat' dir='ltr'><strong>Sancte</strong></span> <span class='ocrx_word' id='word_1_797' title='bbox 2278 5705 2448 5772; x_wconf 71' lang='lat' dir='ltr'><strong>Siste,</strong></span> <span class='ocrx_word' id='word_1_798' title='bbox 2478 5720 2572 5759; x_wconf 89' lang='lat' dir='ltr'><strong>ora</strong></span> <span class='ocrx_word' id='word_1_799' title='bbox 2595 5719 2694 5775; x_wconf 87' lang='lat' dir='ltr'><strong>pro</strong></span> <span class='ocrx_word' id='word_1_800' title='bbox 2715 5704 2891 5761; x_wconf 88' lang='lat' dir='ltr'><strong>nobis.</strong></span> 
     </span>
    </p>
   </div>
   <div class='ocr_carea' id='block_1_119' title="bbox 2057 5793 2957 5869">
    <p class='ocr_par' dir='ltr' id='par_1_119' title="bbox 2057 5793 2957 5869">
     <span class='ocr_line' id='line_1_119' title="bbox 2057 5793 2957 5869; baseline -0.007 -13"><span class='ocrx_word' id='word_1_801' title='bbox 2057 5798 2258 5857; x_wconf 87' lang='lat' dir='ltr'><strong>Sancte</strong></span> <span class='ocrx_word' id='word_1_802' title='bbox 2287 5796 2523 5865; x_wconf 85' lang='lat' dir='ltr'><strong>Corneli,</strong></span> <span class='ocrx_word' id='word_1_803' title='bbox 2546 5810 2644 5851; x_wconf 88' lang='lat' dir='ltr'><strong>ora</strong></span> <span class='ocrx_word' id='word_1_804' title='bbox 2664 5809 2763 5869; x_wconf 88' lang='lat' dir='ltr'><strong>pro</strong></span> <span class='ocrx_word' id='word_1_805' title='bbox 2782 5793 2957 5854; x_wconf 88' lang='lat' dir='ltr'><strong>nobis.</strong></span> 
     </span>
    </p>
   </div>
   <div class='ocr_carea' id='block_1_120' title="bbox 3047 5887 3123 5957">
    <p class='ocr_par' dir='ltr' id='par_1_120' title="bbox 3047 5887 3123 5957">
     <span class='ocr_line' id='line_1_120' title="bbox 3047 5887 3123 5957; baseline -0.026 0"><span class='ocrx_word' id='word_1_806' title='bbox 3047 5887 3123 5957; x_wconf 77' lang='grc'><strong>17</strong></span> 
     </span>
    </p>
   </div>
  </div>
