  <div class='ocr_page' id='page_1' title='image "/cluster/home/n/w/nwhite01/storage/ocr_20150623/101/hvd.32044004824769/267.png"; bbox 0 0 4038 6336; ppageno 0'>
   <div class='ocr_carea' id='block_1_1' title="bbox 571 404 1545 477">
    <p class='ocr_par' dir='ltr' id='par_1_1' title="bbox 571 404 1545 477">
     <span class='ocr_line' id='line_1_1' title="bbox 571 404 1545 477; baseline -0.004 -13"><span class='ocrx_word' id='word_1_1' title='bbox 571 406 770 464; x_wconf 86' lang='lat' dir='ltr'><strong>Sancte</strong></span> <span class='ocrx_word' id='word_1_2' title='bbox 798 404 1087 477; x_wconf 80' lang='lat' dir='ltr'><strong>Cypriane,</strong></span> <span class='ocrx_word' id='word_1_3' title='bbox 1113 420 1209 463; x_wconf 87' lang='lat' dir='ltr'><strong>ora</strong></span> <span class='ocrx_word' id='word_1_4' title='bbox 1235 420 1334 475; x_wconf 87' lang='lat' dir='ltr'><strong>pro</strong></span> <span class='ocrx_word' id='word_1_5' title='bbox 1369 406 1545 461; x_wconf 90' lang='lat' dir='ltr'><strong>nobis.</strong></span> 
     </span>
    </p>
   </div>
   <div class='ocr_carea' id='block_1_2' title="bbox 570 498 1954 572">
    <p class='ocr_par' dir='ltr' id='par_1_2' title="bbox 570 498 1954 572">
     <span class='ocr_line' id='line_1_2' title="bbox 570 498 1954 572; baseline -0.004 -12"><span class='ocrx_word' id='word_1_6' title='bbox 570 501 767 560; x_wconf 91' lang='lat' dir='ltr'><strong>Sancte</strong></span> <span class='ocrx_word' id='word_1_7' title='bbox 794 500 1011 572; x_wconf 79' lang='lat' dir='ltr'><strong>Dionysi</strong></span> <span class='ocrx_word' id='word_1_8' title='bbox 1041 515 1161 555; x_wconf 86' lang='lat' dir='ltr'><strong>cum</strong></span> <span class='ocrx_word' id='word_1_9' title='bbox 1189 498 1354 555; x_wconf 87' lang='lat' dir='ltr'><strong>sociis</strong></span> <span class='ocrx_word' id='word_1_10' title='bbox 1382 500 1511 565; x_wconf 89' lang='lat' dir='ltr'><strong>tuis,</strong></span> <span class='ocrx_word' id='word_1_11' title='bbox 1535 515 1630 557; x_wconf 90' lang='lat' dir='ltr'><strong>ora</strong></span> <span class='ocrx_word' id='word_1_12' title='bbox 1659 517 1757 572; x_wconf 91' lang='lat' dir='ltr'><strong>pro</strong></span> <span class='ocrx_word' id='word_1_13' title='bbox 1781 501 1954 558; x_wconf 89' lang='lat' dir='ltr'><strong>nobis.</strong></span> 
     </span>
    </p>
   </div>
   <div class='ocr_carea' id='block_1_3' title="bbox 570 592 1522 662">
    <p class='ocr_par' dir='ltr' id='par_1_3' title="bbox 570 592 1522 662">
     <span class='ocr_line' id='line_1_3' title="bbox 570 592 1522 662; baseline -0.006 -11"><span class='ocrx_word' id='word_1_14' title='bbox 570 594 766 651; x_wconf 93' lang='lat' dir='ltr'><strong>Sancte</strong></span> <span class='ocrx_word' id='word_1_15' title='bbox 794 592 1073 657; x_wconf 79' lang='lat' dir='ltr'><strong>Laurenti,</strong></span> <span class='ocrx_word' id='word_1_16' title='bbox 1100 607 1193 651; x_wconf 88' lang='lat' dir='ltr'><strong>ora</strong></span> <span class='ocrx_word' id='word_1_17' title='bbox 1223 607 1321 662; x_wconf 84' lang='lat' dir='ltr'><strong>pro</strong></span> <span class='ocrx_word' id='word_1_18' title='bbox 1348 592 1522 648; x_wconf 85' lang='lat' dir='ltr'><strong>nobis.</strong></span> 
     </span>
    </p>
   </div>
   <div class='ocr_carea' id='block_1_4' title="bbox 570 683 1948 755">
    <p class='ocr_par' dir='ltr' id='par_1_4' title="bbox 570 683 1948 755">
     <span class='ocr_line' id='line_1_4' title="bbox 570 683 1948 755; baseline -0.004 -11"><span class='ocrx_word' id='word_1_19' title='bbox 570 686 768 744; x_wconf 84' lang='lat' dir='ltr'><strong>Sancte</strong></span> <span class='ocrx_word' id='word_1_20' title='bbox 798 685 1017 740; x_wconf 86' lang='lat' dir='ltr'><strong>Maurici</strong></span> <span class='ocrx_word' id='word_1_21' title='bbox 1037 699 1161 741; x_wconf 90' lang='lat' dir='ltr'><strong>cum</strong></span> <span class='ocrx_word' id='word_1_22' title='bbox 1182 683 1344 738; x_wconf 82' lang='lat' dir='ltr'><strong>sociis</strong></span> <span class='ocrx_word' id='word_1_23' title='bbox 1369 685 1496 751; x_wconf 83' lang='lat' dir='ltr'><strong>tuis,</strong></span> <span class='ocrx_word' id='word_1_24' title='bbox 1529 699 1624 740; x_wconf 90' lang='lat' dir='ltr'><strong>ora</strong></span> <span class='ocrx_word' id='word_1_25' title='bbox 1645 700 1745 755; x_wconf 91' lang='lat' dir='ltr'><strong>pro</strong></span> <span class='ocrx_word' id='word_1_26' title='bbox 1772 685 1948 743; x_wconf 87' lang='lat' dir='ltr'><strong>nobis.</strong></span> 
     </span>
    </p>
   </div>
   <div class='ocr_carea' id='block_1_5' title="bbox 570 774 1459 844">
    <p class='ocr_par' dir='ltr' id='par_1_5' title="bbox 570 774 1459 844">
     <span class='ocr_line' id='line_1_5' title="bbox 570 774 1459 844; baseline -0.006 -12"><span class='ocrx_word' id='word_1_27' title='bbox 570 776 767 832; x_wconf 90' lang='lat' dir='ltr'><strong>Sancte</strong></span> <span class='ocrx_word' id='word_1_28' title='bbox 794 775 1009 840; x_wconf 87' lang='lat' dir='ltr'><strong>Cosme,</strong></span> <span class='ocrx_word' id='word_1_29' title='bbox 1038 790 1133 829; x_wconf 90' lang='lat' dir='ltr'><strong>ora</strong></span> <span class='ocrx_word' id='word_1_30' title='bbox 1160 789 1256 844; x_wconf 91' lang='lat' dir='ltr'><strong>pro</strong></span> <span class='ocrx_word' id='word_1_31' title='bbox 1286 774 1459 828; x_wconf 92' lang='lat' dir='ltr'><strong>nobis.</strong></span> 
     </span>
    </p>
   </div>
   <div class='ocr_carea' id='block_1_6' title="bbox 569 864 1525 934">
    <p class='ocr_par' dir='ltr' id='par_1_6' title="bbox 569 864 1525 934">
     <span class='ocr_line' id='line_1_6' title="bbox 569 864 1525 934; baseline -0.005 -12"><span class='ocrx_word' id='word_1_32' title='bbox 569 865 766 922; x_wconf 90' lang='lat' dir='ltr'><strong>Sancte</strong></span> <span class='ocrx_word' id='word_1_33' title='bbox 794 865 1072 929; x_wconf 87' lang='lat' dir='ltr'><strong>Damiane,</strong></span> <span class='ocrx_word' id='word_1_34' title='bbox 1109 880 1204 918; x_wconf 92' lang='lat' dir='ltr'><strong>ora</strong></span> <span class='ocrx_word' id='word_1_35' title='bbox 1228 879 1324 934; x_wconf 91' lang='lat' dir='ltr'><strong>pro</strong></span> <span class='ocrx_word' id='word_1_36' title='bbox 1350 864 1525 929; x_wconf 85' lang='lat' dir='ltr'><strong>nobis.</strong></span> 
     </span>
    </p>
   </div>
   <div class='ocr_carea' id='block_1_7' title="bbox 566 955 1790 1028">
    <p class='ocr_par' dir='ltr' id='par_1_7' title="bbox 566 955 1790 1028">
     <span class='ocr_line' id='line_1_7' title="bbox 566 955 1790 1028; baseline -0.002 -15"><span class='ocrx_word' id='word_1_37' title='bbox 566 957 769 1013; x_wconf 83' lang='lat' dir='ltr'><strong>Omnes</strong></span> <span class='ocrx_word' id='word_1_38' title='bbox 798 957 971 1015; x_wconf 83' lang='lat' dir='ltr'><strong>sancti</strong></span> <span class='ocrx_word' id='word_1_39' title='bbox 997 965 1286 1028; x_wconf 79' lang='lat' dir='ltr'><strong>martyres,</strong></span> <span class='ocrx_word' id='word_1_40' title='bbox 1312 964 1466 1011; x_wconf 88' lang='lat' dir='ltr'><strong>orate</strong></span> <span class='ocrx_word' id='word_1_41' title='bbox 1492 971 1590 1026; x_wconf 90' lang='lat' dir='ltr'><strong>pro</strong></span> <span class='ocrx_word' id='word_1_42' title='bbox 1614 955 1790 1012; x_wconf 87' lang='lat' dir='ltr'><strong>nobis.</strong></span> 
     </span>
    </p>
   </div>
   <div class='ocr_carea' id='block_1_8' title="bbox 564 1048 1432 1120">
    <p class='ocr_par' dir='ltr' id='par_1_8' title="bbox 564 1048 1432 1120">
     <span class='ocr_line' id='line_1_8' title="bbox 564 1048 1432 1120; baseline -0.007 -13"><span class='ocrx_word' id='word_1_43' title='bbox 564 1050 762 1107; x_wconf 78' lang='lat' dir='ltr'><strong>Sancte</strong></span> <span class='ocrx_word' id='word_1_44' title='bbox 788 1051 979 1117; x_wconf 85' lang='lat' dir='ltr'><strong>Hilari,</strong></span> <span class='ocrx_word' id='word_1_45' title='bbox 1006 1066 1103 1105; x_wconf 89' lang='lat' dir='ltr'><strong>ora</strong></span> <span class='ocrx_word' id='word_1_46' title='bbox 1131 1064 1229 1120; x_wconf 92' lang='lat' dir='ltr'><strong>pro</strong></span> <span class='ocrx_word' id='word_1_47' title='bbox 1256 1048 1432 1105; x_wconf 90' lang='lat' dir='ltr'><strong>nobis.</strong></span> 
     </span>
    </p>
   </div>
   <div class='ocr_carea' id='block_1_9' title="bbox 564 1140 1504 1213">
    <p class='ocr_par' dir='ltr' id='par_1_9' title="bbox 564 1140 1504 1213">
     <span class='ocr_line' id='line_1_9' title="bbox 564 1140 1504 1213; baseline -0.006 -13"><span class='ocrx_word' id='word_1_48' title='bbox 564 1144 763 1200; x_wconf 86' lang='lat' dir='ltr'><strong>Sancte</strong></span> <span class='ocrx_word' id='word_1_49' title='bbox 793 1143 1045 1208; x_wconf 82' lang='lat' dir='ltr'><strong>Martine,</strong></span> <span class='ocrx_word' id='word_1_50' title='bbox 1074 1158 1170 1200; x_wconf 90' lang='lat' dir='ltr'><strong>ora</strong></span> <span class='ocrx_word' id='word_1_51' title='bbox 1206 1158 1303 1213; x_wconf 88' lang='lat' dir='ltr'><strong>pro</strong></span> <span class='ocrx_word' id='word_1_52' title='bbox 1333 1140 1504 1195; x_wconf 89' lang='lat' dir='ltr'><strong>nobis.</strong></span> 
     </span>
    </p>
   </div>
   <div class='ocr_carea' id='block_1_10' title="bbox 562 1232 1519 1303">
    <p class='ocr_par' dir='ltr' id='par_1_10' title="bbox 562 1232 1519 1303">
     <span class='ocr_line' id='line_1_10' title="bbox 562 1232 1519 1303; baseline -0.005 -13"><span class='ocrx_word' id='word_1_53' title='bbox 562 1233 761 1290; x_wconf 89' lang='lat' dir='ltr'><strong>Sancte</strong></span> <span class='ocrx_word' id='word_1_54' title='bbox 790 1233 1073 1299; x_wconf 79' lang='lat' dir='ltr'><strong>Silvester,</strong></span> <span class='ocrx_word' id='word_1_55' title='bbox 1101 1249 1197 1288; x_wconf 93' lang='lat' dir='ltr'><strong>ora</strong></span> <span class='ocrx_word' id='word_1_56' title='bbox 1220 1249 1319 1303; x_wconf 89' lang='lat' dir='ltr'><strong>pro</strong></span> <span class='ocrx_word' id='word_1_57' title='bbox 1346 1232 1519 1287; x_wconf 89' lang='lat' dir='ltr'><strong>nobis.</strong></span> 
     </span>
    </p>
   </div>
   <div class='ocr_carea' id='block_1_11' title="bbox 562 1327 1359 1396">
    <p class='ocr_par' dir='ltr' id='par_1_11' title="bbox 562 1327 1359 1396">
     <span class='ocr_line' id='line_1_11' title="bbox 562 1327 1359 1396; baseline -0.005 -13"><span class='ocrx_word' id='word_1_58' title='bbox 562 1328 760 1384; x_wconf 87' lang='lat' dir='ltr'><strong>Sancte</strong></span> <span class='ocrx_word' id='word_1_59' title='bbox 788 1327 918 1393; x_wconf 87' lang='lat' dir='ltr'><strong>Leo,</strong></span> <span class='ocrx_word' id='word_1_60' title='bbox 948 1342 1043 1382; x_wconf 88' lang='lat' dir='ltr'><strong>ora</strong></span> <span class='ocrx_word' id='word_1_61' title='bbox 1065 1340 1162 1396; x_wconf 89' lang='lat' dir='ltr'><strong>pro</strong></span> <span class='ocrx_word' id='word_1_62' title='bbox 1186 1327 1359 1380; x_wconf 90' lang='lat' dir='ltr'><strong>nobis.</strong></span> 
     </span>
    </p>
   </div>
   <div class='ocr_carea' id='block_1_12' title="bbox 562 1414 1513 1487">
    <p class='ocr_par' dir='ltr' id='par_1_12' title="bbox 562 1414 1513 1487">
     <span class='ocr_line' id='line_1_12' title="bbox 562 1414 1513 1487; baseline -0.006 -12"><span class='ocrx_word' id='word_1_63' title='bbox 562 1418 760 1475; x_wconf 89' lang='lat' dir='ltr'><strong>Sancte</strong></span> <span class='ocrx_word' id='word_1_64' title='bbox 788 1416 1061 1482; x_wconf 79' lang='lat' dir='ltr'><strong>Ambrosi,</strong></span> <span class='ocrx_word' id='word_1_65' title='bbox 1087 1432 1184 1470; x_wconf 91' lang='lat' dir='ltr'><strong>ora</strong></span> <span class='ocrx_word' id='word_1_66' title='bbox 1212 1431 1308 1487; x_wconf 86' lang='lat' dir='ltr'><strong>pro</strong></span> <span class='ocrx_word' id='word_1_67' title='bbox 1338 1414 1513 1470; x_wconf 90' lang='lat' dir='ltr'><strong>nobis.</strong></span> 
     </span>
    </p>
   </div>
   <div class='ocr_carea' id='block_1_13' title="bbox 560 1506 1496 1583">
    <p class='ocr_par' dir='ltr' id='par_1_13' title="bbox 560 1506 1496 1583">
     <span class='ocr_line' id='line_1_13' title="bbox 560 1506 1496 1583; baseline -0.009 -15"><span class='ocrx_word' id='word_1_68' title='bbox 560 1512 760 1568; x_wconf 89' lang='lat' dir='ltr'><strong>Sancte</strong></span> <span class='ocrx_word' id='word_1_69' title='bbox 789 1510 1038 1583; x_wconf 85' lang='lat' dir='ltr'><strong>Gregori,</strong></span> <span class='ocrx_word' id='word_1_70' title='bbox 1068 1524 1165 1564; x_wconf 90' lang='lat' dir='ltr'><strong>ora</strong></span> <span class='ocrx_word' id='word_1_71' title='bbox 1201 1524 1298 1579; x_wconf 91' lang='lat' dir='ltr'><strong>pro</strong></span> <span class='ocrx_word' id='word_1_72' title='bbox 1320 1506 1496 1571; x_wconf 71' lang='lat' dir='ltr'><strong>nobis.</strong></span> 
     </span>
    </p>
   </div>
   <div class='ocr_carea' id='block_1_14' title="bbox 559 1598 1526 1669">
    <p class='ocr_par' dir='ltr' id='par_1_14' title="bbox 559 1598 1526 1669">
     <span class='ocr_line' id='line_1_14' title="bbox 559 1598 1526 1669; baseline -0.009 -9"><span class='ocrx_word' id='word_1_73' title='bbox 559 1604 759 1660; x_wconf 87' lang='lat' dir='ltr'><strong>Sancte</strong></span> <span class='ocrx_word' id='word_1_74' title='bbox 788 1601 1075 1667; x_wconf 87' lang='lat' dir='ltr'><strong>Germane,</strong></span> <span class='ocrx_word' id='word_1_75' title='bbox 1099 1615 1195 1655; x_wconf 91' lang='lat' dir='ltr'><strong>ora</strong></span> <span class='ocrx_word' id='word_1_76' title='bbox 1226 1615 1324 1669; x_wconf 89' lang='lat' dir='ltr'><strong>pro</strong></span> <span class='ocrx_word' id='word_1_77' title='bbox 1351 1598 1526 1653; x_wconf 82' lang='lat' dir='ltr'><strong>nobis.</strong></span> 
     </span>
    </p>
   </div>
   <div class='ocr_carea' id='block_1_15' title="bbox 558 1692 1469 1767">
    <p class='ocr_par' dir='ltr' id='par_1_15' title="bbox 558 1692 1469 1767">
     <span class='ocr_line' id='line_1_15' title="bbox 558 1692 1469 1767; baseline -0.01 -13"><span class='ocrx_word' id='word_1_78' title='bbox 558 1696 756 1754; x_wconf 88' lang='lat' dir='ltr'><strong>Sancte</strong></span> <span class='ocrx_word' id='word_1_79' title='bbox 786 1696 1019 1767; x_wconf 78' lang='lat' dir='ltr'><strong>Remigi,</strong></span> <span class='ocrx_word' id='word_1_80' title='bbox 1043 1709 1140 1749; x_wconf 90' lang='lat' dir='ltr'><strong>ora</strong></span> <span class='ocrx_word' id='word_1_81' title='bbox 1167 1707 1264 1764; x_wconf 91' lang='lat' dir='ltr'><strong>pro</strong></span> <span class='ocrx_word' id='word_1_82' title='bbox 1294 1692 1469 1747; x_wconf 90' lang='lat' dir='ltr'><strong>nobis.</strong></span> 
     </span>
    </p>
   </div>
   <div class='ocr_carea' id='block_1_16' title="bbox 558 1784 1496 1855">
    <p class='ocr_par' dir='ltr' id='par_1_16' title="bbox 558 1784 1496 1855">
     <span class='ocr_line' id='line_1_16' title="bbox 558 1784 1496 1855; baseline -0.011 -8"><span class='ocrx_word' id='word_1_83' title='bbox 558 1790 754 1847; x_wconf 87' lang='lat' dir='ltr'><strong>Sancte</strong></span> <span class='ocrx_word' id='word_1_84' title='bbox 779 1787 1047 1851; x_wconf 79' lang='lat' dir='ltr'><strong>Amande,</strong></span> <span class='ocrx_word' id='word_1_85' title='bbox 1070 1801 1165 1840; x_wconf 92' lang='lat' dir='ltr'><strong>ora</strong></span> <span class='ocrx_word' id='word_1_86' title='bbox 1189 1800 1288 1855; x_wconf 92' lang='lat' dir='ltr'><strong>pro</strong></span> <span class='ocrx_word' id='word_1_87' title='bbox 1320 1784 1496 1838; x_wconf 90' lang='lat' dir='ltr'><strong>nobis.</strong></span> 
     </span>
    </p>
   </div>
   <div class='ocr_carea' id='block_1_17' title="bbox 556 1874 1613 1946">
    <p class='ocr_par' dir='ltr' id='par_1_17' title="bbox 556 1874 1613 1946">
     <span class='ocr_line' id='line_1_17' title="bbox 556 1874 1613 1946; baseline -0.009 -8"><span class='ocrx_word' id='word_1_88' title='bbox 556 1881 755 1938; x_wconf 89' lang='lat' dir='ltr'><strong>Sancte</strong></span> <span class='ocrx_word' id='word_1_89' title='bbox 779 1879 1170 1943; x_wconf 85' lang='lat' dir='ltr'><strong>Chrodoberte,</strong></span> <span class='ocrx_word' id='word_1_90' title='bbox 1200 1892 1295 1931; x_wconf 91' lang='lat' dir='ltr'><strong>ora</strong></span> <span class='ocrx_word' id='word_1_91' title='bbox 1322 1892 1419 1946; x_wconf 88' lang='lat' dir='ltr'><strong>pro</strong></span> <span class='ocrx_word' id='word_1_92' title='bbox 1440 1874 1613 1932; x_wconf 91' lang='lat' dir='ltr'><strong>nobis.</strong></span> 
     </span>
    </p>
   </div>
   <div class='ocr_carea' id='block_1_18' title="bbox 553 1969 1600 2045">
    <p class='ocr_par' dir='ltr' id='par_1_18' title="bbox 553 1969 1600 2045">
     <span class='ocr_line' id='line_1_18' title="bbox 553 1969 1600 2045; baseline -0.01 -13"><span class='ocrx_word' id='word_1_93' title='bbox 553 1973 754 2032; x_wconf 89' lang='lat' dir='ltr'><strong>Sancte</strong></span> <span class='ocrx_word' id='word_1_94' title='bbox 782 1974 1134 2045; x_wconf 82' lang='lat' dir='ltr'><strong>Hieronyme,</strong></span> <span class='ocrx_word' id='word_1_95' title='bbox 1164 1986 1258 2026; x_wconf 90' lang='lat' dir='ltr'><strong>ora</strong></span> <span class='ocrx_word' id='word_1_96' title='bbox 1288 1985 1385 2040; x_wconf 90' lang='lat' dir='ltr'><strong>pro</strong></span> <span class='ocrx_word' id='word_1_97' title='bbox 1422 1969 1600 2025; x_wconf 90' lang='lat' dir='ltr'><strong>nobis.</strong></span> 
     </span>
    </p>
   </div>
   <div class='ocr_carea' id='block_1_19' title="bbox 554 2061 1548 2133">
    <p class='ocr_par' dir='ltr' id='par_1_19' title="bbox 554 2061 1548 2133">
     <span class='ocr_line' id='line_1_19' title="bbox 554 2061 1548 2133; baseline -0.01 -7"><span class='ocrx_word' id='word_1_98' title='bbox 554 2069 755 2126; x_wconf 80' lang='lat' dir='ltr'><strong>Sancte</strong></span> <span class='ocrx_word' id='word_1_99' title='bbox 782 2067 1098 2131; x_wconf 88' lang='lat' dir='ltr'><strong>Benedicte,</strong></span> <span class='ocrx_word' id='word_1_100' title='bbox 1128 2078 1223 2118; x_wconf 90' lang='lat' dir='ltr'><strong>ora</strong></span> <span class='ocrx_word' id='word_1_101' title='bbox 1250 2077 1347 2133; x_wconf 91' lang='lat' dir='ltr'><strong>pro</strong></span> <span class='ocrx_word' id='word_1_102' title='bbox 1370 2061 1548 2117; x_wconf 90' lang='lat' dir='ltr'><strong>nobis.</strong></span> 
     </span>
    </p>
   </div>
   <div class='ocr_carea' id='block_1_20' title="bbox 551 2144 1440 2225">
    <p class='ocr_par' dir='ltr' id='par_1_20' title="bbox 551 2144 1440 2225">
     <span class='ocr_line' id='line_1_20' title="bbox 551 2144 1440 2225; baseline -0.01 -9"><span class='ocrx_word' id='word_1_103' title='bbox 551 2161 752 2217; x_wconf 88' lang='lat' dir='ltr'><strong>Sancte</strong></span> <span class='ocrx_word' id='word_1_104' title='bbox 781 2158 987 2221; x_wconf 81' lang='lat' dir='ltr'><strong>Maure,</strong></span> <span class='ocrx_word' id='word_1_105' title='bbox 1016 2144 1112 2211; x_wconf 74' lang='lat' dir='ltr'><strong>ora</strong></span> <span class='ocrx_word' id='word_1_106' title='bbox 1140 2170 1236 2225; x_wconf 89' lang='lat' dir='ltr'><strong>pro</strong></span> <span class='ocrx_word' id='word_1_107' title='bbox 1264 2154 1440 2208; x_wconf 87' lang='lat' dir='ltr'><strong>nobis.</strong></span> 
     </span>
    </p>
   </div>
   <div class='ocr_carea' id='block_1_21' title="bbox 551 2248 1518 2319">
    <p class='ocr_par' dir='ltr' id='par_1_21' title="bbox 551 2248 1518 2319">
     <span class='ocr_line' id='line_1_21' title="bbox 551 2248 1518 2319; baseline -0.007 -9"><span class='ocrx_word' id='word_1_108' title='bbox 551 2255 750 2311; x_wconf 85' lang='lat' dir='ltr'><strong>Sancte</strong></span> <span class='ocrx_word' id='word_1_109' title='bbox 776 2251 1069 2314; x_wconf 90' lang='lat' dir='ltr'><strong>Babolene,</strong></span> <span class='ocrx_word' id='word_1_110' title='bbox 1097 2265 1190 2303; x_wconf 90' lang='lat' dir='ltr'><strong>ora</strong></span> <span class='ocrx_word' id='word_1_111' title='bbox 1223 2264 1320 2319; x_wconf 91' lang='lat' dir='ltr'><strong>pro</strong></span> <span class='ocrx_word' id='word_1_112' title='bbox 1343 2248 1518 2303; x_wconf 87' lang='lat' dir='ltr'><strong>nobis.</strong></span> 
     </span>
    </p>
   </div>
   <div class='ocr_carea' id='block_1_22' title="bbox 550 2339 1860 2411">
    <p class='ocr_par' dir='ltr' id='par_1_22' title="bbox 550 2339 1860 2411">
     <span class='ocr_line' id='line_1_22' title="bbox 550 2339 1860 2411; baseline -0.006 -8"><span class='ocrx_word' id='word_1_113' title='bbox 550 2346 752 2403; x_wconf 92' lang='lat' dir='ltr'><strong>Omnes</strong></span> <span class='ocrx_word' id='word_1_114' title='bbox 781 2344 954 2400; x_wconf 90' lang='lat' dir='ltr'><strong>sancti</strong></span> <span class='ocrx_word' id='word_1_115' title='bbox 985 2342 1351 2406; x_wconf 79' lang='lat' dir='ltr'><strong>confessores,</strong></span> <span class='ocrx_word' id='word_1_116' title='bbox 1379 2349 1532 2396; x_wconf 91' lang='lat' dir='ltr'><strong>orate</strong></span> <span class='ocrx_word' id='word_1_117' title='bbox 1559 2355 1658 2411; x_wconf 91' lang='lat' dir='ltr'><strong>pro</strong></span> <span class='ocrx_word' id='word_1_118' title='bbox 1684 2339 1860 2397; x_wconf 88' lang='lat' dir='ltr'><strong>nobis.</strong></span> 
     </span>
    </p>
   </div>
   <div class='ocr_carea' id='block_1_23' title="bbox 550 2434 1513 2505">
    <p class='ocr_par' dir='ltr' id='par_1_23' title="bbox 550 2434 1513 2505">
     <span class='ocr_line' id='line_1_23' title="bbox 550 2434 1513 2505; baseline -0.009 -9"><span class='ocrx_word' id='word_1_119' title='bbox 550 2440 755 2497; x_wconf 90' lang='lat' dir='ltr'><strong>Sancta</strong></span> <span class='ocrx_word' id='word_1_120' title='bbox 783 2437 1062 2502; x_wconf 86' lang='lat' dir='ltr'><strong>Felicitas,</strong></span> <span class='ocrx_word' id='word_1_121' title='bbox 1085 2450 1181 2491; x_wconf 90' lang='lat' dir='ltr'><strong>ora</strong></span> <span class='ocrx_word' id='word_1_122' title='bbox 1212 2450 1311 2505; x_wconf 89' lang='lat' dir='ltr'><strong>pro</strong></span> <span class='ocrx_word' id='word_1_123' title='bbox 1339 2434 1513 2488; x_wconf 90' lang='lat' dir='ltr'><strong>nobis.</strong></span> 
     </span>
    </p>
   </div>
   <div class='ocr_carea' id='block_1_24' title="bbox 550 2526 1533 2602">
    <p class='ocr_par' dir='ltr' id='par_1_24' title="bbox 550 2526 1533 2602">
     <span class='ocr_line' id='line_1_24' title="bbox 550 2526 1533 2602; baseline -0.01 -11"><span class='ocrx_word' id='word_1_124' title='bbox 550 2534 751 2591; x_wconf 81' lang='lat' dir='ltr'><strong>Sancta</strong></span> <span class='ocrx_word' id='word_1_125' title='bbox 781 2532 1071 2602; x_wconf 85' lang='lat' dir='ltr'><strong>Perpetua,</strong></span> <span class='ocrx_word' id='word_1_126' title='bbox 1103 2544 1198 2585; x_wconf 88' lang='lat' dir='ltr'><strong>ora</strong></span> <span class='ocrx_word' id='word_1_127' title='bbox 1233 2543 1331 2597; x_wconf 89' lang='lat' dir='ltr'><strong>pro</strong></span> <span class='ocrx_word' id='word_1_128' title='bbox 1356 2526 1533 2582; x_wconf 89' lang='lat' dir='ltr'><strong>nobis.</strong></span> 
     </span>
    </p>
   </div>
   <div class='ocr_carea' id='block_1_25' title="bbox 550 2606 1606 2698">
    <p class='ocr_par' dir='ltr' id='par_1_25' title="bbox 550 2606 1606 2698">
     <span class='ocr_line' id='line_1_25' title="bbox 550 2606 1606 2698; baseline -0.011 -13"><span class='ocrx_word' id='word_1_129' title='bbox 550 2627 751 2685; x_wconf 88' lang='lat' dir='ltr'><strong>Sancta</strong></span> <span class='ocrx_word' id='word_1_130' title='bbox 779 2626 1012 2698; x_wconf 83' lang='lat' dir='ltr'><strong>Agatha,</strong></span> <span class='ocrx_word' id='word_1_131' title='bbox 1041 2638 1134 2678; x_wconf 92' lang='lat' dir='ltr'><strong>ora</strong></span> <span class='ocrx_word' id='word_1_132' title='bbox 1166 2637 1266 2694; x_wconf 79' lang='lat' dir='ltr'><strong>pro</strong></span> <span class='ocrx_word' id='word_1_133' title='bbox 1291 2621 1468 2676; x_wconf 91' lang='lat' dir='ltr'><strong>nobis.</strong></span> <span class='ocrx_word' id='word_1_134' title='bbox 1593 2606 1606 2614; x_wconf 76' lang='grc'><strong>’</strong></span> 
     </span>
    </p>
   </div>
   <div class='ocr_carea' id='block_1_26' title="bbox 547 2713 1415 2785">
    <p class='ocr_par' dir='ltr' id='par_1_26' title="bbox 547 2713 1415 2785">
     <span class='ocr_line' id='line_1_26' title="bbox 547 2713 1415 2785; baseline -0.012 -9"><span class='ocrx_word' id='word_1_135' title='bbox 547 2720 750 2776; x_wconf 88' lang='lat' dir='ltr'><strong>Sancta</strong></span> <span class='ocrx_word' id='word_1_136' title='bbox 780 2717 965 2783; x_wconf 86' lang='lat' dir='ltr'><strong>Lucia,</strong></span> <span class='ocrx_word' id='word_1_137' title='bbox 992 2731 1087 2773; x_wconf 90' lang='lat' dir='ltr'><strong>ora</strong></span> <span class='ocrx_word' id='word_1_138' title='bbox 1116 2728 1213 2785; x_wconf 87' lang='lat' dir='ltr'><strong>pro</strong></span> <span class='ocrx_word' id='word_1_139' title='bbox 1239 2713 1415 2769; x_wconf 88' lang='lat' dir='ltr'><strong>nobis.</strong></span> 
     </span>
    </p>
   </div>
   <div class='ocr_carea' id='block_1_27' title="bbox 546 2804 1476 2879">
    <p class='ocr_par' dir='ltr' id='par_1_27' title="bbox 546 2804 1476 2879">
     <span class='ocr_line' id='line_1_27' title="bbox 546 2804 1476 2879; baseline -0.011 -10"><span class='ocrx_word' id='word_1_140' title='bbox 546 2813 752 2869; x_wconf 89' lang='lat' dir='ltr'><strong>Sancta</strong></span> <span class='ocrx_word' id='word_1_141' title='bbox 780 2809 1016 2876; x_wconf 66' lang='lat' dir='ltr'><strong>Caecilia,</strong></span> <span class='ocrx_word' id='word_1_142' title='bbox 1042 2823 1137 2866; x_wconf 88' lang='lat' dir='ltr'><strong>ora</strong></span> <span class='ocrx_word' id='word_1_143' title='bbox 1164 2821 1264 2879; x_wconf 85' lang='lat' dir='ltr'><strong>pro</strong></span> <span class='ocrx_word' id='word_1_144' title='bbox 1298 2804 1476 2862; x_wconf 87' lang='lat' dir='ltr'><strong>nobis.</strong></span> 
     </span>
    </p>
   </div>
   <div class='ocr_carea' id='block_1_28' title="bbox 544 2901 1439 2978">
    <p class='ocr_par' dir='ltr' id='par_1_28' title="bbox 544 2901 1439 2978">
     <span class='ocr_line' id='line_1_28' title="bbox 544 2901 1439 2978; baseline -0.01 -15"><span class='ocrx_word' id='word_1_145' title='bbox 544 2906 743 2965; x_wconf 87' lang='lat' dir='ltr'><strong>Sancta</strong></span> <span class='ocrx_word' id='word_1_146' title='bbox 770 2906 973 2978; x_wconf 85' lang='lat' dir='ltr'><strong>Agnes,</strong></span> <span class='ocrx_word' id='word_1_147' title='bbox 998 2918 1097 2960; x_wconf 88' lang='lat' dir='ltr'><strong>ora</strong></span> <span class='ocrx_word' id='word_1_148' title='bbox 1130 2917 1228 2973; x_wconf 87' lang='lat' dir='ltr'><strong>pro</strong></span> <span class='ocrx_word' id='word_1_149' title='bbox 1259 2901 1439 2957; x_wconf 90' lang='lat' dir='ltr'><strong>nobis.</strong></span> 
     </span>
    </p>
   </div>
   <div class='ocr_carea' id='block_1_29' title="bbox 545 2990 1535 3064">
    <p class='ocr_par' dir='ltr' id='par_1_29' title="bbox 545 2990 1535 3064">
     <span class='ocr_line' id='line_1_29' title="bbox 545 2990 1535 3064; baseline -0.01 -10"><span class='ocrx_word' id='word_1_150' title='bbox 545 2997 748 3054; x_wconf 88' lang='lat' dir='ltr'><strong>Sancta</strong></span> <span class='ocrx_word' id='word_1_151' title='bbox 775 2996 1088 3060; x_wconf 84' lang='lat' dir='ltr'><strong>Anastasia,</strong></span> <span class='ocrx_word' id='word_1_152' title='bbox 1110 3009 1206 3050; x_wconf 90' lang='lat' dir='ltr'><strong>ora</strong></span> <span class='ocrx_word' id='word_1_153' title='bbox 1230 3008 1328 3064; x_wconf 87' lang='lat' dir='ltr'><strong>pro</strong></span> <span class='ocrx_word' id='word_1_154' title='bbox 1357 2990 1535 3047; x_wconf 89' lang='lat' dir='ltr'><strong>nobis.</strong></span> 
     </span>
    </p>
   </div>
   <div class='ocr_carea' id='block_1_30' title="bbox 543 3082 1553 3159">
    <p class='ocr_par' dir='ltr' id='par_1_30' title="bbox 543 3082 1553 3159">
     <span class='ocr_line' id='line_1_30' title="bbox 543 3082 1553 3159; baseline -0.01 -13"><span class='ocrx_word' id='word_1_155' title='bbox 543 3090 744 3146; x_wconf 89' lang='lat' dir='ltr'><strong>Sancta</strong></span> <span class='ocrx_word' id='word_1_156' title='bbox 771 3087 1090 3159; x_wconf 84' lang='lat' dir='ltr'><strong>Euphemia,</strong></span> <span class='ocrx_word' id='word_1_157' title='bbox 1118 3101 1212 3142; x_wconf 91' lang='lat' dir='ltr'><strong>ora</strong></span> <span class='ocrx_word' id='word_1_158' title='bbox 1244 3100 1341 3156; x_wconf 90' lang='lat' dir='ltr'><strong>pro</strong></span> <span class='ocrx_word' id='word_1_159' title='bbox 1377 3082 1553 3138; x_wconf 88' lang='lat' dir='ltr'><strong>nobis.</strong></span> 
     </span>
    </p>
   </div>
   <div class='ocr_carea' id='block_1_31' title="bbox 544 3176 1536 3247">
    <p class='ocr_par' dir='ltr' id='par_1_31' title="bbox 544 3176 1536 3247">
     <span class='ocr_line' id='line_1_31' title="bbox 544 3176 1536 3247; baseline -0.01 -7"><span class='ocrx_word' id='word_1_160' title='bbox 544 3182 744 3240; x_wconf 87' lang='lat' dir='ltr'><strong>Sancta</strong></span> <span class='ocrx_word' id='word_1_161' title='bbox 773 3180 1092 3244; x_wconf 87' lang='lat' dir='ltr'><strong>Petronilla,</strong></span> <span class='ocrx_word' id='word_1_162' title='bbox 1115 3194 1208 3233; x_wconf 90' lang='lat' dir='ltr'><strong>ora</strong></span> <span class='ocrx_word' id='word_1_163' title='bbox 1237 3193 1335 3247; x_wconf 90' lang='lat' dir='ltr'><strong>pro</strong></span> <span class='ocrx_word' id='word_1_164' title='bbox 1360 3176 1536 3231; x_wconf 88' lang='lat' dir='ltr'><strong>nobis.</strong></span> 
     </span>
    </p>
   </div>
   <div class='ocr_carea' id='block_1_32' title="bbox 544 3268 1497 3338">
    <p class='ocr_par' dir='ltr' id='par_1_32' title="bbox 544 3268 1497 3338">
     <span class='ocr_line' id='line_1_32' title="bbox 544 3268 1497 3338; baseline -0.012 -7"><span class='ocrx_word' id='word_1_165' title='bbox 544 3274 744 3331; x_wconf 89' lang='lat' dir='ltr'><strong>Sancta</strong></span> <span class='ocrx_word' id='word_1_166' title='bbox 774 3271 1050 3337; x_wconf 88' lang='lat' dir='ltr'><strong>Susanna,</strong></span> <span class='ocrx_word' id='word_1_167' title='bbox 1078 3285 1171 3324; x_wconf 92' lang='lat' dir='ltr'><strong>ora</strong></span> <span class='ocrx_word' id='word_1_168' title='bbox 1198 3284 1297 3338; x_wconf 89' lang='lat' dir='ltr'><strong>pro</strong></span> <span class='ocrx_word' id='word_1_169' title='bbox 1323 3268 1497 3322; x_wconf 90' lang='lat' dir='ltr'><strong>nobis.</strong></span> 
     </span>
    </p>
   </div>
   <div class='ocr_carea' id='block_1_33' title="bbox 542 3359 1452 3436">
    <p class='ocr_par' dir='ltr' id='par_1_33' title="bbox 542 3359 1452 3436">
     <span class='ocr_line' id='line_1_33' title="bbox 542 3359 1452 3436; baseline -0.011 -15"><span class='ocrx_word' id='word_1_170' title='bbox 542 3366 743 3422; x_wconf 82' lang='lat' dir='ltr'><strong>Sancta</strong></span> <span class='ocrx_word' id='word_1_171' title='bbox 770 3364 1010 3436; x_wconf 87' lang='lat' dir='ltr'><strong>Brigida,</strong></span> <span class='ocrx_word' id='word_1_172' title='bbox 1036 3376 1131 3416; x_wconf 84' lang='lat' dir='ltr'><strong>ora</strong></span> <span class='ocrx_word' id='word_1_173' title='bbox 1157 3375 1254 3430; x_wconf 84' lang='lat' dir='ltr'><strong>pro</strong></span> <span class='ocrx_word' id='word_1_174' title='bbox 1275 3359 1452 3414; x_wconf 89' lang='lat' dir='ltr'><strong>nobis.</strong></span> 
     </span>
    </p>
   </div>
   <div class='ocr_carea' id='block_1_34' title="bbox 539 3452 1911 3531">
    <p class='ocr_par' dir='ltr' id='par_1_34' title="bbox 539 3452 1911 3531">
     <span class='ocr_line' id='line_1_34' title="bbox 539 3452 1911 3531; baseline -0.006 -17"><span class='ocrx_word' id='word_1_175' title='bbox 539 3459 647 3531; x_wconf 79' lang='lat'><strong><em>63</em></strong></span> <span class='ocrx_word' id='word_1_176' title='bbox 686 3458 886 3514; x_wconf 85' lang='lat' dir='ltr'><strong>Omnes</strong></span> <span class='ocrx_word' id='word_1_177' title='bbox 915 3462 1117 3510; x_wconf 69' lang='lat' dir='ltr'><strong>sanctae</strong></span> <span class='ocrx_word' id='word_1_178' title='bbox 1151 3452 1407 3523; x_wconf 77' lang='lat' dir='ltr'><strong>virgines,</strong></span> <span class='ocrx_word' id='word_1_179' title='bbox 1440 3459 1593 3506; x_wconf 89' lang='lat' dir='ltr'><strong>orate</strong></span> <span class='ocrx_word' id='word_1_180' title='bbox 1615 3466 1714 3525; x_wconf 92' lang='lat' dir='ltr'><strong>pro</strong></span> <span class='ocrx_word' id='word_1_181' title='bbox 1737 3452 1911 3523; x_wconf 89' lang='lat' dir='ltr'><strong>nobis.</strong></span> 
     </span>
    </p>
   </div>
   <div class='ocr_carea' id='block_1_35' title="bbox 540 3542 1670 3620">
    <p class='ocr_par' dir='ltr' id='par_1_35' title="bbox 540 3542 1670 3620">
     <span class='ocr_line' id='line_1_35' title="bbox 540 3542 1670 3620; baseline -0.006 -15"><span class='ocrx_word' id='word_1_182' title='bbox 540 3549 813 3620; x_wconf 79' lang='lat' dir='ltr'><strong>Pronitins</strong></span> <span class='ocrx_word' id='word_1_183' title='bbox 837 3556 953 3602; x_wconf 90' lang='lat' dir='ltr'><strong>esto</strong></span> <span class='ocrx_word' id='word_1_184' title='bbox 973 3587 988 3612; x_wconf 91' lang='lat'><strong>,</strong></span> <span class='ocrx_word' id='word_1_185' title='bbox 1014 3560 1179 3616; x_wconf 89' lang='lat' dir='ltr'><strong>parce</strong></span> <span class='ocrx_word' id='word_1_186' title='bbox 1209 3544 1386 3608; x_wconf 87' lang='lat' dir='ltr'><strong>nobis,</strong></span> <span class='ocrx_word' id='word_1_187' title='bbox 1420 3542 1670 3598; x_wconf 90' lang='lat' dir='ltr'><strong>Domine.</strong></span> 
     </span>
    </p>
   </div>
   <div class='ocr_carea' id='block_1_36' title="bbox 539 3636 1597 3712">
    <p class='ocr_par' dir='ltr' id='par_1_36' title="bbox 539 3636 1597 3712">
     <span class='ocr_line' id='line_1_36' title="bbox 539 3636 1597 3712; baseline -0.009 -14"><span class='ocrx_word' id='word_1_188' title='bbox 539 3643 814 3712; x_wconf 87' lang='lat' dir='ltr'><strong>Propitius</strong></span> <span class='ocrx_word' id='word_1_189' title='bbox 839 3649 978 3704; x_wconf 87' lang='lat' dir='ltr'><strong>esto,</strong></span> <span class='ocrx_word' id='word_1_190' title='bbox 1010 3638 1178 3693; x_wconf 92' lang='lat' dir='ltr'><strong>libera</strong></span> <span class='ocrx_word' id='word_1_191' title='bbox 1203 3651 1323 3702; x_wconf 90' lang='lat' dir='ltr'><strong>nos,</strong></span> <span class='ocrx_word' id='word_1_192' title='bbox 1352 3636 1597 3691; x_wconf 90' lang='lat' dir='ltr'><strong>Domine.</strong></span> 
     </span>
    </p>
   </div>
   <div class='ocr_carea' id='block_1_37' title="bbox 539 3730 1627 3799">
    <p class='ocr_par' dir='ltr' id='par_1_37' title="bbox 539 3730 1627 3799">
     <span class='ocr_line' id='line_1_37' title="bbox 539 3730 1627 3799; baseline -0.007 -7"><span class='ocrx_word' id='word_1_193' title='bbox 539 3739 622 3794; x_wconf 86' lang='lat' dir='ltr'><strong>Ab</strong></span> <span class='ocrx_word' id='word_1_194' title='bbox 651 3735 797 3792; x_wconf 91' lang='lat' dir='ltr'><strong>omni</strong></span> <span class='ocrx_word' id='word_1_195' title='bbox 820 3734 991 3799; x_wconf 92' lang='lat' dir='ltr'><strong>malo,</strong></span> <span class='ocrx_word' id='word_1_196' title='bbox 1015 3733 1183 3789; x_wconf 89' lang='lat' dir='ltr'><strong>libera</strong></span> <span class='ocrx_word' id='word_1_197' title='bbox 1212 3748 1330 3796; x_wconf 91' lang='lat' dir='ltr'><strong>nos,</strong></span> <span class='ocrx_word' id='word_1_198' title='bbox 1380 3730 1627 3785; x_wconf 89' lang='lat' dir='ltr'><strong>Domine.</strong></span> 
     </span>
    </p>
   </div>
   <div class='ocr_carea' id='block_1_38' title="bbox 538 3825 1763 3893">
    <p class='ocr_par' dir='ltr' id='par_1_38' title="bbox 538 3825 1763 3893">
     <span class='ocr_line' id='line_1_38' title="bbox 538 3825 1763 3893; baseline -0.006 -6"><span class='ocrx_word' id='word_1_199' title='bbox 538 3834 620 3888; x_wconf 82' lang='lat' dir='ltr'><strong>Ab</strong></span> <span class='ocrx_word' id='word_1_200' title='bbox 648 3831 795 3887; x_wconf 90' lang='lat' dir='ltr'><strong>omni</strong></span> <span class='ocrx_word' id='word_1_201' title='bbox 830 3829 1145 3893; x_wconf 87' lang='lat' dir='ltr'><strong>tentatione,</strong></span> <span class='ocrx_word' id='word_1_202' title='bbox 1171 3826 1340 3882; x_wconf 88' lang='lat' dir='ltr'><strong>libera</strong></span> <span class='ocrx_word' id='word_1_203' title='bbox 1369 3842 1486 3891; x_wconf 92' lang='lat' dir='ltr'><strong>nos,</strong></span> <span class='ocrx_word' id='word_1_204' title='bbox 1520 3825 1763 3881; x_wconf 91' lang='lat' dir='ltr'><strong>Domine.</strong></span> 
     </span>
    </p>
   </div>
   <div class='ocr_carea' id='block_1_39' title="bbox 536 3916 1976 3994">
    <p class='ocr_par' dir='ltr' id='par_1_39' title="bbox 536 3916 1976 3994">
     <span class='ocr_line' id='line_1_39' title="bbox 536 3916 1976 3994; baseline -0.006 -15"><span class='ocrx_word' id='word_1_205' title='bbox 536 3926 619 3985; x_wconf 72' lang='lat' dir='ltr'><strong>Ab</strong></span> <span class='ocrx_word' id='word_1_206' title='bbox 649 3924 794 3978; x_wconf 91' lang='lat' dir='ltr'><strong>omni</strong></span> <span class='ocrx_word' id='word_1_207' title='bbox 821 3922 1151 3994; x_wconf 81' lang='lat' dir='ltr'><strong>cogitatione</strong></span> <span class='ocrx_word' id='word_1_208' title='bbox 1180 3919 1339 3983; x_wconf 88' lang='lat' dir='ltr'><strong>mala,</strong></span> <span class='ocrx_word' id='word_1_209' title='bbox 1376 3918 1545 3972; x_wconf 89' lang='lat' dir='ltr'><strong>libera</strong></span> <span class='ocrx_word' id='word_1_210' title='bbox 1582 3932 1702 3982; x_wconf 92' lang='lat' dir='ltr'><strong>nos,</strong></span> <span class='ocrx_word' id='word_1_211' title='bbox 1730 3916 1976 3973; x_wconf 90' lang='lat' dir='ltr'><strong>Domine.</strong></span> 
     </span>
    </p>
   </div>
   <div class='ocr_carea' id='block_1_40' title="bbox 537 4012 1756 4088">
    <p class='ocr_par' dir='ltr' id='par_1_40' title="bbox 537 4012 1756 4088">
     <span class='ocr_line' id='line_1_40' title="bbox 537 4012 1756 4088; baseline -0.009 -13"><span class='ocrx_word' id='word_1_212' title='bbox 537 4021 619 4075; x_wconf 84' lang='lat' dir='ltr'><strong>Ab</strong></span> <span class='ocrx_word' id='word_1_213' title='bbox 648 4019 795 4074; x_wconf 90' lang='lat' dir='ltr'><strong>omni</strong></span> <span class='ocrx_word' id='word_1_214' title='bbox 828 4018 1133 4088; x_wconf 83' lang='lat' dir='ltr'><strong>iniquitate,</strong></span> <span class='ocrx_word' id='word_1_215' title='bbox 1160 4014 1330 4069; x_wconf 88' lang='lat' dir='ltr'><strong>libera</strong></span> <span class='ocrx_word' id='word_1_216' title='bbox 1362 4028 1481 4076; x_wconf 91' lang='lat' dir='ltr'><strong>nos,</strong></span> <span class='ocrx_word' id='word_1_217' title='bbox 1512 4012 1756 4067; x_wconf 90' lang='lat' dir='ltr'><strong>Domine.</strong></span> 
     </span>
    </p>
   </div>
   <div class='ocr_carea' id='block_1_41' title="bbox 536 4102 2046 4174">
    <p class='ocr_par' dir='ltr' id='par_1_41' title="bbox 536 4102 2046 4174">
     <span class='ocr_line' id='line_1_41' title="bbox 536 4102 2046 4174; baseline -0.007 -7"><span class='ocrx_word' id='word_1_218' title='bbox 536 4112 617 4167; x_wconf 83' lang='lat' dir='ltr'><strong>Ab</strong></span> <span class='ocrx_word' id='word_1_219' title='bbox 645 4112 794 4167; x_wconf 88' lang='lat' dir='ltr'><strong>omni</strong></span> <span class='ocrx_word' id='word_1_220' title='bbox 829 4107 1168 4164; x_wconf 89' lang='lat' dir='ltr'><strong>immunditia</strong></span> <span class='ocrx_word' id='word_1_221' title='bbox 1206 4105 1388 4164; x_wconf 86' lang='lat' dir='ltr'><strong>cordis</strong></span> <span class='ocrx_word' id='word_1_222' title='bbox 1434 4112 1490 4159; x_wconf 91' lang='lat' dir='ltr'><strong>et</strong></span> <span class='ocrx_word' id='word_1_223' title='bbox 1533 4104 1810 4174; x_wconf 86' lang='lat' dir='ltr'><strong>corporis,</strong></span> <span class='ocrx_word' id='word_1_224' title='bbox 1874 4102 2046 4159; x_wconf 73' lang='lat' dir='ltr'><strong>libera</strong></span> 
     </span>
    </p>
   </div>
   <div class='ocr_carea' id='block_1_42' title="bbox 467 4190 1311 4277">
    <p class='ocr_par' dir='ltr' id='par_1_42' title="bbox 467 4190 1311 4277">
     <span class='ocr_line' id='line_1_42' title="bbox 467 4190 1311 4277; baseline -0.015 -16"><span class='ocrx_word' id='word_1_225' title='bbox 467 4221 588 4269; x_wconf 88' lang='lat' dir='ltr'><strong>nos,</strong></span> <span class='ocrx_word' id='word_1_226' title='bbox 616 4204 859 4259; x_wconf 88' lang='lat' dir='ltr'><strong>Domine.</strong></span> <span class='ocrx_word' id='word_1_227' title='bbox 950 4276 953 4277; x_wconf 14' lang='grc' dir='ltr'><em>ν</em></span> <span class='ocrx_word' id='word_1_228' title='bbox 1306 4190 1311 4195; x_wconf 71' lang='grc'><em>’</em></span> 
     </span>
    </p>
   </div>
   <div class='ocr_carea' id='block_1_43' title="bbox 542 4289 1725 4356">
    <p class='ocr_par' dir='ltr' id='par_1_43' title="bbox 542 4289 1725 4356">
     <span class='ocr_line' id='line_1_43' title="bbox 542 4289 1725 4356; baseline -0.007 -5"><span class='ocrx_word' id='word_1_229' title='bbox 542 4299 644 4352; x_wconf 88' lang='lat' dir='ltr'><strong>Per</strong></span> <span class='ocrx_word' id='word_1_230' title='bbox 679 4311 895 4350; x_wconf 88' lang='lat' dir='ltr'><strong>crucem</strong></span> <span class='ocrx_word' id='word_1_231' title='bbox 926 4303 1096 4353; x_wconf 87' lang='lat' dir='ltr'><strong>tuam.</strong></span> <span class='ocrx_word' id='word_1_232' title='bbox 1132 4293 1298 4347; x_wconf 85' lang='lat' dir='ltr'><strong>libera</strong></span> <span class='ocrx_word' id='word_1_233' title='bbox 1326 4307 1447 4356; x_wconf 91' lang='lat' dir='ltr'><strong>nos,</strong></span> <span class='ocrx_word' id='word_1_234' title='bbox 1480 4289 1725 4344; x_wconf 90' lang='lat' dir='ltr'><strong>Domine.</strong></span> 
     </span>
    </p>
   </div>
   <div class='ocr_carea' id='block_1_44' title="bbox 539 4384 1552 4454">
    <p class='ocr_par' dir='ltr' id='par_1_44' title="bbox 539 4384 1552 4454">
     <span class='ocr_line' id='line_1_44' title="bbox 539 4384 1552 4454; baseline -0.007 -11"><span class='ocrx_word' id='word_1_235' title='bbox 539 4389 885 4452; x_wconf 90' lang='lat' dir='ltr'><strong>Peccatores,</strong></span> <span class='ocrx_word' id='word_1_236' title='bbox 911 4394 963 4439; x_wconf 89' lang='lat' dir='ltr'><strong>te</strong></span> <span class='ocrx_word' id='word_1_237' title='bbox 994 4400 1251 4454; x_wconf 81' lang='lat' dir='ltr'><strong>rogamus</strong></span> <span class='ocrx_word' id='word_1_238' title='bbox 1277 4384 1400 4438; x_wconf 89' lang='lat' dir='ltr'><strong>audi</strong></span> <span class='ocrx_word' id='word_1_239' title='bbox 1433 4398 1552 4437; x_wconf 91' lang='lat' dir='ltr'><strong>nos.</strong></span> 
     </span>
    </p>
   </div>
   <div class='ocr_carea' id='block_1_45' title="bbox 1352 308 2931 369">
    <p class='ocr_par' dir='ltr' id='par_1_45' title="bbox 1352 308 2931 369">
     <span class='ocr_line' id='line_1_45' title="bbox 1352 308 2931 369; baseline 0 -3"><span class='ocrx_word' id='word_1_240' title='bbox 1352 313 1411 367; x_wconf 85' lang='grc' dir='ltr'><strong>Β.</strong></span> <span class='ocrx_word' id='word_1_241' title='bbox 1454 310 1516 367; x_wconf 81' lang='lat' dir='ltr'><strong>F.</strong></span> <span class='ocrx_word' id='word_1_242' title='bbox 1557 311 1783 369; x_wconf 79' lang='lat' dir='ltr'><strong>ALBINI</strong></span> <span class='ocrx_word' id='word_1_243' title='bbox 1820 309 1951 368; x_wconf 87' lang='lat' dir='ltr'><strong>SEU</strong></span> <span class='ocrx_word' id='word_1_244' title='bbox 1988 308 2263 367; x_wconf 71' lang='lat' dir='ltr'><strong>ALCUlNl</strong></span> <span class='ocrx_word' id='word_1_245' title='bbox 2302 310 2586 369; x_wconf 80' lang='lat' dir='ltr'><strong>OPERUM</strong></span> <span class='ocrx_word' id='word_1_246' title='bbox 2627 313 2803 368; x_wconf 75' lang='lat' dir='ltr'><strong>PARS</strong></span> <span class='ocrx_word' id='word_1_247' title='bbox 2841 312 2931 367; x_wconf 77' lang='lat' dir='ltr'><strong>IV.</strong></span> 
     </span>
    </p>
   </div>
   <div class='ocr_carea' id='block_1_46' title="bbox 2100 404 3749 495">
    <p class='ocr_par' dir='ltr' id='par_1_46' title="bbox 2100 404 3749 495">
     <span class='ocr_line' id='line_1_46' title="bbox 2100 404 3749 495; baseline 0.002 -35"><span class='ocrx_word' id='word_1_248' title='bbox 2100 410 2313 495; x_wconf 69' lang='lat' dir='ltr'><strong>Anam</strong></span> <span class='ocrx_word' id='word_1_249' title='bbox 2365 407 2645 478; x_wconf 80' lang='lat' dir='ltr'><strong>digneris,</strong></span> <span class='ocrx_word' id='word_1_250' title='bbox 2705 408 2929 465; x_wconf 88' lang='lat' dir='ltr'><strong>Domine</strong></span> <span class='ocrx_word' id='word_1_251' title='bbox 2978 404 3103 463; x_wconf 74' lang='lat' dir='ltr'><strong>Iesu</strong></span> <span class='ocrx_word' id='word_1_252' title='bbox 3134 446 3151 473; x_wconf 96' lang='lat'><strong>,</strong></span> <span class='ocrx_word' id='word_1_253' title='bbox 3213 408 3267 460; x_wconf 86' lang='lat' dir='ltr'><strong>te</strong></span> <span class='ocrx_word' id='word_1_254' title='bbox 3320 421 3574 476; x_wconf 81' lang='lat' dir='ltr'><strong>rogamus</strong></span> <span class='ocrx_word' id='word_1_255' title='bbox 3630 410 3749 465; x_wconf 84' lang='lat' dir='ltr'><strong>audi</strong></span> 
     </span>
    </p>
   </div>
   <div class='ocr_carea' id='block_1_47' title="bbox 2182 514 2299 553">
    <p class='ocr_par' dir='ltr' id='par_1_47' title="bbox 2182 514 2299 553">
     <span class='ocr_line' id='line_1_47' title="bbox 2182 514 2299 553; baseline 0 -2"><span class='ocrx_word' id='word_1_256' title='bbox 2182 514 2299 553; x_wconf 90' lang='lat' dir='ltr'><strong>nos.</strong></span> 
     </span>
    </p>
   </div>
   <div class='ocr_carea' id='block_1_48' title="bbox 2254 589 3745 647">
    <p class='ocr_par' dir='ltr' id='par_1_48' title="bbox 2254 589 3745 647">
     <span class='ocr_line' id='line_1_48' title="bbox 2254 589 3745 647; baseline -0.003 -3"><span class='ocrx_word' id='word_1_257' title='bbox 2254 589 2321 644; x_wconf 88' lang='lat' dir='ltr'><strong>Ut</strong></span> <span class='ocrx_word' id='word_1_258' title='bbox 2367 599 2610 644; x_wconf 90' lang='lat' dir='ltr'><strong>sanctam</strong></span> <span class='ocrx_word' id='word_1_259' title='bbox 2646 592 2969 645; x_wconf 88' lang='lat' dir='ltr'><strong>charitatem</strong></span> <span class='ocrx_word' id='word_1_260' title='bbox 3020 598 3165 647; x_wconf 86' lang='lat' dir='ltr'><strong>tuam</strong></span> <span class='ocrx_word' id='word_1_261' title='bbox 3216 591 3373 645; x_wconf 91' lang='lat' dir='ltr'><strong>nobis</strong></span> <span class='ocrx_word' id='word_1_262' title='bbox 3419 590 3621 645; x_wconf 90' lang='lat' dir='ltr'><strong>donare</strong></span> <span class='ocrx_word' id='word_1_263' title='bbox 3672 591 3745 646; x_wconf 71' lang='lat' dir='ltr'><strong>di.</strong></span> 
     </span>
    </p>
   </div>
   <div class='ocr_carea' id='block_1_49' title="bbox 2178 680 3533 754">
    <p class='ocr_par' dir='ltr' id='par_1_49' title="bbox 2178 680 3533 754">
     <span class='ocr_line' id='line_1_49' title="bbox 2178 680 3533 754; baseline -0.001 -20"><span class='ocrx_word' id='word_1_264' title='bbox 2178 681 2359 749; x_wconf 86' lang='lat' dir='ltr'><strong>gneris</strong></span> <span class='ocrx_word' id='word_1_265' title='bbox 2384 722 2398 745; x_wconf 92' lang='lat'><strong>,</strong></span> <span class='ocrx_word' id='word_1_266' title='bbox 2451 682 2675 736; x_wconf 92' lang='lat' dir='ltr'><strong>Domine</strong></span> <span class='ocrx_word' id='word_1_267' title='bbox 2701 680 2824 736; x_wconf 86' lang='lat' dir='ltr'><strong>Jesu</strong></span> <span class='ocrx_word' id='word_1_268' title='bbox 2847 724 2860 746; x_wconf 95' lang='lat'><strong>,</strong></span> <span class='ocrx_word' id='word_1_269' title='bbox 2900 692 2950 735; x_wconf 92' lang='lat' dir='ltr'><strong>te</strong></span> <span class='ocrx_word' id='word_1_270' title='bbox 2984 696 3235 754; x_wconf 79' lang='lat' dir='ltr'><strong>rogamus</strong></span> <span class='ocrx_word' id='word_1_271' title='bbox 3264 681 3388 735; x_wconf 91' lang='lat' dir='ltr'><strong>audi</strong></span> <span class='ocrx_word' id='word_1_272' title='bbox 3417 696 3533 735; x_wconf 92' lang='lat' dir='ltr'><strong>nos.</strong></span> 
     </span>
    </p>
   </div>
   <div class='ocr_carea' id='block_1_50' title="bbox 2247 772 3746 845">
    <p class='ocr_par' dir='ltr' id='par_1_50' title="bbox 2247 772 3746 845">
     <span class='ocr_line' id='line_1_50' title="bbox 2247 772 3746 845; baseline 0 -17"><span class='ocrx_word' id='word_1_273' title='bbox 2247 774 2317 829; x_wconf 90' lang='lat' dir='ltr'><strong>Ut</strong></span> <span class='ocrx_word' id='word_1_274' title='bbox 2343 775 2501 828; x_wconf 84' lang='lat' dir='ltr'><strong>tidem</strong></span> <span class='ocrx_word' id='word_1_275' title='bbox 2532 783 2733 828; x_wconf 90' lang='lat' dir='ltr'><strong>rectam</strong></span> <span class='ocrx_word' id='word_1_276' title='bbox 2771 776 2926 830; x_wconf 90' lang='lat' dir='ltr'><strong>nobis</strong></span> <span class='ocrx_word' id='word_1_277' title='bbox 2975 775 3178 829; x_wconf 85' lang='lat' dir='ltr'><strong>donare</strong></span> <span class='ocrx_word' id='word_1_278' title='bbox 3221 773 3484 845; x_wconf 83' lang='lat' dir='ltr'><strong>digneris,</strong></span> <span class='ocrx_word' id='word_1_279' title='bbox 3524 772 3746 829; x_wconf 90' lang='lat' dir='ltr'><strong>Domine</strong></span> 
     </span>
    </p>
   </div>
   <div class='ocr_carea' id='block_1_51' title="bbox 2173 863 3002 935">
    <p class='ocr_par' dir='ltr' id='par_1_51' title="bbox 2173 863 3002 935">
     <span class='ocr_line' id='line_1_51' title="bbox 2173 863 3002 935; baseline 0 -16"><span class='ocrx_word' id='word_1_280' title='bbox 2173 863 2322 931; x_wconf 85' lang='lat' dir='ltr'><strong>Jesu,</strong></span> <span class='ocrx_word' id='word_1_281' title='bbox 2354 874 2406 920; x_wconf 86' lang='lat' dir='ltr'><strong>te</strong></span> <span class='ocrx_word' id='word_1_282' title='bbox 2442 881 2697 935; x_wconf 85' lang='lat' dir='ltr'><strong>rogamus</strong></span> <span class='ocrx_word' id='word_1_283' title='bbox 2732 866 2854 919; x_wconf 89' lang='lat' dir='ltr'><strong>audi</strong></span> <span class='ocrx_word' id='word_1_284' title='bbox 2886 882 3002 921; x_wconf 90' lang='lat' dir='ltr'><strong>nos.</strong></span> 
     </span>
    </p>
   </div>
   <div class='ocr_carea' id='block_1_52' title="bbox 2247 957 3746 1027">
    <p class='ocr_par' dir='ltr' id='par_1_52' title="bbox 2247 957 3746 1027">
     <span class='ocr_line' id='line_1_52' title="bbox 2247 957 3746 1027; baseline 0 -15"><span class='ocrx_word' id='word_1_285' title='bbox 2247 957 2314 1012; x_wconf 87' lang='lat' dir='ltr'><strong>Ut</strong></span> <span class='ocrx_word' id='word_1_286' title='bbox 2351 972 2501 1027; x_wconf 87' lang='lat' dir='ltr'><strong>spem</strong></span> <span class='ocrx_word' id='word_1_287' title='bbox 2560 958 2772 1011; x_wconf 81' lang='lat' dir='ltr'><strong>ﬁrmam</strong></span> <span class='ocrx_word' id='word_1_288' title='bbox 2826 957 2879 1012; x_wconf 90' lang='lat' dir='ltr'><strong>in</strong></span> <span class='ocrx_word' id='word_1_289' title='bbox 2930 965 3020 1011; x_wconf 92' lang='lat' dir='ltr'><strong>tua</strong></span> <span class='ocrx_word' id='word_1_290' title='bbox 3064 957 3308 1011; x_wconf 86' lang='lat' dir='ltr'><strong>bonitate</strong></span> <span class='ocrx_word' id='word_1_291' title='bbox 3354 957 3507 1012; x_wconf 92' lang='lat' dir='ltr'><strong>nobis</strong></span> <span class='ocrx_word' id='word_1_292' title='bbox 3549 957 3746 1012; x_wconf 89' lang='lat' dir='ltr'><strong>donare</strong></span> 
     </span>
    </p>
   </div>
   <div class='ocr_carea' id='block_1_53' title="bbox 2174 1052 3534 1123">
    <p class='ocr_par' dir='ltr' id='par_1_53' title="bbox 2174 1052 3534 1123">
     <span class='ocr_line' id='line_1_53' title="bbox 2174 1052 3534 1123; baseline -0.001 -16"><span class='ocrx_word' id='word_1_293' title='bbox 2174 1053 2440 1123; x_wconf 87' lang='lat' dir='ltr'><strong>digneris,</strong></span> <span class='ocrx_word' id='word_1_294' title='bbox 2480 1053 2705 1107; x_wconf 88' lang='lat' dir='ltr'><strong>Domine</strong></span> <span class='ocrx_word' id='word_1_295' title='bbox 2732 1052 2880 1117; x_wconf 87' lang='lat' dir='ltr'><strong>Jesu,</strong></span> <span class='ocrx_word' id='word_1_296' title='bbox 2916 1061 2967 1107; x_wconf 94' lang='lat' dir='ltr'><strong>te</strong></span> <span class='ocrx_word' id='word_1_297' title='bbox 2992 1067 3244 1122; x_wconf 90' lang='lat' dir='ltr'><strong>rogamus</strong></span> <span class='ocrx_word' id='word_1_298' title='bbox 3267 1052 3389 1107; x_wconf 88' lang='lat' dir='ltr'><strong>audi</strong></span> <span class='ocrx_word' id='word_1_299' title='bbox 3418 1068 3534 1107; x_wconf 88' lang='lat' dir='ltr'><strong>nos.</strong></span> 
     </span>
    </p>
   </div>
   <div class='ocr_carea' id='block_1_54' title="bbox 2243 1143 3747 1215">
    <p class='ocr_par' dir='ltr' id='par_1_54' title="bbox 2243 1143 3747 1215">
     <span class='ocr_line' id='line_1_54' title="bbox 2243 1143 3747 1215; baseline -0.001 -13"><span class='ocrx_word' id='word_1_300' title='bbox 2243 1146 2315 1202; x_wconf 90' lang='lat' dir='ltr'><strong>Ut</strong></span> <span class='ocrx_word' id='word_1_301' title='bbox 2335 1147 2498 1200; x_wconf 79' lang='lat' dir='ltr'><strong>vitam</strong></span> <span class='ocrx_word' id='word_1_302' title='bbox 2529 1154 2789 1200; x_wconf 62' lang='lat' dir='ltr'><strong>aeternam</strong></span> <span class='ocrx_word' id='word_1_303' title='bbox 2818 1146 2975 1200; x_wconf 91' lang='lat' dir='ltr'><strong>nobis</strong></span> <span class='ocrx_word' id='word_1_304' title='bbox 3000 1145 3204 1200; x_wconf 89' lang='lat' dir='ltr'><strong>donare</strong></span> <span class='ocrx_word' id='word_1_305' title='bbox 3230 1144 3488 1215; x_wconf 83' lang='lat' dir='ltr'><strong>digneris,</strong></span> <span class='ocrx_word' id='word_1_306' title='bbox 3524 1143 3747 1201; x_wconf 89' lang='lat' dir='ltr'><strong>Domine</strong></span> 
     </span>
    </p>
   </div>
   <div class='ocr_carea' id='block_1_55' title="bbox 2171 1238 2982 1310">
    <p class='ocr_par' dir='ltr' id='par_1_55' title="bbox 2171 1238 2982 1310">
     <span class='ocr_line' id='line_1_55' title="bbox 2171 1238 2982 1310; baseline -0.001 -17"><span class='ocrx_word' id='word_1_307' title='bbox 2171 1238 2319 1306; x_wconf 88' lang='lat' dir='ltr'><strong>Jesu,</strong></span> <span class='ocrx_word' id='word_1_308' title='bbox 2347 1248 2397 1294; x_wconf 91' lang='lat' dir='ltr'><strong>te</strong></span> <span class='ocrx_word' id='word_1_309' title='bbox 2427 1256 2683 1310; x_wconf 89' lang='lat' dir='ltr'><strong>rogamus</strong></span> <span class='ocrx_word' id='word_1_310' title='bbox 2710 1240 2833 1293; x_wconf 91' lang='lat' dir='ltr'><strong>audi</strong></span> <span class='ocrx_word' id='word_1_311' title='bbox 2864 1254 2982 1293; x_wconf 92' lang='lat' dir='ltr'><strong>nos.</strong></span> 
     </span>
    </p>
   </div>
   <div class='ocr_carea' id='block_1_56' title="bbox 2243 1329 3747 1401">
    <p class='ocr_par' dir='ltr' id='par_1_56' title="bbox 2243 1329 3747 1401">
     <span class='ocr_line' id='line_1_56' title="bbox 2243 1329 3747 1401; baseline -0.002 -13"><span class='ocrx_word' id='word_1_312' title='bbox 2243 1334 2313 1388; x_wconf 91' lang='lat' dir='ltr'><strong>Ut</strong></span> <span class='ocrx_word' id='word_1_313' title='bbox 2339 1334 2547 1388; x_wconf 90' lang='lat' dir='ltr'><strong>laudem</strong></span> <span class='ocrx_word' id='word_1_314' title='bbox 2575 1342 2765 1387; x_wconf 90' lang='lat' dir='ltr'><strong>sancto</strong></span> <span class='ocrx_word' id='word_1_315' title='bbox 2792 1331 2996 1386; x_wconf 90' lang='lat' dir='ltr'><strong>nomini</strong></span> <span class='ocrx_word' id='word_1_316' title='bbox 3026 1339 3119 1386; x_wconf 90' lang='lat' dir='ltr'><strong>tuo</strong></span> <span class='ocrx_word' id='word_1_317' title='bbox 3150 1329 3306 1385; x_wconf 91' lang='lat' dir='ltr'><strong>nobis</strong></span> <span class='ocrx_word' id='word_1_318' title='bbox 3332 1329 3536 1386; x_wconf 84' lang='lat' dir='ltr'><strong>donare</strong></span> <span class='ocrx_word' id='word_1_319' title='bbox 3562 1329 3747 1401; x_wconf 86' lang='lat' dir='ltr'><strong>digne-</strong></span> 
     </span>
    </p>
   </div>
   <div class='ocr_carea' id='block_1_57' title="bbox 2170 1423 3365 1497">
    <p class='ocr_par' dir='ltr' id='par_1_57' title="bbox 2170 1423 3365 1497">
     <span class='ocr_line' id='line_1_57' title="bbox 2170 1423 3365 1497; baseline -0.003 -15"><span class='ocrx_word' id='word_1_320' title='bbox 2170 1428 2247 1483; x_wconf 89' lang='lat' dir='ltr'><strong>ris</strong></span> <span class='ocrx_word' id='word_1_321' title='bbox 2266 1470 2279 1492; x_wconf 94' lang='lat'><strong>,</strong></span> <span class='ocrx_word' id='word_1_322' title='bbox 2314 1427 2535 1481; x_wconf 90' lang='lat' dir='ltr'><strong>Domine</strong></span> <span class='ocrx_word' id='word_1_323' title='bbox 2557 1425 2704 1490; x_wconf 83' lang='lat' dir='ltr'><strong>Jesu,</strong></span> <span class='ocrx_word' id='word_1_324' title='bbox 2732 1434 2782 1480; x_wconf 89' lang='lat' dir='ltr'><strong>te</strong></span> <span class='ocrx_word' id='word_1_325' title='bbox 2810 1441 3066 1497; x_wconf 85' lang='lat' dir='ltr'><strong>rogamus</strong></span> <span class='ocrx_word' id='word_1_326' title='bbox 3092 1423 3214 1479; x_wconf 91' lang='lat' dir='ltr'><strong>audi</strong></span> <span class='ocrx_word' id='word_1_327' title='bbox 3246 1440 3365 1479; x_wconf 92' lang='lat' dir='ltr'><strong>nos.</strong></span> 
     </span>
    </p>
   </div>
   <div class='ocr_carea' id='block_1_58' title="bbox 2240 1520 3129 1592">
    <p class='ocr_par' dir='ltr' id='par_1_58' title="bbox 2240 1520 3129 1592">
     <span class='ocr_line' id='line_1_58' title="bbox 2240 1520 3129 1592; baseline -0.006 -14"><span class='ocrx_word' id='word_1_328' title='bbox 2240 1524 2338 1578; x_wconf 87' lang='lat' dir='ltr'><strong>Fili</strong></span> <span class='ocrx_word' id='word_1_329' title='bbox 2363 1523 2479 1587; x_wconf 92' lang='lat' dir='ltr'><strong>Dei,</strong></span> <span class='ocrx_word' id='word_1_330' title='bbox 2509 1530 2560 1576; x_wconf 89' lang='lat' dir='ltr'><strong>te</strong></span> <span class='ocrx_word' id='word_1_331' title='bbox 2589 1537 2841 1592; x_wconf 88' lang='lat' dir='ltr'><strong>rogamus</strong></span> <span class='ocrx_word' id='word_1_332' title='bbox 2864 1520 2986 1576; x_wconf 91' lang='lat' dir='ltr'><strong>audi</strong></span> <span class='ocrx_word' id='word_1_333' title='bbox 3012 1535 3129 1574; x_wconf 83' lang='lat' dir='ltr'><strong>nas.</strong></span> 
     </span>
    </p>
   </div>
   <div class='ocr_carea' id='block_1_59' title="bbox 2237 1607 3745 1687">
    <p class='ocr_par' dir='ltr' id='par_1_59' title="bbox 2237 1607 3745 1687">
     <span class='ocr_line' id='line_1_59' title="bbox 2237 1607 3745 1687; baseline -0.003 -18"><span class='ocrx_word' id='word_1_334' title='bbox 2237 1614 2423 1687; x_wconf 85' lang='lat' dir='ltr'><strong>Agnus</strong></span> <span class='ocrx_word' id='word_1_335' title='bbox 2468 1614 2597 1679; x_wconf 89' lang='lat' dir='ltr'><strong>Dei,</strong></span> <span class='ocrx_word' id='word_1_336' title='bbox 2647 1612 2739 1683; x_wconf 89' lang='lat' dir='ltr'><strong>qui</strong></span> <span class='ocrx_word' id='word_1_337' title='bbox 2790 1611 2935 1667; x_wconf 90' lang='lat' dir='ltr'><strong>tollis</strong></span> <span class='ocrx_word' id='word_1_338' title='bbox 2973 1618 3194 1681; x_wconf 89' lang='lat' dir='ltr'><strong>peccata</strong></span> <span class='ocrx_word' id='word_1_339' title='bbox 3236 1607 3458 1675; x_wconf 89' lang='lat' dir='ltr'><strong>mundi,</strong></span> <span class='ocrx_word' id='word_1_340' title='bbox 3487 1608 3745 1665; x_wconf 86' lang='lat' dir='ltr'><strong>miserere</strong></span> 
     </span>
    </p>
   </div>
   <div class='ocr_carea' id='block_1_60' title="bbox 2170 1708 2350 1764">
    <p class='ocr_par' dir='ltr' id='par_1_60' title="bbox 2170 1708 2350 1764">
     <span class='ocr_line' id='line_1_60' title="bbox 2170 1708 2350 1764; baseline 0.006 -1"><span class='ocrx_word' id='word_1_341' title='bbox 2170 1708 2350 1764; x_wconf 92' lang='lat' dir='ltr'><strong>nobis.</strong></span> 
     </span>
    </p>
   </div>
   <div class='ocr_carea' id='block_1_61' title="bbox 2239 1792 3742 1868">
    <p class='ocr_par' dir='ltr' id='par_1_61' title="bbox 2239 1792 3742 1868">
     <span class='ocr_line' id='line_1_61' title="bbox 2239 1792 3742 1868; baseline -0.006 -13"><span class='ocrx_word' id='word_1_342' title='bbox 2239 1800 2451 1855; x_wconf 87' lang='lat' dir='ltr'><strong>Christe</strong></span> <span class='ocrx_word' id='word_1_343' title='bbox 2470 1798 2592 1852; x_wconf 85' lang='lat' dir='ltr'><strong>audi</strong></span> <span class='ocrx_word' id='word_1_344' title='bbox 2621 1812 2738 1852; x_wconf 91' lang='lat' dir='ltr'><strong>nos.</strong></span> <span class='ocrx_word' id='word_1_345' title='bbox 2754 1795 2919 1867; x_wconf 79' lang='lat' dir='ltr'><strong>Kyrie</strong></span> <span class='ocrx_word' id='word_1_346' title='bbox 2942 1794 3167 1862; x_wconf 89' lang='lat' dir='ltr'><strong>eleison,</strong></span> <span class='ocrx_word' id='word_1_347' title='bbox 3190 1793 3353 1868; x_wconf 82' lang='lat' dir='ltr'><strong>Kyrie</strong></span> <span class='ocrx_word' id='word_1_348' title='bbox 3377 1792 3609 1857; x_wconf 89' lang='lat' dir='ltr'><strong>eleison,</strong></span> <span class='ocrx_word' id='word_1_349' title='bbox 3636 1792 3742 1864; x_wconf 66' lang='lat' dir='ltr'><strong>Ity-</strong></span> 
     </span>
    </p>
   </div>
   <div class='ocr_carea' id='block_1_62' title="bbox 2168 1892 2924 1949">
    <p class='ocr_par' dir='ltr' id='par_1_62' title="bbox 2168 1892 2924 1949">
     <span class='ocr_line' id='line_1_62' title="bbox 2168 1892 2924 1949; baseline -0.007 0"><span class='ocrx_word' id='word_1_350' title='bbox 2168 1895 2247 1949; x_wconf 91' lang='lat' dir='ltr'><strong>rie</strong></span> <span class='ocrx_word' id='word_1_351' title='bbox 2274 1894 2495 1948; x_wconf 88' lang='lat' dir='ltr'><strong>eleison.</strong></span> <span class='ocrx_word' id='word_1_352' title='bbox 2526 1892 2689 1947; x_wconf 88' lang='lat' dir='ltr'><strong>Pater</strong></span> <span class='ocrx_word' id='word_1_353' title='bbox 2718 1900 2924 1948; x_wconf 85' lang='lat' dir='ltr'><strong>noster.</strong></span> 
     </span>
    </p>
   </div>
   <div class='ocr_carea' id='block_1_63' title="bbox 2238 1981 3747 2052">
    <p class='ocr_par' dir='ltr' id='par_1_63' title="bbox 2238 1981 3747 2052">
     <span class='ocr_line' id='line_1_63' title="bbox 2238 1981 3747 2052; baseline 0.001 -14"><span class='ocrx_word' id='word_1_354' title='bbox 2238 1985 2492 2040; x_wconf 84' lang='lat' dir='ltr'><strong>Miserere</strong></span> <span class='ocrx_word' id='word_1_355' title='bbox 2517 1986 2642 2049; x_wconf 90' lang='lat' dir='ltr'><strong>mei,</strong></span> <span class='ocrx_word' id='word_1_356' title='bbox 2668 1984 2834 2048; x_wconf 91' lang='lat' dir='ltr'><strong>Deus,</strong></span> <span class='ocrx_word' id='word_1_357' title='bbox 2864 1983 3121 2039; x_wconf 88' lang='lat' dir='ltr'><strong>miserere</strong></span> <span class='ocrx_word' id='word_1_358' title='bbox 3143 1983 3251 2038; x_wconf 91' lang='lat' dir='ltr'><strong>mei</strong></span> <span class='ocrx_word' id='word_1_359' title='bbox 3275 2001 3287 2036; x_wconf 91' lang='lat'><strong>:</strong></span> <span class='ocrx_word' id='word_1_360' title='bbox 3321 1981 3582 2052; x_wconf 89' lang='lat' dir='ltr'><strong>quoniam</strong></span> <span class='ocrx_word' id='word_1_361' title='bbox 3613 1982 3667 2038; x_wconf 88' lang='lat' dir='ltr'><strong>in</strong></span> <span class='ocrx_word' id='word_1_362' title='bbox 3695 1992 3747 2041; x_wconf 82' lang='lat' dir='ltr'><strong>te</strong></span> 
     </span>
    </p>
   </div>
   <div class='ocr_carea' id='block_1_64' title="bbox 2166 2072 3746 2144">
    <p class='ocr_par' dir='ltr' id='par_1_64' title="bbox 2166 2072 3746 2144">
     <span class='ocr_line' id='line_1_64' title="bbox 2166 2072 3746 2144; baseline -0.001 -12"><span class='ocrx_word' id='word_1_363' title='bbox 2166 2076 2388 2132; x_wconf 50' lang='lat' dir='ltr'><strong>conruit</strong></span> <span class='ocrx_word' id='word_1_364' title='bbox 2436 2076 2614 2129; x_wconf 89' lang='lat' dir='ltr'><strong>anima</strong></span> <span class='ocrx_word' id='word_1_365' title='bbox 2647 2082 2796 2129; x_wconf 73' lang='lat' dir='ltr'><strong>mea:</strong></span> <span class='ocrx_word' id='word_1_366' title='bbox 2827 2074 3076 2129; x_wconf 82' lang='lat' dir='ltr'><strong>Exaltare</strong></span> <span class='ocrx_word' id='word_1_367' title='bbox 3106 2090 3269 2144; x_wconf 87' lang='lat' dir='ltr'><strong>super</strong></span> <span class='ocrx_word' id='word_1_368' title='bbox 3298 2073 3464 2128; x_wconf 65' lang='lat' dir='ltr'><strong>caelos</strong></span> <span class='ocrx_word' id='word_1_369' title='bbox 3498 2072 3663 2138; x_wconf 86' lang='lat' dir='ltr'><strong>Deus,</strong></span> <span class='ocrx_word' id='word_1_370' title='bbox 3692 2080 3746 2131; x_wconf 85' lang='lat' dir='ltr'><strong>et</strong></span> 
     </span>
    </p>
   </div>
   <div class='ocr_carea' id='block_1_65' title="bbox 2163 2168 3747 2240">
    <p class='ocr_par' dir='ltr' id='par_1_65' title="bbox 2163 2168 3747 2240">
     <span class='ocr_line' id='line_1_65' title="bbox 2163 2168 3747 2240; baseline -0.004 -13"><span class='ocrx_word' id='word_1_371' title='bbox 2163 2184 2328 2240; x_wconf 73' lang='lat' dir='ltr'><strong>super</strong></span> <span class='ocrx_word' id='word_1_372' title='bbox 2349 2184 2562 2223; x_wconf 77' lang='lat' dir='ltr'><strong>omnem</strong></span> <span class='ocrx_word' id='word_1_373' title='bbox 2586 2180 2788 2223; x_wconf 90' lang='lat' dir='ltr'><strong>terram</strong></span> <span class='ocrx_word' id='word_1_374' title='bbox 2812 2168 3034 2239; x_wconf 86' lang='lat' dir='ltr'><strong>gloriam</strong></span> <span class='ocrx_word' id='word_1_375' title='bbox 3061 2176 3226 2234; x_wconf 89' lang='lat' dir='ltr'><strong>tuam,</strong></span> <span class='ocrx_word' id='word_1_376' title='bbox 3254 2177 3315 2223; x_wconf 89' lang='lat' dir='ltr'><strong>ut</strong></span> <span class='ocrx_word' id='word_1_377' title='bbox 3339 2168 3643 2223; x_wconf 88' lang='lat' dir='ltr'><strong>liberentur</strong></span> <span class='ocrx_word' id='word_1_378' title='bbox 3667 2168 3747 2222; x_wconf 86' lang='lat' dir='ltr'><strong>di-</strong></span> 
     </span>
    </p>
   </div>
   <div class='ocr_carea' id='block_1_66' title="bbox 2164 2257 3744 2330">
    <p class='ocr_par' dir='ltr' id='par_1_66' title="bbox 2164 2257 3744 2330">
     <span class='ocr_line' id='line_1_66' title="bbox 2164 2257 3744 2330; baseline -0.001 -15"><span class='ocrx_word' id='word_1_379' title='bbox 2164 2261 2287 2317; x_wconf 83' lang='lat' dir='ltr'><strong>lecti</strong></span> <span class='ocrx_word' id='word_1_380' title='bbox 2313 2262 2407 2315; x_wconf 84' lang='lat' dir='ltr'><strong>lui.</strong></span> <span class='ocrx_word' id='word_1_381' title='bbox 2438 2258 2664 2328; x_wconf 83' lang='lat' dir='ltr'><strong>Adjutor</strong></span> <span class='ocrx_word' id='word_1_382' title='bbox 2692 2276 2842 2314; x_wconf 92' lang='lat' dir='ltr'><strong>meus</strong></span> <span class='ocrx_word' id='word_1_383' title='bbox 2860 2260 2953 2314; x_wconf 89' lang='lat' dir='ltr'><strong>tibi</strong></span> <span class='ocrx_word' id='word_1_384' title='bbox 2981 2259 3225 2329; x_wconf 88' lang='lat' dir='ltr'><strong>psallam,</strong></span> <span class='ocrx_word' id='word_1_385' title='bbox 3251 2260 3375 2330; x_wconf 86' lang='lat' dir='ltr'><strong>quia</strong></span> <span class='ocrx_word' id='word_1_386' title='bbox 3400 2257 3543 2313; x_wconf 86' lang='lat' dir='ltr'><strong>Deus</strong></span> <span class='ocrx_word' id='word_1_387' title='bbox 3561 2273 3744 2313; x_wconf 87' lang='lat' dir='ltr'><strong>susce-</strong></span> 
     </span>
    </p>
   </div>
   <div class='ocr_carea' id='block_1_67' title="bbox 2162 2347 3743 2425">
    <p class='ocr_par' dir='ltr' id='par_1_67' title="bbox 2162 2347 3743 2425">
     <span class='ocr_line' id='line_1_67' title="bbox 2162 2347 3743 2425; baseline -0.004 -18"><span class='ocrx_word' id='word_1_388' title='bbox 2162 2361 2285 2425; x_wconf 90' lang='lat' dir='ltr'><strong>ptor</strong></span> <span class='ocrx_word' id='word_1_389' title='bbox 2311 2368 2460 2406; x_wconf 90' lang='lat' dir='ltr'><strong>meus</strong></span> <span class='ocrx_word' id='word_1_390' title='bbox 2492 2366 2505 2404; x_wconf 90' lang='lat'><strong>:</strong></span> <span class='ocrx_word' id='word_1_391' title='bbox 2539 2351 2680 2406; x_wconf 91' lang='lat' dir='ltr'><strong>Deus</strong></span> <span class='ocrx_word' id='word_1_392' title='bbox 2709 2366 2861 2405; x_wconf 90' lang='lat' dir='ltr'><strong>meus</strong></span> <span class='ocrx_word' id='word_1_393' title='bbox 2882 2392 2896 2415; x_wconf 94' lang='lat'><strong>,</strong></span> <span class='ocrx_word' id='word_1_394' title='bbox 2927 2350 3297 2406; x_wconf 85' lang='lat' dir='ltr'><strong>misericordia</strong></span> <span class='ocrx_word' id='word_1_395' title='bbox 3340 2364 3478 2402; x_wconf 90' lang='lat' dir='ltr'><strong>mea.</strong></span> <span class='ocrx_word' id='word_1_396' title='bbox 3514 2347 3743 2402; x_wconf 84' lang='lat' dir='ltr'><strong>Benedi-</strong></span> 
     </span>
    </p>
   </div>
   <div class='ocr_carea' id='block_1_68' title="bbox 2164 2438 3745 2511">
    <p class='ocr_par' dir='ltr' id='par_1_68' title="bbox 2164 2438 3745 2511">
     <span class='ocr_line' id='line_1_68' title="bbox 2164 2438 3745 2511; baseline -0.003 -13"><span class='ocrx_word' id='word_1_397' title='bbox 2164 2459 2283 2499; x_wconf 90' lang='lat' dir='ltr'><strong>cam</strong></span> <span class='ocrx_word' id='word_1_398' title='bbox 2316 2442 2601 2496; x_wconf 89' lang='lat' dir='ltr'><strong>Dominum</strong></span> <span class='ocrx_word' id='word_1_399' title='bbox 2654 2443 2705 2495; x_wconf 89' lang='lat' dir='ltr'><strong>in</strong></span> <span class='ocrx_word' id='word_1_400' title='bbox 2738 2441 2885 2495; x_wconf 92' lang='lat' dir='ltr'><strong>omni</strong></span> <span class='ocrx_word' id='word_1_401' title='bbox 2916 2451 3156 2511; x_wconf 88' lang='lat' dir='ltr'><strong>tempore</strong></span> <span class='ocrx_word' id='word_1_402' title='bbox 3194 2458 3205 2493; x_wconf 89' lang='lat'><strong>:</strong></span> <span class='ocrx_word' id='word_1_403' title='bbox 3236 2454 3451 2510; x_wconf 87' lang='lat' dir='ltr'><strong>semper</strong></span> <span class='ocrx_word' id='word_1_404' title='bbox 3479 2438 3598 2494; x_wconf 88' lang='lat' dir='ltr'><strong>laus</strong></span> <span class='ocrx_word' id='word_1_405' title='bbox 3626 2438 3745 2508; x_wconf 81' lang='lat' dir='ltr'><strong>ejus</strong></span> 
     </span>
    </p>
   </div>
   <div class='ocr_carea' id='block_1_69' title="bbox 2164 2531 3742 2599">
    <p class='ocr_par' dir='ltr' id='par_1_69' title="bbox 2164 2531 3742 2599">
     <span class='ocr_line' id='line_1_69' title="bbox 2164 2531 3742 2599; baseline -0.004 -8"><span class='ocrx_word' id='word_1_406' title='bbox 2164 2538 2219 2592; x_wconf 93' lang='lat' dir='ltr'><strong>in</strong></span> <span class='ocrx_word' id='word_1_407' title='bbox 2249 2552 2342 2591; x_wconf 89' lang='lat' dir='ltr'><strong>ore</strong></span> <span class='ocrx_word' id='word_1_408' title='bbox 2366 2551 2503 2590; x_wconf 88' lang='lat' dir='ltr'><strong>meo.</strong></span> <span class='ocrx_word' id='word_1_409' title='bbox 2525 2535 2775 2599; x_wconf 87' lang='lat' dir='ltr'><strong>Domine,</strong></span> <span class='ocrx_word' id='word_1_410' title='bbox 2793 2535 2987 2589; x_wconf 82' lang='lat' dir='ltr'><strong>exaudi</strong></span> <span class='ocrx_word' id='word_1_411' title='bbox 3006 2534 3308 2590; x_wconf 89' lang='lat' dir='ltr'><strong>orationem</strong></span> <span class='ocrx_word' id='word_1_412' title='bbox 3333 2548 3528 2597; x_wconf 89' lang='lat' dir='ltr'><strong>meam,</strong></span> <span class='ocrx_word' id='word_1_413' title='bbox 3554 2542 3609 2588; x_wconf 93' lang='lat' dir='ltr'><strong>et</strong></span> <span class='ocrx_word' id='word_1_414' title='bbox 3630 2531 3742 2587; x_wconf 87' lang='lat' dir='ltr'><strong>cla-</strong></span> 
     </span>
    </p>
   </div>
   <div class='ocr_carea' id='block_1_70' title="bbox 2165 2606 2861 2684">
    <p class='ocr_par' dir='ltr' id='par_1_70' title="bbox 2165 2606 2861 2684">
     <span class='ocr_line' id='line_1_70' title="bbox 2165 2606 2861 2684; baseline 0 0"><span class='ocrx_word' id='word_1_415' title='bbox 2165 2646 2283 2684; x_wconf 93' lang='lat' dir='ltr'><strong>mor</strong></span> <span class='ocrx_word' id='word_1_416' title='bbox 2308 2646 2459 2684; x_wconf 91' lang='lat' dir='ltr'><strong>mens</strong></span> <span class='ocrx_word' id='word_1_417' title='bbox 2488 2630 2553 2683; x_wconf 89' lang='lat' dir='ltr'><strong>ad</strong></span> <span class='ocrx_word' id='word_1_418' title='bbox 2584 2639 2635 2683; x_wconf 92' lang='lat' dir='ltr'><strong>te</strong></span> <span class='ocrx_word' id='word_1_419' title='bbox 2662 2606 2861 2684; x_wconf 60' lang='lat' dir='ltr'><strong>veniat:</strong></span> 
     </span>
    </p>
   </div>
   <div class='ocr_carea' id='block_1_71' title="bbox 2234 2718 3779 2785">
    <p class='ocr_par' dir='ltr' id='par_1_71' title="bbox 2234 2718 3779 2785">
     <span class='ocr_line' id='line_1_71' title="bbox 2234 2718 3779 2785; baseline 0 -11"><span class='ocrx_word' id='word_1_420' title='bbox 2234 2718 2440 2774; x_wconf 81' lang='lat' dir='ltr'><strong>Oratio.</strong></span> <span class='ocrx_word' id='word_1_421' title='bbox 2507 2719 2814 2775; x_wconf 74' lang='lat' dir='ltr'><strong>Harmonia:</strong></span> <span class='ocrx_word' id='word_1_422' title='bbox 2848 2727 3048 2775; x_wconf 61' lang='lat' dir='ltr'><strong>nostra:</strong></span> <span class='ocrx_word' id='word_1_423' title='bbox 3103 2719 3485 2775; x_wconf 85' lang='lat' dir='ltr'><strong>suavissimum</strong></span> <span class='ocrx_word' id='word_1_424' title='bbox 3541 2718 3779 2785; x_wconf 86' lang='lat' dir='ltr'><strong>melos,-</strong></span> 
     </span>
    </p>
   </div>
   <div class='ocr_carea' id='block_1_72' title="bbox 2163 2809 3742 2881">
    <p class='ocr_par' dir='ltr' id='par_1_72' title="bbox 2163 2809 3742 2881">
     <span class='ocr_line' id='line_1_72' title="bbox 2163 2809 3742 2881; baseline 0.001 -14"><span class='ocrx_word' id='word_1_425' title='bbox 2163 2813 2305 2867; x_wconf 84' lang='lat' dir='ltr'><strong>Dens</strong></span> <span class='ocrx_word' id='word_1_426' title='bbox 2326 2853 2340 2877; x_wconf 96' lang='lat'><strong>,</strong></span> <span class='ocrx_word' id='word_1_427' title='bbox 2373 2812 2461 2881; x_wconf 89' lang='lat' dir='ltr'><strong>qui</strong></span> <span class='ocrx_word' id='word_1_428' title='bbox 2488 2813 2660 2866; x_wconf 55' lang='lat' dir='ltr'><strong>nostri</strong></span> <span class='ocrx_word' id='word_1_429' title='bbox 2691 2812 2924 2881; x_wconf 88' lang='lat' dir='ltr'><strong>pectoris</strong></span> <span class='ocrx_word' id='word_1_430' title='bbox 2951 2811 3313 2866; x_wconf 87' lang='lat' dir='ltr'><strong>modulamina</strong></span> <span class='ocrx_word' id='word_1_431' title='bbox 3347 2826 3489 2866; x_wconf 89' lang='lat' dir='ltr'><strong>nunc</strong></span> <span class='ocrx_word' id='word_1_432' title='bbox 3530 2809 3742 2868; x_wconf 82' lang='lat' dir='ltr'><strong>facibus</strong></span> 
     </span>
    </p>
   </div>
   <div class='ocr_carea' id='block_1_73' title="bbox 2166 2902 3734 2976">
    <p class='ocr_par' dir='ltr' id='par_1_73' title="bbox 2166 2902 3734 2976">
     <span class='ocr_line' id='line_1_73' title="bbox 2166 2902 3734 2976; baseline 0.002 -21"><span class='ocrx_word' id='word_1_433' title='bbox 2166 2902 2273 2976; x_wconf 83' lang='grc' dir='ltr'><strong>[ΑΙ.</strong></span> <span class='ocrx_word' id='word_1_434' title='bbox 2302 2944 2319 2969; x_wconf 94' lang='lat'><strong>,</strong></span> <span class='ocrx_word' id='word_1_435' title='bbox 2366 2902 2601 2975; x_wconf 81' lang='lat' dir='ltr'><strong>ﬂatibus]</strong></span> <span class='ocrx_word' id='word_1_436' title='bbox 2627 2943 2642 2969; x_wconf 90' lang='lat'><strong>,</strong></span> <span class='ocrx_word' id='word_1_437' title='bbox 2697 2920 2841 2959; x_wconf 92' lang='lat' dir='ltr'><strong>nunc</strong></span> <span class='ocrx_word' id='word_1_438' title='bbox 2894 2904 3107 2959; x_wconf 83' lang='lat' dir='ltr'><strong>ﬂetibus</strong></span> <span class='ocrx_word' id='word_1_439' title='bbox 3144 2903 3391 2973; x_wconf 50' lang='lat' dir='ltr'><strong>praecipis</strong></span> <span class='ocrx_word' id='word_1_440' title='bbox 3429 2918 3734 2959; x_wconf 76' lang='lat' dir='ltr'><strong>exemere:</strong></span> 
     </span>
    </p>
   </div>
   <div class='ocr_carea' id='block_1_74' title="bbox 2161 2998 3747 3071">
    <p class='ocr_par' dir='ltr' id='par_1_74' title="bbox 2161 2998 3747 3071">
     <span class='ocr_line' id='line_1_74' title="bbox 2161 2998 3747 3071; baseline -0.002 -16"><span class='ocrx_word' id='word_1_441' title='bbox 2161 3008 2359 3071; x_wconf 84' lang='lat' dir='ltr'><strong>praesta</strong></span> <span class='ocrx_word' id='word_1_442' title='bbox 2419 3016 2768 3070; x_wconf 71' lang='lat' dir='ltr'><strong>qumsnmns,</strong></span> <span class='ocrx_word' id='word_1_443' title='bbox 2810 3000 3073 3065; x_wconf 88' lang='lat' dir='ltr'><strong>Domine,</strong></span> <span class='ocrx_word' id='word_1_444' title='bbox 3133 3009 3192 3054; x_wconf 91' lang='lat' dir='ltr'><strong>ut</strong></span> <span class='ocrx_word' id='word_1_445' title='bbox 3242 2999 3332 3070; x_wconf 90' lang='lat' dir='ltr'><strong>qui</strong></span> <span class='ocrx_word' id='word_1_446' title='bbox 3386 3000 3474 3053; x_wconf 87' lang='lat' dir='ltr'><strong>illa</strong></span> <span class='ocrx_word' id='word_1_447' title='bbox 3514 2998 3747 3069; x_wconf 83' lang='lat' dir='ltr'><strong>spiritali</strong></span> 
     </span>
    </p>
   </div>
   <div class='ocr_carea' id='block_1_75' title="bbox 2083 3082 3748 3197">
    <p class='ocr_par' dir='ltr' id='par_1_75' title="bbox 2083 3082 3748 3197">
     <span class='ocr_line' id='line_1_75' title="bbox 2083 3082 3748 3197; baseline -0.001 -49"><span class='ocrx_word' id='word_1_448' title='bbox 2083 3132 2131 3197; x_wconf 61' lang='grc' dir='ltr'>ο</span> <span class='ocrx_word' id='word_1_449' title='bbox 2165 3091 2403 3166; x_wconf 81' lang='lat' dir='ltr'><strong>[all‘ectu]</strong></span> <span class='ocrx_word' id='word_1_450' title='bbox 2435 3093 2809 3160; x_wconf 91' lang='lat' dir='ltr'><strong>concinimus,</strong></span> <span class='ocrx_word' id='word_1_451' title='bbox 2859 3093 3266 3164; x_wconf 88' lang='lat' dir='ltr'><strong>perpetualibus</strong></span> <span class='ocrx_word' id='word_1_452' title='bbox 3315 3082 3495 3149; x_wconf 86' lang='lat' dir='ltr'><strong>choris</strong></span> <span class='ocrx_word' id='word_1_453' title='bbox 3550 3091 3748 3148; x_wconf 81' lang='lat' dir='ltr'><strong>inserti</strong></span> 
     </span>
    </p>
   </div>
   <div class='ocr_carea' id='block_1_76' title="bbox 2160 3186 3543 3258">
    <p class='ocr_par' dir='ltr' id='par_1_76' title="bbox 2160 3186 3543 3258">
     <span class='ocr_line' id='line_1_76' title="bbox 2160 3186 3543 3258; baseline -0.001 -16"><span class='ocrx_word' id='word_1_454' title='bbox 2160 3201 2282 3242; x_wconf 90' lang='lat' dir='ltr'><strong>cum</strong></span> <span class='ocrx_word' id='word_1_455' title='bbox 2312 3187 2515 3242; x_wconf 89' lang='lat' dir='ltr'><strong>sanctis</strong></span> <span class='ocrx_word' id='word_1_456' title='bbox 2538 3187 2790 3243; x_wconf 91' lang='lat' dir='ltr'><strong>omnibus</strong></span> <span class='ocrx_word' id='word_1_457' title='bbox 2826 3186 3044 3258; x_wconf 89' lang='lat' dir='ltr'><strong>gloriari</strong></span> <span class='ocrx_word' id='word_1_458' title='bbox 3071 3202 3395 3242; x_wconf 88' lang='lat' dir='ltr'><strong>mereamur.</strong></span> <span class='ocrx_word' id='word_1_459' title='bbox 3425 3187 3543 3243; x_wconf 87' lang='lat' dir='ltr'><strong>Per.</strong></span> 
     </span>
    </p>
   </div>
   <div class='ocr_carea' id='block_1_77' title="bbox 2706 3315 3190 3393">
    <p class='ocr_par' dir='ltr' id='par_1_77' title="bbox 2706 3315 3190 3393">
     <span class='ocr_line' id='line_1_77' title="bbox 2706 3315 3190 3393; baseline 0 -1"><span class='ocrx_word' id='word_1_460' title='bbox 2706 3315 3006 3392; x_wconf 82' lang='lat' dir='ltr'><strong>FERIA</strong></span> <span class='ocrx_word' id='word_1_461' title='bbox 3083 3316 3190 3393; x_wconf 94' lang='lat' dir='ltr'><strong>II.</strong></span> 
     </span>
    </p>
   </div>
   <div class='ocr_carea' id='block_1_78' title="bbox 2194 3460 3700 3521">
    <p class='ocr_par' dir='ltr' id='par_1_78' title="bbox 2194 3460 3700 3521">
     <span class='ocr_line' id='line_1_78' title="bbox 2194 3460 3700 3521; baseline 0 -1"><span class='ocrx_word' id='word_1_462' title='bbox 2194 3462 2576 3521; x_wconf 84' lang='lat' dir='ltr'><strong>CONFESSIO</strong></span> <span class='ocrx_word' id='word_1_463' title='bbox 2610 3461 3077 3520; x_wconf 83' lang='lat' dir='ltr'><strong>PECCATORUM</strong></span> <span class='ocrx_word' id='word_1_464' title='bbox 3117 3461 3303 3519; x_wconf 80' lang='lat' dir='ltr'><strong>PURA</strong></span> <span class='ocrx_word' id='word_1_465' title='bbox 3340 3460 3615 3519; x_wconf 81' lang='lat' dir='ltr'><strong>ALCUINI</strong></span> <span class='ocrx_word' id='word_1_466' title='bbox 3649 3476 3700 3520; x_wconf 80' lang='grc' dir='ltr'><strong>ι.</strong></span> 
     </span>
    </p>
   </div>
   <div class='ocr_carea' id='block_1_79' title="bbox 2227 3577 3749 3642">
    <p class='ocr_par' dir='ltr' id='par_1_79' title="bbox 2227 3577 3749 3642">
     <span class='ocr_line' id='line_1_79' title="bbox 2227 3577 3749 3642; baseline 0.001 -10"><span class='ocrx_word' id='word_1_467' title='bbox 2227 3579 2256 3620; x_wconf 71' lang='grc' dir='ltr'><strong>ι)</strong></span> <span class='ocrx_word' id='word_1_468' title='bbox 2294 3578 2436 3634; x_wconf 85' lang='lat' dir='ltr'><strong>Deus</strong></span> <span class='ocrx_word' id='word_1_469' title='bbox 2462 3580 2851 3635; x_wconf 61' lang='lat' dir='ltr'><strong>inaestimabilis</strong></span> <span class='ocrx_word' id='word_1_470' title='bbox 2876 3579 3282 3642; x_wconf 74' lang='lat' dir='ltr'><strong>misericordize,</strong></span> <span class='ocrx_word' id='word_1_471' title='bbox 3301 3577 3443 3633; x_wconf 74' lang='lat' dir='ltr'><strong>Deus</strong></span> <span class='ocrx_word' id='word_1_472' title='bbox 3465 3578 3749 3634; x_wconf 62' lang='lat' dir='ltr'><strong>immensae</strong></span> 
     </span>
    </p>
   </div>
   <div class='ocr_carea' id='block_1_80' title="bbox 2155 3670 3743 3744">
    <p class='ocr_par' dir='ltr' id='par_1_80' title="bbox 2155 3670 3743 3744">
     <span class='ocr_line' id='line_1_80' title="bbox 2155 3670 3743 3744; baseline -0.003 -17"><span class='ocrx_word' id='word_1_473' title='bbox 2155 3673 2394 3744; x_wconf 90' lang='lat' dir='ltr'><strong>pietatis,</strong></span> <span class='ocrx_word' id='word_1_474' title='bbox 2418 3674 2559 3728; x_wconf 89' lang='lat' dir='ltr'><strong>Dens</strong></span> <span class='ocrx_word' id='word_1_475' title='bbox 2586 3673 2835 3728; x_wconf 92' lang='lat' dir='ltr'><strong>conditor</strong></span> <span class='ocrx_word' id='word_1_476' title='bbox 2856 3680 2911 3726; x_wconf 89' lang='lat' dir='ltr'><strong>et</strong></span> <span class='ocrx_word' id='word_1_477' title='bbox 2940 3681 3225 3743; x_wconf 86' lang='lat' dir='ltr'><strong>reparator</strong></span> <span class='ocrx_word' id='word_1_478' title='bbox 3248 3670 3468 3725; x_wconf 89' lang='lat' dir='ltr'><strong>humani</strong></span> <span class='ocrx_word' id='word_1_479' title='bbox 3502 3670 3743 3739; x_wconf 87' lang='lat' dir='ltr'><strong>generis,</strong></span> 
     </span>
    </p>
   </div>
   <div class='ocr_carea' id='block_1_81' title="bbox 2156 3762 3749 3834">
    <p class='ocr_par' dir='ltr' id='par_1_81' title="bbox 2156 3762 3749 3834">
     <span class='ocr_line' id='line_1_81' title="bbox 2156 3762 3749 3834; baseline 0 -17"><span class='ocrx_word' id='word_1_480' title='bbox 2156 3765 2248 3834; x_wconf 89' lang='lat' dir='ltr'><strong>qui</strong></span> <span class='ocrx_word' id='word_1_481' title='bbox 2288 3763 2666 3820; x_wconf 79' lang='lat' dir='ltr'><strong>conﬁtentium</strong></span> <span class='ocrx_word' id='word_1_482' title='bbox 2700 3764 2795 3817; x_wconf 88' lang='lat' dir='ltr'><strong>tibi</strong></span> <span class='ocrx_word' id='word_1_483' title='bbox 2817 3764 2979 3818; x_wconf 83' lang='lat' dir='ltr'><strong>corda</strong></span> <span class='ocrx_word' id='word_1_484' title='bbox 3003 3762 3281 3834; x_wconf 81' lang='lat' dir='ltr'><strong>purifieas,</strong></span> <span class='ocrx_word' id='word_1_485' title='bbox 3330 3769 3384 3816; x_wconf 91' lang='lat' dir='ltr'><strong>et</strong></span> <span class='ocrx_word' id='word_1_486' title='bbox 3424 3769 3749 3819; x_wconf 77' lang='lat' dir='ltr'><strong>accusantes</strong></span> 
     </span>
    </p>
   </div>
   <div class='ocr_carea' id='block_1_82' title="bbox 2157 3851 3749 3928">
    <p class='ocr_par' dir='ltr' id='par_1_82' title="bbox 2157 3851 3749 3928">
     <span class='ocr_line' id='line_1_82' title="bbox 2157 3851 3749 3928; baseline -0.006 -15"><span class='ocrx_word' id='word_1_487' title='bbox 2157 3872 2213 3913; x_wconf 90' lang='lat' dir='ltr'><strong>se</strong></span> <span class='ocrx_word' id='word_1_488' title='bbox 2244 3867 2369 3912; x_wconf 90' lang='lat' dir='ltr'><strong>ante</strong></span> <span class='ocrx_word' id='word_1_489' title='bbox 2408 3866 2757 3928; x_wconf 87' lang='lat' dir='ltr'><strong>conspectum</strong></span> <span class='ocrx_word' id='word_1_490' title='bbox 2802 3856 2996 3910; x_wconf 69' lang='lat' dir='ltr'><strong>divinze</strong></span> <span class='ocrx_word' id='word_1_491' title='bbox 3031 3854 3329 3911; x_wconf 64' lang='lat' dir='ltr'><strong>clementiae</strong></span> <span class='ocrx_word' id='word_1_492' title='bbox 3369 3861 3472 3908; x_wconf 66' lang='lat' dir='ltr'><strong>tua:</strong></span> <span class='ocrx_word' id='word_1_493' title='bbox 3503 3852 3571 3909; x_wconf 86' lang='lat' dir='ltr'><strong>ab</strong></span> <span class='ocrx_word' id='word_1_494' title='bbox 3594 3851 3749 3906; x_wconf 87' lang='lat' dir='ltr'><strong>omni</strong></span> 
     </span>
    </p>
   </div>
   <div class='ocr_carea' id='block_1_83' title="bbox 2153 3942 3747 4017">
    <p class='ocr_par' dir='ltr' id='par_1_83' title="bbox 2153 3942 3747 4017">
     <span class='ocr_line' id='line_1_83' title="bbox 2153 3942 3747 4017; baseline -0.003 -16"><span class='ocrx_word' id='word_1_495' title='bbox 2153 3947 2370 4001; x_wconf 83' lang='lat' dir='ltr'><strong>vinculo</strong></span> <span class='ocrx_word' id='word_1_496' title='bbox 2428 3946 2732 4017; x_wconf 83' lang='lat' dir='ltr'><strong>iniquitatis</strong></span> <span class='ocrx_word' id='word_1_497' title='bbox 2778 3946 3045 4012; x_wconf 74' lang='lat' dir='ltr'><strong>absolvis;</strong></span> <span class='ocrx_word' id='word_1_498' title='bbox 3103 3946 3357 4000; x_wconf 70' lang='lat' dir='ltr'><strong>virtutem</strong></span> <span class='ocrx_word' id='word_1_499' title='bbox 3408 3952 3559 4003; x_wconf 83' lang='lat' dir='ltr'><strong>tuam</strong></span> <span class='ocrx_word' id='word_1_500' title='bbox 3613 3942 3747 3998; x_wconf 86' lang='lat' dir='ltr'><strong>totis</strong></span> 
     </span>
    </p>
   </div>
   <div class='ocr_carea' id='block_1_84' title="bbox 2156 4036 3750 4111">
    <p class='ocr_par' dir='ltr' id='par_1_84' title="bbox 2156 4036 3750 4111">
     <span class='ocr_line' id='line_1_84' title="bbox 2156 4036 3750 4111; baseline -0.005 -14"><span class='ocrx_word' id='word_1_501' title='bbox 2156 4057 2325 4097; x_wconf 83' lang='lat' dir='ltr'><strong>exoro</strong></span> <span class='ocrx_word' id='word_1_502' title='bbox 2349 4041 2660 4111; x_wconf 78' lang='lat' dir='ltr'><strong>gemitibus,</strong></span> <span class='ocrx_word' id='word_1_503' title='bbox 2696 4050 2752 4094; x_wconf 88' lang='lat' dir='ltr'><strong>ut</strong></span> <span class='ocrx_word' id='word_1_504' title='bbox 2774 4039 3066 4096; x_wconf 79' lang='lat' dir='ltr'><strong>secundum</strong></span> <span class='ocrx_word' id='word_1_505' title='bbox 3094 4037 3493 4095; x_wconf 89' lang='lat' dir='ltr'><strong>multitudinem</strong></span> <span class='ocrx_word' id='word_1_506' title='bbox 3520 4036 3750 4092; x_wconf 76' lang='lat' dir='ltr'><strong>misera-</strong></span> 
     </span>
    </p>
   </div>
   <div class='ocr_carea' id='block_1_85' title="bbox 2156 4125 3752 4201">
    <p class='ocr_par' dir='ltr' id='par_1_85' title="bbox 2156 4125 3752 4201">
     <span class='ocr_line' id='line_1_85' title="bbox 2156 4125 3752 4201; baseline -0.007 -11"><span class='ocrx_word' id='word_1_507' title='bbox 2156 4135 2366 4190; x_wconf 86' lang='lat' dir='ltr'><strong>tionum</strong></span> <span class='ocrx_word' id='word_1_508' title='bbox 2399 4143 2637 4197; x_wconf 81' lang='lat' dir='ltr'><strong>tuarum,</strong></span> <span class='ocrx_word' id='word_1_509' title='bbox 2668 4134 2732 4186; x_wconf 89' lang='lat' dir='ltr'><strong>de</strong></span> <span class='ocrx_word' id='word_1_510' title='bbox 2763 4133 3017 4188; x_wconf 85' lang='lat' dir='ltr'><strong>omnibus</strong></span> <span class='ocrx_word' id='word_1_511' title='bbox 3058 4130 3297 4201; x_wconf 78' lang='lat' dir='ltr'><strong>peccatis</strong></span> <span class='ocrx_word' id='word_1_512' title='bbox 3324 4130 3480 4191; x_wconf 78' lang='lat' dir='ltr'><strong>meis,</strong></span> <span class='ocrx_word' id='word_1_513' title='bbox 3531 4128 3597 4184; x_wconf 87' lang='lat' dir='ltr'><strong>de</strong></span> <span class='ocrx_word' id='word_1_514' title='bbox 3626 4125 3752 4197; x_wconf 83' lang='lat' dir='ltr'><strong>qui-</strong></span> 
     </span>
    </p>
   </div>
   <div class='ocr_carea' id='block_1_86' title="bbox 2154 4210 3752 4291">
    <p class='ocr_par' dir='ltr' id='par_1_86' title="bbox 2154 4210 3752 4291">
     <span class='ocr_line' id='line_1_86' title="bbox 2154 4210 3752 4291; baseline -0.008 -9"><span class='ocrx_word' id='word_1_515' title='bbox 2154 4226 2255 4282; x_wconf 89' lang='lat' dir='ltr'><strong>bus</strong></span> <span class='ocrx_word' id='word_1_516' title='bbox 2285 4242 2368 4279; x_wconf 89' lang='lat' dir='ltr'><strong>me</strong></span> <span class='ocrx_word' id='word_1_517' title='bbox 2392 4241 2508 4280; x_wconf 84' lang='lat' dir='ltr'><strong>mea</strong></span> <span class='ocrx_word' id='word_1_518' title='bbox 2540 4224 2868 4278; x_wconf 81' lang='lat' dir='ltr'><strong>conscientia</strong></span> <span class='ocrx_word' id='word_1_519' title='bbox 2898 4229 3135 4285; x_wconf 84' lang='lat' dir='ltr'><strong>accusat,</strong></span> <span class='ocrx_word' id='word_1_520' title='bbox 3171 4235 3365 4291; x_wconf 90' lang='lat' dir='ltr'><strong>puram</strong></span> <span class='ocrx_word' id='word_1_521' title='bbox 3394 4218 3529 4273; x_wconf 87' lang='lat' dir='ltr'><strong>mihi</strong></span> <span class='ocrx_word' id='word_1_522' title='bbox 3559 4210 3752 4273; x_wconf 62' lang='lat' dir='ltr'><strong>ceram</strong></span> 
     </span>
    </p>
   </div>
   <div class='ocr_carea' id='block_1_87' title="bbox 2155 4308 3753 4387">
    <p class='ocr_par' dir='ltr' id='par_1_87' title="bbox 2155 4308 3753 4387">
     <span class='ocr_line' id='line_1_87' title="bbox 2155 4308 3753 4387; baseline -0.006 -15"><span class='ocrx_word' id='word_1_523' title='bbox 2155 4326 2207 4372; x_wconf 90' lang='lat' dir='ltr'><strong>te</strong></span> <span class='ocrx_word' id='word_1_524' title='bbox 2234 4316 2500 4370; x_wconf 85' lang='lat' dir='ltr'><strong>concedas</strong></span> <span class='ocrx_word' id='word_1_525' title='bbox 2543 4331 2701 4387; x_wconf 76' lang='lat' dir='ltr'><strong>agere</strong></span> <span class='ocrx_word' id='word_1_526' title='bbox 2751 4313 3179 4377; x_wconf 80' lang='lat' dir='ltr'><strong>confessionem;</strong></span> <span class='ocrx_word' id='word_1_527' title='bbox 3210 4325 3506 4380; x_wconf 77' lang='lat' dir='ltr'><strong>veramque</strong></span> <span class='ocrx_word' id='word_1_528' title='bbox 3543 4324 3610 4365; x_wconf 81' lang='lat' dir='ltr'><strong>ex</strong></span> <span class='ocrx_word' id='word_1_529' title='bbox 3656 4308 3753 4363; x_wconf 87' lang='lat' dir='ltr'><strong>bis</strong></span> 
     </span>
    </p>
   </div>
   <div class='ocr_carea' id='block_1_88' title="bbox 2153 4400 3745 4478">
    <p class='ocr_par' dir='ltr' id='par_1_88' title="bbox 2153 4400 3745 4478">
     <span class='ocr_line' id='line_1_88' title="bbox 2153 4400 3745 4478; baseline -0.008 -13"><span class='ocrx_word' id='word_1_530' title='bbox 2153 4410 2403 4465; x_wconf 91' lang='lat' dir='ltr'><strong>omnibus</strong></span> <span class='ocrx_word' id='word_1_531' title='bbox 2453 4416 2507 4462; x_wconf 90' lang='lat' dir='ltr'><strong>et</strong></span> <span class='ocrx_word' id='word_1_532' title='bbox 2540 4407 2863 4478; x_wconf 86' lang='lat' dir='ltr'><strong>condignam</strong></span> <span class='ocrx_word' id='word_1_533' title='bbox 2917 4406 3047 4459; x_wconf 92' lang='lat' dir='ltr'><strong>mihi</strong></span> <span class='ocrx_word' id='word_1_534' title='bbox 3090 4405 3297 4459; x_wconf 80' lang='lat' dir='ltr'><strong>triluias</strong></span> <span class='ocrx_word' id='word_1_535' title='bbox 3344 4400 3745 4473; x_wconf 75' lang='lat' dir='ltr'><strong>panitentiam,</strong></span> 
     </span>
    </p>
   </div>
   <div class='ocr_carea' id='block_1_89' title="bbox 543 4472 2195 4584">
    <p class='ocr_par' dir='ltr' id='par_1_89' title="bbox 543 4472 2195 4584">
     <span class='ocr_line' id='line_1_89' title="bbox 543 4472 2195 4584; baseline -0.007 -47"><span class='ocrx_word' id='word_1_536' title='bbox 543 4481 613 4536; x_wconf 89' lang='lat' dir='ltr'><strong>Ut</strong></span> <span class='ocrx_word' id='word_1_537' title='bbox 642 4494 829 4549; x_wconf 89' lang='lat' dir='ltr'><strong>pacem</strong></span> <span class='ocrx_word' id='word_1_538' title='bbox 859 4476 1013 4531; x_wconf 90' lang='lat' dir='ltr'><strong>nobis</strong></span> <span class='ocrx_word' id='word_1_539' title='bbox 1040 4475 1241 4529; x_wconf 90' lang='lat' dir='ltr'><strong>donare</strong></span> <span class='ocrx_word' id='word_1_540' title='bbox 1269 4475 1527 4543; x_wconf 86' lang='lat' dir='ltr'><strong>digneris,</strong></span> <span class='ocrx_word' id='word_1_541' title='bbox 1559 4474 1784 4529; x_wconf 91' lang='lat' dir='ltr'><strong>Domine</strong></span> <span class='ocrx_word' id='word_1_542' title='bbox 1808 4472 1956 4539; x_wconf 84' lang='lat' dir='ltr'><strong>Jesu,</strong></span> <span class='ocrx_word' id='word_1_543' title='bbox 1995 4480 2047 4528; x_wconf 91' lang='lat' dir='ltr'><strong>te</strong></span> <span class='ocrx_word' id='word_1_544' title='bbox 2075 4523 2127 4584; x_wconf 67' lang='grc' dir='ltr'><strong>υ</strong></span> <span class='ocrx_word' id='word_1_545' title='bbox 2155 4519 2195 4572; x_wconf 46' lang='grc' dir='ltr'><strong>,1η</strong></span> 
     </span>
    </p>
   </div>
   <div class='ocr_carea' id='block_1_90' title="bbox 2157 4472 3853 4584">
    <p class='ocr_par' dir='ltr' id='par_1_90' title="bbox 2157 4489 3853 4572">
     <span class='ocr_line' id='line_1_90' title="bbox 2157 4489 3853 4572; baseline -0.003 -22"><span class='ocrx_word' id='word_1_546' title='bbox 2157 4514 2488 4572; x_wconf 70' lang='lat' dir='ltr'><strong>qamcunque</strong></span> <span class='ocrx_word' id='word_1_547' title='bbox 2534 4499 2751 4567; x_wconf 72' lang='lat' dir='ltr'><strong>peccu&#39;i</strong></span> <span class='ocrx_word' id='word_1_548' title='bbox 2810 4497 2861 4551; x_wconf 92' lang='lat' dir='ltr'><strong>in</strong></span> <span class='ocrx_word' id='word_1_549' title='bbox 2916 4495 3335 4567; x_wconf 86' lang='lat' dir='ltr'><strong>cogitationibus</strong></span> <span class='ocrx_word' id='word_1_550' title='bbox 3377 4492 3652 4564; x_wconf 83' lang='lat' dir='ltr'><strong>pessimis.</strong></span> <span class='ocrx_word' id='word_1_551' title='bbox 3683 4489 3755 4546; x_wconf 84' lang='lat' dir='ltr'><strong>in</strong></span> <span class='ocrx_word' id='word_1_552' title='bbox 3840 4552 3853 4563; x_wconf 44' lang='lat'><strong>.</strong></span> 
     </span>
    </p>
   </div>
   <div class='ocr_carea' id='block_1_91' title="bbox 470 4570 1027 4643">
    <p class='ocr_par' dir='ltr' id='par_1_91' title="bbox 470 4570 1027 4643">
     <span class='ocr_line' id='line_1_91' title="bbox 470 4570 1027 4643; baseline -0.016 -14"><span class='ocrx_word' id='word_1_553' title='bbox 470 4587 727 4643; x_wconf 82' lang='lat' dir='ltr'><strong>regamus</strong></span> <span class='ocrx_word' id='word_1_554' title='bbox 752 4570 876 4624; x_wconf 90' lang='lat' dir='ltr'><strong>audi</strong></span> <span class='ocrx_word' id='word_1_555' title='bbox 910 4582 1027 4624; x_wconf 91' lang='lat' dir='ltr'><strong>nos.</strong></span> 
     </span>
    </p>
   </div>
   <div class='ocr_carea' id='block_1_92' title="bbox 542 4658 2046 4735">
    <p class='ocr_par' dir='ltr' id='par_1_92' title="bbox 542 4658 2046 4735">
     <span class='ocr_line' id='line_1_92' title="bbox 542 4658 2046 4735; baseline -0.005 -14"><span class='ocrx_word' id='word_1_556' title='bbox 542 4666 610 4722; x_wconf 86' lang='lat' dir='ltr'><strong>Ut</strong></span> <span class='ocrx_word' id='word_1_557' title='bbox 638 4662 1024 4735; x_wconf 88' lang='lat' dir='ltr'><strong>indulgentiam</strong></span> <span class='ocrx_word' id='word_1_558' title='bbox 1054 4659 1377 4715; x_wconf 84' lang='lat' dir='ltr'><strong>delictorum</strong></span> <span class='ocrx_word' id='word_1_559' title='bbox 1403 4667 1717 4714; x_wconf 90' lang='lat' dir='ltr'><strong>nostrorum</strong></span> <span class='ocrx_word' id='word_1_560' title='bbox 1763 4658 1919 4714; x_wconf 89' lang='lat' dir='ltr'><strong>nobis</strong></span> <span class='ocrx_word' id='word_1_561' title='bbox 1947 4659 2046 4715; x_wconf 90' lang='lat' dir='ltr'><strong>do-</strong></span> 
     </span>
    </p>
   </div>
   <div class='ocr_carea' id='block_1_93' title="bbox 469 4752 2046 4828">
    <p class='ocr_par' dir='ltr' id='par_1_93' title="bbox 469 4752 2046 4828">
     <span class='ocr_line' id='line_1_93' title="bbox 469 4752 2046 4828; baseline -0.004 -14"><span class='ocrx_word' id='word_1_562' title='bbox 469 4775 601 4815; x_wconf 90' lang='lat' dir='ltr'><strong>nare</strong></span> <span class='ocrx_word' id='word_1_563' title='bbox 659 4756 926 4828; x_wconf 88' lang='lat' dir='ltr'><strong>digneris,</strong></span> <span class='ocrx_word' id='word_1_564' title='bbox 984 4754 1209 4810; x_wconf 87' lang='lat' dir='ltr'><strong>Domine</strong></span> <span class='ocrx_word' id='word_1_565' title='bbox 1263 4752 1392 4808; x_wconf 81' lang='lat' dir='ltr'><strong>Jesu</strong></span> <span class='ocrx_word' id='word_1_566' title='bbox 1421 4793 1436 4820; x_wconf 93' lang='lat'><strong>,</strong></span> <span class='ocrx_word' id='word_1_567' title='bbox 1504 4760 1558 4808; x_wconf 91' lang='lat' dir='ltr'><strong>te</strong></span> <span class='ocrx_word' id='word_1_568' title='bbox 1616 4768 1871 4823; x_wconf 86' lang='lat' dir='ltr'><strong>rogamus</strong></span> <span class='ocrx_word' id='word_1_569' title='bbox 1921 4753 2046 4810; x_wconf 88' lang='lat' dir='ltr'><strong>audi</strong></span> 
     </span>
    </p>
   </div>
   <div class='ocr_carea' id='block_1_94' title="bbox 475 4868 599 4908">
    <p class='ocr_par' dir='ltr' id='par_1_94' title="bbox 475 4868 599 4908">
     <span class='ocr_line' id='line_1_94' title="bbox 475 4868 599 4908; baseline -0.016 0"><span class='ocrx_word' id='word_1_570' title='bbox 475 4868 599 4908; x_wconf 90' lang='lat' dir='ltr'><strong>nos.</strong></span> 
     </span>
    </p>
   </div>
   <div class='ocr_carea' id='block_1_95' title="bbox 542 4939 2047 5013">
    <p class='ocr_par' dir='ltr' id='par_1_95' title="bbox 542 4939 2047 5013">
     <span class='ocr_line' id='line_1_95' title="bbox 542 4939 2047 5013; baseline -0.008 -10"><span class='ocrx_word' id='word_1_571' title='bbox 542 4946 612 5003; x_wconf 92' lang='lat' dir='ltr'><strong>Ut</strong></span> <span class='ocrx_word' id='word_1_572' title='bbox 674 4945 1046 5001; x_wconf 89' lang='lat' dir='ltr'><strong>remissionem</strong></span> <span class='ocrx_word' id='word_1_573' title='bbox 1099 4951 1449 5013; x_wconf 83' lang='lat' dir='ltr'><strong>peccatorum</strong></span> <span class='ocrx_word' id='word_1_574' title='bbox 1514 4948 1827 4997; x_wconf 90' lang='lat' dir='ltr'><strong>nostrorum</strong></span> <span class='ocrx_word' id='word_1_575' title='bbox 1890 4939 2047 4995; x_wconf 88' lang='lat' dir='ltr'><strong>nobis</strong></span> 
     </span>
    </p>
   </div>
   <div class='ocr_carea' id='block_1_96' title="bbox 469 5030 2044 5108">
    <p class='ocr_par' dir='ltr' id='par_1_96' title="bbox 469 5030 2044 5108">
     <span class='ocr_line' id='line_1_96' title="bbox 469 5030 2044 5108; baseline -0.008 -11"><span class='ocrx_word' id='word_1_576' title='bbox 469 5039 672 5097; x_wconf 87' lang='lat' dir='ltr'><strong>donare</strong></span> <span class='ocrx_word' id='word_1_577' title='bbox 720 5038 997 5108; x_wconf 86' lang='lat' dir='ltr'><strong>digneris,</strong></span> <span class='ocrx_word' id='word_1_578' title='bbox 1055 5037 1282 5093; x_wconf 88' lang='lat' dir='ltr'><strong>Domine</strong></span> <span class='ocrx_word' id='word_1_579' title='bbox 1318 5035 1446 5092; x_wconf 80' lang='lat' dir='ltr'><strong>Jesu</strong></span> <span class='ocrx_word' id='word_1_580' title='bbox 1472 5076 1487 5092; x_wconf 94' lang='lat'><strong>.</strong></span> <span class='ocrx_word' id='word_1_581' title='bbox 1540 5043 1593 5090; x_wconf 89' lang='lat' dir='ltr'><strong>te</strong></span> <span class='ocrx_word' id='word_1_582' title='bbox 1630 5049 1883 5105; x_wconf 89' lang='lat' dir='ltr'><strong>rogamus</strong></span> <span class='ocrx_word' id='word_1_583' title='bbox 1919 5030 2044 5086; x_wconf 90' lang='lat' dir='ltr'><strong>audi</strong></span> 
     </span>
    </p>
   </div>
   <div class='ocr_carea' id='block_1_97' title="bbox 470 5151 588 5191">
    <p class='ocr_par' dir='ltr' id='par_1_97' title="bbox 470 5151 588 5191">
     <span class='ocr_line' id='line_1_97' title="bbox 470 5151 588 5191; baseline -0.008 -1"><span class='ocrx_word' id='word_1_584' title='bbox 470 5151 588 5191; x_wconf 82' lang='lat' dir='ltr'><strong>DOS.</strong></span> 
     </span>
    </p>
   </div>
   <div class='ocr_carea' id='block_1_98' title="bbox 539 5216 2049 5300">
    <p class='ocr_par' dir='ltr' id='par_1_98' title="bbox 539 5216 2049 5300">
     <span class='ocr_line' id='line_1_98' title="bbox 539 5216 2049 5300; baseline -0.009 -15"><span class='ocrx_word' id='word_1_585' title='bbox 539 5227 610 5285; x_wconf 90' lang='lat' dir='ltr'><strong>Ut</strong></span> <span class='ocrx_word' id='word_1_586' title='bbox 644 5234 872 5300; x_wconf 82' lang='lat' dir='ltr'><strong>gratiam</strong></span> <span class='ocrx_word' id='word_1_587' title='bbox 902 5231 1072 5293; x_wconf 76' lang='lat' dir='ltr'><strong>sancti</strong></span> <span class='ocrx_word' id='word_1_588' title='bbox 1119 5223 1354 5294; x_wconf 78' lang='lat' dir='ltr'><strong>Spiritus</strong></span> <span class='ocrx_word' id='word_1_589' title='bbox 1392 5222 1647 5279; x_wconf 84' lang='lat' dir='ltr'><strong>cordibus</strong></span> <span class='ocrx_word' id='word_1_590' title='bbox 1694 5219 1896 5275; x_wconf 92' lang='lat' dir='ltr'><strong>nostris</strong></span> <span class='ocrx_word' id='word_1_591' title='bbox 1936 5216 2049 5274; x_wconf 85' lang='lat' dir='ltr'><strong>cle-</strong></span> 
     </span>
    </p>
   </div>
   <div class='ocr_carea' id='block_1_99' title="bbox 467 5313 2050 5389">
    <p class='ocr_par' dir='ltr' id='par_1_99' title="bbox 467 5313 2050 5389">
     <span class='ocr_line' id='line_1_99' title="bbox 467 5313 2050 5389; baseline -0.009 -13"><span class='ocrx_word' id='word_1_592' title='bbox 467 5330 678 5376; x_wconf 87' lang='lat' dir='ltr'><strong>menter</strong></span> <span class='ocrx_word' id='word_1_593' title='bbox 704 5319 989 5374; x_wconf 80' lang='lat' dir='ltr'><strong>infundere</strong></span> <span class='ocrx_word' id='word_1_594' title='bbox 1010 5317 1269 5389; x_wconf 86' lang='lat' dir='ltr'><strong>digneris,</strong></span> <span class='ocrx_word' id='word_1_595' title='bbox 1296 5316 1518 5371; x_wconf 91' lang='lat' dir='ltr'><strong>Domine</strong></span> <span class='ocrx_word' id='word_1_596' title='bbox 1533 5313 1677 5375; x_wconf 79' lang='lat' dir='ltr'><strong>Jesu,</strong></span> <span class='ocrx_word' id='word_1_597' title='bbox 1705 5321 1758 5367; x_wconf 89' lang='lat' dir='ltr'><strong>te</strong></span> <span class='ocrx_word' id='word_1_598' title='bbox 1791 5324 2050 5383; x_wconf 81' lang='lat' dir='ltr'><strong>rogamus</strong></span> 
     </span>
    </p>
   </div>
   <div class='ocr_carea' id='block_1_100' title="bbox 470 5415 739 5472">
    <p class='ocr_par' dir='ltr' id='par_1_100' title="bbox 470 5415 739 5472">
     <span class='ocr_line' id='line_1_100' title="bbox 470 5415 739 5472; baseline -0.015 0"><span class='ocrx_word' id='word_1_599' title='bbox 470 5415 596 5472; x_wconf 78' lang='lat' dir='ltr'><strong>audi</strong></span> <span class='ocrx_word' id='word_1_600' title='bbox 622 5430 739 5469; x_wconf 89' lang='lat' dir='ltr'><strong>nos.</strong></span> 
     </span>
    </p>
   </div>
   <div class='ocr_carea' id='block_1_101' title="bbox 542 5499 2050 5563">
    <p class='ocr_par' dir='ltr' id='par_1_101' title="bbox 542 5499 2050 5563">
     <span class='ocr_line' id='line_1_101' title="bbox 542 5499 2050 5563; baseline -0.006 0"><span class='ocrx_word' id='word_1_601' title='bbox 542 5507 616 5563; x_wconf 89' lang='lat' dir='ltr'><strong>Ut</strong></span> <span class='ocrx_word' id='word_1_602' title='bbox 656 5506 1103 5562; x_wconf 89' lang='lat' dir='ltr'><strong>intercessionem</strong></span> <span class='ocrx_word' id='word_1_603' title='bbox 1143 5511 1455 5559; x_wconf 88' lang='lat' dir='ltr'><strong>sanctorum</strong></span> <span class='ocrx_word' id='word_1_604' title='bbox 1495 5508 1714 5555; x_wconf 91' lang='lat' dir='ltr'><strong>tuorum</strong></span> <span class='ocrx_word' id='word_1_605' title='bbox 1754 5499 1911 5557; x_wconf 86' lang='lat' dir='ltr'><strong>nobis</strong></span> <span class='ocrx_word' id='word_1_606' title='bbox 1956 5500 2050 5555; x_wconf 89' lang='lat' dir='ltr'><strong>do-</strong></span> 
     </span>
    </p>
   </div>
   <div class='ocr_carea' id='block_1_102' title="bbox 541 5637 2047 5769">
    <p class='ocr_par' dir='ltr' id='par_1_102' title="bbox 541 5637 2047 5769">
     <span class='ocr_line' id='line_1_102' title="bbox 541 5637 2047 5769; baseline -0.005 -69"><span class='ocrx_word' id='word_1_607' title='bbox 541 5657 569 5685; x_wconf 78' lang='grc' dir='ltr'>ι</span> <span class='ocrx_word' id='word_1_608' title='bbox 594 5644 788 5701; x_wconf 82' lang='lat' dir='ltr'><strong>Exstat</strong></span> <span class='ocrx_word' id='word_1_609' title='bbox 809 5644 861 5699; x_wconf 91' lang='lat' dir='ltr'><strong>in</strong></span> <span class='ocrx_word' id='word_1_610' title='bbox 891 5644 1073 5700; x_wconf 87' lang='lat' dir='ltr'><strong>libello</strong></span> <span class='ocrx_word' id='word_1_611' title='bbox 1101 5643 1489 5769; x_wconf 49' lang='lat' dir='ltr'><strong>grecationum</strong></span> <span class='ocrx_word' id='word_1_612' title='bbox 1519 5638 1691 5696; x_wconf 86' lang='lat' dir='ltr'><strong>Caroli</strong></span> <span class='ocrx_word' id='word_1_613' title='bbox 1722 5637 1889 5701; x_wconf 79' lang='lat' dir='ltr'><strong>Calvi,</strong></span> <span class='ocrx_word' id='word_1_614' title='bbox 1923 5655 2047 5708; x_wconf 86' lang='lat' dir='ltr'><strong>pag.</strong></span> 
     </span>
     <span class='ocr_line' id='line_1_103' title="bbox 548 5709 2047 5769; baseline -0.005 0"><span class='ocrx_word' id='word_1_615' title='bbox 548 5756 562 5769; x_wconf 94' lang='lat'><strong>.</strong></span> <span class='ocrx_word' id='word_1_616' title='bbox 591 5716 691 5769; x_wconf 88' lang='lat' dir='ltr'><strong>sub</strong></span> <span class='ocrx_word' id='word_1_617' title='bbox 729 5717 831 5769; x_wconf 86' lang='lat' dir='ltr'><strong>hoc</strong></span> <span class='ocrx_word' id='word_1_618' title='bbox 875 5716 1029 5769; x_wconf 90' lang='lat' dir='ltr'><strong>titulo</strong></span> <span class='ocrx_word' id='word_1_619' title='bbox 1057 5734 1067 5768; x_wconf 93' lang='lat'>:</span> <span class='ocrx_word' id='word_1_620' title='bbox 1146 5713 1371 5769; x_wconf 74' lang='lat' dir='ltr'><strong>onfessio</strong></span> <span class='ocrx_word' id='word_1_621' title='bbox 1402 5728 1558 5769; x_wconf 65' lang='lat' dir='ltr'><strong>ararim</strong></span> <span class='ocrx_word' id='word_1_622' title='bbox 1607 5709 1889 5764; x_wconf 74' lang='lat' dir='ltr'><strong>Alclminus</strong></span> <span class='ocrx_word' id='word_1_623' title='bbox 1915 5726 2047 5761; x_wconf 81' lang='lat' dir='ltr'><strong>com-</strong></span> 
     </span>
    </p>
   </div>
   <div class='ocr_carea' id='block_1_103' title="bbox 474 5709 2054 5782">
    <p class='ocr_par' dir='ltr' id='par_1_103' title="bbox 474 5709 2054 5782">
     <span class='ocr_line' id='line_1_104' title="bbox 474 5709 2054 5782; baseline -0.007 -10"><span class='ocrx_word' id='word_1_624' title='bbox 474 5715 562 5779; x_wconf 75' lang='lat'><strong>“,</strong></span> <span class='ocrx_word' id='word_1_625' title='bbox 591 5716 691 5770; x_wconf 87' lang='lat' dir='ltr'><strong>sub</strong></span> <span class='ocrx_word' id='word_1_626' title='bbox 729 5717 831 5769; x_wconf 86' lang='lat' dir='ltr'><strong>hoc</strong></span> <span class='ocrx_word' id='word_1_627' title='bbox 875 5716 1029 5770; x_wconf 90' lang='lat' dir='ltr'><strong>titulo</strong></span> <span class='ocrx_word' id='word_1_628' title='bbox 1057 5734 1067 5768; x_wconf 93' lang='lat'>:</span> <span class='ocrx_word' id='word_1_629' title='bbox 1101 5709 1371 5782; x_wconf 74' lang='lat' dir='ltr'><strong>Confessio</strong></span> <span class='ocrx_word' id='word_1_630' title='bbox 1402 5728 1558 5782; x_wconf 61' lang='lat' dir='ltr'><strong>quam</strong></span> <span class='ocrx_word' id='word_1_631' title='bbox 1607 5709 1889 5764; x_wconf 74' lang='lat' dir='ltr'><strong>Alclminus</strong></span> <span class='ocrx_word' id='word_1_632' title='bbox 1907 5726 2054 5782; x_wconf 44' lang='lat' dir='ltr'><strong>50m;—</strong></span> 
     </span>
    </p>
   </div>
   <div class='ocr_carea' id='block_1_104' title="bbox 472 5780 2050 5863">
    <p class='ocr_par' dir='ltr' id='par_1_104' title="bbox 472 5780 2050 5863">
     <span class='ocr_line' id='line_1_105' title="bbox 472 5780 2050 5863; baseline -0.006 -21"><span class='ocrx_word' id='word_1_633' title='bbox 472 5797 643 5863; x_wconf 73' lang='lat' dir='ltr'><strong>posutt</strong></span> <span class='ocrx_word' id='word_1_634' title='bbox 672 5785 861 5841; x_wconf 86' lang='lat' dir='ltr'><strong>Carolo</strong></span> <span class='ocrx_word' id='word_1_635' title='bbox 886 5780 1393 5855; x_wconf 49' lang='lat' dir='ltr'><strong>impcratorﬁApttd</strong></span> <span class='ocrx_word' id='word_1_636' title='bbox 1414 5780 1647 5839; x_wconf 67' lang='lat' dir='ltr'><strong>Marten.</strong></span> <span class='ocrx_word' id='word_1_637' title='bbox 1674 5782 1739 5837; x_wconf 88' lang='lat' dir='ltr'><strong>de</strong></span> <span class='ocrx_word' id='word_1_638' title='bbox 1764 5790 1877 5836; x_wconf 85' lang='lat' dir='ltr'><strong>ant.</strong></span> <span class='ocrx_word' id='word_1_639' title='bbox 1904 5780 2050 5836; x_wconf 81' lang='lat' dir='ltr'><strong>Eccl.</strong></span> 
     </span>
    </p>
   </div>
   <div class='ocr_carea' id='block_1_105' title="bbox 2151 4581 3756 4659">
    <p class='ocr_par' dir='ltr' id='par_1_105' title="bbox 2151 4581 3756 4659">
     <span class='ocr_line' id='line_1_106' title="bbox 2151 4581 3756 4659; baseline -0.007 -12"><span class='ocrx_word' id='word_1_640' title='bbox 2151 4591 2594 4647; x_wconf 84' lang='lat' dir='ltr'><strong>meditationibus</strong></span> <span class='ocrx_word' id='word_1_641' title='bbox 2622 4590 2821 4659; x_wconf 79' lang='lat' dir='ltr'><strong>pravis,</strong></span> <span class='ocrx_word' id='word_1_642' title='bbox 2856 4589 2909 4642; x_wconf 93' lang='lat' dir='ltr'><strong>in</strong></span> <span class='ocrx_word' id='word_1_643' title='bbox 2936 4602 3202 4642; x_wconf 88' lang='lat' dir='ltr'><strong>consensu</strong></span> <span class='ocrx_word' id='word_1_644' title='bbox 3236 4585 3395 4649; x_wconf 86' lang='lat' dir='ltr'><strong>malo,</strong></span> <span class='ocrx_word' id='word_1_645' title='bbox 3428 4586 3481 4639; x_wconf 91' lang='lat' dir='ltr'><strong>in</strong></span> <span class='ocrx_word' id='word_1_646' title='bbox 3512 4581 3756 4638; x_wconf 76' lang='lat' dir='ltr'><strong>consilio</strong></span> 
     </span>
    </p>
   </div>
   <div class='ocr_carea' id='block_1_106' title="bbox 2148 4678 3753 4761">
    <p class='ocr_par' dir='ltr' id='par_1_106' title="bbox 2148 4678 3753 4761">
     <span class='ocr_line' id='line_1_107' title="bbox 2148 4678 3753 4761; baseline -0.007 -19"><span class='ocrx_word' id='word_1_647' title='bbox 2148 4685 2353 4754; x_wconf 82' lang='lat' dir='ltr'><strong>iniquo.</strong></span> <span class='ocrx_word' id='word_1_648' title='bbox 2383 4683 2435 4736; x_wconf 92' lang='lat' dir='ltr'><strong>in</strong></span> <span class='ocrx_word' id='word_1_649' title='bbox 2462 4681 2901 4761; x_wconf 59' lang='lat' dir='ltr'><strong>concupiscentia</strong></span> <span class='ocrx_word' id='word_1_650' title='bbox 2934 4688 3095 4747; x_wconf 82' lang='lat' dir='ltr'><strong>atque</strong></span> <span class='ocrx_word' id='word_1_651' title='bbox 3118 4678 3476 4732; x_wconf 87' lang='lat' dir='ltr'><strong>delectatione</strong></span> <span class='ocrx_word' id='word_1_652' title='bbox 3504 4678 3753 4731; x_wconf 83' lang='lat' dir='ltr'><strong>immun-</strong></span> 
     </span>
    </p>
   </div>
   <div class='ocr_carea' id='block_1_107' title="bbox 2150 4768 3753 4839">
    <p class='ocr_par' dir='ltr' id='par_1_107' title="bbox 2150 4768 3753 4839">
     <span class='ocr_line' id='line_1_108' title="bbox 2150 4768 3753 4839; baseline -0.005 -8"><span class='ocrx_word' id='word_1_653' title='bbox 2150 4776 2215 4831; x_wconf 83' lang='lat' dir='ltr'><strong>da</strong></span> <span class='ocrx_word' id='word_1_654' title='bbox 2240 4817 2254 4839; x_wconf 93' lang='lat'><strong>,</strong></span> <span class='ocrx_word' id='word_1_655' title='bbox 2285 4776 2336 4828; x_wconf 93' lang='lat' dir='ltr'><strong>in</strong></span> <span class='ocrx_word' id='word_1_656' title='bbox 2369 4775 2548 4829; x_wconf 77' lang='lat' dir='ltr'><strong>verbis</strong></span> <span class='ocrx_word' id='word_1_657' title='bbox 2587 4773 2795 4837; x_wconf 86' lang='lat' dir='ltr'><strong>otiosis,</strong></span> <span class='ocrx_word' id='word_1_658' title='bbox 2830 4773 2881 4827; x_wconf 92' lang='lat' dir='ltr'><strong>in</strong></span> <span class='ocrx_word' id='word_1_659' title='bbox 2912 4771 3069 4827; x_wconf 82' lang='lat' dir='ltr'><strong>factis</strong></span> <span class='ocrx_word' id='word_1_660' title='bbox 3092 4770 3395 4831; x_wconf 89' lang='lat' dir='ltr'><strong>malitiosis,</strong></span> <span class='ocrx_word' id='word_1_661' title='bbox 3428 4770 3483 4823; x_wconf 91' lang='lat' dir='ltr'><strong>in</strong></span> <span class='ocrx_word' id='word_1_662' title='bbox 3517 4769 3660 4831; x_wconf 84' lang='lat' dir='ltr'><strong>visu,</strong></span> <span class='ocrx_word' id='word_1_663' title='bbox 3690 4768 3753 4823; x_wconf 85' lang='lat' dir='ltr'><strong>in</strong></span> 
     </span>
    </p>
   </div>
   <div class='ocr_carea' id='block_1_108' title="bbox 2150 4858 3755 4935">
    <p class='ocr_par' dir='ltr' id='par_1_108' title="bbox 2150 4858 3755 4935">
     <span class='ocr_line' id='line_1_109' title="bbox 2150 4858 3755 4935; baseline -0.005 -14"><span class='ocrx_word' id='word_1_664' title='bbox 2150 4868 2361 4930; x_wconf 88' lang='lat' dir='ltr'><strong>auditu,</strong></span> <span class='ocrx_word' id='word_1_665' title='bbox 2392 4866 2445 4920; x_wconf 93' lang='lat' dir='ltr'><strong>in</strong></span> <span class='ocrx_word' id='word_1_666' title='bbox 2479 4876 2670 4935; x_wconf 86' lang='lat' dir='ltr'><strong>gustu,</strong></span> <span class='ocrx_word' id='word_1_667' title='bbox 2699 4866 2752 4918; x_wconf 91' lang='lat' dir='ltr'><strong>in</strong></span> <span class='ocrx_word' id='word_1_668' title='bbox 2796 4864 3020 4918; x_wconf 80' lang='lat' dir='ltr'><strong>odoratu</strong></span> <span class='ocrx_word' id='word_1_669' title='bbox 3050 4871 3105 4918; x_wconf 87' lang='lat' dir='ltr'><strong>et</strong></span> <span class='ocrx_word' id='word_1_670' title='bbox 3132 4870 3297 4917; x_wconf 87' lang='lat' dir='ltr'><strong>tactu.</strong></span> <span class='ocrx_word' id='word_1_671' title='bbox 3336 4860 3416 4915; x_wconf 88' lang='grc' dir='ltr'>Τυ</span> <span class='ocrx_word' id='word_1_672' title='bbox 3440 4862 3612 4921; x_wconf 76' lang='lat' dir='ltr'><strong>enim.</strong></span> <span class='ocrx_word' id='word_1_673' title='bbox 3647 4858 3755 4913; x_wconf 59' lang='lat' dir='ltr'><strong>mi.</strong></span> 
     </span>
    </p>
   </div>
   <div class='ocr_carea' id='block_1_109' title="bbox 2155 4950 3755 5027">
    <p class='ocr_par' dir='ltr' id='par_1_109' title="bbox 2155 4950 3755 5027">
     <span class='ocr_line' id='line_1_110' title="bbox 2155 4950 3755 5027; baseline -0.006 -13"><span class='ocrx_word' id='word_1_674' title='bbox 2155 4959 2390 5014; x_wconf 87' lang='lat' dir='ltr'><strong>sericors</strong></span> <span class='ocrx_word' id='word_1_675' title='bbox 2418 4958 2577 5017; x_wconf 82' lang='lat' dir='ltr'><strong>Dens,</strong></span> <span class='ocrx_word' id='word_1_676' title='bbox 2614 4959 2679 5010; x_wconf 89' lang='lat' dir='ltr'><strong>ad</strong></span> <span class='ocrx_word' id='word_1_677' title='bbox 2704 4957 3034 5027; x_wconf 88' lang='lat' dir='ltr'><strong>operandum</strong></span> <span class='ocrx_word' id='word_1_678' title='bbox 3063 4955 3193 5009; x_wconf 89' lang='lat' dir='ltr'><strong>mihi</strong></span> <span class='ocrx_word' id='word_1_679' title='bbox 3218 4955 3411 5008; x_wconf 72' lang='lat' dir='ltr'><strong>animm</strong></span> <span class='ocrx_word' id='word_1_680' title='bbox 3433 4967 3575 5006; x_wconf 68' lang='lat' dir='ltr'><strong>mea:</strong></span> <span class='ocrx_word' id='word_1_681' title='bbox 3599 4950 3755 5007; x_wconf 72' lang='lat' dir='ltr'><strong>salu~</strong></span> 
     </span>
    </p>
   </div>
   <div class='ocr_carea' id='block_1_110' title="bbox 2156 5040 3753 5117">
    <p class='ocr_par' dir='ltr' id='par_1_110' title="bbox 2156 5040 3753 5117">
     <span class='ocr_line' id='line_1_111' title="bbox 2156 5040 3753 5117; baseline -0.007 -14"><span class='ocrx_word' id='word_1_682' title='bbox 2156 5059 2263 5103; x_wconf 84' lang='lat' dir='ltr'><strong>tem</strong></span> <span class='ocrx_word' id='word_1_683' title='bbox 2293 5051 2451 5103; x_wconf 63' lang='lat' dir='ltr'><strong>mcml</strong></span> <span class='ocrx_word' id='word_1_684' title='bbox 2477 5064 2537 5102; x_wconf 91' lang='lat' dir='ltr'><strong>ra</strong></span> <span class='ocrx_word' id='word_1_685' title='bbox 2588 5046 2797 5117; x_wconf 82' lang='lat' dir='ltr'><strong>singula</strong></span> <span class='ocrx_word' id='word_1_686' title='bbox 2851 5045 3102 5100; x_wconf 88' lang='lat' dir='ltr'><strong>humanis</strong></span> <span class='ocrx_word' id='word_1_687' title='bbox 3130 5043 3318 5097; x_wconf 81' lang='lat' dir='ltr'><strong>usibus</strong></span> <span class='ocrx_word' id='word_1_688' title='bbox 3343 5051 3474 5112; x_wconf 74' lang='lat' dir='ltr'><strong>apta</strong></span> <span class='ocrx_word' id='word_1_689' title='bbox 3517 5040 3753 5105; x_wconf 84' lang='lat' dir='ltr'><strong>dedisti;</strong></span> 
     </span>
    </p>
   </div>
   <div class='ocr_carea' id='block_1_111' title="bbox 2155 5138 3759 5211">
    <p class='ocr_par' dir='ltr' id='par_1_111' title="bbox 2155 5138 3759 5211">
     <span class='ocr_line' id='line_1_112' title="bbox 2155 5138 3759 5211; baseline -0.006 -15"><span class='ocrx_word' id='word_1_690' title='bbox 2155 5143 2248 5196; x_wconf 88' lang='lat' dir='ltr'><strong>sed</strong></span> <span class='ocrx_word' id='word_1_691' title='bbox 2276 5158 2377 5211; x_wconf 88' lang='lat' dir='ltr'><strong>ego</strong></span> <span class='ocrx_word' id='word_1_692' title='bbox 2404 5140 2743 5195; x_wconf 83' lang='lat' dir='ltr'><strong>miserrimus</strong></span> <span class='ocrx_word' id='word_1_693' title='bbox 2785 5138 3028 5193; x_wconf 91' lang='lat' dir='ltr'><strong>omnium</strong></span> <span class='ocrx_word' id='word_1_694' title='bbox 3056 5145 3110 5192; x_wconf 91' lang='lat' dir='ltr'><strong>et</strong></span> <span class='ocrx_word' id='word_1_695' title='bbox 3138 5144 3420 5206; x_wconf 83' lang='lat' dir='ltr'><strong>peccator,</strong></span> <span class='ocrx_word' id='word_1_696' title='bbox 3450 5144 3503 5189; x_wconf 88' lang='lat' dir='ltr'><strong>te</strong></span> <span class='ocrx_word' id='word_1_697' title='bbox 3532 5143 3759 5189; x_wconf 56' lang='lat' dir='ltr'><strong>aeterm?</strong></span> 
     </span>
    </p>
   </div>
   <div class='ocr_carea' id='block_1_112' title="bbox 2157 5227 3762 5301">
    <p class='ocr_par' dir='ltr' id='par_1_112' title="bbox 2157 5227 3762 5301">
     <span class='ocr_line' id='line_1_113' title="bbox 2157 5227 3762 5301; baseline -0.006 -12"><span class='ocrx_word' id='word_1_698' title='bbox 2157 5234 2345 5289; x_wconf 83' lang='lat' dir='ltr'><strong>salutis</strong></span> <span class='ocrx_word' id='word_1_699' title='bbox 2374 5241 2648 5287; x_wconf 74' lang='lat' dir='ltr'><strong>auctorem</strong></span> <span class='ocrx_word' id='word_1_700' title='bbox 2679 5231 2976 5301; x_wconf 88' lang='lat' dir='ltr'><strong>contempsi</strong></span> <span class='ocrx_word' id='word_1_701' title='bbox 3002 5272 3017 5294; x_wconf 91' lang='lat'><strong>,</strong></span> <span class='ocrx_word' id='word_1_702' title='bbox 3044 5237 3100 5283; x_wconf 90' lang='lat' dir='ltr'><strong>ct</strong></span> <span class='ocrx_word' id='word_1_703' title='bbox 3123 5235 3330 5283; x_wconf 67' lang='lat' dir='ltr'><strong>(eterna</strong></span> <span class='ocrx_word' id='word_1_704' title='bbox 3362 5227 3495 5282; x_wconf 84' lang='lat' dir='ltr'><strong>mihi</strong></span> <span class='ocrx_word' id='word_1_705' title='bbox 3529 5227 3762 5281; x_wconf 86' lang='lat' dir='ltr'><strong>inimico</strong></span> 
     </span>
    </p>
   </div>
   <div class='ocr_carea' id='block_1_113' title="bbox 2160 5317 3763 5394">
    <p class='ocr_par' dir='ltr' id='par_1_113' title="bbox 2160 5317 3763 5394">
     <span class='ocr_line' id='line_1_114' title="bbox 2160 5317 3763 5394; baseline -0.006 -14"><span class='ocrx_word' id='word_1_706' title='bbox 2160 5326 2405 5381; x_wconf 82' lang='lat' dir='ltr'><strong>incendia</strong></span> <span class='ocrx_word' id='word_1_707' title='bbox 2441 5324 2763 5394; x_wconf 68' lang='lat' dir='ltr'><strong>prrparanti</strong></span> <span class='ocrx_word' id='word_1_708' title='bbox 2796 5323 3057 5376; x_wconf 87' lang='lat' dir='ltr'><strong>suadente</strong></span> <span class='ocrx_word' id='word_1_709' title='bbox 3092 5320 3349 5376; x_wconf 68' lang='lat' dir='ltr'><strong>consensi</strong></span> <span class='ocrx_word' id='word_1_710' title='bbox 3386 5317 3543 5391; x_wconf 85' lang='lat' dir='ltr'><strong>[Cod.</strong></span> <span class='ocrx_word' id='word_1_711' title='bbox 3586 5318 3715 5389; x_wconf 64' lang='lat' dir='ltr'><strong>Reg.</strong></span> <span class='ocrx_word' id='word_1_712' title='bbox 3746 5360 3763 5381; x_wconf 89' lang='lat'><strong>,</strong></span> 
     </span>
    </p>
   </div>
   <div class='ocr_carea' id='block_1_114' title="bbox 2150 5409 3763 5483">
    <p class='ocr_par' dir='ltr' id='par_1_114' title="bbox 2150 5409 3763 5483">
     <span class='ocr_line' id='line_1_115' title="bbox 2150 5409 3763 5483; baseline -0.006 -11"><span class='ocrx_word' id='word_1_713' title='bbox 2150 5426 2205 5472; x_wconf 92' lang='lat' dir='ltr'><strong>et</strong></span> <span class='ocrx_word' id='word_1_714' title='bbox 2244 5426 2444 5471; x_wconf 77' lang='lat' dir='ltr'><strong>:rterna</strong></span> <span class='ocrx_word' id='word_1_715' title='bbox 2486 5417 2614 5471; x_wconf 91' lang='lat' dir='ltr'><strong>mihi</strong></span> <span class='ocrx_word' id='word_1_716' title='bbox 2659 5415 2906 5470; x_wconf 79' lang='lat' dir='ltr'><strong>incendia</strong></span> <span class='ocrx_word' id='word_1_717' title='bbox 2955 5413 3288 5483; x_wconf 62' lang='lat' dir='ltr'><strong>prmparanti</strong></span> <span class='ocrx_word' id='word_1_718' title='bbox 3318 5409 3622 5479; x_wconf 74' lang='lat' dir='ltr'><strong>consensi].</strong></span> <span class='ocrx_word' id='word_1_719' title='bbox 3650 5409 3763 5463; x_wconf 76' lang='lat' dir='ltr'><strong>La-</strong></span> 
     </span>
    </p>
   </div>
   <div class='ocr_carea' id='block_1_115' title="bbox 2152 5500 3766 5582">
    <p class='ocr_par' dir='ltr' id='par_1_115' title="bbox 2152 5500 3766 5582">
     <span class='ocr_line' id='line_1_116' title="bbox 2152 5500 3766 5582; baseline -0.004 -15"><span class='ocrx_word' id='word_1_720' title='bbox 2152 5527 2282 5581; x_wconf 83' lang='lat' dir='ltr'><strong>psus</strong></span> <span class='ocrx_word' id='word_1_721' title='bbox 2302 5528 2420 5566; x_wconf 91' lang='lat' dir='ltr'><strong>sum</strong></span> <span class='ocrx_word' id='word_1_722' title='bbox 2446 5512 2497 5566; x_wconf 92' lang='lat' dir='ltr'><strong>in</strong></span> <span class='ocrx_word' id='word_1_723' title='bbox 2522 5511 2778 5582; x_wconf 87' lang='lat' dir='ltr'><strong>peccatis,</strong></span> <span class='ocrx_word' id='word_1_724' title='bbox 2803 5508 2983 5565; x_wconf 91' lang='lat' dir='ltr'><strong>corrui</strong></span> <span class='ocrx_word' id='word_1_725' title='bbox 3010 5508 3066 5563; x_wconf 90' lang='lat' dir='ltr'><strong>in</strong></span> <span class='ocrx_word' id='word_1_726' title='bbox 3091 5507 3306 5563; x_wconf 80' lang='lat' dir='ltr'><strong>deliciis</strong></span> <span class='ocrx_word' id='word_1_727' title='bbox 3325 5507 3434 5561; x_wconf 69' lang='lat' dir='ltr'><strong>&#39;Al.</strong></span> <span class='ocrx_word' id='word_1_728' title='bbox 3488 5500 3766 5562; x_wconf 61' lang='lat' dir='ltr'><strong>delictis‘.</strong></span> 
     </span>
    </p>
   </div>
   <div class='ocr_carea' id='block_1_116' title="bbox 2155 5642 2685 5714">
    <p class='ocr_par' dir='ltr' id='par_1_116' title="bbox 2155 5642 2685 5714">
     <span class='ocr_line' id='line_1_117' title="bbox 2155 5642 2685 5714; baseline -0.002 -17"><span class='ocrx_word' id='word_1_729' title='bbox 2155 5643 2378 5714; x_wconf 88' lang='lat' dir='ltr'><strong>Discip.,</strong></span> <span class='ocrx_word' id='word_1_730' title='bbox 2410 5658 2533 5714; x_wconf 82' lang='lat' dir='ltr'><strong>pag.</strong></span> <span class='ocrx_word' id='word_1_731' title='bbox 2563 5642 2685 5697; x_wconf 58' lang='lat'><strong>6’97.</strong></span> 
     </span>
    </p>
   </div>
   <div class='ocr_carea' id='block_1_117' title="bbox 2228 5706 3216 5783">
    <p class='ocr_par' dir='ltr' id='par_1_117' title="bbox 2228 5706 3216 5783">
     <span class='ocr_line' id='line_1_118' title="bbox 2228 5706 3216 5783; baseline -0.009 -13"><span class='ocrx_word' id='word_1_732' title='bbox 2228 5715 2257 5755; x_wconf 71' lang='grc' dir='ltr'><strong>ι’</strong></span> <span class='ocrx_word' id='word_1_733' title='bbox 2287 5706 2393 5770; x_wconf 77' lang='lat' dir='ltr'><strong>Pro</strong></span> <span class='ocrx_word' id='word_1_734' title='bbox 2413 5706 2511 5771; x_wconf 73' lang='lat' dir='ltr'><strong>usu</strong></span> <span class='ocrx_word' id='word_1_735' title='bbox 2544 5714 2736 5783; x_wconf 87' lang='lat' dir='ltr'><strong>primo,</strong></span> <span class='ocrx_word' id='word_1_736' title='bbox 2768 5727 2950 5781; x_wconf 86' lang='lat' dir='ltr'><strong>supra,</strong></span> <span class='ocrx_word' id='word_1_737' title='bbox 2976 5707 3078 5765; x_wconf 89' lang='lat' dir='ltr'><strong>col.</strong></span> <span class='ocrx_word' id='word_1_738' title='bbox 3110 5706 3216 5765; x_wconf 75' lang='grc'><strong>466</strong></span> 
     </span>
    </p>
   </div>
  </div>
