  <div class='ocr_page' id='page_1' title='image "/cluster/home/n/w/nwhite01/storage/ocr_20150623/101/hvd.32044004824769/268.png"; bbox 0 0 4038 6336; ppageno 0'>
   <div class='ocr_carea' id='block_1_1' title="bbox 264 288 373 357">
    <p class='ocr_par' dir='ltr' id='par_1_1' title="bbox 264 288 373 357">
     <span class='ocr_line' id='line_1_1' title="bbox 264 288 373 357; baseline 0 0"><span class='ocrx_word' id='word_1_1' title='bbox 264 288 373 357; x_wconf 68' lang='lat'><strong>595</strong></span> 
     </span>
    </p>
   </div>
   <div class='ocr_carea' id='block_1_2' title="bbox 1267 292 2557 369">
    <p class='ocr_par' dir='ltr' id='par_1_2' title="bbox 1267 292 2557 369">
     <span class='ocr_line' id='line_1_2' title="bbox 1267 292 2557 369; baseline 0.004 -13"><span class='ocrx_word' id='word_1_2' title='bbox 1267 298 1657 358; x_wconf 81' lang='lat' dir='ltr'><strong>LITURGICA.</strong></span> <span class='ocrx_word' id='word_1_3' title='bbox 1698 333 1771 343; x_wconf 95' lang='lat'><strong><em>—</em></strong></span> <span class='ocrx_word' id='word_1_4' title='bbox 1806 296 2076 363; x_wconf 75' lang='lat' dir='ltr'><strong>OFFICIA</strong></span> <span class='ocrx_word' id='word_1_5' title='bbox 2116 292 2251 369; x_wconf 71' lang='lat' dir='ltr'><strong>PER</strong></span> <span class='ocrx_word' id='word_1_6' title='bbox 2292 294 2557 367; x_wconf 76' lang='lat' dir='ltr'><strong>FERIAS.</strong></span> 
     </span>
    </p>
   </div>
   <div class='ocr_carea' id='block_1_3' title="bbox 3413 300 3521 387">
    <p class='ocr_par' dir='ltr' id='par_1_3' title="bbox 3413 300 3521 387">
     <span class='ocr_line' id='line_1_3' title="bbox 3413 300 3521 387; baseline 0 -6"><span class='ocrx_word' id='word_1_7' title='bbox 3413 300 3521 387; x_wconf 48' lang='grc' dir='ltr'><strong>δὶα</strong></span> 
     </span>
    </p>
   </div>
   <div class='ocr_carea' id='block_1_4' title="bbox 259 410 3521 495">
    <p class='ocr_par' dir='ltr' id='par_1_4' title="bbox 259 410 3521 495">
     <span class='ocr_line' id='line_1_4' title="bbox 259 410 3521 495; baseline 0.003 -26"><span class='ocrx_word' id='word_1_8' title='bbox 259 414 323 474; x_wconf 83' lang='lat' dir='ltr'><strong>1n</strong></span> <span class='ocrx_word' id='word_1_9' title='bbox 340 412 600 470; x_wconf 79' lang='lat' dir='ltr'><strong>membris</strong></span> <span class='ocrx_word' id='word_1_10' title='bbox 621 410 845 484; x_wconf 81' lang='lat' dir='ltr'><strong>singulis</strong></span> <span class='ocrx_word' id='word_1_11' title='bbox 870 416 1081 468; x_wconf 69' lang='lat' dir='ltr'><strong>natum</strong></span> <span class='ocrx_word' id='word_1_12' title='bbox 1098 413 1317 469; x_wconf 85' lang='lat' dir='ltr'><strong>modum</strong></span> <span class='ocrx_word' id='word_1_13' title='bbox 1339 414 1569 478; x_wconf 78' lang='lat' dir='ltr'><strong>excessi,</strong></span> <span class='ocrx_word' id='word_1_14' title='bbox 1597 414 1845 483; x_wconf 87' lang='lat' dir='ltr'><strong>etimpiis</strong></span> <span class='ocrx_word' id='word_1_15' title='bbox 1872 423 1918 480; x_wconf 75' lang='grc' dir='ltr'><strong>Α</strong></span> <span class='ocrx_word' id='word_1_16' title='bbox 1952 413 2175 482; x_wconf 75' lang='lat' dir='ltr'><strong>ReSpice</strong></span> <span class='ocrx_word' id='word_1_17' title='bbox 2195 416 2248 471; x_wconf 91' lang='lat' dir='ltr'><strong>in</strong></span> <span class='ocrx_word' id='word_1_18' title='bbox 2278 432 2382 481; x_wconf 92' lang='lat' dir='ltr'><strong>me,</strong></span> <span class='ocrx_word' id='word_1_19' title='bbox 2409 425 2465 472; x_wconf 89' lang='lat' dir='ltr'><strong>et</strong></span> <span class='ocrx_word' id='word_1_20' title='bbox 2494 418 2753 473; x_wconf 88' lang='lat' dir='ltr'><strong>miserere</strong></span> <span class='ocrx_word' id='word_1_21' title='bbox 2772 416 2898 482; x_wconf 89' lang='lat' dir='ltr'><strong>mei,</strong></span> <span class='ocrx_word' id='word_1_22' title='bbox 2914 416 3226 490; x_wconf 74' lang='lat' dir='ltr'><strong>fontemque</strong></span> <span class='ocrx_word' id='word_1_23' title='bbox 3250 410 3521 495; x_wconf 65' lang='lat' dir='ltr'><strong>lacryma-</strong></span> 
     </span>
    </p>
   </div>
   <div class='ocr_carea' id='block_1_5' title="bbox 260 506 1844 573">
    <p class='ocr_par' dir='ltr' id='par_1_5' title="bbox 260 506 1844 573">
     <span class='ocr_line' id='line_1_5' title="bbox 260 506 1844 573; baseline -0.001 -8"><span class='ocrx_word' id='word_1_24' title='bbox 260 524 350 565; x_wconf 88' lang='lat' dir='ltr'><strong>me</strong></span> <span class='ocrx_word' id='word_1_25' title='bbox 374 507 647 562; x_wconf 80' lang='lat' dir='ltr'><strong>laboribus</strong></span> <span class='ocrx_word' id='word_1_26' title='bbox 677 506 973 561; x_wconf 78' lang='lat' dir='ltr'><strong>obnoxium</strong></span> <span class='ocrx_word' id='word_1_27' title='bbox 1016 507 1137 561; x_wconf 88' lang='lat' dir='ltr'><strong>feci.</strong></span> <span class='ocrx_word' id='word_1_28' title='bbox 1169 506 1343 561; x_wconf 81' lang='lat' dir='ltr'><strong>Pedes</strong></span> <span class='ocrx_word' id='word_1_29' title='bbox 1384 507 1487 573; x_wconf 85' lang='lat' dir='ltr'><strong>mei</strong></span> <span class='ocrx_word' id='word_1_30' title='bbox 1515 507 1583 563; x_wconf 84' lang='lat' dir='ltr'><strong>ad</strong></span> <span class='ocrx_word' id='word_1_31' title='bbox 1613 522 1844 563; x_wconf 78' lang='lat' dir='ltr'><strong>curren—</strong></span> 
     </span>
    </p>
   </div>
   <div class='ocr_carea' id='block_1_6' title="bbox 260 599 1847 670">
    <p class='ocr_par' dir='ltr' id='par_1_6' title="bbox 260 599 1847 670">
     <span class='ocr_line' id='line_1_6' title="bbox 260 599 1847 670; baseline -0.004 -12"><span class='ocrx_word' id='word_1_32' title='bbox 260 604 390 659; x_wconf 91' lang='lat' dir='ltr'><strong>dum</strong></span> <span class='ocrx_word' id='word_1_33' title='bbox 421 602 475 656; x_wconf 89' lang='lat' dir='ltr'><strong>in</strong></span> <span class='ocrx_word' id='word_1_34' title='bbox 523 600 756 664; x_wconf 90' lang='lat' dir='ltr'><strong>malum,</strong></span> <span class='ocrx_word' id='word_1_35' title='bbox 788 600 1064 668; x_wconf 87' lang='lat' dir='ltr'><strong>sequendo</strong></span> <span class='ocrx_word' id='word_1_36' title='bbox 1092 599 1390 664; x_wconf 82' lang='lat' dir='ltr'><strong>libidinem,</strong></span> <span class='ocrx_word' id='word_1_37' title='bbox 1427 614 1586 670; x_wconf 85' lang='lat' dir='ltr'><strong>supra</strong></span> <span class='ocrx_word' id='word_1_38' title='bbox 1624 599 1847 659; x_wconf 84' lang='lat' dir='ltr'><strong>modum</strong></span> 
     </span>
    </p>
   </div>
   <div class='ocr_carea' id='block_1_7' title="bbox 260 692 1847 757">
    <p class='ocr_par' dir='ltr' id='par_1_7' title="bbox 260 692 1847 757">
     <span class='ocr_line' id='line_1_7' title="bbox 260 692 1847 757; baseline 0.001 -8"><span class='ocrx_word' id='word_1_39' title='bbox 260 694 477 750; x_wconf 86' lang='lat' dir='ltr'><strong>veloces</strong></span> <span class='ocrx_word' id='word_1_40' title='bbox 519 692 771 757; x_wconf 82' lang='lat' dir='ltr'><strong>fuerunt,</strong></span> <span class='ocrx_word' id='word_1_41' title='bbox 803 700 857 745; x_wconf 93' lang='lat' dir='ltr'><strong>et</strong></span> <span class='ocrx_word' id='word_1_42' title='bbox 901 692 955 747; x_wconf 91' lang='lat' dir='ltr'><strong>in</strong></span> <span class='ocrx_word' id='word_1_43' title='bbox 982 692 1288 746; x_wconf 85' lang='lat' dir='ltr'><strong>obedientia</strong></span> <span class='ocrx_word' id='word_1_44' title='bbox 1320 693 1697 749; x_wconf 77' lang='lat' dir='ltr'><strong>mandatorum</strong></span> <span class='ocrx_word' id='word_1_45' title='bbox 1728 701 1847 749; x_wconf 78' lang='lat' dir='ltr'><strong>tuo-</strong></span> 
     </span>
    </p>
   </div>
   <div class='ocr_carea' id='block_1_8' title="bbox 261 781 1849 845">
    <p class='ocr_par' dir='ltr' id='par_1_8' title="bbox 261 781 1849 845">
     <span class='ocr_line' id='line_1_8' title="bbox 261 781 1849 845; baseline 0 -6"><span class='ocrx_word' id='word_1_46' title='bbox 261 799 383 839; x_wconf 89' lang='lat' dir='ltr'><strong>rum</strong></span> <span class='ocrx_word' id='word_1_47' title='bbox 430 782 744 838; x_wconf 74' lang='lat' dir='ltr'><strong>imbecilles.</strong></span> <span class='ocrx_word' id='word_1_48' title='bbox 798 781 969 837; x_wconf 85' lang='lat' dir='ltr'><strong>Crura</strong></span> <span class='ocrx_word' id='word_1_49' title='bbox 1003 797 1120 836; x_wconf 90' lang='lat' dir='ltr'><strong>mea</strong></span> <span class='ocrx_word' id='word_1_50' title='bbox 1163 783 1233 837; x_wconf 88' lang='lat' dir='ltr'><strong>ad</strong></span> <span class='ocrx_word' id='word_1_51' title='bbox 1275 798 1360 839; x_wconf 87' lang='lat' dir='ltr'><strong>me</strong></span> <span class='ocrx_word' id='word_1_52' title='bbox 1390 782 1761 843; x_wconf 84' lang='lat' dir='ltr'><strong>sustinendum</strong></span> <span class='ocrx_word' id='word_1_53' title='bbox 1789 783 1849 845; x_wconf 78' lang='lat' dir='ltr'><strong>in</strong></span> 
     </span>
    </p>
   </div>
   <div class='ocr_carea' id='block_1_9' title="bbox 260 872 1849 947">
    <p class='ocr_par' dir='ltr' id='par_1_9' title="bbox 260 872 1849 947">
     <span class='ocr_line' id='line_1_9' title="bbox 260 872 1849 947; baseline -0.002 -16"><span class='ocrx_word' id='word_1_54' title='bbox 260 875 465 931; x_wconf 88' lang='lat' dir='ltr'><strong>malum</strong></span> <span class='ocrx_word' id='word_1_55' title='bbox 504 875 673 930; x_wconf 88' lang='lat' dir='ltr'><strong>fortes</strong></span> <span class='ocrx_word' id='word_1_56' title='bbox 714 872 869 947; x_wconf 85' lang='lat' dir='ltr'><strong>[Cod.</strong></span> <span class='ocrx_word' id='word_1_57' title='bbox 916 873 1068 944; x_wconf 61' lang='lat'><strong>8:29.,</strong></span> <span class='ocrx_word' id='word_1_58' title='bbox 1123 873 1329 947; x_wconf 69' lang='lat' dir='ltr'><strong>fortia].</strong></span> <span class='ocrx_word' id='word_1_59' title='bbox 1388 875 1578 933; x_wconf 83' lang='lat' dir='ltr'><strong>Genua</strong></span> <span class='ocrx_word' id='word_1_60' title='bbox 1617 892 1736 935; x_wconf 82' lang='lat' dir='ltr'><strong>mea</strong></span> <span class='ocrx_word' id='word_1_61' title='bbox 1777 876 1849 939; x_wconf 70' lang='lat' dir='ltr'><strong>ad</strong></span> 
     </span>
    </p>
   </div>
   <div class='ocr_carea' id='block_1_10' title="bbox 259 967 1841 1041">
    <p class='ocr_par' dir='ltr' id='par_1_10' title="bbox 259 967 1841 1041">
     <span class='ocr_line' id='line_1_10' title="bbox 259 967 1841 1041; baseline -0.003 -15"><span class='ocrx_word' id='word_1_62' title='bbox 259 970 676 1027; x_wconf 73' lang='lat' dir='ltr'><strong>fornicationem</strong></span> <span class='ocrx_word' id='word_1_63' title='bbox 724 970 903 1040; x_wconf 90' lang='lat' dir='ltr'><strong>potius</strong></span> <span class='ocrx_word' id='word_1_64' title='bbox 933 986 1096 1039; x_wconf 87' lang='lat' dir='ltr'><strong>quam</strong></span> <span class='ocrx_word' id='word_1_65' title='bbox 1129 970 1194 1023; x_wconf 91' lang='lat' dir='ltr'><strong>ad</strong></span> <span class='ocrx_word' id='word_1_66' title='bbox 1223 968 1333 1041; x_wconf 66' lang='grc'><strong>64</strong></span> <span class='ocrx_word' id='word_1_67' title='bbox 1361 969 1661 1023; x_wconf 88' lang='lat' dir='ltr'><strong>orationem</strong></span> <span class='ocrx_word' id='word_1_68' title='bbox 1698 967 1841 1025; x_wconf 75' lang='lat' dir='ltr'><strong>ﬂexi.</strong></span> 
     </span>
    </p>
   </div>
   <div class='ocr_carea' id='block_1_11' title="bbox 258 1059 1843 1133">
    <p class='ocr_par' dir='ltr' id='par_1_11' title="bbox 258 1059 1843 1133">
     <span class='ocr_line' id='line_1_11' title="bbox 258 1059 1843 1133; baseline -0.007 -11"><span class='ocrx_word' id='word_1_69' title='bbox 258 1064 318 1123; x_wconf 84' lang='lat' dir='ltr'><strong>In</strong></span> <span class='ocrx_word' id='word_1_70' title='bbox 347 1062 644 1118; x_wconf 78' lang='lat' dir='ltr'><strong>femoribus</strong></span> <span class='ocrx_word' id='word_1_71' title='bbox 665 1071 720 1118; x_wconf 87' lang='lat' dir='ltr'><strong>et</strong></span> <span class='ocrx_word' id='word_1_72' title='bbox 752 1063 804 1116; x_wconf 91' lang='lat' dir='ltr'><strong>in</strong></span> <span class='ocrx_word' id='word_1_73' title='bbox 836 1062 1162 1133; x_wconf 75' lang='lat' dir='ltr'><strong>genitalibus</strong></span> <span class='ocrx_word' id='word_1_74' title='bbox 1192 1061 1326 1115; x_wconf 92' lang='lat' dir='ltr'><strong>meis</strong></span> <span class='ocrx_word' id='word_1_75' title='bbox 1355 1076 1517 1130; x_wconf 82' lang='lat' dir='ltr'><strong>supra</strong></span> <span class='ocrx_word' id='word_1_76' title='bbox 1544 1059 1763 1115; x_wconf 88' lang='lat' dir='ltr'><strong>modum</strong></span> <span class='ocrx_word' id='word_1_77' title='bbox 1789 1059 1843 1112; x_wconf 91' lang='lat' dir='ltr'><strong>in</strong></span> 
     </span>
    </p>
   </div>
   <div class='ocr_carea' id='block_1_12' title="bbox 258 1155 1840 1229">
    <p class='ocr_par' dir='ltr' id='par_1_12' title="bbox 258 1155 1840 1229">
     <span class='ocr_line' id='line_1_12' title="bbox 258 1155 1840 1229; baseline -0.003 -14"><span class='ocrx_word' id='word_1_78' title='bbox 258 1159 517 1215; x_wconf 85' lang='lat' dir='ltr'><strong>omnibus</strong></span> <span class='ocrx_word' id='word_1_79' title='bbox 556 1173 643 1213; x_wconf 90' lang='lat' dir='ltr'><strong>me</strong></span> <span class='ocrx_word' id='word_1_80' title='bbox 687 1158 1045 1213; x_wconf 70' lang='lat' dir='ltr'><strong>immunditiis</strong></span> <span class='ocrx_word' id='word_1_81' title='bbox 1080 1158 1357 1212; x_wconf 88' lang='lat' dir='ltr'><strong>contamin</strong></span> <span class='ocrx_word' id='word_1_82' title='bbox 1396 1172 1453 1210; x_wconf 91' lang='lat' dir='ltr'><strong>re</strong></span> <span class='ocrx_word' id='word_1_83' title='bbox 1500 1155 1654 1229; x_wconf 85' lang='lat' dir='ltr'><strong>[Cod.</strong></span> <span class='ocrx_word' id='word_1_84' title='bbox 1688 1155 1840 1227; x_wconf 85' lang='lat' dir='ltr'><strong>Reg.,</strong></span> 
     </span>
    </p>
   </div>
   <div class='ocr_carea' id='block_1_13' title="bbox 258 1250 1847 1322">
    <p class='ocr_par' dir='ltr' id='par_1_13' title="bbox 258 1250 1847 1322">
     <span class='ocr_line' id='line_1_13' title="bbox 258 1250 1847 1322; baseline 0.001 -16"><span class='ocrx_word' id='word_1_85' title='bbox 258 1250 315 1306; x_wconf 85' lang='lat' dir='ltr'><strong>in</strong></span> <span class='ocrx_word' id='word_1_86' title='bbox 342 1251 595 1307; x_wconf 89' lang='lat' dir='ltr'><strong>omnibus</strong></span> <span class='ocrx_word' id='word_1_87' title='bbox 624 1251 978 1306; x_wconf 80' lang='lat' dir='ltr'><strong>immunditiis</strong></span> <span class='ocrx_word' id='word_1_88' title='bbox 1023 1250 1405 1322; x_wconf 76' lang='lat' dir='ltr'><strong>contaminari]</strong></span> <span class='ocrx_word' id='word_1_89' title='bbox 1433 1268 1541 1305; x_wconf 92' lang='lat' dir='ltr'><strong>non</strong></span> <span class='ocrx_word' id='word_1_90' title='bbox 1584 1251 1769 1316; x_wconf 88' lang='lat' dir='ltr'><strong>metui,</strong></span> <span class='ocrx_word' id='word_1_91' title='bbox 1790 1258 1847 1307; x_wconf 83' lang='lat' dir='ltr'><strong>et</strong></span> 
     </span>
    </p>
   </div>
   <div class='ocr_carea' id='block_1_14' title="bbox 258 1341 1846 1413">
    <p class='ocr_par' dir='ltr' id='par_1_14' title="bbox 258 1341 1846 1413">
     <span class='ocr_line' id='line_1_14' title="bbox 258 1341 1846 1413; baseline 0.001 -12"><span class='ocrx_word' id='word_1_92' title='bbox 258 1359 414 1401; x_wconf 77' lang='lat' dir='ltr'><strong>reum</strong></span> <span class='ocrx_word' id='word_1_93' title='bbox 445 1358 532 1398; x_wconf 90' lang='lat' dir='ltr'><strong>me</strong></span> <span class='ocrx_word' id='word_1_94' title='bbox 550 1343 699 1401; x_wconf 86' lang='lat' dir='ltr'><strong>omni</strong></span> <span class='ocrx_word' id='word_1_95' title='bbox 734 1343 867 1398; x_wconf 88' lang='lat' dir='ltr'><strong>hora</strong></span> <span class='ocrx_word' id='word_1_96' title='bbox 902 1344 1106 1413; x_wconf 78' lang='lat' dir='ltr'><strong>peregi.</strong></span> <span class='ocrx_word' id='word_1_97' title='bbox 1133 1341 1334 1398; x_wconf 78' lang='lat' dir='ltr'><strong>Venter</strong></span> <span class='ocrx_word' id='word_1_98' title='bbox 1366 1359 1520 1399; x_wconf 88' lang='lat' dir='ltr'><strong>meus</strong></span> <span class='ocrx_word' id='word_1_99' title='bbox 1552 1353 1608 1400; x_wconf 90' lang='lat' dir='ltr'><strong>et</strong></span> <span class='ocrx_word' id='word_1_100' title='bbox 1634 1346 1846 1403; x_wconf 83' lang='lat' dir='ltr'><strong>viscera</strong></span> 
     </span>
    </p>
   </div>
   <div class='ocr_carea' id='block_1_15' title="bbox 258 1435 1845 1507">
    <p class='ocr_par' dir='ltr' id='par_1_15' title="bbox 258 1435 1845 1507">
     <span class='ocr_line' id='line_1_15' title="bbox 258 1435 1845 1507; baseline 0 -13"><span class='ocrx_word' id='word_1_101' title='bbox 258 1439 441 1495; x_wconf 83' lang='lat' dir='ltr'><strong>omnia</strong></span> <span class='ocrx_word' id='word_1_102' title='bbox 471 1437 689 1506; x_wconf 85' lang='lat' dir='ltr'><strong>crapula</strong></span> <span class='ocrx_word' id='word_1_103' title='bbox 714 1446 839 1492; x_wconf 86' lang='lat' dir='ltr'><strong>sunt</strong></span> <span class='ocrx_word' id='word_1_104' title='bbox 872 1435 1074 1507; x_wconf 75' lang='lat' dir='ltr'><strong>iugiter</strong></span> <span class='ocrx_word' id='word_1_105' title='bbox 1098 1445 1155 1492; x_wconf 92' lang='lat' dir='ltr'><strong>et</strong></span> <span class='ocrx_word' id='word_1_106' title='bbox 1188 1437 1451 1492; x_wconf 77' lang='lat' dir='ltr'><strong>ebrietate</strong></span> <span class='ocrx_word' id='word_1_107' title='bbox 1476 1436 1725 1493; x_wconf 90' lang='lat' dir='ltr'><strong>distenta.</strong></span> <span class='ocrx_word' id='word_1_108' title='bbox 1786 1438 1845 1494; x_wconf 89' lang='lat' dir='ltr'><strong>ln</strong></span> 
     </span>
    </p>
   </div>
   <div class='ocr_carea' id='block_1_16' title="bbox 258 1528 1846 1594">
    <p class='ocr_par' dir='ltr' id='par_1_16' title="bbox 258 1528 1846 1594">
     <span class='ocr_line' id='line_1_16' title="bbox 258 1528 1846 1594; baseline -0.002 -10"><span class='ocrx_word' id='word_1_109' title='bbox 258 1530 483 1585; x_wconf 85' lang='lat' dir='ltr'><strong>renibus</strong></span> <span class='ocrx_word' id='word_1_110' title='bbox 508 1537 564 1584; x_wconf 93' lang='lat' dir='ltr'><strong>et</strong></span> <span class='ocrx_word' id='word_1_111' title='bbox 591 1528 785 1585; x_wconf 91' lang='lat' dir='ltr'><strong>lumbis</strong></span> <span class='ocrx_word' id='word_1_112' title='bbox 814 1571 825 1594; x_wconf 86' lang='lat'><strong>,</strong></span> <span class='ocrx_word' id='word_1_113' title='bbox 867 1530 1116 1585; x_wconf 90' lang='lat' dir='ltr'><strong>illusione</strong></span> <span class='ocrx_word' id='word_1_114' title='bbox 1154 1529 1419 1585; x_wconf 80' lang='lat' dir='ltr'><strong>diabolica</strong></span> <span class='ocrx_word' id='word_1_115' title='bbox 1448 1545 1511 1584; x_wconf 90' lang='lat' dir='ltr'><strong>ac</strong></span> <span class='ocrx_word' id='word_1_116' title='bbox 1534 1528 1749 1585; x_wconf 90' lang='lat' dir='ltr'><strong>ﬂamma</strong></span> <span class='ocrx_word' id='word_1_117' title='bbox 1780 1530 1846 1586; x_wconf 64' lang='lat' dir='ltr'><strong>li-</strong></span> 
     </span>
    </p>
   </div>
   <div class='ocr_carea' id='block_1_17' title="bbox 256 1619 1843 1689">
    <p class='ocr_par' dir='ltr' id='par_1_17' title="bbox 256 1619 1843 1689">
     <span class='ocr_line' id='line_1_17' title="bbox 256 1619 1843 1689; baseline 0.003 -14"><span class='ocrx_word' id='word_1_118' title='bbox 256 1619 481 1684; x_wconf 85' lang='lat' dir='ltr'><strong>bidinis,</strong></span> <span class='ocrx_word' id='word_1_119' title='bbox 495 1621 809 1689; x_wconf 90' lang='lat' dir='ltr'><strong>turpissimo</strong></span> <span class='ocrx_word' id='word_1_120' title='bbox 839 1621 1007 1676; x_wconf 87' lang='lat' dir='ltr'><strong>ardeo</strong></span> <span class='ocrx_word' id='word_1_121' title='bbox 1025 1621 1313 1677; x_wconf 86' lang='lat' dir='ltr'><strong>desiderio.</strong></span> <span class='ocrx_word' id='word_1_122' title='bbox 1338 1621 1531 1679; x_wconf 88' lang='lat' dir='ltr'><strong>Latera</strong></span> <span class='ocrx_word' id='word_1_123' title='bbox 1552 1624 1699 1679; x_wconf 87' lang='lat' dir='ltr'><strong>enim</strong></span> <span class='ocrx_word' id='word_1_124' title='bbox 1724 1639 1843 1679; x_wconf 89' lang='lat' dir='ltr'><strong>mea</strong></span> 
     </span>
    </p>
   </div>
   <div class='ocr_carea' id='block_1_18' title="bbox 256 1708 1841 1787">
    <p class='ocr_par' dir='ltr' id='par_1_18' title="bbox 256 1708 1841 1787">
     <span class='ocr_line' id='line_1_18' title="bbox 256 1708 1841 1787; baseline 0.004 -22"><span class='ocrx_word' id='word_1_125' title='bbox 256 1708 489 1769; x_wconf 64' lang='lat' dir='ltr'><strong>luxuriae</strong></span> <span class='ocrx_word' id='word_1_126' title='bbox 517 1711 777 1767; x_wconf 86' lang='lat' dir='ltr'><strong>malitiam</strong></span> <span class='ocrx_word' id='word_1_127' title='bbox 801 1710 953 1785; x_wconf 87' lang='lat' dir='ltr'><strong>[Cod.</strong></span> <span class='ocrx_word' id='word_1_128' title='bbox 984 1711 1134 1784; x_wconf 82' lang='lat' dir='ltr'><strong>Reg.,</strong></span> <span class='ocrx_word' id='word_1_129' title='bbox 1160 1712 1428 1769; x_wconf 80' lang='lat' dir='ltr'><strong>luxuriam</strong></span> <span class='ocrx_word' id='word_1_130' title='bbox 1454 1713 1702 1787; x_wconf 75' lang='lat' dir='ltr'><strong>malitire]</strong></span> <span class='ocrx_word' id='word_1_131' title='bbox 1733 1730 1841 1775; x_wconf 85' lang='lat' dir='ltr'><strong>non</strong></span> 
     </span>
    </p>
   </div>
   <div class='ocr_carea' id='block_1_19' title="bbox 256 1803 1843 1875">
    <p class='ocr_par' dir='ltr' id='par_1_19' title="bbox 256 1803 1843 1875">
     <span class='ocr_line' id='line_1_19' title="bbox 256 1803 1843 1875; baseline 0.004 -17"><span class='ocrx_word' id='word_1_132' title='bbox 256 1803 558 1860; x_wconf 78' lang='lat' dir='ltr'><strong>formidant</strong></span> <span class='ocrx_word' id='word_1_133' title='bbox 583 1813 918 1875; x_wconf 87' lang='lat' dir='ltr'><strong>perpetrare.</strong></span> <span class='ocrx_word' id='word_1_134' title='bbox 968 1804 1205 1861; x_wconf 91' lang='lat' dir='ltr'><strong>Dorsum</strong></span> <span class='ocrx_word' id='word_1_135' title='bbox 1234 1821 1414 1861; x_wconf 90' lang='lat' dir='ltr'><strong>meum</strong></span> <span class='ocrx_word' id='word_1_136' title='bbox 1442 1804 1511 1861; x_wconf 87' lang='lat' dir='ltr'><strong>ad</strong></span> <span class='ocrx_word' id='word_1_137' title='bbox 1539 1806 1724 1875; x_wconf 88' lang='lat' dir='ltr'><strong>iniqua</strong></span> <span class='ocrx_word' id='word_1_138' title='bbox 1757 1823 1843 1869; x_wconf 81' lang='lat' dir='ltr'><strong>ro-</strong></span> 
     </span>
    </p>
   </div>
   <div class='ocr_carea' id='block_1_20' title="bbox 256 1897 1844 1965">
    <p class='ocr_par' dir='ltr' id='par_1_20' title="bbox 256 1897 1844 1965">
     <span class='ocr_line' id='line_1_20' title="bbox 256 1897 1844 1965; baseline 0.002 -13"><span class='ocrx_word' id='word_1_139' title='bbox 256 1898 447 1952; x_wconf 82' lang='lat' dir='ltr'><strong>boravi</strong></span> <span class='ocrx_word' id='word_1_140' title='bbox 488 1912 653 1965; x_wconf 89' lang='lat' dir='ltr'><strong>opera</strong></span> <span class='ocrx_word' id='word_1_141' title='bbox 673 1939 687 1962; x_wconf 96' lang='lat'><strong>,</strong></span> <span class='ocrx_word' id='word_1_142' title='bbox 725 1905 781 1954; x_wconf 92' lang='lat' dir='ltr'><strong>et</strong></span> <span class='ocrx_word' id='word_1_143' title='bbox 805 1897 1003 1953; x_wconf 89' lang='lat' dir='ltr'><strong>collum</strong></span> <span class='ocrx_word' id='word_1_144' title='bbox 1035 1913 1214 1953; x_wconf 90' lang='lat' dir='ltr'><strong>meum</strong></span> <span class='ocrx_word' id='word_1_145' title='bbox 1252 1898 1306 1953; x_wconf 90' lang='lat' dir='ltr'><strong>in</strong></span> <span class='ocrx_word' id='word_1_146' title='bbox 1339 1899 1543 1959; x_wconf 85' lang='lat' dir='ltr'><strong>carnali</strong></span> <span class='ocrx_word' id='word_1_147' title='bbox 1576 1899 1725 1955; x_wconf 79' lang='lat' dir='ltr'><strong>erexi</strong></span> <span class='ocrx_word' id='word_1_148' title='bbox 1754 1916 1844 1963; x_wconf 77' lang='lat' dir='ltr'><strong>su-</strong></span> 
     </span>
    </p>
   </div>
   <div class='ocr_carea' id='block_1_21' title="bbox 256 1990 1844 2064">
    <p class='ocr_par' dir='ltr' id='par_1_21' title="bbox 256 1990 1844 2064">
     <span class='ocr_line' id='line_1_21' title="bbox 256 1990 1844 2064; baseline 0.003 -19"><span class='ocrx_word' id='word_1_149' title='bbox 256 1992 469 2063; x_wconf 84' lang='lat' dir='ltr'><strong>perbia.</strong></span> <span class='ocrx_word' id='word_1_150' title='bbox 515 1990 751 2046; x_wconf 80' lang='lat' dir='ltr'><strong>Humera</strong></span> <span class='ocrx_word' id='word_1_151' title='bbox 778 1992 948 2063; x_wconf 83' lang='lat' dir='ltr'><strong>(Nave</strong></span> <span class='ocrx_word' id='word_1_152' title='bbox 971 1992 1189 2063; x_wconf 81' lang='lat' dir='ltr'><strong>dictum)</strong></span> <span class='ocrx_word' id='word_1_153' title='bbox 1221 2009 1341 2049; x_wconf 89' lang='lat' dir='ltr'><strong>mea</strong></span> <span class='ocrx_word' id='word_1_154' title='bbox 1369 1994 1437 2048; x_wconf 90' lang='lat' dir='ltr'><strong>ad</strong></span> <span class='ocrx_word' id='word_1_155' title='bbox 1459 1995 1722 2064; x_wconf 85' lang='lat' dir='ltr'><strong>portanda</strong></span> <span class='ocrx_word' id='word_1_156' title='bbox 1750 2010 1844 2051; x_wconf 86' lang='lat' dir='ltr'><strong>ne-</strong></span> 
     </span>
    </p>
   </div>
   <div class='ocr_carea' id='block_1_22' title="bbox 255 2085 1844 2159">
    <p class='ocr_par' dir='ltr' id='par_1_22' title="bbox 255 2085 1844 2159">
     <span class='ocr_line' id='line_1_22' title="bbox 255 2085 1844 2159; baseline 0.003 -22"><span class='ocrx_word' id='word_1_157' title='bbox 255 2085 446 2155; x_wconf 69' lang='lat' dir='ltr'><strong>quitiae</strong></span> <span class='ocrx_word' id='word_1_158' title='bbox 475 2100 639 2139; x_wconf 87' lang='lat' dir='ltr'><strong>onera</strong></span> <span class='ocrx_word' id='word_1_159' title='bbox 671 2085 908 2159; x_wconf 81' lang='lat' dir='ltr'><strong>subdidi,</strong></span> <span class='ocrx_word' id='word_1_160' title='bbox 942 2094 997 2139; x_wconf 91' lang='lat' dir='ltr'><strong>et</strong></span> <span class='ocrx_word' id='word_1_161' title='bbox 1021 2086 1242 2140; x_wconf 87' lang='lat' dir='ltr'><strong>brachia</strong></span> <span class='ocrx_word' id='word_1_162' title='bbox 1284 2085 1616 2142; x_wconf 79' lang='lat' dir='ltr'><strong>illecebrosis</strong></span> <span class='ocrx_word' id='word_1_163' title='bbox 1639 2086 1844 2155; x_wconf 72' lang='lat' dir='ltr'><strong>iugiter</strong></span> 
     </span>
    </p>
   </div>
   <div class='ocr_carea' id='block_1_23' title="bbox 256 2175 1838 2249">
    <p class='ocr_par' dir='ltr' id='par_1_23' title="bbox 256 2175 1838 2249">
     <span class='ocr_line' id='line_1_23' title="bbox 256 2175 1838 2249; baseline 0.001 -16"><span class='ocrx_word' id='word_1_164' title='bbox 256 2176 600 2247; x_wconf 77' lang='lat' dir='ltr'><strong>amplexibus</strong></span> <span class='ocrx_word' id='word_1_165' title='bbox 620 2177 843 2247; x_wconf 71' lang='lat' dir='ltr'><strong>prrebui.</strong></span> <span class='ocrx_word' id='word_1_166' title='bbox 861 2175 1049 2231; x_wconf 84' lang='lat' dir='ltr'><strong>Manus</strong></span> <span class='ocrx_word' id='word_1_167' title='bbox 1064 2193 1199 2232; x_wconf 67' lang='lat' dir='ltr'><strong>mem</strong></span> <span class='ocrx_word' id='word_1_168' title='bbox 1217 2176 1386 2248; x_wconf 74' lang='lat' dir='ltr'><strong>plena:</strong></span> <span class='ocrx_word' id='word_1_169' title='bbox 1405 2187 1531 2233; x_wconf 90' lang='lat' dir='ltr'><strong>sunt</strong></span> <span class='ocrx_word' id='word_1_170' title='bbox 1554 2179 1838 2249; x_wconf 79' lang='lat' dir='ltr'><strong>sanguine,</strong></span> 
     </span>
    </p>
   </div>
   <div class='ocr_carea' id='block_1_24' title="bbox 253 2266 1842 2340">
    <p class='ocr_par' dir='ltr' id='par_1_24' title="bbox 253 2266 1842 2340">
     <span class='ocr_line' id='line_1_24' title="bbox 253 2266 1842 2340; baseline 0 -16"><span class='ocrx_word' id='word_1_171' title='bbox 253 2269 619 2337; x_wconf 85' lang='lat' dir='ltr'><strong>omnibusque</strong></span> <span class='ocrx_word' id='word_1_172' title='bbox 630 2266 881 2322; x_wconf 86' lang='lat' dir='ltr'><strong>sordibus</strong></span> <span class='ocrx_word' id='word_1_173' title='bbox 895 2268 1280 2337; x_wconf 67' lang='lat' dir='ltr'><strong>suntpollutae;</strong></span> <span class='ocrx_word' id='word_1_174' title='bbox 1308 2277 1571 2340; x_wconf 72' lang='lat' dir='ltr'><strong>prompta:</strong></span> <span class='ocrx_word' id='word_1_175' title='bbox 1593 2270 1660 2323; x_wconf 90' lang='lat' dir='ltr'><strong>ad</strong></span> <span class='ocrx_word' id='word_1_176' title='bbox 1682 2285 1842 2325; x_wconf 86' lang='lat' dir='ltr'><strong>omne</strong></span> 
     </span>
    </p>
   </div>
   <div class='ocr_carea' id='block_1_25' title="bbox 254 2358 1841 2429">
    <p class='ocr_par' dir='ltr' id='par_1_25' title="bbox 254 2358 1841 2429">
     <span class='ocr_line' id='line_1_25' title="bbox 254 2358 1841 2429; baseline 0.003 -17"><span class='ocrx_word' id='word_1_177' title='bbox 254 2374 397 2429; x_wconf 88' lang='lat' dir='ltr'><strong>opus</strong></span> <span class='ocrx_word' id='word_1_178' title='bbox 444 2372 693 2428; x_wconf 64' lang='lat' dir='ltr'><strong>pravum,</strong></span> <span class='ocrx_word' id='word_1_179' title='bbox 723 2358 889 2427; x_wconf 70' lang='lat' dir='ltr'><strong>pigrm</strong></span> <span class='ocrx_word' id='word_1_180' title='bbox 924 2360 990 2414; x_wconf 91' lang='lat' dir='ltr'><strong>ad</strong></span> <span class='ocrx_word' id='word_1_181' title='bbox 1025 2358 1225 2429; x_wconf 81' lang='lat' dir='ltr'><strong>aliquid</strong></span> <span class='ocrx_word' id='word_1_182' title='bbox 1252 2361 1584 2429; x_wconf 81' lang='lat' dir='ltr'><strong>operandam</strong></span> <span class='ocrx_word' id='word_1_183' title='bbox 1616 2362 1841 2416; x_wconf 88' lang='lat' dir='ltr'><strong>bonum.</strong></span> 
     </span>
    </p>
   </div>
   <div class='ocr_carea' id='block_1_26' title="bbox 254 2448 1846 2523">
    <p class='ocr_par' dir='ltr' id='par_1_26' title="bbox 254 2448 1846 2523">
     <span class='ocr_line' id='line_1_26' title="bbox 254 2448 1846 2523; baseline 0.001 -16"><span class='ocrx_word' id='word_1_184' title='bbox 254 2449 330 2507; x_wconf 83' lang='lat' dir='ltr'><strong>Os</strong></span> <span class='ocrx_word' id='word_1_185' title='bbox 364 2465 543 2506; x_wconf 90' lang='lat' dir='ltr'><strong>meum</strong></span> <span class='ocrx_word' id='word_1_186' title='bbox 572 2448 782 2505; x_wconf 88' lang='lat' dir='ltr'><strong>nefario</strong></span> <span class='ocrx_word' id='word_1_187' title='bbox 827 2449 1090 2519; x_wconf 91' lang='lat' dir='ltr'><strong>pollutum</strong></span> <span class='ocrx_word' id='word_1_188' title='bbox 1120 2460 1203 2506; x_wconf 88' lang='lat' dir='ltr'><strong>est</strong></span> <span class='ocrx_word' id='word_1_189' title='bbox 1225 2451 1428 2515; x_wconf 93' lang='lat' dir='ltr'><strong>osculo,</strong></span> <span class='ocrx_word' id='word_1_190' title='bbox 1461 2460 1517 2507; x_wconf 92' lang='lat' dir='ltr'><strong>et</strong></span> <span class='ocrx_word' id='word_1_191' title='bbox 1542 2453 1726 2523; x_wconf 90' lang='lat' dir='ltr'><strong>iniqua</strong></span> <span class='ocrx_word' id='word_1_192' title='bbox 1761 2461 1846 2508; x_wconf 89' lang='lat' dir='ltr'><strong>est</strong></span> 
     </span>
    </p>
   </div>
   <div class='ocr_carea' id='block_1_27' title="bbox 254 2544 1845 2617">
    <p class='ocr_par' dir='ltr' id='par_1_27' title="bbox 254 2544 1845 2617">
     <span class='ocr_line' id='line_1_27' title="bbox 254 2544 1845 2617; baseline 0.002 -17"><span class='ocrx_word' id='word_1_193' title='bbox 254 2545 698 2615; x_wconf 80' lang='lat' dir='ltr'><strong>concupiscentia</strong></span> <span class='ocrx_word' id='word_1_194' title='bbox 726 2544 1086 2609; x_wconf 80' lang='lat' dir='ltr'><strong>maculatum,</strong></span> <span class='ocrx_word' id='word_1_195' title='bbox 1120 2545 1407 2617; x_wconf 77' lang='lat' dir='ltr'><strong>verbisque</strong></span> <span class='ocrx_word' id='word_1_196' title='bbox 1452 2546 1746 2602; x_wconf 74' lang='lat' dir='ltr'><strong>luxuriosis</strong></span> <span class='ocrx_word' id='word_1_197' title='bbox 1781 2563 1845 2604; x_wconf 88' lang='lat' dir='ltr'><strong>ac</strong></span> 
     </span>
    </p>
   </div>
   <div class='ocr_carea' id='block_1_28' title="bbox 256 2636 1845 2708">
    <p class='ocr_par' dir='ltr' id='par_1_28' title="bbox 256 2636 1845 2708">
     <span class='ocr_line' id='line_1_28' title="bbox 256 2636 1845 2708; baseline 0.001 -16"><span class='ocrx_word' id='word_1_198' title='bbox 256 2636 460 2692; x_wconf 85' lang='lat' dir='ltr'><strong>fabulis</strong></span> <span class='ocrx_word' id='word_1_199' title='bbox 482 2638 670 2692; x_wconf 86' lang='lat' dir='ltr'><strong>otiosis</strong></span> <span class='ocrx_word' id='word_1_200' title='bbox 691 2638 1195 2708; x_wconf 76' lang='lat' dir='ltr'><strong>superabundanter</strong></span> <span class='ocrx_word' id='word_1_201' title='bbox 1209 2654 1295 2692; x_wconf 89' lang='lat' dir='ltr'><strong>me</strong></span> <span class='ocrx_word' id='word_1_202' title='bbox 1316 2648 1372 2693; x_wconf 88' lang='lat' dir='ltr'><strong>et</strong></span> <span class='ocrx_word' id='word_1_203' title='bbox 1397 2640 1675 2695; x_wconf 79' lang='lat' dir='ltr'><strong>mendacio</strong></span> <span class='ocrx_word' id='word_1_204' title='bbox 1696 2641 1845 2695; x_wconf 74' lang='lat' dir='ltr'><strong>coin-</strong></span> 
     </span>
    </p>
   </div>
   <div class='ocr_carea' id='block_1_29' title="bbox 254 2730 1845 2803">
    <p class='ocr_par' dir='ltr' id='par_1_29' title="bbox 254 2730 1845 2803">
     <span class='ocr_line' id='line_1_29' title="bbox 254 2730 1845 2803; baseline 0.004 -19"><span class='ocrx_word' id='word_1_205' title='bbox 254 2730 504 2803; x_wconf 88' lang='lat' dir='ltr'><strong>quinavi.</strong></span> <span class='ocrx_word' id='word_1_206' title='bbox 529 2730 677 2785; x_wconf 74' lang='lat' dir='ltr'><strong>Gula:</strong></span> <span class='ocrx_word' id='word_1_207' title='bbox 694 2747 909 2801; x_wconf 89' lang='lat' dir='ltr'><strong>semper</strong></span> <span class='ocrx_word' id='word_1_208' title='bbox 923 2740 977 2786; x_wconf 92' lang='lat' dir='ltr'><strong>et</strong></span> <span class='ocrx_word' id='word_1_209' title='bbox 1001 2732 1251 2787; x_wconf 88' lang='lat' dir='ltr'><strong>ebrietati</strong></span> <span class='ocrx_word' id='word_1_210' title='bbox 1277 2733 1507 2798; x_wconf 67' lang='lat' dir='ltr'><strong>deditus,</strong></span> <span class='ocrx_word' id='word_1_211' title='bbox 1536 2734 1845 2791; x_wconf 83' lang='lat' dir='ltr'><strong>carnalibus</strong></span> 
     </span>
    </p>
   </div>
   <div class='ocr_carea' id='block_1_30' title="bbox 253 2821 1845 2894">
    <p class='ocr_par' dir='ltr' id='par_1_30' title="bbox 253 2821 1845 2894">
     <span class='ocr_line' id='line_1_30' title="bbox 253 2821 1845 2894; baseline 0.001 -16"><span class='ocrx_word' id='word_1_212' title='bbox 253 2837 540 2893; x_wconf 86' lang='lat' dir='ltr'><strong>nunquam</strong></span> <span class='ocrx_word' id='word_1_213' title='bbox 556 2824 836 2878; x_wconf 72' lang='lat' dir='ltr'><strong>desiieriis</strong></span> <span class='ocrx_word' id='word_1_214' title='bbox 864 2827 1112 2878; x_wconf 88' lang='lat' dir='ltr'><strong>satiatus.</strong></span> <span class='ocrx_word' id='word_1_215' title='bbox 1145 2821 1252 2879; x_wconf 86' lang='lat' dir='ltr'><strong>Sed</strong></span> <span class='ocrx_word' id='word_1_216' title='bbox 1275 2834 1328 2879; x_wconf 78' lang='lat' dir='ltr'><strong>et</strong></span> <span class='ocrx_word' id='word_1_217' title='bbox 1350 2825 1528 2894; x_wconf 78' lang='lat' dir='ltr'><strong>lingua</strong></span> <span class='ocrx_word' id='word_1_218' title='bbox 1552 2842 1670 2880; x_wconf 88' lang='lat' dir='ltr'><strong>mea</strong></span> <span class='ocrx_word' id='word_1_219' title='bbox 1696 2826 1845 2880; x_wconf 90' lang='lat' dir='ltr'><strong>omni</strong></span> 
     </span>
    </p>
   </div>
   <div class='ocr_carea' id='block_1_31' title="bbox 261 2912 1849 2983">
    <p class='ocr_par' dir='ltr' id='par_1_31' title="bbox 261 2912 1849 2983">
     <span class='ocr_line' id='line_1_31' title="bbox 261 2912 1849 2983; baseline 0.003 -13"><span class='ocrx_word' id='word_1_220' title='bbox 261 2923 350 2970; x_wconf 86' lang='lat' dir='ltr'><strong>est</strong></span> <span class='ocrx_word' id='word_1_221' title='bbox 376 2912 587 2969; x_wconf 81' lang='lat' dir='ltr'><strong>fallacia</strong></span> <span class='ocrx_word' id='word_1_222' title='bbox 613 2912 919 2983; x_wconf 86' lang='lat' dir='ltr'><strong>profanata.</strong></span> <span class='ocrx_word' id='word_1_223' title='bbox 947 2913 1145 2970; x_wconf 85' lang='lat' dir='ltr'><strong>Guttur</strong></span> <span class='ocrx_word' id='word_1_224' title='bbox 1182 2932 1360 2971; x_wconf 92' lang='lat' dir='ltr'><strong>meum</strong></span> <span class='ocrx_word' id='word_1_225' title='bbox 1389 2917 1676 2972; x_wconf 85' lang='lat' dir='ltr'><strong>insatiabili</strong></span> <span class='ocrx_word' id='word_1_226' title='bbox 1707 2933 1849 2974; x_wconf 88' lang='lat' dir='ltr'><strong>sem-</strong></span> 
     </span>
    </p>
   </div>
   <div class='ocr_carea' id='block_1_32' title="bbox 253 3008 1846 3080">
    <p class='ocr_par' dir='ltr' id='par_1_32' title="bbox 253 3008 1846 3080">
     <span class='ocr_line' id='line_1_32' title="bbox 253 3008 1846 3080; baseline 0.002 -17"><span class='ocrx_word' id='word_1_227' title='bbox 253 3023 357 3080; x_wconf 84' lang='lat' dir='ltr'><strong>per</strong></span> <span class='ocrx_word' id='word_1_228' title='bbox 386 3008 543 3062; x_wconf 89' lang='lat' dir='ltr'><strong>ardet</strong></span> <span class='ocrx_word' id='word_1_229' title='bbox 571 3008 824 3078; x_wconf 77' lang='lat' dir='ltr'><strong>ingluvie.</strong></span> <span class='ocrx_word' id='word_1_230' title='bbox 862 3009 1034 3064; x_wconf 82' lang='lat' dir='ltr'><strong>Aures</strong></span> <span class='ocrx_word' id='word_1_231' title='bbox 1060 3024 1194 3065; x_wconf 68' lang='lat' dir='ltr'><strong>mea:</strong></span> <span class='ocrx_word' id='word_1_232' title='bbox 1228 3009 1429 3066; x_wconf 85' lang='lat' dir='ltr'><strong>dolosis</strong></span> <span class='ocrx_word' id='word_1_233' title='bbox 1472 3020 1599 3065; x_wconf 89' lang='lat' dir='ltr'><strong>sunt</strong></span> <span class='ocrx_word' id='word_1_234' title='bbox 1639 3010 1846 3066; x_wconf 71' lang='lat' dir='ltr'><strong>obtusa:</strong></span> 
     </span>
    </p>
   </div>
   <div class='ocr_carea' id='block_1_33' title="bbox 256 3098 1921 3202">
    <p class='ocr_par' dir='ltr' id='par_1_33' title="bbox 256 3098 1921 3202">
     <span class='ocr_line' id='line_1_33' title="bbox 256 3098 1921 3202; baseline 0.005 -50"><span class='ocrx_word' id='word_1_235' title='bbox 256 3099 397 3174; x_wconf 66' lang='grc' dir='ltr'><strong>[Αιη</strong></span> <span class='ocrx_word' id='word_1_236' title='bbox 427 3098 695 3173; x_wconf 59' lang='lat' dir='ltr'><strong>obtunsae]</strong></span> <span class='ocrx_word' id='word_1_237' title='bbox 734 3100 990 3171; x_wconf 86' lang='lat' dir='ltr'><strong>loquelis,</strong></span> <span class='ocrx_word' id='word_1_238' title='bbox 1021 3111 1284 3174; x_wconf 68' lang='lat' dir='ltr'><strong>prompta:</strong></span> <span class='ocrx_word' id='word_1_239' title='bbox 1314 3104 1380 3158; x_wconf 90' lang='lat' dir='ltr'><strong>ad</strong></span> <span class='ocrx_word' id='word_1_240' title='bbox 1420 3119 1580 3159; x_wconf 79' lang='lat' dir='ltr'><strong>omne</strong></span> <span class='ocrx_word' id='word_1_241' title='bbox 1619 3103 1841 3161; x_wconf 91' lang='lat' dir='ltr'><strong>malum.</strong></span> <span class='ocrx_word' id='word_1_242' title='bbox 1872 3135 1921 3202; x_wconf 66' lang='grc' dir='ltr'>ο</span> 
     </span>
    </p>
   </div>
   <div class='ocr_carea' id='block_1_34' title="bbox 256 3192 1847 3268">
    <p class='ocr_par' dir='ltr' id='par_1_34' title="bbox 256 3192 1847 3268">
     <span class='ocr_line' id='line_1_34' title="bbox 256 3192 1847 3268; baseline 0.004 -22"><span class='ocrx_word' id='word_1_243' title='bbox 256 3192 442 3247; x_wconf 71' lang='lat' dir='ltr'><strong>surdae</strong></span> <span class='ocrx_word' id='word_1_244' title='bbox 468 3192 536 3246; x_wconf 85' lang='lat' dir='ltr'><strong>ad</strong></span> <span class='ocrx_word' id='word_1_245' title='bbox 563 3207 724 3248; x_wconf 90' lang='lat' dir='ltr'><strong>omne</strong></span> <span class='ocrx_word' id='word_1_246' title='bbox 754 3194 975 3248; x_wconf 91' lang='lat' dir='ltr'><strong>bonum.</strong></span> <span class='ocrx_word' id='word_1_247' title='bbox 1027 3194 1085 3250; x_wconf 90' lang='lat' dir='ltr'><strong>ln</strong></span> <span class='ocrx_word' id='word_1_248' title='bbox 1114 3196 1339 3251; x_wconf 88' lang='lat' dir='ltr'><strong>naribus</strong></span> <span class='ocrx_word' id='word_1_249' title='bbox 1369 3212 1603 3268; x_wconf 87' lang='lat' dir='ltr'><strong>namque</strong></span> <span class='ocrx_word' id='word_1_250' title='bbox 1649 3198 1847 3267; x_wconf 73' lang='grc' dir='ltr'><strong>ετεβίιιε</strong></span> 
     </span>
    </p>
   </div>
   <div class='ocr_carea' id='block_1_35' title="bbox 256 3283 1845 3359">
    <p class='ocr_par' dir='ltr' id='par_1_35' title="bbox 256 3283 1845 3359">
     <span class='ocr_line' id='line_1_35' title="bbox 256 3283 1845 3359; baseline 0.003 -21"><span class='ocrx_word' id='word_1_251' title='bbox 256 3283 468 3355; x_wconf 86' lang='lat' dir='ltr'><strong>iniquis</strong></span> <span class='ocrx_word' id='word_1_252' title='bbox 506 3285 808 3341; x_wconf 82' lang='lat' dir='ltr'><strong>delectatus</strong></span> <span class='ocrx_word' id='word_1_253' title='bbox 854 3302 972 3342; x_wconf 91' lang='lat' dir='ltr'><strong>sum</strong></span> <span class='ocrx_word' id='word_1_254' title='bbox 1020 3289 1299 3353; x_wconf 86' lang='lat' dir='ltr'><strong>odoribus,</strong></span> <span class='ocrx_word' id='word_1_255' title='bbox 1351 3289 1404 3343; x_wconf 92' lang='lat' dir='ltr'><strong>in</strong></span> <span class='ocrx_word' id='word_1_256' title='bbox 1456 3290 1654 3359; x_wconf 89' lang='lat' dir='ltr'><strong>quibus</strong></span> <span class='ocrx_word' id='word_1_257' title='bbox 1681 3289 1845 3344; x_wconf 87' lang='lat' dir='ltr'><strong>etiam</strong></span> 
     </span>
    </p>
   </div>
   <div class='ocr_carea' id='block_1_36' title="bbox 251 3377 1849 3453">
    <p class='ocr_par' dir='ltr' id='par_1_36' title="bbox 251 3377 1849 3453">
     <span class='ocr_line' id='line_1_36' title="bbox 251 3377 1849 3453; baseline 0.003 -22"><span class='ocrx_word' id='word_1_258' title='bbox 251 3378 603 3450; x_wconf 86' lang='lat' dir='ltr'><strong>putredinem</strong></span> <span class='ocrx_word' id='word_1_259' title='bbox 642 3377 961 3435; x_wconf 87' lang='lat' dir='ltr'><strong>delictorum</strong></span> <span class='ocrx_word' id='word_1_260' title='bbox 988 3380 1208 3436; x_wconf 90' lang='lat' dir='ltr'><strong>minime</strong></span> <span class='ocrx_word' id='word_1_261' title='bbox 1256 3381 1464 3436; x_wconf 85' lang='lat' dir='ltr'><strong>horrui.</strong></span> <span class='ocrx_word' id='word_1_262' title='bbox 1514 3380 1652 3449; x_wconf 85' lang='lat' dir='ltr'><strong>Quid</strong></span> <span class='ocrx_word' id='word_1_263' title='bbox 1686 3382 1849 3453; x_wconf 85' lang='lat' dir='ltr'><strong>igitur</strong></span> 
     </span>
    </p>
   </div>
   <div class='ocr_carea' id='block_1_37' title="bbox 254 3469 1844 3544">
    <p class='ocr_par' dir='ltr' id='par_1_37' title="bbox 254 3469 1844 3544">
     <span class='ocr_line' id='line_1_37' title="bbox 254 3469 1844 3544; baseline 0.003 -20"><span class='ocrx_word' id='word_1_264' title='bbox 254 3469 440 3525; x_wconf 84' lang='lat' dir='ltr'><strong>dicam</strong></span> <span class='ocrx_word' id='word_1_265' title='bbox 469 3470 534 3525; x_wconf 85' lang='lat' dir='ltr'><strong>de</strong></span> <span class='ocrx_word' id='word_1_266' title='bbox 558 3471 747 3537; x_wconf 90' lang='lat' dir='ltr'><strong>oculis,</strong></span> <span class='ocrx_word' id='word_1_267' title='bbox 772 3473 863 3544; x_wconf 89' lang='lat' dir='ltr'><strong>qui</strong></span> <span class='ocrx_word' id='word_1_268' title='bbox 888 3473 1138 3529; x_wconf 88' lang='lat' dir='ltr'><strong>omnibus</strong></span> <span class='ocrx_word' id='word_1_269' title='bbox 1161 3491 1246 3529; x_wconf 89' lang='lat' dir='ltr'><strong>me</strong></span> <span class='ocrx_word' id='word_1_270' title='bbox 1271 3473 1844 3541; x_wconf 73' lang='lat' dir='ltr'><strong>feceruntobnorium,</strong></span> 
     </span>
    </p>
   </div>
   <div class='ocr_carea' id='block_1_38' title="bbox 253 3567 1845 3638">
    <p class='ocr_par' dir='ltr' id='par_1_38' title="bbox 253 3567 1845 3638">
     <span class='ocr_line' id='line_1_38' title="bbox 253 3567 1845 3638; baseline 0.003 -20"><span class='ocrx_word' id='word_1_271' title='bbox 253 3576 590 3635; x_wconf 87' lang='lat' dir='ltr'><strong>omnemque</strong></span> <span class='ocrx_word' id='word_1_272' title='bbox 614 3581 831 3621; x_wconf 88' lang='lat' dir='ltr'><strong>sensum</strong></span> <span class='ocrx_word' id='word_1_273' title='bbox 857 3567 1036 3623; x_wconf 88' lang='lat' dir='ltr'><strong>cordis</strong></span> <span class='ocrx_word' id='word_1_274' title='bbox 1064 3568 1168 3623; x_wconf 90' lang='lat' dir='ltr'><strong>mei</strong></span> <span class='ocrx_word' id='word_1_275' title='bbox 1207 3576 1542 3632; x_wconf 74' lang='lat' dir='ltr'><strong>averterunt,</strong></span> <span class='ocrx_word' id='word_1_276' title='bbox 1565 3567 1763 3638; x_wconf 86' lang='lat' dir='ltr'><strong>quibus</strong></span> <span class='ocrx_word' id='word_1_277' title='bbox 1792 3568 1845 3622; x_wconf 93' lang='lat' dir='ltr'><strong>in</strong></span> 
     </span>
    </p>
   </div>
   <div class='ocr_carea' id='block_1_39' title="bbox 252 3658 1848 3729">
    <p class='ocr_par' dir='ltr' id='par_1_39' title="bbox 252 3658 1848 3729">
     <span class='ocr_line' id='line_1_39' title="bbox 252 3658 1848 3729; baseline 0.001 -17"><span class='ocrx_word' id='word_1_278' title='bbox 252 3658 411 3713; x_wconf 90' lang='lat' dir='ltr'><strong>omni</strong></span> <span class='ocrx_word' id='word_1_279' title='bbox 444 3659 693 3715; x_wconf 83' lang='lat' dir='ltr'><strong>consensi</strong></span> <span class='ocrx_word' id='word_1_280' title='bbox 724 3658 977 3716; x_wconf 80' lang='lat' dir='ltr'><strong>libidine?</strong></span> <span class='ocrx_word' id='word_1_281' title='bbox 1018 3659 1119 3727; x_wconf 87' lang='lat' dir='ltr'><strong>Qui</strong></span> <span class='ocrx_word' id='word_1_282' title='bbox 1143 3668 1199 3715; x_wconf 90' lang='lat' dir='ltr'><strong>et</strong></span> <span class='ocrx_word' id='word_1_283' title='bbox 1226 3676 1331 3725; x_wconf 91' lang='lat' dir='ltr'><strong>me,</strong></span> <span class='ocrx_word' id='word_1_284' title='bbox 1365 3659 1613 3729; x_wconf 81' lang='lat' dir='ltr'><strong>quamvis</strong></span> <span class='ocrx_word' id='word_1_285' title='bbox 1642 3674 1767 3715; x_wconf 87' lang='lat' dir='ltr'><strong>raro</strong></span> <span class='ocrx_word' id='word_1_286' title='bbox 1792 3658 1848 3714; x_wconf 89' lang='lat' dir='ltr'><strong>in</strong></span> 
     </span>
    </p>
   </div>
   <div class='ocr_carea' id='block_1_40' title="bbox 252 3752 1847 3823">
    <p class='ocr_par' dir='ltr' id='par_1_40' title="bbox 252 3752 1847 3823">
     <span class='ocr_line' id='line_1_40' title="bbox 252 3752 1847 3823; baseline -0.001 -17"><span class='ocrx_word' id='word_1_287' title='bbox 252 3752 577 3807; x_wconf 83' lang='lat' dir='ltr'><strong>sanctuario</strong></span> <span class='ocrx_word' id='word_1_288' title='bbox 607 3761 728 3817; x_wconf 89' lang='lat' dir='ltr'><strong>tuo,</strong></span> <span class='ocrx_word' id='word_1_289' title='bbox 766 3753 1011 3818; x_wconf 84' lang='lat' dir='ltr'><strong>Domine,</strong></span> <span class='ocrx_word' id='word_1_290' title='bbox 1040 3762 1092 3808; x_wconf 93' lang='lat' dir='ltr'><strong>te</strong></span> <span class='ocrx_word' id='word_1_291' title='bbox 1112 3753 1428 3807; x_wconf 87' lang='lat' dir='ltr'><strong>adorantem</strong></span> <span class='ocrx_word' id='word_1_292' title='bbox 1478 3752 1676 3806; x_wconf 90' lang='lat' dir='ltr'><strong>intuitu</strong></span> <span class='ocrx_word' id='word_1_293' title='bbox 1721 3766 1847 3823; x_wconf 86' lang='lat' dir='ltr'><strong>per-</strong></span> 
     </span>
    </p>
   </div>
   <div class='ocr_carea' id='block_1_41' title="bbox 252 3845 1848 3919">
    <p class='ocr_par' dir='ltr' id='par_1_41' title="bbox 252 3845 1848 3919">
     <span class='ocr_line' id='line_1_41' title="bbox 252 3845 1848 3919; baseline 0.001 -19"><span class='ocrx_word' id='word_1_294' title='bbox 252 3855 548 3902; x_wconf 78' lang='lat' dir='ltr'><strong>verterunt</strong></span> <span class='ocrx_word' id='word_1_295' title='bbox 584 3846 790 3919; x_wconf 91' lang='lat' dir='ltr'><strong>iniquo,</strong></span> <span class='ocrx_word' id='word_1_296' title='bbox 826 3863 1154 3904; x_wconf 89' lang='lat' dir='ltr'><strong>omnemoue</strong></span> <span class='ocrx_word' id='word_1_297' title='bbox 1196 3858 1402 3902; x_wconf 87' lang='lat' dir='ltr'><strong>motum</strong></span> <span class='ocrx_word' id='word_1_298' title='bbox 1454 3846 1700 3917; x_wconf 87' lang='lat' dir='ltr'><strong>corporis</strong></span> <span class='ocrx_word' id='word_1_299' title='bbox 1739 3845 1848 3901; x_wconf 85' lang='lat' dir='ltr'><strong>mei</strong></span> 
     </span>
    </p>
   </div>
   <div class='ocr_carea' id='block_1_42' title="bbox 252 3938 1847 4010">
    <p class='ocr_par' dir='ltr' id='par_1_42' title="bbox 252 3938 1847 4010">
     <span class='ocr_line' id='line_1_42' title="bbox 252 3938 1847 4010; baseline 0.001 -18"><span class='ocrx_word' id='word_1_300' title='bbox 252 3938 325 3993; x_wconf 87' lang='lat' dir='ltr'><strong>ad</strong></span> <span class='ocrx_word' id='word_1_301' title='bbox 372 3938 655 3993; x_wconf 90' lang='lat' dir='ltr'><strong>immunda</strong></span> <span class='ocrx_word' id='word_1_302' title='bbox 706 3949 1095 4010; x_wconf 78' lang='lat' dir='ltr'><strong>pertraxerunt</strong></span> <span class='ocrx_word' id='word_1_303' title='bbox 1152 3939 1436 3995; x_wconf 89' lang='lat' dir='ltr'><strong>desideria.</strong></span> <span class='ocrx_word' id='word_1_304' title='bbox 1495 3938 1670 4009; x_wconf 89' lang='lat' dir='ltr'><strong>Caput</strong></span> <span class='ocrx_word' id='word_1_305' title='bbox 1716 3953 1847 3995; x_wconf 88' lang='lat' dir='ltr'><strong>vero</strong></span> 
     </span>
    </p>
   </div>
   <div class='ocr_carea' id='block_1_43' title="bbox 252 4030 1846 4100">
    <p class='ocr_par' dir='ltr' id='par_1_43' title="bbox 252 4030 1846 4100">
     <span class='ocr_line' id='line_1_43' title="bbox 252 4030 1846 4100; baseline 0.001 -17"><span class='ocrx_word' id='word_1_306' title='bbox 252 4043 443 4084; x_wconf 86' lang='lat' dir='ltr'><strong>meum</strong></span> <span class='ocrx_word' id='word_1_307' title='bbox 464 4030 715 4085; x_wconf 89' lang='lat' dir='ltr'><strong>omnibus</strong></span> <span class='ocrx_word' id='word_1_308' title='bbox 737 4031 1141 4100; x_wconf 87' lang='lat' dir='ltr'><strong>supereminens</strong></span> <span class='ocrx_word' id='word_1_309' title='bbox 1160 4031 1436 4094; x_wconf 86' lang='lat' dir='ltr'><strong>membris,</strong></span> <span class='ocrx_word' id='word_1_310' title='bbox 1459 4046 1584 4085; x_wconf 88' lang='lat' dir='ltr'><strong>raro</strong></span> <span class='ocrx_word' id='word_1_311' title='bbox 1610 4046 1846 4100; x_wconf 88' lang='lat' dir='ltr'><strong>unquam</strong></span> 
     </span>
    </p>
   </div>
   <div class='ocr_carea' id='block_1_44' title="bbox 254 4118 1847 4185">
    <p class='ocr_par' dir='ltr' id='par_1_44' title="bbox 254 4118 1847 4185">
     <span class='ocr_line' id='line_1_44' title="bbox 254 4118 1847 4185; baseline 0.002 -11"><span class='ocrx_word' id='word_1_312' title='bbox 254 4121 326 4175; x_wconf 85' lang='lat' dir='ltr'><strong>ad</strong></span> <span class='ocrx_word' id='word_1_313' title='bbox 362 4129 418 4175; x_wconf 81' lang='lat' dir='ltr'><strong>te</strong></span> <span class='ocrx_word' id='word_1_314' title='bbox 443 4118 615 4175; x_wconf 89' lang='lat' dir='ltr'><strong>Deum</strong></span> <span class='ocrx_word' id='word_1_315' title='bbox 654 4130 955 4177; x_wconf 87' lang='lat' dir='ltr'><strong>creatorem</strong></span> <span class='ocrx_word' id='word_1_316' title='bbox 991 4138 1170 4177; x_wconf 89' lang='lat' dir='ltr'><strong>meum</strong></span> <span class='ocrx_word' id='word_1_317' title='bbox 1204 4122 1520 4185; x_wconf 72' lang='lat' dir='ltr'><strong>incurvari;</strong></span> <span class='ocrx_word' id='word_1_318' title='bbox 1560 4124 1653 4177; x_wconf 87' lang='lat' dir='ltr'><strong>sed</strong></span> <span class='ocrx_word' id='word_1_319' title='bbox 1682 4123 1847 4177; x_wconf 90' lang='lat' dir='ltr'><strong>ctiam</strong></span> 
     </span>
    </p>
   </div>
   <div class='ocr_carea' id='block_1_45' title="bbox 253 4212 1843 4287">
    <p class='ocr_par' dir='ltr' id='par_1_45' title="bbox 253 4212 1843 4287">
     <span class='ocr_line' id='line_1_45' title="bbox 253 4212 1843 4287; baseline 0.001 -20"><span class='ocrx_word' id='word_1_320' title='bbox 253 4213 478 4268; x_wconf 65' lang='lat' dir='ltr'><strong>caeteris</strong></span> <span class='ocrx_word' id='word_1_321' title='bbox 503 4213 761 4269; x_wconf 87' lang='lat' dir='ltr'><strong>membris</strong></span> <span class='ocrx_word' id='word_1_322' title='bbox 800 4212 935 4287; x_wconf 74' lang='lat' dir='ltr'><strong>[Vox</strong></span> <span class='ocrx_word' id='word_1_323' title='bbox 964 4215 1205 4268; x_wconf 83' lang='lat' dir='ltr'><strong>membris</strong></span> <span class='ocrx_word' id='word_1_324' title='bbox 1234 4215 1287 4269; x_wconf 92' lang='lat' dir='ltr'><strong>in</strong></span> <span class='ocrx_word' id='word_1_325' title='bbox 1317 4216 1438 4270; x_wconf 86' lang='lat' dir='ltr'><strong>cod.</strong></span> <span class='ocrx_word' id='word_1_326' title='bbox 1472 4214 1601 4287; x_wconf 85' lang='lat' dir='ltr'><strong>Reg.</strong></span> <span class='ocrx_word' id='word_1_327' title='bbox 1634 4213 1843 4287; x_wconf 83' lang='lat' dir='ltr'><strong>omitt.]</strong></span> 
     </span>
    </p>
   </div>
   <div class='ocr_carea' id='block_1_46' title="bbox 255 4300 1849 4373">
    <p class='ocr_par' dir='ltr' id='par_1_46' title="bbox 255 4300 1849 4373">
     <span class='ocr_line' id='line_1_46' title="bbox 255 4300 1849 4373; baseline 0.001 -18"><span class='ocrx_word' id='word_1_328' title='bbox 255 4300 314 4355; x_wconf 87' lang='lat' dir='ltr'><strong>in</strong></span> <span class='ocrx_word' id='word_1_329' title='bbox 346 4302 502 4356; x_wconf 89' lang='lat' dir='ltr'><strong>omni</strong></span> <span class='ocrx_word' id='word_1_330' title='bbox 531 4302 735 4358; x_wconf 90' lang='lat' dir='ltr'><strong>malitia</strong></span> <span class='ocrx_word' id='word_1_331' title='bbox 763 4313 1189 4359; x_wconf 87' lang='lat' dir='ltr'><strong>consentaneum</strong></span> <span class='ocrx_word' id='word_1_332' title='bbox 1224 4303 1344 4358; x_wconf 89' lang='lat' dir='ltr'><strong>feci.</strong></span> <span class='ocrx_word' id='word_1_333' title='bbox 1374 4303 1481 4359; x_wconf 88' lang='lat' dir='ltr'><strong>Cor</strong></span> <span class='ocrx_word' id='word_1_334' title='bbox 1518 4320 1696 4358; x_wconf 91' lang='lat' dir='ltr'><strong>meum</strong></span> <span class='ocrx_word' id='word_1_335' title='bbox 1737 4304 1849 4373; x_wconf 91' lang='lat' dir='ltr'><strong>ple-</strong></span> 
     </span>
    </p>
   </div>
   <div class='ocr_carea' id='block_1_47' title="bbox 252 4397 1850 4471">
    <p class='ocr_par' dir='ltr' id='par_1_47' title="bbox 252 4397 1850 4471">
     <span class='ocr_line' id='line_1_47' title="bbox 252 4397 1850 4471; baseline 0.001 -21"><span class='ocrx_word' id='word_1_336' title='bbox 252 4411 391 4450; x_wconf 82' lang='lat' dir='ltr'><strong>num</strong></span> <span class='ocrx_word' id='word_1_337' title='bbox 417 4397 540 4452; x_wconf 91' lang='lat' dir='ltr'><strong>dolo</strong></span> <span class='ocrx_word' id='word_1_338' title='bbox 561 4408 617 4453; x_wconf 90' lang='lat' dir='ltr'><strong>et</strong></span> <span class='ocrx_word' id='word_1_339' title='bbox 636 4399 862 4465; x_wconf 88' lang='lat' dir='ltr'><strong>malitia,</strong></span> <span class='ocrx_word' id='word_1_340' title='bbox 883 4416 1158 4471; x_wconf 89' lang='lat' dir='ltr'><strong>nunquam</strong></span> <span class='ocrx_word' id='word_1_341' title='bbox 1174 4415 1305 4470; x_wconf 89' lang='lat' dir='ltr'><strong>pura</strong></span> <span class='ocrx_word' id='word_1_342' title='bbox 1331 4398 1554 4469; x_wconf 78' lang='lat' dir='ltr'><strong>purgari</strong></span> <span class='ocrx_word' id='word_1_343' title='bbox 1582 4399 1850 4468; x_wconf 71' lang='lat' dir='ltr'><strong>preniten-</strong></span> 
     </span>
    </p>
   </div>
   <div class='ocr_carea' id='block_1_48' title="bbox 1872 1778 1921 1857">
    <p class='ocr_par' dir='ltr' id='par_1_48' title="bbox 1872 1778 1921 1857">
     <span class='ocr_line' id='line_1_48' title="bbox 1872 1778 1921 1857; baseline 0 -15"><span class='ocrx_word' id='word_1_344' title='bbox 1872 1778 1921 1857; x_wconf 57' lang='grc' dir='ltr'><em>ᾗ</em></span> 
     </span>
    </p>
   </div>
   <div class='ocr_carea' id='block_1_49' title="bbox 1948 509 3537 589">
    <p class='ocr_par' dir='ltr' id='par_1_49' title="bbox 1948 509 3537 589">
     <span class='ocr_line' id='line_1_49' title="bbox 1948 509 3537 589; baseline 0.008 -29"><span class='ocrx_word' id='word_1_345' title='bbox 1948 522 2068 571; x_wconf 81' lang='lat' dir='ltr'><strong>rum</strong></span> <span class='ocrx_word' id='word_1_346' title='bbox 2091 519 2145 563; x_wconf 90' lang='lat' dir='ltr'><strong>et</strong></span> <span class='ocrx_word' id='word_1_347' title='bbox 2172 509 2544 567; x_wconf 84' lang='lat' dir='ltr'><strong>remissionem</strong></span> <span class='ocrx_word' id='word_1_348' title='bbox 2579 512 2819 569; x_wconf 80' lang='lat' dir='ltr'><strong>omnium</strong></span> <span class='ocrx_word' id='word_1_349' title='bbox 2870 519 3236 580; x_wconf 85' lang='lat' dir='ltr'><strong>peccatorum,</strong></span> <span class='ocrx_word' id='word_1_350' title='bbox 3270 514 3537 589; x_wconf 54' lang='lat' dir='ltr'><strong>intimam</strong></span> 
     </span>
    </p>
   </div>
   <div class='ocr_carea' id='block_1_50' title="bbox 1945 599 3525 691">
    <p class='ocr_par' dir='ltr' id='par_1_50' title="bbox 1945 599 3525 691">
     <span class='ocr_line' id='line_1_50' title="bbox 1945 599 3525 691; baseline 0.003 -37"><span class='ocrx_word' id='word_1_351' title='bbox 1945 599 2075 663; x_wconf 87' lang='lat' dir='ltr'><strong>mibi</strong></span> <span class='ocrx_word' id='word_1_352' title='bbox 2111 600 2288 654; x_wconf 86' lang='lat' dir='ltr'><strong>cordis</strong></span> <span class='ocrx_word' id='word_1_353' title='bbox 2328 600 2722 661; x_wconf 79' lang='lat' dir='ltr'><strong>confessionem</strong></span> <span class='ocrx_word' id='word_1_354' title='bbox 2759 604 2933 658; x_wconf 77' lang='lat' dir='ltr'><strong>tribue</strong></span> <span class='ocrx_word' id='word_1_355' title='bbox 2981 606 3240 681; x_wconf 80' lang='lat' dir='ltr'><strong>poscenti.</strong></span> <span class='ocrx_word' id='word_1_356' title='bbox 3277 606 3525 691; x_wconf 44' lang='grc' dir='ltr'><strong>Βωλανοὶ</strong></span> 
     </span>
    </p>
   </div>
   <div class='ocr_carea' id='block_1_51' title="bbox 1946 691 3525 785">
    <p class='ocr_par' dir='ltr' id='par_1_51' title="bbox 1946 691 3525 785">
     <span class='ocr_line' id='line_1_51' title="bbox 1946 691 3525 785; baseline 0.004 -39"><span class='ocrx_word' id='word_1_357' title='bbox 1946 693 2140 785; x_wconf 70' lang='lat' dir='ltr'><strong>immva</strong></span> <span class='ocrx_word' id='word_1_358' title='bbox 2183 691 2335 766; x_wconf 68' lang='grc' dir='ltr'><strong>[ϐοά.</strong></span> <span class='ocrx_word' id='word_1_359' title='bbox 2381 693 2531 764; x_wconf 73' lang='lat' dir='ltr'><strong>lirg.,</strong></span> <span class='ocrx_word' id='word_1_360' title='bbox 2584 695 2778 750; x_wconf 84' lang='lat' dir='ltr'><strong>innova</strong></span> <span class='ocrx_word' id='word_1_361' title='bbox 2812 696 2864 750; x_wconf 88' lang='lat' dir='ltr'><strong>in</strong></span> <span class='ocrx_word' id='word_1_362' title='bbox 2902 696 3031 769; x_wconf 81' lang='lat' dir='ltr'><strong>me],</strong></span> <span class='ocrx_word' id='word_1_363' title='bbox 3061 698 3305 767; x_wconf 77' lang='lat' dir='ltr'><strong>piissime</strong></span> <span class='ocrx_word' id='word_1_364' title='bbox 3335 698 3525 785; x_wconf 48' lang='lat' dir='ltr'><strong>Pater,</strong></span> 
     </span>
    </p>
   </div>
   <div class='ocr_carea' id='block_1_52' title="bbox 1945 784 3528 865">
    <p class='ocr_par' dir='ltr' id='par_1_52' title="bbox 1945 784 3528 865">
     <span class='ocr_line' id='line_1_52' title="bbox 1945 784 3528 865; baseline 0.005 -27"><span class='ocrx_word' id='word_1_365' title='bbox 1945 784 2207 856; x_wconf 83' lang='lat' dir='ltr'><strong>quidquid</strong></span> <span class='ocrx_word' id='word_1_366' title='bbox 2242 786 2456 847; x_wconf 86' lang='lat' dir='ltr'><strong>actione</strong></span> <span class='ocrx_word' id='word_1_367' title='bbox 2480 825 2495 850; x_wconf 96' lang='lat'><strong>,</strong></span> <span class='ocrx_word' id='word_1_368' title='bbox 2532 789 2673 855; x_wconf 85' lang='lat' dir='ltr'><strong>quod</strong></span> <span class='ocrx_word' id='word_1_369' title='bbox 2704 791 2897 851; x_wconf 70' lang='lat' dir='ltr'><strong>vcrlio,</strong></span> <span class='ocrx_word' id='word_1_370' title='bbox 2932 790 3073 865; x_wconf 81' lang='lat' dir='ltr'><strong>quod</strong></span> <span class='ocrx_word' id='word_1_371' title='bbox 3128 789 3242 861; x_wconf 85' lang='lat' dir='ltr'><strong>ipsa</strong></span> <span class='ocrx_word' id='word_1_372' title='bbox 3289 784 3528 863; x_wconf 61' lang='lat' dir='ltr'><strong>denique,</strong></span> 
     </span>
    </p>
   </div>
   <div class='ocr_carea' id='block_1_53' title="bbox 1945 875 3525 963">
    <p class='ocr_par' dir='ltr' id='par_1_53' title="bbox 1945 875 3525 963">
     <span class='ocr_line' id='line_1_53' title="bbox 1945 875 3525 963; baseline 0.002 -31"><span class='ocrx_word' id='word_1_373' title='bbox 1945 875 2276 945; x_wconf 80' lang='lat' dir='ltr'><strong>cogitatione</strong></span> <span class='ocrx_word' id='word_1_374' title='bbox 2301 876 2562 941; x_wconf 78' lang='lat' dir='ltr'><strong>diabolica</strong></span> <span class='ocrx_word' id='word_1_375' title='bbox 2594 876 2782 933; x_wconf 83' lang='lat' dir='ltr'><strong>fraude</strong></span> <span class='ocrx_word' id='word_1_376' title='bbox 2814 879 3058 933; x_wconf 84' lang='lat' dir='ltr'><strong>vitiatum</strong></span> <span class='ocrx_word' id='word_1_377' title='bbox 3089 889 3209 945; x_wconf 91' lang='lat' dir='ltr'><strong>est;</strong></span> <span class='ocrx_word' id='word_1_378' title='bbox 3244 891 3299 947; x_wconf 75' lang='lat' dir='ltr'><strong>et</strong></span> <span class='ocrx_word' id='word_1_379' title='bbox 3326 884 3525 963; x_wconf 62' lang='lat' dir='ltr'><strong>unitati</strong></span> 
     </span>
    </p>
   </div>
   <div class='ocr_carea' id='block_1_54' title="bbox 1945 967 3519 1043">
    <p class='ocr_par' dir='ltr' id='par_1_54' title="bbox 1945 967 3519 1043">
     <span class='ocr_line' id='line_1_54' title="bbox 1945 967 3519 1043; baseline 0.008 -22"><span class='ocrx_word' id='word_1_380' title='bbox 1945 967 2189 1036; x_wconf 80' lang='lat' dir='ltr'><strong>corporis</strong></span> <span class='ocrx_word' id='word_1_381' title='bbox 2218 968 2471 1024; x_wconf 73' lang='lat' dir='ltr'><strong>Ecclesia:</strong></span> <span class='ocrx_word' id='word_1_382' title='bbox 2498 971 2795 1025; x_wconf 89' lang='lat' dir='ltr'><strong>membrum</strong></span> <span class='ocrx_word' id='word_1_383' title='bbox 2844 980 2948 1029; x_wconf 71' lang='lat' dir='ltr'><strong>tua:</strong></span> <span class='ocrx_word' id='word_1_384' title='bbox 2987 974 3370 1043; x_wconf 80' lang='lat' dir='ltr'><strong>redemptionis</strong></span> <span class='ocrx_word' id='word_1_385' title='bbox 3419 992 3519 1041; x_wconf 54' lang='lat' dir='ltr'><strong>aue</strong></span> 
     </span>
    </p>
   </div>
   <div class='ocr_carea' id='block_1_55' title="bbox 1944 1062 3523 1135">
    <p class='ocr_par' dir='ltr' id='par_1_55' title="bbox 1944 1062 3523 1135">
     <span class='ocr_line' id='line_1_55' title="bbox 1944 1062 3523 1135; baseline 0.003 -19"><span class='ocrx_word' id='word_1_386' title='bbox 1944 1070 2129 1127; x_wconf 85' lang='lat' dir='ltr'><strong>necte;</strong></span> <span class='ocrx_word' id='word_1_387' title='bbox 2156 1069 2212 1116; x_wconf 83' lang='lat' dir='ltr'><strong>et</strong></span> <span class='ocrx_word' id='word_1_388' title='bbox 2239 1078 2344 1116; x_wconf 88' lang='lat' dir='ltr'><strong>non</strong></span> <span class='ocrx_word' id='word_1_389' title='bbox 2375 1062 2658 1117; x_wconf 86' lang='lat' dir='ltr'><strong>habentem</strong></span> <span class='ocrx_word' id='word_1_390' title='bbox 2705 1064 2959 1119; x_wconf 85' lang='lat' dir='ltr'><strong>ﬁduciam</strong></span> <span class='ocrx_word' id='word_1_391' title='bbox 2988 1066 3087 1121; x_wconf 91' lang='lat' dir='ltr'><strong>nisi</strong></span> <span class='ocrx_word' id='word_1_392' title='bbox 3116 1066 3169 1123; x_wconf 91' lang='lat' dir='ltr'><strong>in</strong></span> <span class='ocrx_word' id='word_1_393' title='bbox 3198 1076 3285 1133; x_wconf 77' lang='lat' dir='ltr'><strong>tua</strong></span> <span class='ocrx_word' id='word_1_394' title='bbox 3311 1068 3523 1135; x_wconf 54' lang='lat' dir='ltr'><strong>miseri:</strong></span> 
     </span>
    </p>
   </div>
   <div class='ocr_carea' id='block_1_56' title="bbox 1945 1153 3525 1239">
    <p class='ocr_par' dir='ltr' id='par_1_56' title="bbox 1945 1153 3525 1239">
     <span class='ocr_line' id='line_1_56' title="bbox 1945 1153 3525 1239; baseline 0.002 -30"><span class='ocrx_word' id='word_1_395' title='bbox 1945 1153 2149 1218; x_wconf 61' lang='lat' dir='ltr'><strong>cordia,</strong></span> <span class='ocrx_word' id='word_1_396' title='bbox 2171 1155 2237 1209; x_wconf 86' lang='lat' dir='ltr'><strong>ad</strong></span> <span class='ocrx_word' id='word_1_397' title='bbox 2251 1163 2651 1209; x_wconf 68' lang='lat' dir='ltr'><strong>sacramentum</strong></span> <span class='ocrx_word' id='word_1_398' title='bbox 2680 1163 2781 1209; x_wconf 64' lang='lat' dir='ltr'><strong>ture</strong></span> <span class='ocrx_word' id='word_1_399' title='bbox 2804 1157 3256 1212; x_wconf 86' lang='lat' dir='ltr'><strong>reconciliationis</strong></span> <span class='ocrx_word' id='word_1_400' title='bbox 3276 1160 3525 1239; x_wconf 51' lang='lat' dir='ltr'><strong>admitte,</strong></span> 
     </span>
    </p>
   </div>
   <div class='ocr_carea' id='block_1_57' title="bbox 1945 1244 3525 1317">
    <p class='ocr_par' dir='ltr' id='par_1_57' title="bbox 1945 1244 3525 1317">
     <span class='ocr_line' id='line_1_57' title="bbox 1945 1244 3525 1317; baseline 0.001 -16"><span class='ocrx_word' id='word_1_401' title='bbox 1945 1246 2049 1309; x_wconf 83' lang='lat' dir='ltr'><strong>Per</strong></span> <span class='ocrx_word' id='word_1_402' title='bbox 2071 1244 2254 1301; x_wconf 79' lang='lat' dir='ltr'><strong>Jesum</strong></span> <span class='ocrx_word' id='word_1_403' title='bbox 2275 1245 2550 1301; x_wconf 85' lang='lat' dir='ltr'><strong>Christum</strong></span> <span class='ocrx_word' id='word_1_404' title='bbox 2573 1247 2906 1317; x_wconf 76' lang='lat' dir='ltr'><strong>unigenitum</strong></span> <span class='ocrx_word' id='word_1_405' title='bbox 2943 1248 3138 1303; x_wconf 81' lang='lat' dir='ltr'><strong>Filium</strong></span> <span class='ocrx_word' id='word_1_406' title='bbox 3169 1259 3315 1304; x_wconf 90' lang='lat' dir='ltr'><strong>tuum</strong></span> <span class='ocrx_word' id='word_1_407' title='bbox 3340 1248 3525 1307; x_wconf 79' lang='lat' dir='ltr'><strong>Domi-</strong></span> 
     </span>
    </p>
   </div>
   <div class='ocr_carea' id='block_1_58' title="bbox 1946 1335 3525 1413">
    <p class='ocr_par' dir='ltr' id='par_1_58' title="bbox 1946 1335 3525 1413">
     <span class='ocr_line' id='line_1_58' title="bbox 1946 1335 3525 1413; baseline 0.001 -20"><span class='ocrx_word' id='word_1_408' title='bbox 1946 1353 2077 1393; x_wconf 91' lang='lat' dir='ltr'><strong>num</strong></span> <span class='ocrx_word' id='word_1_409' title='bbox 2123 1345 2180 1392; x_wconf 89' lang='lat' dir='ltr'><strong>et</strong></span> <span class='ocrx_word' id='word_1_410' title='bbox 2228 1335 2570 1395; x_wconf 86' lang='lat' dir='ltr'><strong>Salvatorem</strong></span> <span class='ocrx_word' id='word_1_411' title='bbox 2600 1348 2877 1405; x_wconf 85' lang='lat' dir='ltr'><strong>nostrum,</strong></span> <span class='ocrx_word' id='word_1_412' title='bbox 2924 1340 3016 1411; x_wconf 83' lang='lat' dir='ltr'><strong>qui</strong></span> <span class='ocrx_word' id='word_1_413' title='bbox 3047 1350 3225 1401; x_wconf 85' lang='lat' dir='ltr'><strong>tecum</strong></span> <span class='ocrx_word' id='word_1_414' title='bbox 3252 1357 3355 1397; x_wconf 89' lang='lat' dir='ltr'><strong>una</strong></span> <span class='ocrx_word' id='word_1_415' title='bbox 3397 1356 3525 1413; x_wconf 72' lang='lat' dir='ltr'><strong>cuin</strong></span> 
     </span>
    </p>
   </div>
   <div class='ocr_carea' id='block_1_59' title="bbox 1945 1427 3525 1511">
    <p class='ocr_par' dir='ltr' id='par_1_59' title="bbox 1945 1427 3525 1511">
     <span class='ocr_line' id='line_1_59' title="bbox 1945 1427 3525 1511; baseline 0.003 -26"><span class='ocrx_word' id='word_1_416' title='bbox 1945 1438 2133 1485; x_wconf 81' lang='lat' dir='ltr'><strong>Sancto</strong></span> <span class='ocrx_word' id='word_1_417' title='bbox 2164 1427 2371 1501; x_wconf 81' lang='lat' dir='ltr'><strong>Spiritu</strong></span> <span class='ocrx_word' id='word_1_418' title='bbox 2400 1447 2539 1493; x_wconf 89' lang='lat' dir='ltr'><strong>unus</strong></span> <span class='ocrx_word' id='word_1_419' title='bbox 2576 1440 2661 1487; x_wconf 90' lang='lat' dir='ltr'><strong>est</strong></span> <span class='ocrx_word' id='word_1_420' title='bbox 2702 1432 3001 1509; x_wconf 81' lang='lat' dir='ltr'><strong>Dominus,</strong></span> <span class='ocrx_word' id='word_1_421' title='bbox 3048 1450 3143 1506; x_wconf 81' lang='lat' dir='ltr'><strong>per</strong></span> <span class='ocrx_word' id='word_1_422' title='bbox 3196 1433 3525 1511; x_wconf 55' lang='lat' dir='ltr'><strong>immortalia</strong></span> 
     </span>
    </p>
   </div>
   <div class='ocr_carea' id='block_1_60' title="bbox 1944 1523 2985 1591">
    <p class='ocr_par' dir='ltr' id='par_1_60' title="bbox 1944 1523 2985 1591">
     <span class='ocr_line' id='line_1_60' title="bbox 1944 1523 2985 1591; baseline 0.007 -15"><span class='ocrx_word' id='word_1_423' title='bbox 1944 1535 2177 1591; x_wconf 83' lang='lat' dir='ltr'><strong>regnans</strong></span> <span class='ocrx_word' id='word_1_424' title='bbox 2206 1523 2401 1579; x_wconf 63' lang='lat' dir='ltr'><strong>saecula</strong></span> <span class='ocrx_word' id='word_1_425' title='bbox 2435 1524 2771 1585; x_wconf 59' lang='lat' dir='ltr'><strong>saeculorum.</strong></span> <span class='ocrx_word' id='word_1_426' title='bbox 2812 1525 2985 1583; x_wconf 83' lang='lat' dir='ltr'><strong>Amen</strong></span> 
     </span>
    </p>
   </div>
   <div class='ocr_carea' id='block_1_61' title="bbox 2148 1644 3319 1711">
    <p class='ocr_par' dir='ltr' id='par_1_61' title="bbox 2148 1644 3319 1711">
     <span class='ocr_line' id='line_1_61' title="bbox 2148 1644 3319 1711; baseline 0.007 -15"><span class='ocrx_word' id='word_1_427' title='bbox 2148 1648 2173 1677; x_wconf 73' lang='grc' dir='ltr'>ι</span> <span class='ocrx_word' id='word_1_428' title='bbox 2208 1647 2511 1696; x_wconf 60' lang='grc' dir='ltr'><strong>πει-ι</strong></span> <span class='ocrx_word' id='word_1_429' title='bbox 2552 1650 3231 1711; x_wconf 56' lang='lat' dir='ltr'><strong>ruunt-inane</strong></span> <span class='ocrx_word' id='word_1_430' title='bbox 3267 1644 3319 1703; x_wconf 73' lang='grc' dir='ltr'><strong>ι’.</strong></span> 
     </span>
    </p>
   </div>
   <div class='ocr_carea' id='block_1_62' title="bbox 2542 1752 2956 1811">
    <p class='ocr_par' dir='ltr' id='par_1_62' title="bbox 2542 1752 2956 1811">
     <span class='ocr_line' id='line_1_62' title="bbox 2542 1752 2956 1811; baseline 0.012 -5"><span class='ocrx_word' id='word_1_431' title='bbox 2542 1752 2860 1811; x_wconf 76' lang='lat' dir='ltr'><strong>PSALMUS</strong></span> <span class='ocrx_word' id='word_1_432' title='bbox 2905 1756 2923 1810; x_wconf 91' lang='grc'><strong>1</strong></span> <span class='ocrx_word' id='word_1_433' title='bbox 2942 1797 2956 1811; x_wconf 93' lang='grc'><strong>.</strong></span> 
     </span>
    </p>
   </div>
   <div class='ocr_carea' id='block_1_63' title="bbox 2012 1867 3515 1945">
    <p class='ocr_par' dir='ltr' id='par_1_63' title="bbox 2012 1867 3515 1945">
     <span class='ocr_line' id='line_1_63' title="bbox 2012 1867 3515 1945; baseline 0.008 -22"><span class='ocrx_word' id='word_1_434' title='bbox 2012 1867 2191 1942; x_wconf 65' lang='grc' dir='ltr'><strong>(ΡεΑι.</strong></span> <span class='ocrx_word' id='word_1_435' title='bbox 2214 1867 2316 1937; x_wconf 83' lang='lat' dir='ltr'><strong>vi.)</strong></span> <span class='ocrx_word' id='word_1_436' title='bbox 2357 1869 2603 1933; x_wconf 89' lang='lat' dir='ltr'><strong>Domine,</strong></span> <span class='ocrx_word' id='word_1_437' title='bbox 2634 1887 2701 1926; x_wconf 91' lang='lat' dir='ltr'><strong>ne</strong></span> <span class='ocrx_word' id='word_1_438' title='bbox 2732 1872 2787 1943; x_wconf 82' lang='lat' dir='ltr'><strong>in</strong></span> <span class='ocrx_word' id='word_1_439' title='bbox 2822 1869 3003 1929; x_wconf 86' lang='lat' dir='ltr'><strong>furore</strong></span> <span class='ocrx_word' id='word_1_440' title='bbox 3031 1881 3123 1928; x_wconf 94' lang='lat' dir='ltr'><strong>tuo</strong></span> <span class='ocrx_word' id='word_1_441' title='bbox 3151 1890 3347 1945; x_wconf 85' lang='lat' dir='ltr'><strong>arguas</strong></span> <span class='ocrx_word' id='word_1_442' title='bbox 3382 1889 3515 1934; x_wconf 83' lang='lat' dir='ltr'><strong>me:</strong></span> 
     </span>
    </p>
   </div>
   <div class='ocr_carea' id='block_1_64' title="bbox 1941 1961 3525 2045">
    <p class='ocr_par' dir='ltr' id='par_1_64' title="bbox 1941 1961 3525 2045">
     <span class='ocr_line' id='line_1_64' title="bbox 1941 1961 3525 2045; baseline 0.006 -28"><span class='ocrx_word' id='word_1_443' title='bbox 1941 1976 2116 2032; x_wconf 90' lang='lat' dir='ltr'><strong>neque</strong></span> <span class='ocrx_word' id='word_1_444' title='bbox 2143 1961 2194 2016; x_wconf 93' lang='lat' dir='ltr'><strong>in</strong></span> <span class='ocrx_word' id='word_1_445' title='bbox 2227 1961 2303 2016; x_wconf 89' lang='lat' dir='ltr'><strong>ira</strong></span> <span class='ocrx_word' id='word_1_446' title='bbox 2330 1970 2420 2016; x_wconf 89' lang='lat' dir='ltr'><strong>tua</strong></span> <span class='ocrx_word' id='word_1_447' title='bbox 2440 1964 2701 2035; x_wconf 79' lang='lat' dir='ltr'><strong>corripias</strong></span> <span class='ocrx_word' id='word_1_448' title='bbox 2726 1981 2830 2020; x_wconf 91' lang='lat' dir='ltr'><strong>me.</strong></span> <span class='ocrx_word' id='word_1_449' title='bbox 2860 1964 3114 2021; x_wconf 85' lang='lat' dir='ltr'><strong>Miserere</strong></span> <span class='ocrx_word' id='word_1_450' title='bbox 3142 1968 3245 2023; x_wconf 89' lang='lat' dir='ltr'><strong>mei</strong></span> <span class='ocrx_word' id='word_1_451' title='bbox 3274 1967 3525 2045; x_wconf 63' lang='lat' dir='ltr'><strong>Domine,</strong></span> 
     </span>
    </p>
   </div>
   <div class='ocr_carea' id='block_1_65' title="bbox 1942 2053 3519 2135">
    <p class='ocr_par' dir='ltr' id='par_1_65' title="bbox 1942 2053 3519 2135">
     <span class='ocr_line' id='line_1_65' title="bbox 1942 2053 3519 2135; baseline 0.006 -28"><span class='ocrx_word' id='word_1_452' title='bbox 1942 2053 2196 2124; x_wconf 88' lang='lat' dir='ltr'><strong>quoniam</strong></span> <span class='ocrx_word' id='word_1_453' title='bbox 2219 2054 2463 2109; x_wconf 85' lang='lat' dir='ltr'><strong>infirmus</strong></span> <span class='ocrx_word' id='word_1_454' title='bbox 2483 2071 2600 2109; x_wconf 90' lang='lat' dir='ltr'><strong>sum</strong></span> <span class='ocrx_word' id='word_1_455' title='bbox 2640 2074 2652 2109; x_wconf 93' lang='lat'><strong>:</strong></span> <span class='ocrx_word' id='word_1_456' title='bbox 2696 2072 2827 2113; x_wconf 81' lang='lat' dir='ltr'><strong>sana</strong></span> <span class='ocrx_word' id='word_1_457' title='bbox 2854 2074 2938 2112; x_wconf 90' lang='lat' dir='ltr'><strong>me</strong></span> <span class='ocrx_word' id='word_1_458' title='bbox 2968 2058 3223 2126; x_wconf 88' lang='lat' dir='ltr'><strong>Domine,</strong></span> <span class='ocrx_word' id='word_1_459' title='bbox 3258 2062 3519 2135; x_wconf 78' lang='lat' dir='ltr'><strong>quoniam</strong></span> 
     </span>
    </p>
   </div>
   <div class='ocr_carea' id='block_1_66' title="bbox 1943 2149 3522 2217">
    <p class='ocr_par' dir='ltr' id='par_1_66' title="bbox 1943 2149 3522 2217">
     <span class='ocr_line' id='line_1_66' title="bbox 1943 2149 3522 2217; baseline 0.004 -13"><span class='ocrx_word' id='word_1_460' title='bbox 1943 2149 2263 2205; x_wconf 88' lang='lat' dir='ltr'><strong>conturbata</strong></span> <span class='ocrx_word' id='word_1_461' title='bbox 2286 2159 2413 2204; x_wconf 90' lang='lat' dir='ltr'><strong>sunt</strong></span> <span class='ocrx_word' id='word_1_462' title='bbox 2439 2165 2563 2205; x_wconf 82' lang='lat' dir='ltr'><strong>ossa</strong></span> <span class='ocrx_word' id='word_1_463' title='bbox 2585 2167 2723 2207; x_wconf 91' lang='lat' dir='ltr'><strong>mea.</strong></span> <span class='ocrx_word' id='word_1_464' title='bbox 2762 2152 2827 2206; x_wconf 86' lang='lat' dir='ltr'><strong>Et</strong></span> <span class='ocrx_word' id='word_1_465' title='bbox 2853 2155 3030 2217; x_wconf 76' lang='lat' dir='ltr'><strong>auidla</strong></span> <span class='ocrx_word' id='word_1_466' title='bbox 3054 2170 3171 2210; x_wconf 88' lang='lat' dir='ltr'><strong>mea</strong></span> <span class='ocrx_word' id='word_1_467' title='bbox 3197 2156 3411 2211; x_wconf 87' lang='lat' dir='ltr'><strong>turbata</strong></span> <span class='ocrx_word' id='word_1_468' title='bbox 3435 2162 3522 2212; x_wconf 90' lang='lat' dir='ltr'><strong>est</strong></span> 
     </span>
    </p>
   </div>
   <div class='ocr_carea' id='block_1_67' title="bbox 1943 2242 3526 2319">
    <p class='ocr_par' dir='ltr' id='par_1_67' title="bbox 1943 2242 3526 2319">
     <span class='ocr_line' id='line_1_67' title="bbox 1943 2242 3526 2319; baseline 0.005 -23"><span class='ocrx_word' id='word_1_469' title='bbox 1943 2242 2130 2305; x_wconf 83' lang='lat' dir='ltr'><strong>valde:</strong></span> <span class='ocrx_word' id='word_1_470' title='bbox 2156 2243 2249 2298; x_wconf 90' lang='lat' dir='ltr'><strong>sed</strong></span> <span class='ocrx_word' id='word_1_471' title='bbox 2273 2252 2325 2299; x_wconf 92' lang='lat' dir='ltr'><strong>tu</strong></span> <span class='ocrx_word' id='word_1_472' title='bbox 2345 2242 2570 2299; x_wconf 91' lang='lat' dir='ltr'><strong>Domine</strong></span> <span class='ocrx_word' id='word_1_473' title='bbox 2598 2248 2908 2317; x_wconf 86' lang='lat' dir='ltr'><strong>usquequo?</strong></span> <span class='ocrx_word' id='word_1_474' title='bbox 2930 2246 3255 2319; x_wconf 81' lang='lat' dir='ltr'><strong>Convertere</strong></span> <span class='ocrx_word' id='word_1_475' title='bbox 3277 2248 3526 2319; x_wconf 85' lang='lat' dir='ltr'><strong>Domine,</strong></span> 
     </span>
    </p>
   </div>
   <div class='ocr_carea' id='block_1_68' title="bbox 1944 2322 3527 2411">
    <p class='ocr_par' dir='ltr' id='par_1_68' title="bbox 1944 2322 3527 2411">
     <span class='ocr_line' id='line_1_68' title="bbox 1944 2322 3527 2411; baseline 0.004 -22"><span class='ocrx_word' id='word_1_476' title='bbox 1944 2342 2000 2389; x_wconf 91' lang='lat' dir='ltr'><strong>et</strong></span> <span class='ocrx_word' id='word_1_477' title='bbox 2019 2335 2165 2404; x_wconf 90' lang='lat' dir='ltr'><strong>eripe</strong></span> <span class='ocrx_word' id='word_1_478' title='bbox 2189 2334 2425 2389; x_wconf 84' lang='lat' dir='ltr'><strong>animam</strong></span> <span class='ocrx_word' id='word_1_479' title='bbox 2452 2352 2656 2401; x_wconf 91' lang='lat' dir='ltr'><strong>meam,</strong></span> <span class='ocrx_word' id='word_1_480' title='bbox 2690 2338 2897 2392; x_wconf 86' lang='lat' dir='ltr'><strong>salvum</strong></span> <span class='ocrx_word' id='word_1_481' title='bbox 2922 2355 3006 2394; x_wconf 89' lang='lat' dir='ltr'><strong>me</strong></span> <span class='ocrx_word' id='word_1_482' title='bbox 3029 2337 3113 2395; x_wconf 91' lang='lat' dir='ltr'><strong>fac</strong></span> <span class='ocrx_word' id='word_1_483' title='bbox 3126 2350 3348 2411; x_wconf 89' lang='lat' dir='ltr'><strong>propter</strong></span> <span class='ocrx_word' id='word_1_484' title='bbox 3364 2322 3527 2396; x_wconf 63' lang='lat' dir='ltr'><strong>niin</strong></span> 
     </span>
    </p>
   </div>
   <div class='ocr_carea' id='block_1_69' title="bbox 1945 2427 3530 2503">
    <p class='ocr_par' dir='ltr' id='par_1_69' title="bbox 1945 2427 3530 2503">
     <span class='ocr_line' id='line_1_69' title="bbox 1945 2427 3530 2503; baseline 0.003 -21"><span class='ocrx_word' id='word_1_485' title='bbox 1945 2427 2235 2487; x_wconf 84' lang='lat' dir='ltr'><strong>ricordiam</strong></span> <span class='ocrx_word' id='word_1_486' title='bbox 2254 2436 2419 2483; x_wconf 89' lang='lat' dir='ltr'><strong>tuam.</strong></span> <span class='ocrx_word' id='word_1_487' title='bbox 2453 2428 2719 2496; x_wconf 86' lang='lat' dir='ltr'><strong>Quoniam</strong></span> <span class='ocrx_word' id='word_1_488' title='bbox 2748 2445 2853 2485; x_wconf 91' lang='lat' dir='ltr'><strong>non</strong></span> <span class='ocrx_word' id='word_1_489' title='bbox 2881 2439 2965 2497; x_wconf 81' lang='lat' dir='ltr'><strong>est</strong></span> <span class='ocrx_word' id='word_1_490' title='bbox 2986 2431 3039 2489; x_wconf 91' lang='lat' dir='ltr'><strong>in</strong></span> <span class='ocrx_word' id='word_1_491' title='bbox 3065 2440 3257 2498; x_wconf 88' lang='lat' dir='ltr'><strong>morte,</strong></span> <span class='ocrx_word' id='word_1_492' title='bbox 3292 2432 3383 2503; x_wconf 91' lang='lat' dir='ltr'><strong>qui</strong></span> <span class='ocrx_word' id='word_1_493' title='bbox 3415 2446 3530 2489; x_wconf 89' lang='lat' dir='ltr'><strong>me-</strong></span> 
     </span>
    </p>
   </div>
   <div class='ocr_carea' id='block_1_70' title="bbox 1945 2518 3524 2593">
    <p class='ocr_par' dir='ltr' id='par_1_70' title="bbox 1945 2518 3524 2593">
     <span class='ocr_line' id='line_1_70' title="bbox 1945 2518 3524 2593; baseline 0.003 -21"><span class='ocrx_word' id='word_1_494' title='bbox 1945 2533 2065 2573; x_wconf 91' lang='lat' dir='ltr'><strong>mor</strong></span> <span class='ocrx_word' id='word_1_495' title='bbox 2102 2519 2173 2573; x_wconf 90' lang='lat' dir='ltr'><strong>sit</strong></span> <span class='ocrx_word' id='word_1_496' title='bbox 2204 2518 2280 2579; x_wconf 84' lang='lat' dir='ltr'><strong>tui</strong></span> <span class='ocrx_word' id='word_1_497' title='bbox 2307 2534 2321 2571; x_wconf 91' lang='lat'><strong>:</strong></span> <span class='ocrx_word' id='word_1_498' title='bbox 2354 2519 2406 2573; x_wconf 91' lang='lat' dir='ltr'><strong>in</strong></span> <span class='ocrx_word' id='word_1_499' title='bbox 2430 2518 2643 2577; x_wconf 82' lang='lat' dir='ltr'><strong>inferno</strong></span> <span class='ocrx_word' id='word_1_500' title='bbox 2663 2528 2842 2577; x_wconf 86' lang='lat' dir='ltr'><strong>autem</strong></span> <span class='ocrx_word' id='word_1_501' title='bbox 2869 2522 2991 2593; x_wconf 75' lang='lat' dir='ltr'><strong>quis</strong></span> <span class='ocrx_word' id='word_1_502' title='bbox 3018 2520 3362 2577; x_wconf 71' lang='lat' dir='ltr'><strong>conﬁtebitur</strong></span> <span class='ocrx_word' id='word_1_503' title='bbox 3389 2522 3524 2589; x_wconf 58' lang='lat' dir='ltr'><strong>tibi?</strong></span> 
     </span>
    </p>
   </div>
   <div class='ocr_carea' id='block_1_71' title="bbox 1946 2598 3529 2689">
    <p class='ocr_par' dir='ltr' id='par_1_71' title="bbox 1946 2598 3529 2689">
     <span class='ocr_line' id='line_1_71' title="bbox 1946 2598 3529 2689; baseline 0.003 -24"><span class='ocrx_word' id='word_1_504' title='bbox 1946 2610 2210 2668; x_wconf 87' lang='lat' dir='ltr'><strong>Laboravi</strong></span> <span class='ocrx_word' id='word_1_505' title='bbox 2242 2611 2296 2667; x_wconf 93' lang='lat' dir='ltr'><strong>in</strong></span> <span class='ocrx_word' id='word_1_506' title='bbox 2330 2613 2531 2684; x_wconf 78' lang='lat' dir='ltr'><strong>gemitu</strong></span> <span class='ocrx_word' id='word_1_507' title='bbox 2560 2628 2702 2680; x_wconf 88' lang='lat' dir='ltr'><strong>meo,</strong></span> <span class='ocrx_word' id='word_1_508' title='bbox 2731 2598 2920 2670; x_wconf 83' lang='lat' dir='ltr'><strong>lavabo</strong></span> <span class='ocrx_word' id='word_1_509' title='bbox 2950 2630 3044 2684; x_wconf 86' lang='lat' dir='ltr'><strong>per</strong></span> <span class='ocrx_word' id='word_1_510' title='bbox 3074 2615 3310 2689; x_wconf 87' lang='lat' dir='ltr'><strong>singulas</strong></span> <span class='ocrx_word' id='word_1_511' title='bbox 3339 2626 3529 2681; x_wconf 83' lang='lat' dir='ltr'><strong>noctes</strong></span> 
     </span>
    </p>
   </div>
   <div class='ocr_carea' id='block_1_72' title="bbox 1946 2704 3528 2777">
    <p class='ocr_par' dir='ltr' id='par_1_72' title="bbox 1946 2704 3528 2777">
     <span class='ocr_line' id='line_1_72' title="bbox 1946 2704 3528 2777; baseline 0.003 -19"><span class='ocrx_word' id='word_1_512' title='bbox 1946 2704 2145 2760; x_wconf 89' lang='lat' dir='ltr'><strong>lectum</strong></span> <span class='ocrx_word' id='word_1_513' title='bbox 2170 2718 2348 2763; x_wconf 90' lang='lat' dir='ltr'><strong>meum</strong></span> <span class='ocrx_word' id='word_1_514' title='bbox 2381 2722 2393 2757; x_wconf 88' lang='lat'><strong>:</strong></span> <span class='ocrx_word' id='word_1_515' title='bbox 2420 2704 2680 2776; x_wconf 79' lang='lat' dir='ltr'><strong>lacrymis</strong></span> <span class='ocrx_word' id='word_1_516' title='bbox 2701 2706 2835 2773; x_wconf 88' lang='lat' dir='ltr'><strong>meis</strong></span> <span class='ocrx_word' id='word_1_517' title='bbox 2863 2714 3089 2775; x_wconf 80' lang='lat' dir='ltr'><strong>stratum</strong></span> <span class='ocrx_word' id='word_1_518' title='bbox 3116 2722 3295 2761; x_wconf 90' lang='lat' dir='ltr'><strong>meum</strong></span> <span class='ocrx_word' id='word_1_519' title='bbox 3320 2707 3528 2777; x_wconf 83' lang='lat' dir='ltr'><strong>rigabo.</strong></span> 
     </span>
    </p>
   </div>
   <div class='ocr_carea' id='block_1_73' title="bbox 1950 2795 3534 2867">
    <p class='ocr_par' dir='ltr' id='par_1_73' title="bbox 1950 2795 3534 2867">
     <span class='ocr_line' id='line_1_73' title="bbox 1950 2795 3534 2867; baseline 0.001 -18"><span class='ocrx_word' id='word_1_520' title='bbox 1950 2795 2222 2851; x_wconf 88' lang='lat' dir='ltr'><strong>Turbatus</strong></span> <span class='ocrx_word' id='word_1_521' title='bbox 2256 2804 2341 2852; x_wconf 91' lang='lat' dir='ltr'><strong>est</strong></span> <span class='ocrx_word' id='word_1_522' title='bbox 2362 2812 2391 2850; x_wconf 90' lang='lat' dir='ltr'><strong>a</strong></span> <span class='ocrx_word' id='word_1_523' title='bbox 2420 2796 2603 2852; x_wconf 87' lang='lat' dir='ltr'><strong>furore</strong></span> <span class='ocrx_word' id='word_1_524' title='bbox 2624 2796 2812 2851; x_wconf 91' lang='lat' dir='ltr'><strong>oculus</strong></span> <span class='ocrx_word' id='word_1_525' title='bbox 2843 2812 2996 2851; x_wconf 91' lang='lat' dir='ltr'><strong>meus</strong></span> <span class='ocrx_word' id='word_1_526' title='bbox 3028 2814 3041 2849; x_wconf 91' lang='lat'>:</span> <span class='ocrx_word' id='word_1_527' title='bbox 3074 2795 3365 2850; x_wconf 68' lang='lat' dir='ltr'><strong>inveteravi</strong></span> <span class='ocrx_word' id='word_1_528' title='bbox 3392 2796 3534 2867; x_wconf 80' lang='lat' dir='ltr'><strong>inter</strong></span> 
     </span>
    </p>
   </div>
   <div class='ocr_carea' id='block_1_74' title="bbox 1948 2885 3532 2956">
    <p class='ocr_par' dir='ltr' id='par_1_74' title="bbox 1948 2885 3532 2956">
     <span class='ocr_line' id='line_1_74' title="bbox 1948 2885 3532 2956; baseline 0 -15"><span class='ocrx_word' id='word_1_529' title='bbox 1948 2902 2138 2941; x_wconf 82' lang='lat' dir='ltr'><strong>omnes</strong></span> <span class='ocrx_word' id='word_1_530' title='bbox 2171 2886 2417 2942; x_wconf 90' lang='lat' dir='ltr'><strong>inimicos</strong></span> <span class='ocrx_word' id='word_1_531' title='bbox 2456 2902 2627 2953; x_wconf 76' lang='lat' dir='ltr'><strong>meos.</strong></span> <span class='ocrx_word' id='word_1_532' title='bbox 2656 2885 2929 2955; x_wconf 75' lang='lat' dir='ltr'><strong>Discedite</strong></span> <span class='ocrx_word' id='word_1_533' title='bbox 2956 2902 2984 2939; x_wconf 89' lang='lat' dir='ltr'><strong>a</strong></span> <span class='ocrx_word' id='word_1_534' title='bbox 3031 2900 3117 2940; x_wconf 90' lang='lat' dir='ltr'><strong>me</strong></span> <span class='ocrx_word' id='word_1_535' title='bbox 3143 2924 3158 2950; x_wconf 97' lang='lat'><strong>,</strong></span> <span class='ocrx_word' id='word_1_536' title='bbox 3201 2901 3392 2941; x_wconf 89' lang='lat' dir='ltr'><strong>omnes</strong></span> <span class='ocrx_word' id='word_1_537' title='bbox 3436 2886 3532 2956; x_wconf 87' lang='lat' dir='ltr'><strong>qui</strong></span> 
     </span>
    </p>
   </div>
   <div class='ocr_carea' id='block_1_75' title="bbox 1950 2978 3533 3051">
    <p class='ocr_par' dir='ltr' id='par_1_75' title="bbox 1950 2978 3533 3051">
     <span class='ocr_line' id='line_1_75' title="bbox 1950 2978 3533 3051; baseline -0.002 -13"><span class='ocrx_word' id='word_1_538' title='bbox 1950 2979 2249 3051; x_wconf 87' lang='lat' dir='ltr'><strong>operamini</strong></span> <span class='ocrx_word' id='word_1_539' title='bbox 2274 2979 2616 3050; x_wconf 84' lang='lat' dir='ltr'><strong>iniquitatem</strong></span> <span class='ocrx_word' id='word_1_540' title='bbox 2650 2998 2663 3034; x_wconf 89' lang='lat'><strong>:</strong></span> <span class='ocrx_word' id='word_1_541' title='bbox 2690 2979 2944 3051; x_wconf 89' lang='lat' dir='ltr'><strong>quoniam</strong></span> <span class='ocrx_word' id='word_1_542' title='bbox 2966 2980 3241 3045; x_wconf 65' lang='lat' dir='ltr'><strong>exaudivit</strong></span> <span class='ocrx_word' id='word_1_543' title='bbox 3270 2978 3533 3039; x_wconf 89' lang='lat' dir='ltr'><strong>Dominus</strong></span> 
     </span>
    </p>
   </div>
   <div class='ocr_carea' id='block_1_76' title="bbox 1949 3074 3532 3149">
    <p class='ocr_par' dir='ltr' id='par_1_76' title="bbox 1949 3074 3532 3149">
     <span class='ocr_line' id='line_1_76' title="bbox 1949 3074 3532 3149; baseline -0.002 -18"><span class='ocrx_word' id='word_1_544' title='bbox 1949 3092 2140 3133; x_wconf 83' lang='lat' dir='ltr'><strong>vocem</strong></span> <span class='ocrx_word' id='word_1_545' title='bbox 2160 3076 2315 3132; x_wconf 86' lang='lat' dir='ltr'><strong>ﬂetus</strong></span> <span class='ocrx_word' id='word_1_546' title='bbox 2338 3075 2464 3131; x_wconf 90' lang='lat' dir='ltr'><strong>mei.</strong></span> <span class='ocrx_word' id='word_1_547' title='bbox 2490 3074 2778 3141; x_wconf 78' lang='lat' dir='ltr'><strong>Exaudivit</strong></span> <span class='ocrx_word' id='word_1_548' title='bbox 2815 3075 3072 3129; x_wconf 88' lang='lat' dir='ltr'><strong>Dominus</strong></span> <span class='ocrx_word' id='word_1_549' title='bbox 3098 3074 3532 3149; x_wconf 85' lang='lat' dir='ltr'><strong>deprecationem</strong></span> 
     </span>
    </p>
   </div>
   <div class='ocr_carea' id='block_1_77' title="bbox 1950 3166 3534 3240">
    <p class='ocr_par' dir='ltr' id='par_1_77' title="bbox 1950 3166 3534 3240">
     <span class='ocr_line' id='line_1_77' title="bbox 1950 3166 3534 3240; baseline -0.003 -15"><span class='ocrx_word' id='word_1_550' title='bbox 1950 3184 2147 3234; x_wconf 85' lang='lat' dir='ltr'><strong>meam,</strong></span> <span class='ocrx_word' id='word_1_551' title='bbox 2171 3169 2430 3225; x_wconf 90' lang='lat' dir='ltr'><strong>Dominus</strong></span> <span class='ocrx_word' id='word_1_552' title='bbox 2451 3168 2750 3223; x_wconf 88' lang='lat' dir='ltr'><strong>orationem</strong></span> <span class='ocrx_word' id='word_1_553' title='bbox 2772 3167 2879 3240; x_wconf 77' lang='lat'><strong>65</strong></span> <span class='ocrx_word' id='word_1_554' title='bbox 2903 3182 3078 3233; x_wconf 85' lang='lat' dir='ltr'><strong>meam</strong></span> <span class='ocrx_word' id='word_1_555' title='bbox 3110 3167 3367 3237; x_wconf 87' lang='lat' dir='ltr'><strong>suscepit.</strong></span> <span class='ocrx_word' id='word_1_556' title='bbox 3400 3166 3534 3223; x_wconf 85' lang='lat' dir='ltr'><strong>Eru-</strong></span> 
     </span>
    </p>
   </div>
   <div class='ocr_carea' id='block_1_78' title="bbox 1945 3258 3534 3327">
    <p class='ocr_par' dir='ltr' id='par_1_78' title="bbox 1945 3258 3534 3327">
     <span class='ocr_line' id='line_1_78' title="bbox 1945 3258 3534 3327; baseline -0.001 -11"><span class='ocrx_word' id='word_1_557' title='bbox 1945 3261 2191 3327; x_wconf 86' lang='lat' dir='ltr'><strong>bescant,</strong></span> <span class='ocrx_word' id='word_1_558' title='bbox 2258 3269 2311 3316; x_wconf 89' lang='lat' dir='ltr'><strong>et</strong></span> <span class='ocrx_word' id='word_1_559' title='bbox 2360 3260 2750 3315; x_wconf 89' lang='lat' dir='ltr'><strong>conturbentur</strong></span> <span class='ocrx_word' id='word_1_560' title='bbox 2798 3260 3152 3315; x_wconf 86' lang='lat' dir='ltr'><strong>vehementer</strong></span> <span class='ocrx_word' id='word_1_561' title='bbox 3199 3274 3391 3317; x_wconf 83' lang='lat' dir='ltr'><strong>omnes</strong></span> <span class='ocrx_word' id='word_1_562' title='bbox 3432 3258 3534 3327; x_wconf 79' lang='lat' dir='ltr'><strong>ini-</strong></span> 
     </span>
    </p>
   </div>
   <div class='ocr_carea' id='block_1_79' title="bbox 1946 3351 3532 3423">
    <p class='ocr_par' dir='ltr' id='par_1_79' title="bbox 1946 3351 3532 3423">
     <span class='ocr_line' id='line_1_79' title="bbox 1946 3351 3532 3423; baseline 0.001 -14"><span class='ocrx_word' id='word_1_563' title='bbox 1946 3356 2073 3423; x_wconf 84' lang='lat' dir='ltr'><strong>mici</strong></span> <span class='ocrx_word' id='word_1_564' title='bbox 2126 3355 2234 3411; x_wconf 89' lang='lat' dir='ltr'><strong>mei</strong></span> <span class='ocrx_word' id='word_1_565' title='bbox 2264 3371 2279 3411; x_wconf 91' lang='lat'><strong>:</strong></span> <span class='ocrx_word' id='word_1_566' title='bbox 2317 3363 2706 3421; x_wconf 81' lang='lat' dir='ltr'><strong>convertantur</strong></span> <span class='ocrx_word' id='word_1_567' title='bbox 2745 3362 2800 3411; x_wconf 92' lang='lat' dir='ltr'><strong>et</strong></span> <span class='ocrx_word' id='word_1_568' title='bbox 2829 3355 3152 3411; x_wconf 88' lang='lat' dir='ltr'><strong>erubescant</strong></span> <span class='ocrx_word' id='word_1_569' title='bbox 3193 3352 3349 3411; x_wconf 89' lang='lat' dir='ltr'><strong>valde</strong></span> <span class='ocrx_word' id='word_1_570' title='bbox 3384 3351 3532 3410; x_wconf 88' lang='lat' dir='ltr'><strong>velo-</strong></span> 
     </span>
    </p>
   </div>
   <div class='ocr_carea' id='block_1_80' title="bbox 1947 3448 2101 3505">
    <p class='ocr_par' dir='ltr' id='par_1_80' title="bbox 1947 3448 2101 3505">
     <span class='ocr_line' id='line_1_80' title="bbox 1947 3448 2101 3505; baseline -0.006 -1"><span class='ocrx_word' id='word_1_571' title='bbox 1947 3448 2101 3505; x_wconf 89' lang='lat' dir='ltr'><strong>citer.</strong></span> 
     </span>
    </p>
   </div>
   <div class='ocr_carea' id='block_1_81' title="bbox 2020 3538 3527 3615">
    <p class='ocr_par' dir='ltr' id='par_1_81' title="bbox 2020 3538 3527 3615">
     <span class='ocr_line' id='line_1_81' title="bbox 2020 3538 3527 3615; baseline 0 -20"><span class='ocrx_word' id='word_1_572' title='bbox 2020 3539 2088 3595; x_wconf 81' lang='lat' dir='ltr'><strong>Ut</strong></span> <span class='ocrx_word' id='word_1_573' title='bbox 2136 3558 2317 3615; x_wconf 73' lang='lat' dir='ltr'><strong>supra.</strong></span> <span class='ocrx_word' id='word_1_574' title='bbox 2351 3540 2597 3606; x_wconf 73' lang='lat' dir='ltr'><strong>Domine.</strong></span> <span class='ocrx_word' id='word_1_575' title='bbox 2614 3547 2932 3601; x_wconf 87' lang='lat' dir='ltr'><strong>convertere</strong></span> <span class='ocrx_word' id='word_1_576' title='bbox 2960 3580 2976 3606; x_wconf 93' lang='lat'><strong>,</strong></span> <span class='ocrx_word' id='word_1_577' title='bbox 3019 3547 3074 3597; x_wconf 88' lang='lat' dir='ltr'><strong>et</strong></span> <span class='ocrx_word' id='word_1_578' title='bbox 3102 3538 3252 3615; x_wconf 86' lang='lat' dir='ltr'><strong>eripe</strong></span> <span class='ocrx_word' id='word_1_579' title='bbox 3287 3553 3527 3607; x_wconf 81' lang='lat' dir='ltr'><strong>animam</strong></span> 
     </span>
    </p>
   </div>
   <div class='ocr_carea' id='block_1_82' title="bbox 1948 3632 3530 3705">
    <p class='ocr_par' dir='ltr' id='par_1_82' title="bbox 1948 3632 3530 3705">
     <span class='ocr_line' id='line_1_82' title="bbox 1948 3632 3530 3705; baseline -0.001 -14"><span class='ocrx_word' id='word_1_580' title='bbox 1948 3649 2165 3701; x_wconf 84' lang='lat' dir='ltr'><strong>meam;</strong></span> <span class='ocrx_word' id='word_1_581' title='bbox 2201 3635 2408 3697; x_wconf 89' lang='lat' dir='ltr'><strong>salvum</strong></span> <span class='ocrx_word' id='word_1_582' title='bbox 2450 3650 2535 3691; x_wconf 89' lang='lat' dir='ltr'><strong>me</strong></span> <span class='ocrx_word' id='word_1_583' title='bbox 2555 3633 2638 3690; x_wconf 84' lang='lat' dir='ltr'><strong>fac</strong></span> <span class='ocrx_word' id='word_1_584' title='bbox 2665 3642 2885 3705; x_wconf 88' lang='lat' dir='ltr'><strong>propter</strong></span> <span class='ocrx_word' id='word_1_585' title='bbox 2905 3632 3331 3695; x_wconf 83' lang='lat' dir='ltr'><strong>misericordiam</strong></span> <span class='ocrx_word' id='word_1_586' title='bbox 3361 3642 3530 3703; x_wconf 80' lang='lat' dir='ltr'><strong>tuam.</strong></span> 
     </span>
    </p>
   </div>
   <div class='ocr_carea' id='block_1_83' title="bbox 1950 3725 3537 3799">
    <p class='ocr_par' dir='ltr' id='par_1_83' title="bbox 1950 3725 3537 3799">
     <span class='ocr_line' id='line_1_83' title="bbox 1950 3725 3537 3799; baseline -0.001 -16"><span class='ocrx_word' id='word_1_587' title='bbox 1950 3728 2199 3799; x_wconf 77' lang='lat' dir='ltr'><strong>Respice,</strong></span> <span class='ocrx_word' id='word_1_588' title='bbox 2233 3736 2289 3783; x_wconf 90' lang='lat' dir='ltr'><strong>et</strong></span> <span class='ocrx_word' id='word_1_589' title='bbox 2314 3728 2507 3793; x_wconf 76' lang='lat' dir='ltr'><strong>exaudi</strong></span> <span class='ocrx_word' id='word_1_590' title='bbox 2534 3743 2640 3794; x_wconf 89' lang='lat' dir='ltr'><strong>me,</strong></span> <span class='ocrx_word' id='word_1_591' title='bbox 2670 3726 2895 3783; x_wconf 87' lang='lat' dir='ltr'><strong>Domine</strong></span> <span class='ocrx_word' id='word_1_592' title='bbox 2921 3725 3062 3785; x_wconf 80' lang='lat' dir='ltr'><strong>Deus</strong></span> <span class='ocrx_word' id='word_1_593' title='bbox 3090 3741 3263 3791; x_wconf 82' lang='lat' dir='ltr'><strong>meus,</strong></span> <span class='ocrx_word' id='word_1_594' title='bbox 3292 3725 3537 3793; x_wconf 76' lang='lat' dir='ltr'><strong>illumina</strong></span> 
     </span>
    </p>
   </div>
   <div class='ocr_carea' id='block_1_84' title="bbox 1947 3819 3530 3893">
    <p class='ocr_par' dir='ltr' id='par_1_84' title="bbox 1947 3819 3530 3893">
     <span class='ocr_line' id='line_1_84' title="bbox 1947 3819 3530 3893; baseline -0.001 -15"><span class='ocrx_word' id='word_1_595' title='bbox 1947 3822 2133 3878; x_wconf 90' lang='lat' dir='ltr'><strong>oculos</strong></span> <span class='ocrx_word' id='word_1_596' title='bbox 2170 3836 2356 3887; x_wconf 85' lang='lat' dir='ltr'><strong>meos:</strong></span> <span class='ocrx_word' id='word_1_597' title='bbox 2396 3836 2464 3877; x_wconf 89' lang='lat' dir='ltr'><strong>ne</strong></span> <span class='ocrx_word' id='word_1_598' title='bbox 2492 3835 2733 3891; x_wconf 85' lang='lat' dir='ltr'><strong>unquam</strong></span> <span class='ocrx_word' id='word_1_599' title='bbox 2779 3819 3116 3879; x_wconf 87' lang='lat' dir='ltr'><strong>obdormiam</strong></span> <span class='ocrx_word' id='word_1_600' title='bbox 3148 3819 3201 3873; x_wconf 89' lang='lat' dir='ltr'><strong>in</strong></span> <span class='ocrx_word' id='word_1_601' title='bbox 3232 3828 3428 3893; x_wconf 79' lang='lat' dir='ltr'><strong>morte,</strong></span> <span class='ocrx_word' id='word_1_602' title='bbox 3459 3834 3530 3883; x_wconf 77' lang='lat' dir='ltr'><strong>ne</strong></span> 
     </span>
    </p>
   </div>
   <div class='ocr_carea' id='block_1_85' title="bbox 1947 3912 3526 3987">
    <p class='ocr_par' dir='ltr' id='par_1_85' title="bbox 1947 3912 3526 3987">
     <span class='ocr_line' id='line_1_85' title="bbox 1947 3912 3526 3987; baseline -0.002 -16"><span class='ocrx_word' id='word_1_603' title='bbox 1947 3917 2164 3987; x_wconf 85' lang='lat' dir='ltr'><strong>quando</strong></span> <span class='ocrx_word' id='word_1_604' title='bbox 2178 3915 2322 3970; x_wconf 81' lang='lat' dir='ltr'><strong>dicat</strong></span> <span class='ocrx_word' id='word_1_605' title='bbox 2339 3915 2587 3970; x_wconf 89' lang='lat' dir='ltr'><strong>inimicus</strong></span> <span class='ocrx_word' id='word_1_606' title='bbox 2608 3930 2760 3969; x_wconf 85' lang='lat' dir='ltr'><strong>meus</strong></span> <span class='ocrx_word' id='word_1_607' title='bbox 2778 3931 2792 3966; x_wconf 91' lang='lat'><strong>:</strong></span> <span class='ocrx_word' id='word_1_608' title='bbox 2818 3912 3078 3968; x_wconf 71' lang='lat' dir='ltr'><strong>Praevalui</strong></span> <span class='ocrx_word' id='word_1_609' title='bbox 3101 3913 3365 3973; x_wconf 76' lang='lat' dir='ltr'><strong>adversus</strong></span> <span class='ocrx_word' id='word_1_610' title='bbox 3380 3928 3526 3969; x_wconf 88' lang='lat' dir='ltr'><strong>eum.</strong></span> 
     </span>
    </p>
   </div>
   <div class='ocr_carea' id='block_1_86' title="bbox 1945 4004 3534 4075">
    <p class='ocr_par' dir='ltr' id='par_1_86' title="bbox 1945 4004 3534 4075">
     <span class='ocr_line' id='line_1_86' title="bbox 1945 4004 3534 4075; baseline 0 -12"><span class='ocrx_word' id='word_1_611' title='bbox 1945 4006 2030 4063; x_wconf 80' lang='lat' dir='ltr'><strong>Ab</strong></span> <span class='ocrx_word' id='word_1_612' title='bbox 2056 4006 2281 4063; x_wconf 81' lang='lat' dir='ltr'><strong>occultis</strong></span> <span class='ocrx_word' id='word_1_613' title='bbox 2309 4006 2444 4063; x_wconf 90' lang='lat' dir='ltr'><strong>meis</strong></span> <span class='ocrx_word' id='word_1_614' title='bbox 2481 4006 2683 4062; x_wconf 89' lang='lat' dir='ltr'><strong>munda</strong></span> <span class='ocrx_word' id='word_1_615' title='bbox 2722 4022 2811 4061; x_wconf 85' lang='lat' dir='ltr'><strong>me</strong></span> <span class='ocrx_word' id='word_1_616' title='bbox 2831 4045 2848 4072; x_wconf 92' lang='lat'><strong>,</strong></span> <span class='ocrx_word' id='word_1_617' title='bbox 2879 4004 3105 4073; x_wconf 88' lang='lat' dir='ltr'><strong>Domine</strong></span> <span class='ocrx_word' id='word_1_618' title='bbox 3128 4046 3145 4073; x_wconf 94' lang='lat'><strong>,</strong></span> <span class='ocrx_word' id='word_1_619' title='bbox 3167 4015 3223 4062; x_wconf 89' lang='lat' dir='ltr'><strong>et</strong></span> <span class='ocrx_word' id='word_1_620' title='bbox 3255 4007 3323 4063; x_wconf 89' lang='lat' dir='ltr'><strong>ab</strong></span> <span class='ocrx_word' id='word_1_621' title='bbox 3345 4006 3534 4075; x_wconf 83' lang='lat' dir='ltr'><strong>alienis</strong></span> 
     </span>
    </p>
   </div>
   <div class='ocr_carea' id='block_1_87' title="bbox 1947 4108 2439 4169">
    <p class='ocr_par' dir='ltr' id='par_1_87' title="bbox 1947 4108 2439 4169">
     <span class='ocr_line' id='line_1_87' title="bbox 1947 4108 2439 4169; baseline -0.004 -15"><span class='ocrx_word' id='word_1_622' title='bbox 1947 4113 2110 4169; x_wconf 86' lang='lat' dir='ltr'><strong>parce</strong></span> <span class='ocrx_word' id='word_1_623' title='bbox 2138 4112 2296 4169; x_wconf 85' lang='lat' dir='ltr'><strong>servo</strong></span> <span class='ocrx_word' id='word_1_624' title='bbox 2326 4108 2439 4152; x_wconf 91' lang='lat' dir='ltr'><strong>tuo.</strong></span> 
     </span>
    </p>
   </div>
   <div class='ocr_carea' id='block_1_88' title="bbox 2022 4189 3532 4258">
    <p class='ocr_par' dir='ltr' id='par_1_88' title="bbox 2022 4189 3532 4258">
     <span class='ocr_line' id='line_1_88' title="bbox 2022 4189 3532 4258; baseline 0.003 -14"><span class='ocrx_word' id='word_1_625' title='bbox 2022 4190 2227 4245; x_wconf 80' lang='lat' dir='ltr'><strong>Oratio.</strong></span> <span class='ocrx_word' id='word_1_626' title='bbox 2265 4189 2563 4245; x_wconf 81' lang='lat' dir='ltr'><strong>Exauditor</strong></span> <span class='ocrx_word' id='word_1_627' title='bbox 2595 4198 2836 4246; x_wconf 83' lang='lat' dir='ltr'><strong>omnium</strong></span> <span class='ocrx_word' id='word_1_628' title='bbox 2862 4191 3040 4258; x_wconf 84' lang='lat' dir='ltr'><strong>Deus,</strong></span> <span class='ocrx_word' id='word_1_629' title='bbox 3071 4193 3267 4248; x_wconf 76' lang='lat' dir='ltr'><strong>exaudi</strong></span> <span class='ocrx_word' id='word_1_630' title='bbox 3316 4201 3532 4250; x_wconf 87' lang='lat' dir='ltr'><strong>nostro-</strong></span> 
     </span>
    </p>
   </div>
   <div class='ocr_carea' id='block_1_89' title="bbox 1949 4281 3533 4355">
    <p class='ocr_par' dir='ltr' id='par_1_89' title="bbox 1949 4281 3533 4355">
     <span class='ocr_line' id='line_1_89' title="bbox 1949 4281 3533 4355; baseline -0.001 -14"><span class='ocrx_word' id='word_1_631' title='bbox 1949 4298 2068 4341; x_wconf 84' lang='lat' dir='ltr'><strong>rum</strong></span> <span class='ocrx_word' id='word_1_632' title='bbox 2108 4281 2326 4338; x_wconf 89' lang='lat' dir='ltr'><strong>ﬂetuum</strong></span> <span class='ocrx_word' id='word_1_633' title='bbox 2351 4281 2642 4352; x_wconf 89' lang='lat' dir='ltr'><strong>supplicem</strong></span> <span class='ocrx_word' id='word_1_634' title='bbox 2675 4298 2884 4349; x_wconf 88' lang='lat' dir='ltr'><strong>vocem,</strong></span> <span class='ocrx_word' id='word_1_635' title='bbox 2913 4292 2965 4338; x_wconf 87' lang='lat' dir='ltr'><strong>et</strong></span> <span class='ocrx_word' id='word_1_636' title='bbox 2994 4285 3172 4355; x_wconf 87' lang='lat' dir='ltr'><strong>tribue</strong></span> <span class='ocrx_word' id='word_1_637' title='bbox 3201 4283 3533 4340; x_wconf 87' lang='lat' dir='ltr'><strong>infirmitati-</strong></span> 
     </span>
    </p>
   </div>
   <div class='ocr_carea' id='block_1_90' title="bbox 1950 4373 3527 4449">
    <p class='ocr_par' dir='ltr' id='par_1_90' title="bbox 1950 4373 3527 4449">
     <span class='ocr_line' id='line_1_90' title="bbox 1950 4373 3527 4449; baseline -0.001 -18"><span class='ocrx_word' id='word_1_638' title='bbox 1950 4375 2050 4431; x_wconf 88' lang='lat' dir='ltr'><strong>bus</strong></span> <span class='ocrx_word' id='word_1_639' title='bbox 2076 4375 2276 4431; x_wconf 91' lang='lat' dir='ltr'><strong>nostris</strong></span> <span class='ocrx_word' id='word_1_640' title='bbox 2300 4386 2617 4446; x_wconf 87' lang='lat' dir='ltr'><strong>pcrpetuam</strong></span> <span class='ocrx_word' id='word_1_641' title='bbox 2650 4374 2957 4431; x_wconf 85' lang='lat' dir='ltr'><strong>firmitatem</strong></span> <span class='ocrx_word' id='word_1_642' title='bbox 2977 4373 3130 4447; x_wconf 85' lang='lat' dir='ltr'><strong>[Cod.</strong></span> <span class='ocrx_word' id='word_1_643' title='bbox 3154 4375 3307 4448; x_wconf 80' lang='lat' dir='ltr'><strong>Reg.,</strong></span> <span class='ocrx_word' id='word_1_644' title='bbox 3332 4391 3527 4449; x_wconf 86' lang='lat' dir='ltr'><strong>perpe-</strong></span> 
     </span>
    </p>
   </div>
   <div class='ocr_carea' id='block_1_91' title="bbox 252 4467 3529 4581">
    <p class='ocr_par' dir='ltr' id='par_1_91' title="bbox 252 4467 3529 4581">
     <span class='ocr_line' id='line_1_91' title="bbox 252 4467 3529 4581; baseline 0 -35"><span class='ocrx_word' id='word_1_645' title='bbox 252 4491 377 4546; x_wconf 89' lang='lat' dir='ltr'><strong>tia:</strong></span> <span class='ocrx_word' id='word_1_646' title='bbox 408 4506 731 4563; x_wconf 83' lang='lat' dir='ltr'><strong>semperque</strong></span> <span class='ocrx_word' id='word_1_647' title='bbox 756 4467 1030 4549; x_wconf 74' lang='lat' dir='ltr'><strong>diabolica</strong></span> <span class='ocrx_word' id='word_1_648' title='bbox 1062 4467 1227 4563; x_wconf 77' lang='lat' dir='ltr'><strong>pollui</strong></span> <span class='ocrx_word' id='word_1_649' title='bbox 1268 4467 1535 4557; x_wconf 81' lang='lat' dir='ltr'><strong>illusione,</strong></span> <span class='ocrx_word' id='word_1_650' title='bbox 1570 4467 1845 4561; x_wconf 83' lang='lat' dir='ltr'><strong>nunquam</strong></span> <span class='ocrx_word' id='word_1_651' title='bbox 1877 4513 1924 4581; x_wconf 73' lang='grc' dir='ltr'><strong><em>υ</em></strong></span> <span class='ocrx_word' id='word_1_652' title='bbox 1950 4467 3529 4581; x_wconf 31' lang='lat' dir='ltr'><strong>3131fojrjfsffnliuf{nefereTffffjﬁlgejffui</strong></span> 
     </span>
    </p>
   </div>
   <div class='ocr_carea' id='block_1_92' title="bbox 138 4576 1841 4647">
    <p class='ocr_par' dir='ltr' id='par_1_92' title="bbox 138 4576 1841 4647">
     <span class='ocr_line' id='line_1_92' title="bbox 138 4576 1841 4647; baseline -0.001 -11"><span class='ocrx_word' id='word_1_653' title='bbox 138 4576 149 4587; x_wconf 81' lang='grc'><em>“</em></span> <span class='ocrx_word' id='word_1_654' title='bbox 250 4596 387 4637; x_wconf 75' lang='lat' dir='ltr'><strong>vera</strong></span> <span class='ocrx_word' id='word_1_655' title='bbox 416 4583 931 4639; x_wconf 87' lang='lat' dir='ltr'><strong>abluiconfessione.</strong></span> <span class='ocrx_word' id='word_1_656' title='bbox 956 4582 1070 4639; x_wconf 86' lang='lat' dir='ltr'><strong>Non</strong></span> <span class='ocrx_word' id='word_1_657' title='bbox 1098 4584 1241 4639; x_wconf 86' lang='lat' dir='ltr'><strong>enim</strong></span> <span class='ocrx_word' id='word_1_658' title='bbox 1267 4585 1381 4639; x_wconf 68' lang='lat' dir='ltr'><strong>haec</strong></span> <span class='ocrx_word' id='word_1_659' title='bbox 1410 4598 1642 4637; x_wconf 88' lang='lat' dir='ltr'><strong>narrans</strong></span> <span class='ocrx_word' id='word_1_660' title='bbox 1669 4589 1841 4647; x_wconf 86' lang='lat' dir='ltr'><strong>tuam,</strong></span> 
     </span>
    </p>
   </div>
   <div class='ocr_carea' id='block_1_93' title="bbox 252 4673 1844 4747">
    <p class='ocr_par' dir='ltr' id='par_1_93' title="bbox 252 4673 1844 4747">
     <span class='ocr_line' id='line_1_93' title="bbox 252 4673 1844 4747; baseline -0.003 -17"><span class='ocrx_word' id='word_1_661' title='bbox 252 4673 514 4739; x_wconf 85' lang='lat' dir='ltr'><strong>Domine,</strong></span> <span class='ocrx_word' id='word_1_662' title='bbox 548 4674 601 4729; x_wconf 89' lang='lat' dir='ltr'><strong>in</strong></span> <span class='ocrx_word' id='word_1_663' title='bbox 630 4691 716 4730; x_wconf 86' lang='lat' dir='ltr'><strong>me</strong></span> <span class='ocrx_word' id='word_1_664' title='bbox 745 4676 1061 4747; x_wconf 82' lang='lat' dir='ltr'><strong>blaspheme</strong></span> <span class='ocrx_word' id='word_1_665' title='bbox 1088 4676 1395 4731; x_wconf 62' lang='lat' dir='ltr'><strong>crettnram</strong></span> <span class='ocrx_word' id='word_1_666' title='bbox 1426 4688 1441 4727; x_wconf 89' lang='lat'><strong>:</strong></span> <span class='ocrx_word' id='word_1_667' title='bbox 1476 4674 1569 4728; x_wconf 83' lang='lat' dir='ltr'><strong>sed</strong></span> <span class='ocrx_word' id='word_1_668' title='bbox 1606 4688 1780 4727; x_wconf 83' lang='lat' dir='ltr'><strong>meam</strong></span> <span class='ocrx_word' id='word_1_669' title='bbox 1812 4687 1844 4726; x_wconf 91' lang='lat' dir='ltr'><strong>a</strong></span> 
     </span>
    </p>
   </div>
   <div class='ocr_carea' id='block_1_94' title="bbox 251 4762 1842 4837">
    <p class='ocr_par' dir='ltr' id='par_1_94' title="bbox 251 4762 1842 4837">
     <span class='ocr_line' id='line_1_94' title="bbox 251 4762 1842 4837; baseline 0 -19"><span class='ocrx_word' id='word_1_670' title='bbox 251 4772 333 4829; x_wconf 82' lang='lat' dir='ltr'><strong>te,</strong></span> <span class='ocrx_word' id='word_1_671' title='bbox 371 4765 617 4834; x_wconf 90' lang='lat' dir='ltr'><strong>piissime</strong></span> <span class='ocrx_word' id='word_1_672' title='bbox 642 4766 808 4832; x_wconf 90' lang='lat' dir='ltr'><strong>Deus,</strong></span> <span class='ocrx_word' id='word_1_673' title='bbox 838 4782 1071 4837; x_wconf 77' lang='lat' dir='ltr'><strong>exposco</strong></span> <span class='ocrx_word' id='word_1_674' title='bbox 1094 4767 1440 4827; x_wconf 72' lang='lat' dir='ltr'><strong>medicinam,</strong></span> <span class='ocrx_word' id='word_1_675' title='bbox 1470 4765 1561 4833; x_wconf 85' lang='lat' dir='ltr'><strong>qui</strong></span> <span class='ocrx_word' id='word_1_676' title='bbox 1588 4764 1754 4819; x_wconf 89' lang='lat' dir='ltr'><strong>etiam</strong></span> <span class='ocrx_word' id='word_1_677' title='bbox 1785 4762 1842 4818; x_wconf 92' lang='lat' dir='ltr'><strong>in</strong></span> 
     </span>
    </p>
   </div>
   <div class='ocr_carea' id='block_1_95' title="bbox 249 4857 1846 4931">
    <p class='ocr_par' dir='ltr' id='par_1_95' title="bbox 249 4857 1846 4931">
     <span class='ocr_line' id='line_1_95' title="bbox 249 4857 1846 4931; baseline 0.003 -21"><span class='ocrx_word' id='word_1_678' title='bbox 249 4857 516 4913; x_wconf 84' lang='lat' dir='ltr'><strong>omnibus</strong></span> <span class='ocrx_word' id='word_1_679' title='bbox 560 4860 819 4914; x_wconf 79' lang='lat' dir='ltr'><strong>membris</strong></span> <span class='ocrx_word' id='word_1_680' title='bbox 863 4861 997 4915; x_wconf 91' lang='lat' dir='ltr'><strong>meis</strong></span> <span class='ocrx_word' id='word_1_681' title='bbox 1045 4877 1131 4916; x_wconf 90' lang='lat' dir='ltr'><strong>me</strong></span> <span class='ocrx_word' id='word_1_682' title='bbox 1187 4875 1338 4915; x_wconf 90' lang='lat' dir='ltr'><strong>reum</strong></span> <span class='ocrx_word' id='word_1_683' title='bbox 1391 4859 1632 4931; x_wconf 77' lang='lat' dir='ltr'><strong>intelligo</strong></span> <span class='ocrx_word' id='word_1_684' title='bbox 1682 4874 1846 4928; x_wconf 86' lang='lat' dir='ltr'><strong>super</strong></span> 
     </span>
    </p>
   </div>
   <div class='ocr_carea' id='block_1_96' title="bbox 250 4950 1838 5023">
    <p class='ocr_par' dir='ltr' id='par_1_96' title="bbox 250 4950 1838 5023">
     <span class='ocr_line' id='line_1_96' title="bbox 250 4950 1838 5023; baseline 0.002 -21"><span class='ocrx_word' id='word_1_685' title='bbox 250 4962 576 5003; x_wconf 75' lang='lat' dir='ltr'><strong>mensuram</strong></span> <span class='ocrx_word' id='word_1_686' title='bbox 601 4968 613 5003; x_wconf 90' lang='lat'><strong>:</strong></span> <span class='ocrx_word' id='word_1_687' title='bbox 645 4951 771 5020; x_wconf 88' lang='lat' dir='ltr'><strong>quia</strong></span> <span class='ocrx_word' id='word_1_688' title='bbox 798 4961 861 5006; x_wconf 91' lang='lat' dir='ltr'><strong>ut</strong></span> <span class='ocrx_word' id='word_1_689' title='bbox 888 4961 1034 5007; x_wconf 87' lang='lat' dir='ltr'><strong>astra</strong></span> <span class='ocrx_word' id='word_1_690' title='bbox 1064 4952 1185 5008; x_wconf 75' lang='lat' dir='ltr'><strong>cmli</strong></span> <span class='ocrx_word' id='word_1_691' title='bbox 1213 4962 1376 5023; x_wconf 90' lang='lat' dir='ltr'><strong>atque</strong></span> <span class='ocrx_word' id='word_1_692' title='bbox 1404 4966 1624 5006; x_wconf 72' lang='lat' dir='ltr'><strong>arenan</strong></span> <span class='ocrx_word' id='word_1_693' title='bbox 1653 4950 1838 5015; x_wconf 89' lang='lat' dir='ltr'><strong>maris,</strong></span> 
     </span>
    </p>
   </div>
   <div class='ocr_carea' id='block_1_97' title="bbox 248 5038 1845 5112">
    <p class='ocr_par' dir='ltr' id='par_1_97' title="bbox 248 5038 1845 5112">
     <span class='ocr_line' id='line_1_97' title="bbox 248 5038 1845 5112; baseline 0.002 -20"><span class='ocrx_word' id='word_1_694' title='bbox 248 5052 378 5093; x_wconf 85' lang='lat' dir='ltr'><strong>mea</strong></span> <span class='ocrx_word' id='word_1_695' title='bbox 439 5038 514 5093; x_wconf 89' lang='lat' dir='ltr'><strong>ita</strong></span> <span class='ocrx_word' id='word_1_696' title='bbox 568 5039 984 5096; x_wconf 84' lang='lat' dir='ltr'><strong>innumerabilia</strong></span> <span class='ocrx_word' id='word_1_697' title='bbox 1037 5057 1310 5112; x_wconf 82' lang='lat' dir='ltr'><strong>cognosco</strong></span> <span class='ocrx_word' id='word_1_698' title='bbox 1359 5041 1571 5097; x_wconf 88' lang='lat' dir='ltr'><strong>delicta.</strong></span> <span class='ocrx_word' id='word_1_699' title='bbox 1620 5039 1845 5111; x_wconf 83' lang='lat' dir='ltr'><strong>Insuper</strong></span> 
     </span>
    </p>
   </div>
   <div class='ocr_carea' id='block_1_98' title="bbox 246 5129 1841 5204">
    <p class='ocr_par' dir='ltr' id='par_1_98' title="bbox 246 5129 1841 5204">
     <span class='ocr_line' id='line_1_98' title="bbox 246 5129 1841 5204; baseline 0.003 -21"><span class='ocrx_word' id='word_1_700' title='bbox 246 5129 429 5183; x_wconf 83' lang='lat' dir='ltr'><strong>etiam</strong></span> <span class='ocrx_word' id='word_1_701' title='bbox 462 5130 568 5196; x_wconf 86' lang='lat' dir='ltr'><strong>ira,</strong></span> <span class='ocrx_word' id='word_1_702' title='bbox 605 5132 847 5200; x_wconf 88' lang='lat' dir='ltr'><strong>tristitia,</strong></span> <span class='ocrx_word' id='word_1_703' title='bbox 875 5134 1082 5197; x_wconf 90' lang='lat' dir='ltr'><strong>acedia,</strong></span> <span class='ocrx_word' id='word_1_704' title='bbox 1109 5133 1396 5203; x_wconf 88' lang='lat' dir='ltr'><strong>jactamia,</strong></span> <span class='ocrx_word' id='word_1_705' title='bbox 1429 5143 1590 5204; x_wconf 90' lang='lat' dir='ltr'><strong>atque</strong></span> <span class='ocrx_word' id='word_1_706' title='bbox 1613 5133 1841 5198; x_wconf 87' lang='lat' dir='ltr'><strong>desidia,</strong></span> 
     </span>
    </p>
   </div>
   <div class='ocr_carea' id='block_1_99' title="bbox 244 5219 1845 5293">
    <p class='ocr_par' dir='ltr' id='par_1_99' title="bbox 244 5219 1845 5293">
     <span class='ocr_line' id='line_1_99' title="bbox 244 5219 1845 5293; baseline 0.001 -17"><span class='ocrx_word' id='word_1_707' title='bbox 244 5219 624 5291; x_wconf 85' lang='lat' dir='ltr'><strong>omnibusque</strong></span> <span class='ocrx_word' id='word_1_708' title='bbox 663 5230 786 5277; x_wconf 88' lang='lat' dir='ltr'><strong>octo</strong></span> <span class='ocrx_word' id='word_1_709' title='bbox 826 5223 1214 5293; x_wconf 86' lang='lat' dir='ltr'><strong>principalibus</strong></span> <span class='ocrx_word' id='word_1_710' title='bbox 1242 5224 1389 5277; x_wconf 87' lang='lat' dir='ltr'><strong>vitiis</strong></span> <span class='ocrx_word' id='word_1_711' title='bbox 1416 5223 1709 5277; x_wconf 83' lang='lat' dir='ltr'><strong>obnoxium</strong></span> <span class='ocrx_word' id='word_1_712' title='bbox 1758 5237 1845 5277; x_wconf 89' lang='lat' dir='ltr'><strong>me</strong></span> 
     </span>
    </p>
   </div>
   <div class='ocr_carea' id='block_1_100' title="bbox 242 5312 1840 5383">
    <p class='ocr_par' dir='ltr' id='par_1_100' title="bbox 242 5312 1840 5383">
     <span class='ocr_line' id='line_1_100' title="bbox 242 5312 1840 5383; baseline 0.001 -17"><span class='ocrx_word' id='word_1_713' title='bbox 242 5325 377 5367; x_wconf 82' lang='lat' dir='ltr'><strong>esse</strong></span> <span class='ocrx_word' id='word_1_714' title='bbox 400 5312 680 5382; x_wconf 85' lang='lat' dir='ltr'><strong>proﬁteor.</strong></span> <span class='ocrx_word' id='word_1_715' title='bbox 705 5312 811 5368; x_wconf 89' lang='lat' dir='ltr'><strong>Sed</strong></span> <span class='ocrx_word' id='word_1_716' title='bbox 844 5322 915 5376; x_wconf 91' lang='lat' dir='ltr'><strong>tu,</strong></span> <span class='ocrx_word' id='word_1_717' title='bbox 948 5314 1193 5378; x_wconf 90' lang='lat' dir='ltr'><strong>Domine,</strong></span> <span class='ocrx_word' id='word_1_718' title='bbox 1217 5315 1551 5369; x_wconf 78' lang='lat' dir='ltr'><strong>occultorum</strong></span> <span class='ocrx_word' id='word_1_719' title='bbox 1576 5314 1840 5383; x_wconf 85' lang='lat' dir='ltr'><strong>cognitor,</strong></span> 
     </span>
    </p>
   </div>
   <div class='ocr_carea' id='block_1_101' title="bbox 241 5404 1840 5477">
    <p class='ocr_par' dir='ltr' id='par_1_101' title="bbox 241 5404 1840 5477">
     <span class='ocr_line' id='line_1_101' title="bbox 241 5404 1840 5477; baseline 0.001 -20"><span class='ocrx_word' id='word_1_720' title='bbox 241 5404 349 5473; x_wconf 77' lang='lat' dir='ltr'><strong>qui</strong></span> <span class='ocrx_word' id='word_1_721' title='bbox 379 5404 567 5459; x_wconf 72' lang='lat' dir='ltr'><strong>dixisti</strong></span> <span class='ocrx_word' id='word_1_722' title='bbox 592 5406 971 5476; x_wconf 70' lang='lat' dir='ltr'><strong>paenitentiam</strong></span> <span class='ocrx_word' id='word_1_723' title='bbox 1022 5416 1074 5460; x_wconf 92' lang='lat' dir='ltr'><strong>te</strong></span> <span class='ocrx_word' id='word_1_724' title='bbox 1104 5406 1263 5460; x_wconf 86' lang='lat' dir='ltr'><strong>malle</strong></span> <span class='ocrx_word' id='word_1_725' title='bbox 1296 5415 1642 5477; x_wconf 89' lang='lat' dir='ltr'><strong>peccatorum</strong></span> <span class='ocrx_word' id='word_1_726' title='bbox 1678 5420 1840 5475; x_wconf 90' lang='lat' dir='ltr'><strong>quam</strong></span> 
     </span>
    </p>
   </div>
   <div class='ocr_carea' id='block_1_102' title="bbox 240 5499 1839 5563">
    <p class='ocr_par' dir='ltr' id='par_1_102' title="bbox 240 5499 1839 5563">
     <span class='ocr_line' id='line_1_102' title="bbox 240 5499 1839 5563; baseline 0 -11"><span class='ocrx_word' id='word_1_727' title='bbox 240 5508 531 5563; x_wconf 72' lang='lat' dir='ltr'><strong>mortem,</strong></span> <span class='ocrx_word' id='word_1_728' title='bbox 594 5499 691 5554; x_wconf 89' lang='lat' dir='ltr'><strong>tibi</strong></span> <span class='ocrx_word' id='word_1_729' title='bbox 725 5501 907 5554; x_wconf 90' lang='lat' dir='ltr'><strong>omnia</strong></span> <span class='ocrx_word' id='word_1_730' title='bbox 957 5500 1136 5556; x_wconf 85' lang='lat' dir='ltr'><strong>cordis</strong></span> <span class='ocrx_word' id='word_1_731' title='bbox 1172 5501 1279 5555; x_wconf 89' lang='lat' dir='ltr'><strong>mei</strong></span> <span class='ocrx_word' id='word_1_732' title='bbox 1333 5500 1584 5555; x_wconf 86' lang='lat' dir='ltr'><strong>revelabo</strong></span> <span class='ocrx_word' id='word_1_733' title='bbox 1618 5513 1839 5554; x_wconf 88' lang='lat' dir='ltr'><strong>arcana.</strong></span> 
     </span>
    </p>
   </div>
   <div class='ocr_carea' id='block_1_103' title="bbox 329 5630 1849 5709">
    <p class='ocr_par' dir='ltr' id='par_1_103' title="bbox 329 5630 1849 5709">
     <span class='ocr_line' id='line_1_103' title="bbox 329 5630 1849 5709; baseline 0.005 -23"><span class='ocrx_word' id='word_1_734' title='bbox 329 5632 451 5709; x_wconf 45' lang='lat' dir='ltr'><strong>{in</strong></span> <span class='ocrx_word' id='word_1_735' title='bbox 476 5630 608 5688; x_wconf 90' lang='lat' dir='ltr'><strong>Cod.</strong></span> <span class='ocrx_word' id='word_1_736' title='bbox 664 5636 792 5705; x_wconf 85' lang='lat' dir='ltr'><strong>Reg.</strong></span> <span class='ocrx_word' id='word_1_737' title='bbox 840 5636 1092 5693; x_wconf 87' lang='lat' dir='ltr'><strong>Titulus:</strong></span> <span class='ocrx_word' id='word_1_738' title='bbox 1127 5637 1395 5709; x_wconf 82' lang='lat' dir='ltr'><strong>Incipiunt</strong></span> <span class='ocrx_word' id='word_1_739' title='bbox 1440 5638 1630 5709; x_wconf 65' lang='lat' dir='ltr'><strong>psalmi</strong></span> <span class='ocrx_word' id='word_1_740' title='bbox 1687 5640 1849 5709; x_wconf 71' lang='lat' dir='ltr'><strong>pumi-</strong></span> 
     </span>
    </p>
   </div>
   <div class='ocr_carea' id='block_1_104' title="bbox 242 5702 1849 5789">
    <p class='ocr_par' dir='ltr' id='par_1_104' title="bbox 242 5702 1849 5789">
     <span class='ocr_line' id='line_1_104' title="bbox 242 5702 1849 5789; baseline 0.004 -30"><span class='ocrx_word' id='word_1_741' title='bbox 242 5702 507 5789; x_wconf 55' lang='lat' dir='ltr'><strong>tentiales</strong></span> <span class='ocrx_word' id='word_1_742' title='bbox 524 5702 874 5789; x_wconf 35' lang='lat' dir='ltr'><strong>‘n&#39;irnitero&#39;vu,</strong></span> <span class='ocrx_word' id='word_1_743' title='bbox 899 5723 1015 5777; x_wconf 67' lang='lat' dir='ltr'><strong>qua?</strong></span> <span class='ocrx_word' id='word_1_744' title='bbox 1053 5702 1376 5789; x_wconf 58' lang='lat' dir='ltr'><strong>linoquu’que</strong></span> <span class='ocrx_word' id='word_1_745' title='bbox 1405 5702 1581 5763; x_wconf 70' lang='lat' dir='ltr'><strong>anima</strong></span> <span class='ocrx_word' id='word_1_746' title='bbox 1604 5702 1719 5781; x_wconf 65' lang='lat' dir='ltr'><strong>qmr</strong></span> <span class='ocrx_word' id='word_1_747' title='bbox 1744 5710 1849 5765; x_wconf 85' lang='lat' dir='ltr'><strong>Deo</strong></span> 
     </span>
    </p>
   </div>
   <div class='ocr_carea' id='block_1_105' title="bbox 1950 4558 3530 4630">
    <p class='ocr_par' dir='ltr' id='par_1_105' title="bbox 1950 4558 3530 4630">
     <span class='ocr_line' id='line_1_105' title="bbox 1950 4558 3530 4630; baseline 0.003 -18"><span class='ocrx_word' id='word_1_748' title='bbox 1950 4558 2155 4614; x_wconf 89' lang='lat' dir='ltr'><strong>laboris</strong></span> <span class='ocrx_word' id='word_1_749' title='bbox 2182 4558 2433 4628; x_wconf 87' lang='lat' dir='ltr'><strong>suscipis,</strong></span> <span class='ocrx_word' id='word_1_750' title='bbox 2459 4566 2549 4613; x_wconf 88' lang='lat' dir='ltr'><strong>tua</strong></span> <span class='ocrx_word' id='word_1_751' title='bbox 2571 4574 2671 4615; x_wconf 91' lang='lat' dir='ltr'><strong>nos</strong></span> <span class='ocrx_word' id='word_1_752' title='bbox 2690 4574 2905 4630; x_wconf 86' lang='lat' dir='ltr'><strong>semper</strong></span> <span class='ocrx_word' id='word_1_753' title='bbox 2936 4559 3308 4615; x_wconf 89' lang='lat' dir='ltr'><strong>misericordia</strong></span> <span class='ocrx_word' id='word_1_754' title='bbox 3329 4574 3530 4616; x_wconf 86' lang='lat' dir='ltr'><strong>conso-</strong></span> 
     </span>
    </p>
   </div>
   <div class='ocr_carea' id='block_1_106' title="bbox 1949 4649 2538 4715">
    <p class='ocr_par' dir='ltr' id='par_1_106' title="bbox 1949 4649 2538 4715">
     <span class='ocr_line' id='line_1_106' title="bbox 1949 4649 2538 4715; baseline 0 -11"><span class='ocrx_word' id='word_1_755' title='bbox 1949 4649 2098 4715; x_wconf 86' lang='lat' dir='ltr'><strong>leris.</strong></span> <span class='ocrx_word' id='word_1_756' title='bbox 2126 4649 2230 4705; x_wconf 89' lang='lat' dir='ltr'><strong>Per</strong></span> <span class='ocrx_word' id='word_1_757' title='bbox 2251 4649 2538 4706; x_wconf 87' lang='lat' dir='ltr'><strong>Dominum</strong></span> 
     </span>
    </p>
   </div>
   <div class='ocr_carea' id='block_1_107' title="bbox 2548 4760 2959 4818">
    <p class='ocr_par' dir='ltr' id='par_1_107' title="bbox 2548 4760 2959 4818">
     <span class='ocr_line' id='line_1_107' title="bbox 2548 4760 2959 4818; baseline -0.002 -1"><span class='ocrx_word' id='word_1_758' title='bbox 2548 4760 2869 4818; x_wconf 76' lang='lat' dir='ltr'><strong>PSALMUS</strong></span> <span class='ocrx_word' id='word_1_759' title='bbox 2896 4762 2959 4816; x_wconf 83' lang='lat' dir='ltr'><strong>ll.</strong></span> 
     </span>
    </p>
   </div>
   <div class='ocr_carea' id='block_1_108' title="bbox 2022 4853 3525 4929">
    <p class='ocr_par' dir='ltr' id='par_1_108' title="bbox 2022 4853 3525 4929">
     <span class='ocr_line' id='line_1_108' title="bbox 2022 4853 3525 4929; baseline -0.001 -16"><span class='ocrx_word' id='word_1_760' title='bbox 2022 4873 2070 4929; x_wconf 67' lang='grc' dir='ltr'><strong>(ι</strong></span> <span class='ocrx_word' id='word_1_761' title='bbox 2086 4873 2201 4913; x_wconf 73' lang='lat' dir='ltr'><strong>SAL.</strong></span> <span class='ocrx_word' id='word_1_762' title='bbox 2228 4855 2404 4925; x_wconf 75' lang='lat' dir='ltr'><strong>xm.)</strong></span> <span class='ocrx_word' id='word_1_763' title='bbox 2427 4856 2575 4910; x_wconf 86' lang='lat' dir='ltr'><strong>Beati</strong></span> <span class='ocrx_word' id='word_1_764' title='bbox 2599 4870 2831 4924; x_wconf 86' lang='lat' dir='ltr'><strong>quorum</strong></span> <span class='ocrx_word' id='word_1_765' title='bbox 2861 4853 3099 4910; x_wconf 66' lang='lat' dir='ltr'><strong>remissae</strong></span> <span class='ocrx_word' id='word_1_766' title='bbox 3124 4862 3249 4909; x_wconf 81' lang='lat' dir='ltr'><strong>sunt</strong></span> <span class='ocrx_word' id='word_1_767' title='bbox 3269 4854 3525 4926; x_wconf 78' lang='lat' dir='ltr'><strong>iniquita-</strong></span> 
     </span>
    </p>
   </div>
   <div class='ocr_carea' id='block_1_109' title="bbox 1949 4946 3530 5019">
    <p class='ocr_par' dir='ltr' id='par_1_109' title="bbox 1949 4946 3530 5019">
     <span class='ocr_line' id='line_1_109' title="bbox 1949 4946 3530 5019; baseline -0.001 -16"><span class='ocrx_word' id='word_1_768' title='bbox 1949 4956 2032 5003; x_wconf 83' lang='lat' dir='ltr'><strong>tes</strong></span> <span class='ocrx_word' id='word_1_769' title='bbox 2056 4966 2074 5002; x_wconf 71' lang='grc' dir='ltr'>ε</span> <span class='ocrx_word' id='word_1_770' title='bbox 2099 4958 2155 5005; x_wconf 92' lang='lat' dir='ltr'><strong>et</strong></span> <span class='ocrx_word' id='word_1_771' title='bbox 2179 4964 2406 5019; x_wconf 90' lang='lat' dir='ltr'><strong>quorum</strong></span> <span class='ocrx_word' id='word_1_772' title='bbox 2446 4956 2587 5002; x_wconf 83' lang='lat' dir='ltr'><strong>tecta</strong></span> <span class='ocrx_word' id='word_1_773' title='bbox 2618 4956 2747 5001; x_wconf 84' lang='lat' dir='ltr'><strong>sunt</strong></span> <span class='ocrx_word' id='word_1_774' title='bbox 2776 4957 3015 5016; x_wconf 69' lang='lat' dir='ltr'><strong>peccaui.</strong></span> <span class='ocrx_word' id='word_1_775' title='bbox 3065 4946 3264 5004; x_wconf 83' lang='lat' dir='ltr'><strong>Beatus</strong></span> <span class='ocrx_word' id='word_1_776' title='bbox 3290 4949 3393 5013; x_wconf 86' lang='lat' dir='ltr'><strong>vir,</strong></span> <span class='ocrx_word' id='word_1_777' title='bbox 3438 4948 3530 5004; x_wconf 91' lang='lat' dir='ltr'><strong>cui</strong></span> 
     </span>
    </p>
   </div>
   <div class='ocr_carea' id='block_1_110' title="bbox 1952 5039 3523 5109">
    <p class='ocr_par' dir='ltr' id='par_1_110' title="bbox 1952 5039 3523 5109">
     <span class='ocr_line' id='line_1_110' title="bbox 1952 5039 3523 5109; baseline -0.001 -14"><span class='ocrx_word' id='word_1_778' title='bbox 1952 5056 2058 5095; x_wconf 87' lang='lat' dir='ltr'><strong>non</strong></span> <span class='ocrx_word' id='word_1_779' title='bbox 2086 5040 2369 5109; x_wconf 86' lang='lat' dir='ltr'><strong>imputavit</strong></span> <span class='ocrx_word' id='word_1_780' title='bbox 2394 5039 2651 5093; x_wconf 89' lang='lat' dir='ltr'><strong>Dominus</strong></span> <span class='ocrx_word' id='word_1_781' title='bbox 2674 5046 2954 5108; x_wconf 83' lang='lat' dir='ltr'><strong>peccatum</strong></span> <span class='ocrx_word' id='word_1_782' title='bbox 2979 5054 2993 5093; x_wconf 89' lang='lat'><strong>:</strong></span> <span class='ocrx_word' id='word_1_783' title='bbox 3020 5055 3119 5097; x_wconf 89' lang='lat' dir='ltr'><strong>nec</strong></span> <span class='ocrx_word' id='word_1_784' title='bbox 3138 5051 3221 5096; x_wconf 89' lang='lat' dir='ltr'><strong>est</strong></span> <span class='ocrx_word' id='word_1_785' title='bbox 3250 5042 3300 5096; x_wconf 91' lang='lat' dir='ltr'><strong>in</strong></span> <span class='ocrx_word' id='word_1_786' title='bbox 3329 5041 3523 5109; x_wconf 89' lang='lat' dir='ltr'><strong>spiritu</strong></span> 
     </span>
    </p>
   </div>
   <div class='ocr_carea' id='block_1_111' title="bbox 1950 5130 3521 5202">
    <p class='ocr_par' dir='ltr' id='par_1_111' title="bbox 1950 5130 3521 5202">
     <span class='ocr_line' id='line_1_111' title="bbox 1950 5130 3521 5202; baseline -0.005 -13"><span class='ocrx_word' id='word_1_787' title='bbox 1950 5133 2067 5202; x_wconf 87' lang='lat' dir='ltr'><strong>ejus</strong></span> <span class='ocrx_word' id='word_1_788' title='bbox 2082 5133 2254 5187; x_wconf 83' lang='lat' dir='ltr'><strong>dolus.</strong></span> <span class='ocrx_word' id='word_1_789' title='bbox 2275 5130 2540 5196; x_wconf 85' lang='lat' dir='ltr'><strong>Quoniam</strong></span> <span class='ocrx_word' id='word_1_790' title='bbox 2569 5130 2731 5195; x_wconf 86' lang='lat' dir='ltr'><strong>tacui,</strong></span> <span class='ocrx_word' id='word_1_791' title='bbox 2758 5132 3193 5186; x_wconf 87' lang='lat' dir='ltr'><strong>inveteraverunt</strong></span> <span class='ocrx_word' id='word_1_792' title='bbox 3215 5146 3337 5186; x_wconf 87' lang='lat' dir='ltr'><strong>ossa</strong></span> <span class='ocrx_word' id='word_1_793' title='bbox 3361 5143 3480 5184; x_wconf 83' lang='lat' dir='ltr'><strong>mea</strong></span> <span class='ocrx_word' id='word_1_794' title='bbox 3508 5167 3521 5181; x_wconf 95' lang='lat'><strong>.</strong></span> 
     </span>
    </p>
   </div>
   <div class='ocr_carea' id='block_1_112' title="bbox 1952 5224 3527 5296">
    <p class='ocr_par' dir='ltr' id='par_1_112' title="bbox 1952 5224 3527 5296">
     <span class='ocr_line' id='line_1_112' title="bbox 1952 5224 3527 5296; baseline -0.005 -13"><span class='ocrx_word' id='word_1_795' title='bbox 1952 5228 2076 5283; x_wconf 90' lang='lat' dir='ltr'><strong>dum</strong></span> <span class='ocrx_word' id='word_1_796' title='bbox 2097 5225 2388 5281; x_wconf 80' lang='lat' dir='ltr'><strong>clamarem</strong></span> <span class='ocrx_word' id='word_1_797' title='bbox 2413 5232 2521 5279; x_wconf 80' lang='lat' dir='ltr'><strong>tota</strong></span> <span class='ocrx_word' id='word_1_798' title='bbox 2539 5225 2643 5279; x_wconf 89' lang='lat' dir='ltr'><strong>die.</strong></span> <span class='ocrx_word' id='word_1_799' title='bbox 2661 5224 2924 5291; x_wconf 83' lang='lat' dir='ltr'><strong>Quoniam</strong></span> <span class='ocrx_word' id='word_1_800' title='bbox 2949 5227 3034 5282; x_wconf 88' lang='lat' dir='ltr'><strong>die</strong></span> <span class='ocrx_word' id='word_1_801' title='bbox 3052 5242 3115 5282; x_wconf 92' lang='lat' dir='ltr'><strong>ac</strong></span> <span class='ocrx_word' id='word_1_802' title='bbox 3131 5233 3288 5280; x_wconf 84' lang='lat' dir='ltr'><strong>nocte</strong></span> <span class='ocrx_word' id='word_1_803' title='bbox 3308 5230 3527 5296; x_wconf 87' lang='lat' dir='ltr'><strong>gravata</strong></span> 
     </span>
    </p>
   </div>
   <div class='ocr_carea' id='block_1_113' title="bbox 1950 5318 3525 5387">
    <p class='ocr_par' dir='ltr' id='par_1_113' title="bbox 1950 5318 3525 5387">
     <span class='ocr_line' id='line_1_113' title="bbox 1950 5318 3525 5387; baseline -0.004 -14"><span class='ocrx_word' id='word_1_804' title='bbox 1950 5327 2035 5373; x_wconf 85' lang='lat' dir='ltr'><strong>est</strong></span> <span class='ocrx_word' id='word_1_805' title='bbox 2061 5331 2321 5387; x_wconf 80' lang='lat' dir='ltr'><strong>superine</strong></span> <span class='ocrx_word' id='word_1_806' title='bbox 2344 5331 2536 5372; x_wconf 87' lang='lat' dir='ltr'><strong>manus</strong></span> <span class='ocrx_word' id='word_1_807' title='bbox 2558 5325 2648 5372; x_wconf 89' lang='lat' dir='ltr'><strong>tua</strong></span> <span class='ocrx_word' id='word_1_808' title='bbox 2685 5335 2698 5370; x_wconf 90' lang='lat'><strong>:</strong></span> <span class='ocrx_word' id='word_1_809' title='bbox 2726 5333 3024 5373; x_wconf 88' lang='lat' dir='ltr'><strong>conversus</strong></span> <span class='ocrx_word' id='word_1_810' title='bbox 3046 5333 3162 5373; x_wconf 89' lang='lat' dir='ltr'><strong>sum</strong></span> <span class='ocrx_word' id='word_1_811' title='bbox 3192 5318 3244 5370; x_wconf 91' lang='lat' dir='ltr'><strong>in</strong></span> <span class='ocrx_word' id='word_1_812' title='bbox 3264 5329 3525 5375; x_wconf 62' lang='lat' dir='ltr'><strong>airumna,</strong></span> 
     </span>
    </p>
   </div>
   <div class='ocr_carea' id='block_1_114' title="bbox 1942 5406 3521 5480">
    <p class='ocr_par' dir='ltr' id='par_1_114' title="bbox 1942 5406 3521 5480">
     <span class='ocr_line' id='line_1_114' title="bbox 1942 5406 3521 5480; baseline -0.003 -15"><span class='ocrx_word' id='word_1_813' title='bbox 1942 5411 2070 5465; x_wconf 90' lang='lat' dir='ltr'><strong>dum</strong></span> <span class='ocrx_word' id='word_1_814' title='bbox 2100 5409 2388 5480; x_wconf 77' lang='lat' dir='ltr'><strong>configitur</strong></span> <span class='ocrx_word' id='word_1_815' title='bbox 2414 5409 2586 5479; x_wconf 70' lang='lat' dir='ltr'><strong>spina.</strong></span> <span class='ocrx_word' id='word_1_816' title='bbox 2617 5409 2880 5467; x_wconf 76' lang='lat' dir='ltr'><strong>Delictum</strong></span> <span class='ocrx_word' id='word_1_817' title='bbox 2914 5425 3090 5465; x_wconf 86' lang='lat' dir='ltr'><strong>meum</strong></span> <span class='ocrx_word' id='word_1_818' title='bbox 3121 5409 3395 5480; x_wconf 89' lang='lat' dir='ltr'><strong>cognitum</strong></span> <span class='ocrx_word' id='word_1_819' title='bbox 3423 5406 3521 5461; x_wconf 89' lang='lat' dir='ltr'><strong>tibi</strong></span> 
     </span>
    </p>
   </div>
   <div class='ocr_carea' id='block_1_115' title="bbox 1945 5498 3533 5562">
    <p class='ocr_par' dir='ltr' id='par_1_115' title="bbox 1945 5498 3533 5562">
     <span class='ocr_line' id='line_1_115' title="bbox 1945 5498 3533 5562; baseline -0.003 -5"><span class='ocrx_word' id='word_1_820' title='bbox 1945 5498 2049 5557; x_wconf 81' lang='lat' dir='ltr'><strong>feci</strong></span> <span class='ocrx_word' id='word_1_821' title='bbox 2083 5519 2096 5555; x_wconf 87' lang='lat'>:</span> <span class='ocrx_word' id='word_1_822' title='bbox 2129 5509 2185 5555; x_wconf 91' lang='lat' dir='ltr'><strong>et</strong></span> <span class='ocrx_word' id='word_1_823' title='bbox 2224 5500 2545 5557; x_wconf 84' lang='lat' dir='ltr'><strong>iniustitiam</strong></span> <span class='ocrx_word' id='word_1_824' title='bbox 2571 5517 2745 5556; x_wconf 90' lang='lat' dir='ltr'><strong>meam</strong></span> <span class='ocrx_word' id='word_1_825' title='bbox 2778 5517 2884 5556; x_wconf 91' lang='lat' dir='ltr'><strong>non</strong></span> <span class='ocrx_word' id='word_1_826' title='bbox 2911 5500 3192 5556; x_wconf 87' lang='lat' dir='ltr'><strong>abscondi.</strong></span> <span class='ocrx_word' id='word_1_827' title='bbox 3228 5498 3368 5562; x_wconf 75' lang='lat' dir='ltr'><strong>Dixi,</strong></span> <span class='ocrx_word' id='word_1_828' title='bbox 3397 5511 3533 5553; x_wconf 83' lang='lat' dir='ltr'><strong>con-</strong></span> 
     </span>
    </p>
   </div>
   <div class='ocr_carea' id='block_1_116' title="bbox 1947 5626 2361 5692">
    <p class='ocr_par' dir='ltr' id='par_1_116' title="bbox 1947 5626 2361 5692">
     <span class='ocr_line' id='line_1_116' title="bbox 1947 5626 2361 5692; baseline -0.012 0"><span class='ocrx_word' id='word_1_829' title='bbox 1947 5652 2132 5692; x_wconf 69' lang='lat' dir='ltr'><strong>canerr</strong></span> <span class='ocrx_word' id='word_1_830' title='bbox 2158 5634 2324 5688; x_wconf 75' lang='lat' dir='ltr'><strong>debet.</strong></span> <span class='ocrx_word' id='word_1_831' title='bbox 2354 5626 2361 5633; x_wconf 78' lang='grc'><em>’</em></span> 
     </span>
    </p>
   </div>
   <div class='ocr_carea' id='block_1_117' title="bbox 2024 5700 3529 5782">
    <p class='ocr_par' dir='ltr' id='par_1_117' title="bbox 2024 5700 3529 5782">
     <span class='ocr_line' id='line_1_117' title="bbox 2024 5700 3529 5782; baseline -0.003 -21"><span class='ocrx_word' id='word_1_832' title='bbox 2024 5708 2049 5747; x_wconf 69' lang='grc' dir='ltr'>δ</span> <span class='ocrx_word' id='word_1_833' title='bbox 2080 5706 2322 5782; x_wconf 67' lang='lat' dir='ltr'><strong>Exstant</strong></span> <span class='ocrx_word' id='word_1_834' title='bbox 2358 5705 2436 5782; x_wconf 82' lang='lat' dir='ltr'><strong>in__</strong></span> <span class='ocrx_word' id='word_1_835' title='bbox 2468 5706 2645 5760; x_wconf 90' lang='lat' dir='ltr'><strong>libello</strong></span> <span class='ocrx_word' id='word_1_836' title='bbox 2687 5704 2862 5761; x_wconf 89' lang='lat' dir='ltr'><strong>Caroli</strong></span> <span class='ocrx_word' id='word_1_837' title='bbox 2916 5702 3087 5771; x_wconf 86' lang='lat' dir='ltr'><strong>Calvi,</strong></span> <span class='ocrx_word' id='word_1_838' title='bbox 3119 5716 3243 5776; x_wconf 83' lang='lat' dir='ltr'><strong>pag.</strong></span> <span class='ocrx_word' id='word_1_839' title='bbox 3286 5700 3353 5760; x_wconf 75' lang='lat' dir='ltr'><strong>l6</strong></span> <span class='ocrx_word' id='word_1_840' title='bbox 3383 5716 3529 5782; x_wconf 64' lang='lat' dir='ltr'><strong>seq,</strong></span> 
     </span>
    </p>
   </div>
   <div class='ocr_carea' id='block_1_118' title="bbox 238 5775 2546 5850">
    <p class='ocr_par' dir='ltr' id='par_1_118' title="bbox 238 5775 2546 5850">
     <span class='ocr_line' id='line_1_118' title="bbox 238 5775 2546 5850; baseline 0 -21"><span class='ocrx_word' id='word_1_841' title='bbox 238 5775 472 5847; x_wconf 70' lang='lat' dir='ltr'><strong>placere</strong></span> <span class='ocrx_word' id='word_1_842' title='bbox 500 5775 796 5844; x_wconf 75' lang='lat' dir='ltr'><strong>desiderat,</strong></span> <span class='ocrx_word' id='word_1_843' title='bbox 822 5775 919 5846; x_wconf 81' lang='lat' dir='ltr'><strong>pro</strong></span> <span class='ocrx_word' id='word_1_844' title='bbox 955 5775 1253 5836; x_wconf 77' lang='lat' dir='ltr'><strong>remissione</strong></span> <span class='ocrx_word' id='word_1_845' title='bbox 1280 5775 1623 5850; x_wconf 66' lang='lat' dir='ltr'><strong>peccatorum</strong></span> <span class='ocrx_word' id='word_1_846' title='bbox 1636 5798 1850 5837; x_wconf 80' lang='lat' dir='ltr'><strong>suorum</strong></span> <span class='ocrx_word' id='word_1_847' title='bbox 1953 5777 2158 5848; x_wconf 82' lang='lat' dir='ltr'><strong>absque</strong></span> <span class='ocrx_word' id='word_1_848' title='bbox 2188 5776 2546 5835; x_wconf 83' lang='lat' dir='ltr'><strong>orationibus.</strong></span> 
     </span>
    </p>
   </div>
  </div>
