4038 6336
512 345 617 406 527

1370 348 1430 402 Β.
1474 347 1534 402 F.
1575 346 1800 402 ALBlNl
1840 346 1971 404 SEU
2010 343 2287 402 ALCUlNl
2324 342 2609 400 OPERUM
2644 341 2823 396 PARS
2856 340 2940 395 IV.

3666 337 3769 394 538

514 467 713 524 ﬁtebor
740 468 1024 522 adversum
1054 481 1141 520 me
1176 464 1494 533 injustitiam
1531 479 1706 518 meam
1735 464 1964 519 Domino
1992 478 2005 516 :
2037 470 2093 515 et
2121 465 2166 521 Α
2194 476 2293 532 pro
2321 467 2543 530 peccato
2573 474 2711 514 meo.
2744 455 2951 511 Inimici
2973 463 3152 509 autem
3182 453 3288 508 mei
3320 454 3527 517 vivunt,
3563 464 3619 509 et
3640 470 3773 513 con-

513 568 573 616 tu
607 561 861 615 remisisti
904 561 1234 630 impietatem
1262 559 1467 629 peccati
1496 559 1622 612 mei.
1654 558 1757 612 Pro
1786 559 1888 611 hac
1913 557 2090 611 orabit

513 653 584 710 ad
621 661 677 708 te
704 653 878 707 omnis
910 663 1128 707 sanctus
1153 652 1206 706 in
1229 661 1473 720 tempore
1492 660 1816 719 opportuno.
1861 648 2093 705 Verum-

512 753 697 802 tamen
723 746 777 800 in
813 746 1011 800 diluvio
1062 761 1325 815 aquarum
1373 744 1664 799 multarum
1691 785 1705 807 ,
1738 745 1804 798 ad
1832 760 1953 798 eum
1984 759 2092 799 non

511 841 983 913 approximablmt.
1013 839 1091 895 Tu
1115 856 1172 895 es
1192 838 1454 911 refugium
1483 854 1660 893 meum
1678 854 1706 892 a
1722 838 2087 903 tribulatione,

512 950 634 1006 qute
662 934 1013 991 circumdedit
1042 948 1128 987 me
1160 952 1171 985 :
1215 931 1502 987 exsultatio
1525 947 1640 985 mea
1664 945 1794 985 erue
1821 945 1907 983 me
1929 945 1958 982 a
1986 928 2092 983 cir—

509 1025 891 1082 cumdantibus
917 1037 1020 1078 me.
1060 1022 1392 1077 Intellectum
1425 1021 1521 1074 tibi
1552 1020 1720 1083 dabo,
1747 1028 1802 1073 et
1824 1020 2090 1073 instruam

510 1116 645 1172 tein
668 1114 754 1169 via
782 1114 907 1177 hac.
933 1129 1036 1184 qua
1059 1112 1322 1182 gradieris
1347 1130 1358 1165 :
1391 1110 1615 1165 firmabo
1643 1126 1805 1181 super
1828 1118 1881 1164 te
1905 1109 2090 1164 oculos

506 1221 681 1262 meos.
710 1203 885 1260 Nolite
910 1203 1027 1259 fieri
1064 1203 1204 1258 sicut
1224 1218 1395 1272 equus
1421 1210 1476 1256 et
1513 1201 1690 1255 mulus
1718 1220 1730 1255 :
1764 1200 1958 1270 quibus
1981 1215 2087 1254 non

506 1305 594 1355 est
640 1297 962 1359 intellectus,
1018 1296 1073 1350 In
1104 1297 1296 1350 chamo
1324 1304 1379 1348 et
1424 1293 1577 1348 freno
1607 1293 1852 1347 maxillas
1902 1308 2087 1347 eorum

506 1390 822 1458 constringe
868 1404 883 1443 :
915 1390 1006 1459 qui
1037 1404 1145 1444 non
1188 1390 1566 1460 approximant
1594 1390 1661 1444 ad
1691 1398 1759 1443 te.
1800 1388 1960 1442 Multa
1988 1387 2086 1443 fla-

507 1481 646 1555 gella
674 1483 976 1552 peccatoris
1005 1491 1340 1551 :sperantem
1373 1491 1554 1537 autem
1583 1482 1634 1536 in
1655 1482 1899 1544 Domino,
1928 1483 2090 1536 mise-

505 1576 743 1632 ricordia
776 1575 1153 1631 circumdabit.
1182 1574 1461 1629 Ltetamini
1489 1574 1540 1629 in
1570 1574 1796 1629 Domino
1819 1583 1872 1629 et
1899 1572 2084 1628 exsul-

507 1676 623 1725 tate
655 1668 789 1739 justi
822 1667 1115 1740 [Quercet.,
1145 1664 1353 1735 iniusti,
1379 1665 1644 1738 mendose]
1675 1684 1687 1719 :
1712 1674 1767 1721 et
1780 1665 2084 1737 gloriamini

430 1784 433 1789 λ
504 1774 696 1817 omnes
722 1760 856 1817 recti
886 1760 1068 1815 corde.

2195 551 2393 605 firmati
2418 560 2542 605 sunt
2564 565 2723 619 super
2750 562 2835 601 me
2874 565 2886 599 :
2912 554 2965 600 et
2988 545 3327 614 multiplicati
3358 556 3502 609 sunt,
3530 547 3620 616 qui
3642 548 3773 605 ode-

2193 653 2321 700 runt
2354 660 2440 699 me
2473 645 2672 715 inique.
2700 642 2800 710 Qui
2827 642 3134 696 retribuunt
3177 640 3316 695 mala
3345 656 3445 710 pro
3473 641 3653 708 bouis,
3679 644 3773 702 do-

2195 736 2486 791 trabebant
2519 736 2650 790 mihi
2699 749 2714 787 :
2753 734 3007 807 quoniam
3035 733 3302 802 sequebar
3345 734 3666 790 bonitatem.
3693 732 3774 793 Ne

2193 829 2537 899 derelinquas
2563 843 2666 893 me,
2689 827 2913 882 Domine
2938 825 3080 880 Deus
3101 840 3283 880 meus:
3305 841 3373 880 ne
3398 827 3714 883 discesseris
3737 844 3770 883 a

2190 936 2298 977 me.
2327 921 2547 977 Intende
2569 922 2622 976 in
2646 919 2968 989 adjutorium
2995 934 3193 983 meum,
3219 918 3440 974 Domine
3462 919 3606 976 Deus
3628 919 3773 975 salu-

2192 1015 2262 1069 tis
2291 1029 2445 1068 meae.

2263 1103 2451 1159 Preces
2473 1114 2527 1158 ut
2551 1120 2731 1175 supra.
2760 1104 3005 1168 Domine,
3037 1111 3161 1157 ante
3180 1111 3229 1157 te
3255 1118 3415 1158 omne
3443 1102 3769 1159 desiderium

2190 1213 2392 1262 meum,
2424 1207 2477 1251 et
2506 1197 2735 1267 gemitus
2759 1212 2911 1251 meus
2959 1210 2989 1250 a
3031 1204 3082 1250 te
3118 1211 3223 1250 non
3274 1202 3358 1250 est
3400 1196 3769 1251 absconditus.

2187 1293 2395 1349 Exaudi
2454 1293 2756 1347 orationem
2817 1307 3031 1358 meam,
3083 1291 3351 1357 Domine,
3415 1301 3471 1347 et
3515 1292 3770 1363 depreca-

2188 1387 2389 1441 tionem
2441 1402 2619 1441 meam
2660 1402 2674 1439 :
2721 1385 2940 1440 auribus
3011 1387 3228 1457 percipe
3282 1385 3549 1457 lacrymas
3600 1402 3768 1442 meas.

2187 1477 2529 1547 Complaceat
2558 1478 2675 1543 tibi,
2724 1477 2971 1541 Domine,
3003 1485 3063 1532 ut
3083 1493 3244 1533 eruas
3281 1492 3408 1532 me:
3448 1476 3675 1532 Domine
3704 1477 3771 1533 ad

2188 1570 2547 1639 adjuvandum
2572 1586 2660 1625 me
2684 1571 2912 1640 respice.

2259 1665 2461 1721 Oratio.
2484 1667 2703 1732 Emitte,
2720 1666 2967 1735 Domine,
2993 1667 3231 1723 salutare
3260 1676 3411 1723 tuum
3442 1651 3771 1724 infirmitati-

2184 1760 2286 1815 bus
2317 1761 2534 1826 nostris,
2561 1760 2843 1816 vulnerum
2865 1762 3291 1832 cicatricumque
3320 1761 3631 1816 mortalium
3675 1776 3771 1831 po-

577 1852 647 1907 Ut
680 1869 858 1923 supra.
902 1850 1106 1905 Delicta
1139 1848 1439 1919 iuventutis
1469 1864 1621 1914 mete,
1649 1857 1703 1905 et
1746 1848 2082 1920 ignorantias
2114 1839 2161 1901 Β
2189 1851 2488 1906 lentissime
2516 1853 2841 1918 medicator;
2874 1862 2933 1908 ut
2972 1869 3187 1908 omnem
3213 1853 3469 1925 gemitum
3507 1853 3773 1910 dolorem-

501 1957 758 2017 measne
804 1942 1118 1999 memineris
1178 1941 1422 1996 Domine.
1478 1938 1784 1996 Secundum
1834 1954 2085 2011 magnam

500 2035 925 2092 misericordiam
948 2042 1094 2089 tuam
1121 2041 1394 2087 memento
1416 2033 1520 2087 mei
1548 2042 1602 2086 tu
1633 2049 1646 2086 :
1676 2041 1897 2103 propter
1934 2031 2085 2086 boni-

502 2136 670 2183 tatem
712 2136 859 2182 tuam
889 2126 1136 2204 Domipe.
1162 2124 1391 2194 Propter
1416 2139 1611 2178 nomen
1642 2132 1811 2188 tuum,
1838 2124 2081 2190 Domine,

495 2217 882 2288 propitiaberis
909 2224 1134 2286 peccato
1155 2228 1276 2270 meo
1314 2230 1329 2269 :
1362 2213 1589 2269 multum
1615 2223 1697 2270 est
1726 2217 1889 2270 enim.
1936 2216 2081 2270 Deli-

498 2315 647 2361 ctum
670 2322 845 2361 meum
876 2307 1154 2376 cognitum
1180 2306 1274 2361 tibi
1303 2304 1425 2371 feci,
1457 2315 1513 2361 et
1543 2306 1863 2376 injustitiam
1908 2323 2085 2363 meam

497 2414 608 2454 non
638 2400 921 2455 abscondi.

572 2487 777 2544 Oratio.
810 2489 1007 2545 Sancte
1037 2488 1295 2555 Domine,
1330 2492 1420 2559 qui
1451 2491 1691 2546 remiSsis
1721 2492 1931 2547 delictis
1956 2493 2085 2548 bea-

495 2582 782 2637 titudinem
804 2591 857 2636 te
894 2580 1158 2637 confessis
1178 2582 1446 2645 attribuis,
1475 2582 1669 2637 exaudi
1696 2591 1819 2637 vota
1848 2598 2085 2652 prmsen-

494 2672 568 2727 tis
597 2671 811 2729 familia:
841 2672 973 2745 [AI.,
998 2672 1302 2744 Ecclesim].
1321 2682 1374 2726 et
1392 2672 1683 2729 confractis
1712 2678 1920 2744 peccati
1953 2693 2084 2731 acu-

492 2762 595 2819 leis
618 2766 959 2835 spiritalinos
974 2765 1335 2821 exsultatione
1350 2765 1634 2836 perfunde.
1668 2767 1772 2823 Per
1794 2767 2081 2825 Dominum

493 2865 765 2914 nostrum.

1055 2930 1377 2988 PSALMUS
1416 2932 1502 2987 lll.

566 3042 750 3119 (pSAL.
768 3046 1004 3117 xxxvii.)
1027 3047 1254 3103 Domine
1276 3064 1343 3103 ne
1360 3049 1413 3102 in
1428 3047 1611 3107 furore
1637 3057 1725 3104 tuo
1748 3064 1945 3121 arguas
1960 3065 2077 3105 me:

491 3150 668 3210 neque
696 3138 746 3194 in
787 3140 866 3194 ira
903 3150 990 3194 tua
1015 3140 1278 3210 corripias
1306 3155 1412 3194 me.
1438 3137 1704 3206 Quoniam
1732 3141 1942 3209 sagittae
1976 3148 2080 3195 tute

493 3231 676 3288 infixae
712 3242 844 3293 sunt
887 3232 1018 3287 mihi
1051 3251 1063 3285 :
1106 3240 1162 3287 et
1187 3231 1519 3287 confirmasti
1552 3247 1711 3301 super
1737 3248 1821 3286 me
1854 3247 2073 3286 manum
2103 3210 2147 3273 ο

491 3331 663 3378 tuam.
695 3323 813 3378 Non
842 3331 925 3378 est
950 3323 1155 3378 sanitas
1180 3323 1232 3376 in
1255 3339 1418 3378 carne
1442 3335 1559 3377 mea
1586 3338 1616 3376 a
1645 3322 1781 3377 facie
1804 3324 1897 3377 ira:
1926 3332 2029 3377 ture
2057 3340 2069 3375 :

489 3429 600 3469 non
627 3423 710 3470 est
748 3429 852 3483 pax
885 3414 1099 3469 ossibus
1145 3414 1281 3468 meis
1308 3428 1339 3467 a
1369 3411 1507 3468 facie
1544 3423 1887 3484 peccatorum
1927 3430 2074 3469 meo-

490 3520 632 3560 rum.
690 3505 953 3572 Quoniam
996 3505 1309 3573 iniquitates
1367 3521 1501 3561 meae
1548 3522 1910 3578 supergressa:
1949 3514 2074 3561 sunt

490 3606 652 3668 caput
680 3613 860 3652 meum
884 3612 898 3651 :
928 3606 983 3652 et
1005 3598 1151 3653 sicut
1172 3613 1307 3653 onus
1326 3600 1491 3670 grave
1511 3609 1745 3669 gravata:
1769 3610 1894 3654 sunt
1913 3614 2075 3669 super

488 3699 599 3739 me.
632 3684 1037 3743 Putrueruntet
1074 3698 1343 3759 corruptae
1370 3698 1493 3743 sunt
1517 3691 1803 3746 cicatrices
1839 3706 1973 3745 mere
2001 3710 2012 3745 :
2042 3706 2073 3746 a

490 3773 630 3830 facie
651 3776 973 3847 insipientia:
1001 3793 1154 3834 meae.
1182 3780 1345 3835 Miser
1373 3779 1546 3836 factus
1584 3798 1703 3836 sum
1734 3791 1787 3835 et
1817 3790 2073 3838 curvatus

489 3880 610 3921 sum
638 3883 808 3937 usque
832 3869 885 3923 in
923 3870 1086 3924 finem
1117 3887 1129 3922 :
1159 3879 1270 3925 tota
1295 3871 1379 3925 die
1402 3872 1755 3926 cuutristatus
1797 3872 2071 3942 ingredie-

488 3957 607 4012 bar.
636 3956 901 4024 Quoniam
935 3959 1099 4014 lumbi
1147 3962 1251 4015 mei
1283 3961 1486 4031 impleti
1524 3970 1648 4016 sunt
1684 3962 2023 4019 illusiouihus
2055 3983 2068 4018 :

488 4058 542 4103 et
567 4067 671 4105 non
697 4060 781 4105 est
806 4052 1013 4107 sanitas
1045 4053 1095 4106 in
1119 4069 1282 4108 carne
1313 4070 1450 4109 mea.
1476 4053 1717 4110 Afflictus
1751 4071 1870 4110 sum
1891 4063 1946 4110 et
1973 4056 2074 4110 bu-

487 4142 727 4198 miliatus
757 4159 876 4197 sum
913 4144 1075 4199 nimis
1111 4162 1123 4197 :
1162 4145 1438 4216 rugiebam
1462 4162 1490 4199 a
1521 4146 1718 4217 gemitu
1747 4147 1924 4200 cordis
1943 4147 2067 4201 mei.

487 4230 736 4297 Domine,
767 4244 891 4288 ante
915 4242 965 4288 te
985 4250 1145 4289 omne
1167 4236 1493 4290 desiderium
1520 4252 1698 4291 meum
1721 4255 1733 4291 :
1759 4246 1813 4291 et
1836 4239 2070 4307 gemitus

486 4337 641 4376 meus
680 4339 709 4376 a
739 4334 790 4378 te
820 4341 927 4385 non
954 4334 1037 4379 est
1082 4327 1449 4381 absconditus.
1495 4326 1603 4382 Cor
1645 4344 1823 4383 meum
1856 4338 2070 4384 contur-

490 4413 680 4467 batum
708 4423 809 4480 est,
836 4416 1121 4485 dereliquit
1156 4433 1241 4471 me
1269 4419 1441 4474 virtus
1466 4436 1583 4474 mea
1619 4439 1630 4472 :
1666 4429 1717 4475 ct
1742 4421 1918 4475 lumen
1941 4438 2069 4476 ocu-

486 4505 662 4560 lorum
682 4522 943 4571 meorum,
970 4518 1023 4563 et
1052 4509 1224 4578 ipsum
1247 4527 1352 4565 non
1382 4521 1466 4567 est
1497 4528 1731 4568 mecum.
1760 4514 1934 4571 Amici
1960 4518 2065 4571 mei

488 4606 544 4651 et
578 4599 808 4667 proximi
850 4601 954 4653 mei
985 4600 1271 4655 adversum
1309 4619 1395 4657 me
1421 4606 1985 4676 appropinquavcrunt
2012 4618 2067 4663 et
2092 4579 2142 4639 Ι)

488 4698 775 4745 steterunt.
810 4691 877 4745 Et
897 4693 1157 4763 quijuxta
1192 4711 1279 4751 me
1304 4707 1461 4752 erant
1489 4700 1553 4753 de
1582 4699 1737 4771 longe
1760 4708 2065 4757 steterunt:

488 4789 541 4833 et
570 4780 675 4834 vim
701 4781 987 4847 faciebant,
1020 4786 1111 4854 qui
1135 4789 1455 4856 quaerebant
1486 4791 1720 4845 animam
1754 4808 1949 4847 meam.
2002 4795 2069 4850 Et

486 4871 580 4941 qui
606 4872 948 4940 inquirebant
980 4875 1119 4929 mala
1156 4879 1309 4942 mihi,
1332 4880 1497 4936 locuti
1528 4895 1653 4938 sunt
1678 4887 1942 4943 vanitates
1972 4907 1984 4941 :
2012 4899 2066 4945 et

486 4961 638 5017 dolos
667 4970 775 5017 tota
825 4965 911 5019 die
952 4968 1373 5025 meditabantur.
1428 4974 1539 5045 Ego
1572 4983 1751 5030 autem
1805 4986 2064 5049 tanquam

484 5054 680 5110 surdus
706 5071 813 5110 non
839 5058 1121 5114 audiebam
1156 5079 1169 5114 :
1203 5070 1257 5115 et
1297 5063 1436 5119 sicut
1464 5077 1645 5122 mutus
1675 5084 1778 5123 non
1815 5072 2061 5139 aperiens

482 5160 547 5202 os
566 5162 740 5203 suum.
766 5149 833 5204 Et
865 5149 1038 5206 factus
1062 5167 1181 5207 sum
1205 5155 1343 5209 sicut
1366 5158 1523 5211 homo
1544 5160 1653 5231 66
1676 5177 1777 5215 non
1802 5163 2058 5218 audiens:

482 5245 540 5291 et
567 5254 671 5293 non
716 5241 922 5294 habens
973 5242 1025 5294 in
1073 5258 1167 5298 ore
1194 5259 1291 5298 suo
1331 5247 1753 5316 redargutiones.
1795 5250 2059 5317 Quoniam

482 5327 540 5383 in
572 5337 645 5395 te,
673 5328 918 5397 Domine,
944 5335 1175 5403 Speravi,
1194 5345 1246 5389 tu
1269 5338 1525 5393 cxaudies
1549 5356 1654 5405 me,
1680 5341 1902 5397 Domine
1922 5344 2060 5400 Deus

480 5434 655 5476 meus.
688 5420 823 5488 Quia
846 5424 955 5476 dixi
992 5442 1005 5477 :
1036 5429 1314 5496 nequando
1340 5434 1771 5501 supergaudeant
1794 5436 1920 5490 mihi
1956 5437 2058 5491 ini-

480 5514 608 5568 mici
641 5515 744 5569 mei
772 5533 784 5568 :
819 5524 874 5569 et
896 5517 1021 5573 dum
1054 5532 1461 5577 commoventur
1506 5525 1666 5593 pedes
1700 5528 1834 5592 mei,
1895 5545 2057 5599 super

479 5618 569 5658 me
590 5620 785 5675 magna
809 5605 970 5661 locuti
999 5619 1144 5664 sunt.
1166 5611 1429 5677 Quoniam
1458 5630 1558 5683 ego
1583 5615 1633 5668 in
1666 5616 1869 5687 flagella
1894 5636 2054 5687 para-

481 5699 571 5748 tus
600 5710 718 5748 sum
746 5713 760 5749 :
796 5704 851 5750 et
881 5697 1035 5754 dolor
1060 5713 1212 5755 meus
1238 5702 1292 5755 in
1330 5715 1617 5773 conspectu
1671 5723 1789 5763 meo
1820 5725 2052 5780 semper.

482 5779 747 5850 Quoniam
777 5787 1116 5859 iniquitatem
1148 5810 1323 5851 meam
1346 5800 1695 5869 annuntiabo,
1733 5810 1787 5858 et
1807 5779 2056 5874 cogitabo

2188 1960 2292 2014 que
2318 1954 2561 2000 nostrum
2587 1961 2770 2001 coram
2822 1954 2872 2001 te
2902 1946 3261 2017 deplorantes,
3316 1946 3594 2003 valeamus
3621 1948 3769 2004 evin-

2187 2053 2311 2092 cere
2332 2038 2707 2095 insultationes
2731 2040 3132 2095 adversantium
3161 2039 3434 2095 vitiorum.
3473 2039 3579 2096 Per
3594 2040 3773 2097 Domi-

2187 2143 2316 2183 num
2344 2137 2609 2186 nostrum.

2756 2210 3079 2269 PSALMUS
3108 2212 3196 2268 IV.

2258 2304 2437 2375 (Pst.
2458 2306 2532 2375 ι..)
2562 2305 2814 2361 Miserere
2845 2307 2971 2371 mei,
3001 2306 3165 2372 Deus,
3194 2307 3488 2364 secundum
3516 2322 3768 2380 magnam

2185 2396 2610 2451 misericordiam
2636 2405 2800 2451 tuam.
2830 2394 2899 2451 Et
2928 2400 3224 2453 secundum
3247 2398 3643 2455 multitudinem
3671 2400 3772 2455 mi-

2185 2490 2515 2543 serationum
2534 2500 2776 2544 tuarum:
2802 2490 2920 2545 dele
2935 2490 3273 2560 iniquitatem
3297 2507 3494 2547 meam.
3525 2492 3771 2563 Amplius

2185 2576 2305 2631 lava
2336 2594 2421 2632 me
2447 2578 2515 2632 ab
2544 2580 2824 2649 iniquitate
2847 2597 2994 2635 mea:
3027 2590 3081 2636 et
3112 2598 3141 2635 a
3166 2592 3389 2651 peccato
3415 2599 3537 2638 meo
3567 2585 3771 2639 munda

2185 2683 2291 2723 me.
2354 2667 2619 2736 Quoniam
2663 2671 3000 2741 iniquitatem
3032 2688 3209 2727 meam
3240 2688 3339 2744 ego
3370 2689 3637 2745 cognosco
3669 2693 3683 2729 :
3715 2684 3775 2731 et

2182 2770 2463 2832 peccatum
2508 2778 2689 2817 meum
2736 2771 2923 2817 contra
2973 2779 3060 2819 me
3113 2773 3198 2820 est
3231 2780 3466 2835 semper.
3520 2764 3643 2822 Tibi
3672 2766 3774 2824 soli

2182 2856 2425 2928 peccavi,
2457 2865 2511 2911 et
2535 2856 2731 2910 malum
2770 2872 2952 2911 coram
2993 2865 3047 2912 te
3087 2857 3219 2913 feci:
3277 2867 3337 2914 ut
3361 2858 3675 2928 justifieeris
3715 2860 3774 2918 in

2184 2949 2523 3004 sermonibus
2547 2950 2673 3013 tuis,
2697 2957 2750 3002 et
2777 2949 2965 3005 vincas
2995 2965 3115 3004 cum
3135 2950 3415 3021 iudicaris.
3458 2952 3599 3008 Ecce
3623 2954 3773 3009 enim

2182 3039 2238 3094 in
2269 3040 2643 3109 iniquitatibus
2667 3050 2960 3111 conceptus
2986 3058 3138 3097 sum:
3195 3052 3250 3097 et
3292 3044 3345 3098 in
3374 3046 3616 3115 peccatis
3648 3061 3777 3101 oon-
3800 3037 3815 3051 ’

2183 3132 2324 3201 cepit
2348 3146 2431 3185 me
2456 3139 2629 3185 mater
2650 3148 2786 3187 mea.
2846 3133 2983 3188 Ecce
3009 3135 3152 3188 enim
3179 3136 3462 3189 veritatem
3490 3136 3731 3192 dilexisti
3753 3153 3768 3192 ;

2179 3224 2383 3277 incerta
2418 3231 2471 3277 et
2500 3223 2712 3278 occulta
2741 3223 3019 3294 sapientia:
3073 3233 3178 3280 tua:
3225 3225 3586 3283 manifestasti
3613 3230 3772 3307 mihi.

2174 3314 2443 3388 Aspcrges
2459 3331 2563 3381 me,
2578 3314 2824 3383 Domine,
2842 3316 3099 3387 ltyssopo,
3116 3327 3171 3372 et
3200 3320 3527 3385 mundabor;
3563 3320 3775 3377 lavabis

2175 3423 2282 3473 me,
2334 3416 2387 3462 et
2424 3425 2584 3478 super
2626 3410 2803 3463 nivem
2835 3410 3145 3465 dealbabor.
3198 3411 3417 3466 Auditui
3460 3428 3582 3467 meo
3612 3413 3775 3469 dabis

2174 3500 2425 3570 gaudium
2451 3510 2506 3554 et
2528 3500 2801 3556 laetitiam:
2839 3509 2893 3555 et
2921 3501 3273 3558 exsultabunt
3301 3518 3421 3558 ossa
3457 3503 3771 3558 bumiliata.

2172 3591 2370 3647 Averte
2400 3591 2591 3647 faciem
2622 3602 2762 3647 tuam
2790 3609 2819 3647 a
2865 3593 3101 3664 peccatis
3141 3595 3277 3649 meis
3323 3612 3335 3647 :
3369 3601 3424 3650 et
3450 3609 3645 3650 omnes
3672 3595 3775 3649 ini-

2174 3684 2412 3754 quitates
2446 3698 2595 3738 meas
2625 3683 2761 3738 dele.
2804 3683 2911 3738 Cor
2939 3684 3196 3739 mundum
3224 3700 3350 3739 crea
3384 3685 3436 3739 in
3471 3701 3561 3740 me
3590 3686 3768 3743 Deus:

2173 3782 2228 3829 et
2270 3774 2519 3843 spiritum
2575 3784 2781 3830 rectum
2818 3775 3013 3830 iunova
3044 3781 3096 3830 tn
3134 3776 3432 3832 visceribus
3476 3779 3636 3833 meis.
3690 3778 3774 3835 Ne

2171 3865 2426 3937 projicias
2455 3883 2540 3923 me
2571 3884 2601 3920 a
2636 3866 2771 3922 facie
2800 3878 2918 3922 tua:
2966 3877 3021 3923 et
3040 3868 3302 3938 Spiritum
3334 3879 3582 3925 sanctum
3614 3880 3770 3926 tuum

2172 3974 2239 4012 ne
2269 3957 2483 4015 auferas
2506 3978 2535 4014 a
2567 3977 2672 4015 me.
2712 3960 2893 4017 Redde
2919 3962 3050 4016 mihi
3095 3962 3336 4018 laetitiam
3371 3965 3629 4021 salutaris
3655 3966 3771 4020 tui:

2171 4061 2227 4106 et
2255 4052 2447 4121 spiritu
2493 4054 2778 4123 principali
2833 4055 3094 4109 confirma
3126 4072 3231 4111 me.
3290 4055 3508 4113 Docebo
3545 4058 3768 4130 iniquos

2170 4144 2287 4198 vias
2312 4153 2460 4199 tuas:
2511 4146 2729 4214 etimpii
2752 4148 2818 4201 ad
2849 4156 2898 4202 te
2924 4157 3325 4203 convertentur.
3364 4150 3563 4205 Libera
3591 4152 3775 4206 mede

2171 4237 2525 4306 sanguinibus
2561 4237 2725 4304 Deus,
2763 4239 2905 4294 Deus
2934 4241 3126 4295 salutis
3153 4257 3284 4297 mea:
3319 4260 3331 4296 :
3381 4251 3437 4298 et
3470 4245 3778 4300 exsultabit

2170 4327 2352 4399 lingua
2382 4345 2502 4383 mea
2523 4329 2791 4399 justitiam
2815 4341 2983 4387 tuam.
3036 4333 3263 4390 Domine
3294 4335 3439 4391 labia
3464 4340 3598 4391 'mea
3636 4354 3777 4408 ape—

2169 4426 2305 4479 ries:
2338 4436 2393 4480 et
2417 4443 2668 4482 osmcum
2682 4430 3023 4483 annuntiabit
3053 4430 3264 4485 laudem
3292 4440 3459 4486 tuam.
3493 4432 3773 4500 Quoniam

2169 4518 2212 4572 si
2237 4517 2497 4572 voluisses
2528 4519 2873 4581 sacrificium,
2904 4520 3171 4575 dedissem
3198 4522 3383 4591 utique
3433 4540 3446 4575 :
3514 4523 3775 4579 holocau-

2170 4610 2266 4663 stis
2290 4626 2394 4664 non
2431 4610 2805 4666 delectalieris.
2867 4611 3206 4668 Sacrificium
3250 4614 3362 4669 Deo
3390 4616 3616 4686 spiritus
3640 4633 3775 4673 con.

2170 4701 2460 4756 tribulatus
2494 4720 2506 4754 :
2535 4719 2629 4757 cor
2650 4704 2945 4763 comitum
2977 4715 3032 4759 et
3060 4706 3425 4773 bumiliatum,
3456 4707 3628 4777 Deus,
3655 4726 3775 4766 non

2169 4794 2452 4863 despicies.
2470 4796 2703 4866 Benigne
2731 4795 2839 4860 fac,
2865 4796 3106 4863 Domine,
3127 4800 3179 4853 in
3203 4801 3341 4856 bona
3366 4801 3644 4858 voluntate
3673 4812 3775 4859 tua

2170 4884 2299 4940 Sion
2342 4905 2353 4939 :
2388 4897 2447 4941 ut
2482 4889 2820 4943 redifirentur
2849 4891 2988 4944 muri
3027 4889 3345 4948 Jerusalem.
3412 4890 3561 4950 Tunc
3608 4910 3775 4952 acce-

2166 4979 2346 5047 ptabis
2368 4980 2691 5034 sacrificium
2713 4981 2959 5050 justitim,
2992 4983 3295 5039 oblationes
3319 4992 3376 5038 et
3402 4984 3769 5041 holocausta:

2166 5077 2292 5125 tunc
2317 5070 2592 5139 imponent
2612 5088 2772 5141 super
2797 5075 2971 5127 altare
3000 5082 3148 5129 tuum
3174 5076 3390 5130 vitulos.

2237 5159 2306 5214 Ut
2334 5180 2516 5232 supra.
2570 5163 2793 5219 Domine
2839 5167 3096 5221 miserere
3146 5168 3275 5231 mei,
3333 5185 3465 5224 sana
3516 5172 3774 5227 animam

2163 5270 2361 5317 meam,
2379 5256 2503 5324 quia
2522 5258 2741 5325 peccavi
2761 5258 2876 5312 tibi.
2898 5259 3151 5314 Miserere
3167 5261 3293 5327 mei,
3319 5262 3479 5328 Deus,
3498 5266 3776 5320 miserere

2163 5347 2290 5409 mei,
2324 5347 2578 5415 quoniam
2610 5349 2661 5402 in
2696 5357 2747 5402 te
2795 5350 3016 5405 confidit
3051 5353 3229 5406 anima
3286 5370 3427 5408 mea.
3502 5355 3776 5419 Domine,

2166 5448 2347 5494 averte
2370 5440 2560 5495 faciem
2588 5450 2730 5495 tuam
2757 5459 2785 5495 a
2800 5444 3037 5513 peccatis
3059 5446 3486 5510 meis,etomnes
3508 5448 3779 5517 iniquita-

2166 5539 2249 5586 tes
2269 5531 2562 5586 measdcle.
2592 5533 3011 5596 Nememiucris.
3029 5536 3272 5599 Domine,
3294 5540 3646 5609 iniquitatnm
3672 5555 3781 5592 no-

2166 5633 2398 5679 strarum
2422 5627 2795 5695 antiquarum:
2821 5628 2928 5681 cito
2950 5629 3233 5698 anticipeni
3257 5646 3354 5684 nos
3370 5628 3781 5684 misericordiae

2166 5727 2289 5784 tum,
2314 5721 2437 5790 quia
2462 5737 2727 5790 pauperes
2774 5720 2899 5774 facti
2951 5737 3135 5775 sumus
3180 5720 3362 5775 nimis.
3392 5719 3603 5789 At'jnva
3634 5737 3777 5787 nos,

2162 5812 2326 5877 Deus,
2360 5813 2612 5869 salutaris
2633 5823 2819 5868 noster
2844 5831 2856 5866 :
2885 5820 3106 5883 propter
3130 5810 3357 5883 gloriam
3380 5813 3627 5872 nominis
3654 5813 3779 5881 mi.
