4038 6336
277 492 385 550 5:29

1268 477 1783 549 LITURGICAf—i
1809 489 2077 567 omam
2118 489 2254 547 PER
2291 491 2561 548 renus.-

3436 494 3540 551 550

279 607 529 671 Domine,
562 605 732 661 libera
763 621 862 660 nos
887 620 901 671 ;
933 613 987 661 et
1031 607 1294 679 propitius
1332 616 1451 664 esto
1496 610 1732 680 peccatis
1760 623 1859 663 no-
1882 608 1934 670 Α
1963 606 2168 663 Exaudi
2199 624 2285 663 me
2310 608 2555 673 Domine,
2588 588 2841 679 quoniam
2866 607 3096 679 benigna
3124 618 3207 665 est
3235 598 3546 667 misericor-

277 698 411 756 stris
440 706 664 769 propter
692 712 889 751 nomen
923 705 1091 752 tuum.

375 786 582 843 Oratio.
615 786 838 843 Profluaa
861 789 1222 845 miserationis
1243 790 1510 848 ineffabile
1531 808 1722 848 nomen
1746 790 1864 847 Tri-

278 879 472 936 nitatis
500 878 644 932 Deus
668 876 821 950 [ϐοά.
848 878 971 949 Reg.
992 921 1005 944 ,
1042 881 1292 937 Persolve
1321 884 1694 939 miserationes
1723 892 1859 949 tuas,

278 971 436 1026 nobis
484 970 752 1025 ineffabile
791 988 987 1027 nomen
1036 976 1473 1040 tuum,Trinitas
1530 977 1717 1049 Deus],
1771 980 1864 1047 qui

279 1062 504 1117 humani
528 1063 761 1132 pectoris
788 1071 1003 1118 antrum
1033 1067 1334 1122 emundans
1363 1068 1523 1133 \itiis,
1553 1084 1714 1139 super
1740 1084 1866 1122 ean-

277 1154 469 1211 dorem
494 1152 663 1209 eIIicis
710 1155 887 1220 nivis;
919 1156 1135 1223 innova,
1179 1175 1508 1228 quaesumus,
1540 1160 1595 1214 in
1645 1161 1866 1215 visceri-

277 1247 382 1303 bus
409 1247 616 1302 nostris
672 1246 931 1318 Spiritum
984 1259 1231 1305 sanetum
1276 1259 1447 1317 tuum,
1496 1268 1602 1321 quo
1650 1252 1864 1306 laudem

279 1344 430 1393 tuam
480 1339 803 1393 annuntiare
843 1339 1152 1409 possimus:
1188 1350 1247 1396 ut
1280 1350 1428 1397 recto
1474 1343 1865 1413 principalique

276 1432 477 1503 spiritu
502 1431 833 1497 confirmati,
856 1442 1163 1487 mereamur
1184 1436 1399 1490 aeternis
1429 1436 1645 1491 sedibus
1666 1437 1720 1491 in
1738 1436 1865 1491 Hie-

277 1523 516 1580 rusalem
545 1524 822 1579 cmlestem
844 1526 1114 1595 componi.
1142 1524 1263 1580 Per.

778 1656 885 1728 θ’]
923 1652 1242 1713 PSALMUS
1281 1658 1346 1712 v.

349 1793 531 1865 (ΡδΑι.
564 1792 675 1865 eL.)
719 1794 964 1860 Domine,
992 1796 1185 1851 exaudi
1229 1797 1531 1851 orationem
1559 1812 1733 1852 meam
1765 1813 1778 1852 :
1810 1806 1867 1853 et

273 1885 486 1941 clamor
508 1901 657 1940 meus
688 1888 756 1941 ad
782 1896 833 1942 te
873 1889 1071 1942 veniat.
1103 1888 1218 1943 Non
1253 1899 1469 1944 avertas
1499 1888 1689 1944 faciem
1717 1900 1867 1946 tuam

1965 703 2052 757 dia
2110 711 2196 756 tua
2245 716 2259 755 :
2330 703 2623 757 secundum
2678 701 3074 757 multitudinem
3135 704 3546 761 miserationum

1966 802 2177 848 tuarum
2212 795 2417 864 respice
2445 795 2497 848 in
2527 810 2630 849 me.
2664 795 2728 849 Et
2770 811 2837 850 ne
2865 804 3078 851 avertas
3104 798 3296 854 faciem
3334 807 3482 853 tuam
3510 814 3545 854 a

1963 901 2131 955 puero
2170 895 2295 950 tuo;
2330 886 2582 954 quoniam
2624 886 2872 953 tribulor,
2908 888 3166 945 velociter
3203 889 3398 944 exaudi
3431 905 3541 946 me.

1962 974 2183 1031 Intende
2212 976 2404 1029 anima:
2435 990 2588 1031 mem.
2630 984 2684 1030 et
2724 976 2892 1031 libera
2931 993 3088 1032 eam:
3120 988 3340 1050 propter
3365 978 3547 1039 inimi-

1967 1080 2056 1120 cos
2089 1082 2239 1121 meos
2267 1067 2415 1135 eripe
2442 1080 2528 1120 me

2037 1154 2241 1233 Oratio.
2284 1156 2583 1211 Exorabilis
2610 1156 2858 1223 Domine,
2894 1158 3112 1215 intende
3155 1160 3209 1213 in
3240 1162 3546 1221 orationem

1964 1249 2262 1318 supplicum
2297 1258 2532 1315 tuorum,
2566 1257 2645 1316 ut,
2694 1250 2785 1321 qui
2826 1252 2880 1304 in
2927 1253 3164 1321 peccatis
3201 1255 3401 1311 detenti
3428 1264 3551 1312 tan--

1964 1356 2126 1410 quam
2156 1340 2337 1396 fenum
2377 1343 2645 1408 aruimus,
2672 1350 2921 1412 respectu
2963 1343 3199 1401 caelestis
3235 1346 3549 1407 misericor-

1965 1430 2067 1486 diae
2093 1431 2453 1487 sublevemur.
2492 1432 2617 1488 Per.
3034 1423 3039 1429 ’
3456 1442 3473 1455 ⁹

2534 1571 2855 1629 PSALMUS
2894 1573 2981 1629 VI.

2036 1683 2217 1756 (Psuu
2267 1684 2474 1757 cxnx.)
2513 1685 2589 1741 De
2626 1686 2907 1757 profundis
2951 1687 3178 1744 clamavi
3225 1690 3294 1745 ad
3342 1699 3394 1746 te
3442 1689 3550 1747 Do—

1960 1776 2143 1832 mine:
2195 1776 2419 1831 Domine
2459 1778 2650 1832 exaudi
2682 1794 2872 1834 voeem
2922 1794 3119 1835 meam.
3169 1780 3331 1836 Fiant
3386 1798 3550 1839 aures

1967 1875 2072 1922 tuae
2103 1868 2439 1923 intendentes
2465 1870 2518 1922 in
2542 1885 2729 1924 voeem
2753 1872 3150 1941 deprecationis
3178 1889 3331 1928 meae.
3361 1874 3420 1930 Si
3448 1875 3553 1930 ini-

272 1992 307 2032 a
338 1994 427 2033 me
456 1996 470 2031 :
497 1978 553 2032 in
574 1993 893 2048 Quacuane
920 1981 1005 2033 die
1033 1980 1278 2046 tribulor,
1308 1982 1506 2037 inclina
1538 1982 1604 2037 ad
1636 2001 1723 2041 me
1763 2002 1857 2040 au-
1889 1971 1936 2033 Β
1965 1961 2199 2031 ("limes
2246 1962 2641 2028 οδδθτνθνθτίδν
2669 1962 2916 2029 Domine’
2963 1963 3208 2032 nominet
3239 1968 3361 2035 quis
3388 1967 3553 2023 sum"

274 2084 393 2124 rem
422 2077 588 2123 tuam.
618 2069 675 2124 In
710 2085 1032 2141 quacunque
1059 2072 1145 2127 die
1174 2074 1496 2129 iuvocavero
1527 2084 1579 2129 te
1611 2093 1623 2128 ε
1664 2076 1863 2132 veloci-

274 2168 361 2215 ter
397 2161 594 2216 exaudi
641 2177 746 2216 me.
798 2162 934 2229 Quia
986 2163 1296 2220 defecerunt
1342 2168 1479 2221 sicut
1520 2167 1696 2239 fumus
1747 2170 1863 2225 dies

244 2252 384 2307 .mei
412 2270 425 2305 :
452 2260 508 2306 et
532 2267 655 2307 ossa
687 2268 806 2307 mea
848 2254 988 2308 sicut
1017 2256 1276 2309 cremium
1322 2266 1599 2311 aruerunt.
1636 2257 1862 2313 Percus-

271 2360 370 2401 sus
396 2360 518 2399 sum
546 2355 603 2399 ut
632 2343 838 2411 fenum,
866 2354 919 2400 et
952 2346 1097 2399 aruit
1126 2363 1220 2401 cor
1246 2363 1425 2401 meum
1451 2363 1465 2401 :
1513 2350 1638 2418 quia
1665 2350 1863 2405 oblitus

271 2452 394 2492 sum
438 2438 723 2492 comedere
762 2453 957 2508 panem
992 2454 1191 2494 meum.
1241 2438 1285 2509 Α
1317 2455 1447 2494 voce
1479 2441 1710 2512 gemitus
1758 2442 1864 2496 mei

269 2529 505 2585 adlimsit
537 2544 600 2585 os
646 2545 825 2585 meum
868 2531 1019 2585 carni
1072 2544 1222 2584 me:e.
1281 2529 1484 2586 Similis
1532 2532 1702 2587 factus
1744 2549 1863 2588 sum

270 2620 524 2691 pelicauo
573 2621 925 2677 solitudinis:
975 2620 1151 2677 factus
1200 2637 1317 2677 sum
1374 2624 1514 2678 sicut
1550 2626 1864 2695 nycticorax

272 2710 330 2766 in
358 2711 653 2785 domicilio.
694 2712 946 2783 Vigilavi,
977 2720 1032 2767 et
1067 2710 1240 2766 factus
1266 2727 1384 2767 sum
1411 2713 1550 2767 sicut
1576 2729 1761 2783 passer
1786 2728 1867 2768 so-

270 2802 491 2857 litarius
522 2804 577 2857 in
624 2811 784 2857 tecto.
834 2802 971 2858 Tota
1002 2802 1087 2857 die
1125 2804 1530 2873 exprobrabant
1578 2806 1712 2860 mihi
1763 2806 1866 2860 ini-

271 2894 404 2949 mici
433 2895 539 2950 mei
565 2914 577 2948 :
623 2902 677 2949 et
703 2895 794 2964 qui
834 2894 1127 2949 laudabant
1155 2910 1258 2959 me,
1290 2896 1578 2951 adversum
1610 2895 1866 2965 mejnra-

270 2989 427 3045 bant.
480 2989 616 3057 Quia
646 2990 883 3045 cinerem
918 2999 1175 3059 tanquam
1205 3004 1397 3060 panem
1443 2991 1861 3058 manducaliam,

271 3088 327 3133 et
356 3088 547 3150 potum
597 3095 776 3135 meum
819 3097 942 3135 cum
984 3080 1111 3137 ﬂetu
1153 3082 1468 3136 miscebant.
1517 3082 1562 3136 Α
1608 3082 1746 3139 facie
1776 3083 1868 3137 ira:

272 3171 665 3241 indignationis
706 3181 846 3229 tuae:
882 3174 1008 3243 quia
1052 3174 1271 3229 elevans
1319 3174 1529 3229 allisisti
1581 3191 1687 3229 me.
1744 3176 1869 3231 Dies

273 3263 384 3317 mei
413 3264 559 3318 sicut
602 3265 793 3320 umbra
824 3265 1268 3321 declinaverunt:
1303 3275 1357 3321 et
1385 3283 1484 3337 ego
1519 3268 1657 3323 sicut
1687 3268 1868 3322 fenum

1964 2054 2151 2109 nebit?
2181 2053 2317 2121 Quia
2348 2056 2487 2126 apud
2517 2063 2568 2109 te
2611 2057 2923 2127 propitiatie
2962 2065 3047 2113 est
3077 2076 3089 2111 :
3132 2066 3189 2113 et
3226 2069 3447 2130 propter
3470 2061 3552 2115 le-

1964 2163 2085 2219 gem
2101 2157 2248 2202 tuam
2263 2150 2494 2203 sustinui
2518 2158 2588 2215 te,
2606 2150 2849 2206 Domine.
2882 2151 3335 2207 Sustinuitanima
3361 2168 3481 2208 mea
3496 2154 3553 2209 in

1962 2240 2130 2294 verbo
2159 2238 2275 2307 ejus
2304 2257 2317 2293 :
2364 2241 2601 2309 speravit
2642 2241 2821 2295 anima
2867 2257 2988 2297 mea
3030 2242 3085 2295 in
3117 2242 3361 2296 Domino.
3384 2241 3430 2296 Α
3461 2258 3555 2298 cu-

1965 2330 2138 2384 stodia
2166 2331 2429 2384 matutina
2455 2346 2623 2401 usque
2645 2333 2711 2385 ad
2739 2340 2950 2388 noctem
2976 2343 3158 2404 speret
3176 2333 3340 2389 Israel
3370 2335 3426 2389 in
3447 2333 3552 2390 Do-

1966 2427 2131 2482 mino.
2164 2426 2298 2494 Quia
2325 2428 2467 2498 apud
2493 2427 2776 2482 Dominum
2808 2428 3204 2493 misericordia,
3243 2435 3299 2481 et
3334 2427 3556 2497 copiosa

1970 2520 2110 2588 apud
2150 2534 2272 2573 eum
2320 2519 2638 2588 redemptio.
2689 2519 2758 2573 Et
2791 2520 2906 2588 ipse
2957 2519 3188 2575 redimet
3240 2518 3428 2586 Israel,
3483 2533 3555 2575 ex

1969 2611 2221 2667 omnibus
2249 2611 2623 2680 iniquitatibus
2662 2610 2796 2679 ejus.

2042 2700 2108 2755 Ut
2143 2719 2324 2772 supra.
2366 2702 2611 2767 Domine,
2641 2703 2762 2757 vide
2810 2702 3167 2759 humilitatem
3193 2718 3371 2759 meam
3400 2711 3456 2759 et
3475 2703 3556 2758 la-

1968 2796 2155 2849 borem
2187 2809 2364 2847 meum
2395 2812 2408 2847 :
2438 2802 2494 2848 et
2520 2793 2731 2849 dimitte
2760 2794 3012 2849 universa
3054 2794 3249 2849 delicta
3278 2808 3419 2848 mea.
3466 2793 3549 2849 Ne

1969 2887 2182 2956 perdas,
2239 2885 2485 2952 Domine,
2538 2901 2663 2940 eum
2716 2886 2898 2955 impiis
2944 2885 3178 2939 animam
3226 2898 3435 2950 meam;
3492 2892 3552 2941 et

1970 2994 2091 3032 cum
2124 2978 2256 3031 viris
2309 2976 2631 3048 sanguinum
2684 2977 2852 3031 vitam
2908 2991 3103 3032 meam.
3158 2975 3382 3031 Redime
3438 2988 3548 3043 me,

1973 3068 2220 3131 Domine,
2252 3076 2304 3122 et
2343 3068 2601 3123 miserere
2633 3068 2759 3123 mei.

2041 3161 2153 3231 68
2175 3159 2379 3214 Oratio.
2420 3160 2706 3215 Intendant
2734 3158 2887 3232 [Cod.
2920 3158 3076 3231 Reg.,
3104 3156 3369 3230 Intende].
3402 3172 3553 3227 qua-

1972 3270 2159 3309 sumus
2190 3252 2432 3317 Domine,
2467 3254 2679 3324 pietatis
2701 3261 2804 3308 tute
2828 3269 2987 3309 aures
3008 3254 3062 3308 in
3084 3252 3330 3308 oratione
3359 3249 3550 3323 [Ibid.,

274 3357 421 3410 arui.
456 3356 534 3411 Tu
564 3365 766 3421 autem,
806 3359 1048 3422 Domine,
1082 3359 1133 3412 in
1176 3368 1435 3414 :eteruum
1460 3376 1746 3430 permanes
1774 3379 1786 3414 :
1816 3368 1866 3414 et

1975 3346 2027 3399 in
2055 3344 2375 3416 orationem]
2407 3345 2726 3416 supplicum,
2755 3346 2884 3415 quia
2920 3345 3063 3415 apud
3098 3354 3150 3399 te
3180 3351 3260 3399 est
3294 3343 3556 3413 propitia-

274 3448 596 3503 memoriale
640 3458 789 3503 tuum
841 3449 895 3503 in
944 3449 1288 3520 generatione
1340 3458 1394 3504 et
1441 3451 1867 3520 generationem.

274 3539 356 3593 Tu
393 3554 692 3611 exsurgens
733 3540 1077 3595 misereberis
1116 3540 1244 3595 Sion
1272 3560 1284 3594 :
1316 3542 1441 3609 quia
1475 3550 1685 3611 tempus
1713 3543 1872 3596 mise-

272 3631 434 3685 rendi
478 3632 616 3701 ejus,
660 3632 787 3702 quia
814 3631 958 3686 venit
990 3640 1219 3701 tempus.
1254 3632 1518 3698 Quoniam
1552 3636 1873 3703 placuerunt

268 3723 453 3779 scrvis
480 3723 586 3778 tuis
615 3722 818 3791 lapides
852 3720 1012 3791 ejus:
1069 3730 1126 3777 et
1168 3731 1325 3777 teme
1373 3722 1489 3791 ejus
1539 3724 1871 3779 misereban-

270 3817 388 3867 tur.
420 3812 485 3866 Et
515 3812 778 3868 timebunt
824 3822 1010 3884 gentes
1056 3830 1252 3869 nomen
1300 3824 1468 3877 tuum,
1531 3816 1776 3879 Domine,
1817 3824 1873 3871 et

269 3916 471 3957 omnes
501 3918 653 3973 reges
700 3914 856 3959 terra:
900 3906 1125 3976 gloriam
1182 3915 1346 3961 tuam.
1402 3906 1538 3971 Quia
1582 3907 1867 3961 :edifieavit

270 3999 541 4055 Dominus
571 4000 699 4057 Sion
729 4017 743 4057 :
787 4012 844 4057 et
868 4003 1135 4059 videbitur
1162 4004 1215 4058 in
1246 4004 1415 4075 gloria
1443 4019 1561 4058 sua.
1610 4003 1867 4073 Respexit

190 4096 193 4097 ⁷
270 4094 326 4149 in
358 4096 663 4150 orationem
693 4097 977 4151 humilium
1006 4115 1019 4149 :
1052 4106 1106 4151 et
1134 4114 1238 4152 non
1280 4098 1482 4167 sprevit
1523 4111 1739 4167 precem
1770 4112 1866 4151 eo—

270 4203 420 4243 rum.
453 4187 774 4244 Scrihantur
812 4191 925 4245 hch
957 4192 1011 4245 in
1056 4194 1402 4261 generatione
1446 4193 1652 4247 altera:
1693 4200 1748 4247 et
1775 4208 1870 4263 po-

270 4281 459 4351 pnlus,
488 4283 579 4352 qui
609 4285 906 4350 creabitur,
937 4284 1181 4341 laudabit
1231 4286 1536 4340 Dominum.
1583 4286 1717 4353 Quia
1750 4301 1871 4354 pro-

271 4377 457 4444 spexit
485 4364 550 4432 de
591 4378 805 4432 excelso
845 4388 1033 4434 sancto
1080 4396 1200 4444 suo,
1238 4380 1499 4435 Dominus
1546 4381 1610 4435 de
1637 4381 1773 4435 coelo
1814 4381 1867 4435 in

271 4474 481 4522 terram
507 4470 741 4538 aspexit.
776 4469 846 4524 Ut
888 4470 1098 4526 audiret
1144 4472 1376 4542 gemitus
1418 4472 1865 4540 compeditorum,

268 4568 333 4613 ut
380 4559 613 4613 solveret
657 4559 797 4616 ﬁlios
841 4561 1308 4632 interemptorum.
1357 4563 1425 4619 Ut
1457 4564 1774 4617 annuntient
1813 4564 1866 4618 in

271 4647 409 4702 Sion
440 4665 635 4703 nomen
663 4650 873 4704 Domini
902 4670 914 4704 :
949 4659 1002 4705 et
1032 4651 1241 4739 laudem
1270 4650 1387 4720 ejus
1417 4651 1471 4705 in
1503 4651 1861 4707 Hierusalem.

269 4740 329 4794 In
356 4743 727 4797 conveniendo
753 4743 977 4814 populos
1021 4745 1073 4797 in
1117 4760 1280 4798 unum
1305 4752 1360 4798 ct
1395 4759 1549 4815 reges
1575 4754 1735 4799 terra:
1762 4764 1773 4799 :
1807 4755 1867 4801 ut

270 4835 518 4889 serviant
548 4834 797 4890 Domino.
847 4835 1143 4903 Respondit
1173 4835 1221 4889 ei
1267 4835 1318 4888 in
1354 4835 1437 4888 via
1468 4837 1683 4889 virtutis
1714 4852 1862 4891 suae:

268 4927 604 4999 paucitatem
627 4928 835 4982 dierum
867 4936 1109 4982 meorum
1139 4927 1325 4981 nuntia
1350 4927 1500 4981 mihi.
1543 4927 1619 4981 Ne
1646 4944 1867 4984 revoces

268 5033 364 5075 me
412 5020 467 5073 in
514 5019 738 5074 dimidio
779 5020 986 5073 dierum
1034 5035 1315 5074 meorum:
1359 5019 1409 5073 in
1447 5020 1790 5090 generatione
1814 5029 1869 5075 et

267 5110 681 5183 generationem
697 5111 822 5165 anni
851 5110 947 5164 tui.
973 5110 1129 5164 Initio
1146 5117 1224 5175 tu,
1250 5108 1495 5172 Domine,
1524 5117 1721 5162 terram
1749 5109 1869 5163 fun-

268 5204 440 5267 dasti,
464 5211 519 5257 et
544 5217 707 5272 opera
733 5218 989 5256 manuum
1014 5211 1227 5255 tuarum
1263 5210 1386 5255 sunt
1417 5200 1556 5255 cmli.
1590 5199 1694 5268 Ipsi
1722 5201 1865 5269 peri-

263 5296 434 5359 bunt,
464 5304 517 5349 tu
546 5300 725 5351 autem
752 5311 1039 5365 permanes
1069 5313 1081 5347 :
1115 5303 1169 5349 et
1192 5309 1381 5348 omnes
1408 5293 1549 5347 sicut
1574 5294 1866 5348 vestimen-

263 5397 395 5443 tum
418 5396 778 5443 velerascent.
817 5388 885 5442 Et
930 5388 1072 5442 sicut
1111 5385 1441 5455 opertorium
1488 5385 1723 5439 mulabis
1750 5401 1863 5452 eos,

263 5495 329 5538 et
365 5483 757 5538 mutabuntur:
786 5492 843 5539 tu
890 5492 1070 5539 autem
1112 5482 1254 5537 idem
1284 5482 1398 5551 ipse
1432 5498 1517 5546 es,
1548 5490 1602 5535 et
1634 5481 1759 5535 anni
1788 5481 1862 5535 tui

266 5587 388 5627 non
417 5573 688 5629 deficient.
718 5576 840 5630 Filii
871 5590 1151 5631 servorum
1183 5583 1395 5629 tuorum
1423 5574 1747 5629 habitabunt
1772 5592 1784 5627 :
1813 5582 1868 5629 et

266 5679 470 5720 semen
497 5680 688 5720 eorum
717 5667 770 5721 in
803 5668 1058 5723 saaculum
1087 5666 1372 5738 dirigetur.

353 5753 423 5809 Ut
478 5774 659 5829 supra.
713 5758 875 5825 Deus,
925 5770 981 5814 tu
1031 5760 1139 5815 scis
1167 5757 1531 5830 insipientiam
1575 5772 1774 5824 meam,
1815 5767 1871 5815 et

268 5848 479 5904 delicta
506 5865 627 5906 mea
657 5867 687 5906 a
715 5858 768 5907 te
795 5867 902 5907 non
934 5859 1060 5907 sunt
1080 5850 1416 5907 abscondita.
1440 5849 1496 5904 In
1528 5849 1869 5905 multitudine

270 5942 672 5999 misericordiae
701 5951 809 6002 tua:
837 5944 1032 6001 exaudi
1061 5960 1167 6009 me,
1198 5944 1253 6000 in
1271 5944 1501 6000 veritate
1532 5943 1720 6000 salutis
1743 5951 1866 6001 tuae.

1894 4696 1943 4755 D

1976 3437 2050 3490 tio
2096 3445 2482 3506 peccatorum:
2534 3444 2593 3490 ut
2641 3452 2747 3491 non
2792 3437 3048 3492 observes
3094 3435 3408 3505 iniquitates
3453 3450 3553 3490 no-

1974 3537 2133 3589 stras,
2166 3530 2259 3583 sed
2310 3529 2588 3599 impertias
2630 3528 2786 3582 nobis
2821 3527 3227 3584 misericordias
3267 3534 3407 3583 tuas.
3446 3525 3557 3582 Per

1975 3620 2282 3675 Dominum.

2470 3740 2477 3747 ι
2524 3709 2844 3767 PSALMUS
2882 3710 2993 3767 VII.

2046 3824 2225 3895 (Pst.
2266 3823 2455 3895 exui.)
2493 3824 2738 3889 Domine,
2781 3825 2978 3880 exaudi
3026 3825 3326 3879 orationem
3351 3839 3547 3889 meam,

1976 3915 2198 3967 auribus
2240 3914 2457 3984 percipe
2502 3916 2931 3970 obsecrationem
2986 3932 3163 3971 meam
3218 3915 3274 3970 in
3325 3916 3558 3971 veritate

1975 4013 2065 4059 tua
2099 4024 2110 4057 :
2145 4006 2337 4059 exaudi
2367 4020 2452 4059 me
2490 4006 2543 4060 in
2575 4015 2665 4059 tua
2701 4007 2932 4077 justitia.
2964 4006 3031 4060 Et
3061 4023 3165 4061 non
3196 4007 3366 4063 intres
3394 4008 3448 4062 in
3468 4006 3558 4075 ju-

1973 4096 2170 4151 dicium
2222 4111 2345 4151 cum
2388 4112 2544 4151 servo
2578 4104 2708 4151 tuo:
2754 4098 2881 4167 quia
2926 4113 3035 4152 non
3073 4096 3462 4166 justificabitur
3502 4098 3559 4152 in

1972 4198 2263 4258 conspectu
2317 4197 2407 4244 tuo
2451 4189 2628 4244 omnis
2668 4190 2872 4244 vivens.
2928 4189 3064 4257 Quia
3109 4198 3425 4261 persecutus
3474 4198 3562 4246 est

1972 4280 2224 4334 inimicus
2271 4280 2505 4334 animam
2548 4297 2725 4335 meam
2755 4299 2767 4335 :
2802 4281 3106 4335 humiliavit
3135 4283 3189 4336 in
3217 4292 3361 4336 terra
3390 4282 3558 4337 vitam

1973 4386 2170 4425 meam.
2204 4370 2499 4426 Collocavit
2534 4389 2619 4428 me
2655 4373 2709 4426 in
2736 4373 2981 4427 obscuris
3009 4374 3149 4428 sicut
3176 4383 3424 4453 mortuos
3453 4389 3556 4429 sa:-

1969 4463 2095 4528 culi,
2123 4471 2177 4516 ct
2207 4463 2457 4518 anxiatus
2486 4473 2569 4518 est
2590 4480 2752 4534 super
2778 4480 2864 4519 me
2891 4464 3111 4535 spiritus
3150 4480 3305 4521 meus
3339 4484 3351 4518 :
3383 4466 3436 4519 in
3465 4479 3555 4520 me

1969 4553 2246 4607 turbatum
2273 4562 2469 4610 estcor
2506 4570 2704 4611 memu.
2738 4555 2941 4611 Memor
2966 4555 3042 4610 fui
3074 4557 3282 4612 dierum
3306 4558 3558 4627 antiquoc

1970 4664 2109 4711 rum,
2157 4649 2449 4703 meditatus
2478 4652 2597 4705 sum
2642 4649 2695 4703 in
2729 4650 2980 4704 omnibus
3008 4650 3262 4719 operibus
3298 4649 3403 4704 tuis
3432 4666 3445 4702 :
3501 4648 3558 4703 in

1974 4740 2135 4796 factis
2181 4758 2437 4797 manuum
2488 4751 2702 4796 tuarum
2734 4743 3056 4797 meditabar.
3088 4742 3333 4813 Expandi
3364 4756 3559 4797 manus

1975 4851 2123 4890 meas
2154 4837 2221 4890 ad
2249 4845 2301 4890 te
2331 4855 2344 4889 :
2378 4836 2558 4889 anima
2590 4850 2709 4888 mea
2739 4834 2878 4888 sicut
2910 4842 3053 4888 terra
3085 4834 3202 4889 sine
3249 4849 3389 4904 aqua
3433 4833 3555 4889 tibi.

1974 4926 2246 4982 Volociter
2273 4927 2465 4981 exaudi
2495 4940 2598 4989 me,
2622 4924 2877 4978 Domine:
2910 4923 3107 4980 defecit
3134 4925 3355 4995 spiritus
3377 4938 3554 4981 meus.

1974 5018 2089 5071 Non
2132 5026 2347 5071 avertas
2376 5016 2569 5070 faciem
2605 5022 2754 5068 tuam
2782 5029 2815 5069 a
2857 5030 2943 5069 me
2973 5033 2984 5068 :
3030 5024 3085 5071 et
3113 5016 3306 5071 similis
3335 5031 3431 5071 ero
3459 5016 3557 5071 de-

1974 5110 2353 5165 scendentibus
2405 5108 2461 5162 in
2510 5108 2708 5163 laeum.
2762 5108 3015 5164 Anditam
3070 5109 3156 5165 fac
3208 5111 3341 5165 mihi
3395 5124 3559 5166 mane

1970 5199 2393 5255 misericordiam
2429 5208 2574 5254 tuam
2601 5217 2613 5253 :
2648 5200 2774 5269 quia
2802 5201 2932 5255 inte
2962 5201 3193 5270 speravi.
3234 5200 3429 5255 Notam
3457 5199 3553 5255 fac

1968 5292 2102 5346 mihi
2141 5292 2282 5345 viam
2339 5290 2391 5344 in
2439 5306 2545 5359 qua
2593 5291 2868 5346 ambulem
2915 5310 2929 5346 :
2982 5292 3109 5361 quia
3156 5290 3225 5345 ad
3276 5299 3329 5345 te
3379 5288 3557 5346 levavi

1968 5384 2202 5440 animam
2225 5398 2420 5437 meam.
2450 5381 2613 5452 Eripe
2639 5397 2725 5437 me
2764 5384 2830 5439 de
2863 5383 3098 5438 inimicis
3119 5381 3274 5447 meis,
3298 5380 3553 5448 Domine,

1970 5476 2039 5530 ad
2084 5484 2136 5529 te
2180 5475 2435 5546 confugi:
2486 5475 2620 5530 doce
2650 5489 2739 5529 me
2793 5472 2972 5531 facere
3018 5472 3351 5528 voluntatem
3381 5482 3565 5541 tuam,

1970 5568 2093 5638 quia
2122 5567 2264 5622 Deus
2300 5582 2452 5623 meus
2478 5583 2538 5623 es
2573 5576 2650 5622 tu.
2693 5565 2928 5636 Spiritus
2966 5573 3091 5620 tuus
3116 5564 3290 5621 bonus
3326 5566 3560 5624 deducet

1971 5678 2059 5719 me
2094 5663 2149 5718 in
2180 5672 2380 5718 terram
2424 5670 2671 5718 rectam:
2719 5669 2944 5732 propter
2980 5674 3180 5716 nomen
3221 5669 3393 5729 tuum,
3443 5660 3556 5717 Do-

1970 5756 2143 5822 mine,
2169 5754 2473 5810 vivificabis
2520 5770 2627 5830 me,
2653 5754 2710 5808 in
2760 5752 3014 5822 aequitate
3068 5760 3181 5807 tua.
3236 5752 3447 5810 Educes
3491 5752 3560 5810 de

1973 5847 2321 5904 tribulatione
2350 5847 2587 5900 animam
2627 5859 2828 5911 meam,
2869 5851 2925 5899 et
2954 5845 3007 5899 in
3047 5845 3418 5903 misericordia
3460 5852 3560 5902 tua

1976 5940 2254 6012 disperdes
2283 5954 2472 5995 omnes
2507 5938 2752 5994 inimicos
2788 5953 2959 5995 meos.
3007 5938 3072 5994 Et
3129 5939 3325 6009 perdes
3365 5950 3560 5996 omnes
