4038 6336
466 522 562 585 531

1310 512 1372 569 B.
1406 508 1470 569 F.
1512 508 1737 567 ALBINI
1774 496 1906 565 SEU
1940 494 2216 562 AL‘CUINI
2253 496 2536 561 OPERUM
2572 488 2754 558 PARS
2790 501 2877 558 IV.

3624 500 3732 558 532

467 649 560 721 qui
600 641 857 701 tribulant
896 637 1131 694 animam
1161 648 1337 690 meam
1368 652 1380 687 :
1414 631 1684 703 quoniam,
1706 645 1805 698 ego
1851 606 2116 687 servus}
2144 623 2295 689 stris,
2326 628 2379 679 et
2400 612 2692 679 exorabilis
2718 622 2826 677 tuis
2854 629 2972 678 esto
2997 618 3349 691 supplicibus,
3378 614 3438 676 ut
3465 626 3732 678 concessa

470 745 596 793 tuus
629 750 769 792 sum.

470 755 596 794 tuus
629 755 769 792 sum.

454 822 457 825 ’
541 820 607 883 Ut
636 843 815 898 supra.
854 815 1094 878 Clamav1
1144 816 1211 875 ad
1255 826 1327 882 te,
1375 815 1618 877 Domine,
1659 808 1766 869 dixi
1804 833 1815 868 :
1854 804 1931 868 Tu
1983 827 2043 868 es

468 938 593 994 spes
621 934 761 983 mea,
788 915 965 988 portio
991 928 1106 968 mea
1126 912 1182 968 in
1208 920 1353 967 terra
1382 909 1699 964 viventium.
1726 908 1945 963 Intende
1975 908 2043 963 ad

470 1002 900 1085 deprecatidnem
931 1022 1127 1070 meam,
1181 1005 1306 1075 quia
1360 1002 1673 1059 humiliatus
1702 1019 1819 1058 sum
1860 1005 2040 1060 nimis.

467 1102 660 1160 Libera
712 1115 799 1155 me
850 1115 878 1152 a
927 1096 1374 1167 persequentibus
1424 1110 1530 1157 me,
1581 1094 1706 1164 quia
1755 1093 2043 1150 confortati

467 1190 593 1251 Sunt
628 1208 790 1264 super
821 1205 927 1246 me.
956 1189 1103 1244 Educ
1134 1188 1199 1243 de
1240 1188 1483 1242 custodia
1509 1188 1745 1241 animam
1772 1204 1949 1243 meam
1977 1188 2044 1243 ad

466 1286 830 1343 conﬁtendum
850 1282 1053 1337 nomini
1078 1288 1169 1334 tuo
1200 1299 1212 1334 ε
1244 1294 1329 1335 me
1353 1288 1669 1350 exspectant
1691 1279 1845 1350 justi,
1874 1282 2045 1336 donec

470 1378 739 1434 retribuas
778 1374 909 1429 mihi

544 1468 748 1521 Oratio.
791 1465 932 1520 Deus
959 1463 1050 1535 qui
1088 1462 1406 1518 matutinam
1437 1478 1606 1518 sacrm
1631 1464 2044 1519 resurrectionis

467 1569 575 1616 tuae
603 1560 841 1615 auditam
868 1557 1040 1613 fecisti
1082 1552 1507 1635 ineunditatem;
1552 1572 1674 1611 cum
1720 1573 1787 1612 ex
1830 1556 2044 1613 inferno

468 1654 684 1712 rediens
738 1653 954 1723 replesti
998 1660 1204 1706 terram
1252 1652 1484 1719 gaudiis,
1534 1668 1695 1720 quam
1749 1652 2044 1721 reliqueras

465 1746 524 1804 in
550 1747 834 1809 obscuris:
870 1760 1119 1815 rogamus
1156 1744 1410 1813 potentiae
1438 1753 1539 1797 tum
1578 1744 1901 1798 ineffabilem
1928 1758 2045 1799 ma-

450 1839 737 1913 iestatem,
769 1849 826 1894 ut
858 1840 997 1894 sicut
1046 1844 1173 1891 tunc
1214 1846 1489 1892 catervam
1538 1838 1883 1907 apostolicam
1912 1853 2044 1909 gau-

446 1939 597 1997 dere
626 1937 799 1997 fecisti
822 1951 977 1991 sacra
998 1935 1054 1989 in
1087 1932 1323 1988 anastasi
1360 1929 1515 2001 [ϐοά.
1548 1929 1696 2000 Reg.,
1726 1946 1882 1985 sacra
1911 1945 2045 1984 ana-

2148 716 2323 781 venia,
2355 730 2517 786 quam
2560 730 2870 785 precamur,
2904 721 3165 785 perpetuo
3200 714 3589 771 misericordiae
3624 724 3732 771 tua:

2144 823 2369 863 munere
2395 805 2705 879 gloriemur.
2736 792 2859 861 Per.

2142 957 2344 998 ORATIO
2370 954 2525 997 FER“
2556 957 2620 1006 ll,
2648 956 2693 997 SI
2720 954 2840 1005 QUIS
2883 957 2942 997 SE
2970 958 3024 996 IN
3055 958 3542 999 τιιιιιυιλτιοιηῐιυε
3570 958 3737 1001 ιιειιε-

2412 1029 2611 1068 ιιετυιι
2642 1030 2989 1079 ικτειιιολτ,
3020 1030 3369 1070 ΒΕΕΑΝΤΛΝΒΑ
3398 1028 3445 1068 Ι¹.

2214 1124 2243 1164 δ
2268 1124 2432 1190 Deus,
2454 1126 2545 1195 qui
2574 1125 2932 1180 contritorum
2962 1142 3070 1181 non
3100 1127 3337 1198 despicis
3363 1128 3650 1198 gemitum,
3681 1132 3738 1184 et

2142 1217 2490 1272 manentium
2532 1233 2637 1271 non
2679 1220 2992 1289 aspernaris
3033 1219 3305 1283 affectum,
3338 1224 3527 1276 adesto
3566 1223 3739 1292 preci-

2142 1306 2244 1362 bus
2267 1310 2491 1373 nostris,
2519 1324 2654 1378 quas
2680 1309 2867 1379 pietati
2904 1319 3009 1365 tua:
3031 1327 3131 1380 pro
3168 1311 3520 1367 tribulatione
3550 1322 3737 1367 nostra

2142 1399 2371 1455 fundere
2397 1402 2772 1471 prmsumimus
2796 1421 2808 1455 :
2844 1402 3293 1472 implorantes,ut
3320 1417 3415 1457 eas
3434 1402 3740 1458 clementer

2144 1492 2422 1560 suscipere
2448 1493 2709 1563 digneris,
2741 1493 3056 1563 tribuasqne
3086 1533 3101 1557 ,
3143 1502 3203 1547 ut
3228 1494 3490 1565 quidquil
3546 1504 3739 1549 contra

2145 1600 2244 1639 nos
2267 1585 2546 1639 diabolicae
2574 1593 2736 1653 atque
2758 1585 3007 1639 humana:
3032 1584 3329 1639 moliuntur
3351 1585 3738 1649 adversitates,

2145 1677 2209 1729 azl
2232 1676 2459 1729 nihilum
2486 1677 2721 1747 religas,
2753 1684 2807 1731 et
2831 1676 3061 1731 consilio
3099 1676 3320 1746 pietatis
3373 1684 3479 1729 tua:
3509 1676 3739 1740 allitlas,

2138 1774 2205 1819 ut
2230 1767 2391 1821 nullis
2413 1768 2838 1823 adversitatibus
2862 1768 2999 1833 laesi,
3030 1769 3126 1823 sed
3169 1767 3341 1837 erepti
3373 1767 3440 1822 de
3468 1766 3617 1821 omni
3648 1768 3743 1819 tri—

2136 1857 2419 1915 bulatione
2449 1868 2503 1913 et
2531 1861 2804 1930 angustia,
2846 1859 2955 1914 lecti
3007 1861 3104 1914 tibi
3134 1861 3187 1913 in
3218 1859 3462 1914 Ecclesia
3496 1868 3586 1913 tua
3619 1874 3742 1914 san-

2145 1961 2232 2008 cta
2274 1954 2478 2025 gratias
2506 1955 2829 2018 referamus,
2861 1969 2961 2024 per
2992 1952 3270 2008 Christum
3328 1952 3623 2006 Dominum
3650 1968 3744 2006 no-

460 2029 628 2103 διεδί]
665 2049 678 2084 ³
730 2031 805 2085 im
850 2029 994 2084 hanc
1050 2025 1371 2117 Εθθιθείθων
1420 2032 1567 2117 mam
1614 2023 2043 2117 miseﬁcorf‘iam
2076 2024 2122 2085 Β
2148 2023 2320 2101 strum
2350 2066 2361 2100 :
2391 2062 2489 2116 per
2518 2064 2680 2117 quem
2705 2055 2780 2112 te,
2807 2023 3019 2101 summe
3044 2046 3208 2109 Deus,
3240 2061 3515 2117 rogamus,
3540 2055 3600 2099 ut
3625 2060 3743 2115 pre-

460 2122 716 2193 expansis
770 2120 1021 2175 manibus
1072 2116 1424 2188 ﬂagitantem,
1475 2115 1761 2185 splendore
1809 2114 2045 2170 celestis

446 2210 668 2283 iubaris
696 2212 969 2268 illustrare
1000 2210 1258 2281 digneris.
1290 2208 1394 2262 Per
1420 2207 1727 2262 Dominum.

533 2305 745 2361 Litania
773 2314 831 2360 ut
858 2319 1038 2374 supra.

1149 2406 1367 2446 PRECES.
1573 2464 1576 2467 Υ

450 2542 455 2545 ,
533 2486 645 2557 Ego
690 2484 824 2551 dixi,
869 2483 1118 2549 Domine,
1147 2483 1408 2537 miserere
1444 2481 1573 2546 mei,
1626 2495 1755 2535 sana
1807 2478 2045 2535 animam

462 2592 662 2643 meam,
687 2576 813 2647 quia
844 2574 1065 2645 peccavi
1096 2574 1213 2627 tibi.
1263 2572 1421 2636 Deus,
1454 2571 1593 2625 Deus
1636 2586 1807 2635 meus,
1840 2572 2047 2641 respice

446 2669 515 2725 .in
543 2684 651 2735 me,
676 2683 845 2739 quare
890 2682 975 2721 me
999 2666 1371 2735 dereliquisn?
1417 2665 1573 2734 longe
1617 2680 1649 2718 a
1700 2663 1873 2718 salute
1927 2678 2048 2717 mea

450 2764 627 2819 verba
667 2762 987 2818 delictorum
1033 2775 1296 2814 meorum.
1325 2759 1436 2828 Ego
1466 2766 1643 2811 autem
1672 2772 1790 2811 sum
1823 2756 2044 2819 vermis,

454 2863 519 2912 et
561 2870 670 2910 non
720 2854 933 2909 homo:
985 2852 1335 2923 opprobrium
1385 2849 1684 2912 hominum,
1733 2855 1787 2901 et
1816 2845 2047 2915 a'tjectio

452 2948 653 3021 plebis.
696 2946 963 3014 Quoniam
1010 2953 1068 2999 tu
1113 2960 1193 3010 es,
1225 2943 1472 3008 Domine,
1505 2942 1594 3009 qui
1621 2940 1905 2995 extruxisti
1961 2954 2047 2993 me

463 3039 529 3093 de
554 3047 764 3101 ventre,
794 3052 917 3105 spes
943 3051 1059 3090 mea
1091 3035 1158 3089 ab
1198 3036 1452 3089 uberibus
1482 3034 1669 3087 matris
1699 3048 1832 3087 meae
1858 3050 1870 3086 :
1907 3033 1959 3086 in
1993 3039 2047 3085 te

450 3128 736 3201 proiectus
758 3142 878 3182 sum
903 3143 966 3181 ex
1012 3135 1186 3182 utero.
1215 3125 1374 3181 Salva
1405 3140 1489 3180 me
1515 3141 1583 3180 ex
1623 3136 1716 3180 ore
1746 3125 1915 3181 leonis
1947 3144 1960 3179 :
1993 3134 2049 3181 et

464 3235 495 3273 a
523 3219 779 3273 cornibus
812 3217 1149 3272 unicornium
1174 3217 1533 3271 humilitatem
1556 3231 1749 3270 meam.
1786 3217 1862 3270 Ne
1892 3233 2049 3271 aver-

446 3319 548 3367 tas
572 3310 764 3365 faciem
787 3318 929 3364 tuam
958 3326 988 3364 a
1011 3326 1115 3375 me,
1142 3327 1208 3366 ne
1229 3312 1464 3366 declines
1492 3313 1543 3366 in
1575 3314 1655 3366 ira
1685 3329 1713 3365 a
1744 3328 1902 3366 servo
1929 3321 2046 3366 tuo.

424 3402 425 3405 “
462 3404 691 3473 Adjutor
716 3420 868 3459 meus
912 3413 1045 3467 esto,
1098 3420 1164 3459 ne
1205 3404 1547 3474 derelinquas
1578 3419 1701 3458 me:
1745 3420 1919 3475 neque
1948 3405 2042 3458 de-
2072 3388 2116 3450 (ἶ

446 3497 664 3565 ίψίοἰδε
692 3511 800 3563 me,
846 3495 994 3551 Deus
1024 3496 1279 3550 salutaris
1322 3512 1491 3550 meus.
1536 3496 1613 3551 Ne
1653 3495 1811 3551 simul
1864 3496 2048 3551 tradas

462 3606 551 3645 me
580 3605 701 3645 cum
743 3588 1139 3658 peccatoribus,
1168 3596 1224 3641 et
1252 3602 1372 3641 eum
1418 3588 1764 3657 operantibus
1796 3587 2050 3656 iniquita-

463 3691 574 3736 tem
623 3697 690 3737 ne
739 3681 935 3751 perdas
984 3690 1088 3737 me.
1123 3680 1366 3750 Amplius
1394 3680 1510 3734 lava
1542 3697 1625 3736 me
1671 3682 1738 3735 ab
1766 3682 2049 3750 iniquitate

464 3786 605 3836 mei,
633 3779 689 3825 et
716 3788 745 3824 a
776 3777 999 3842 peccato
1039 3786 1157 3825 meo
1180 3771 1373 3825 munda
1417 3787 1521 3825 me.
1552 3772 1818 3838 Quoniam
1847 3773 2046 3842 iniqui-

444 3870 629 3927 tatem
660 3878 833 3918 meam
862 3878 962 3932 ego
990 3878 1276 3943 cognosco,
1317 3871 1369 3916 et
1392 3872 1671 3931 peccatum
1710 3879 1884 3918 meum
1919 3879 2049 3918 cnn-

463 3965 543 4012 tra
575 3972 659 4012 me
682 3968 763 4011 est
785 3971 1019 4025 semper.
1050 3956 1316 4027 Asperges
1342 3972 1428 4011 me
1460 3957 1715 4027 hyssopo,
1747 3966 1801 4011 et
1827 3957 2051 4011 munda-

462 4049 604 4104 bor:
639 4049 845 4103 lavabis
884 4064 988 4112 me,
1038 4058 1093 4103 et
1145 4063 1307 4118 super
1360 4049 1538 4103 nivem
1588 4048 1896 4103 dealbabor.
1940 4049 2050 4102 Ex-

462 4155 646 4211 surge,
690 4140 935 4203 Domine,
979 4139 1167 4207 adjuva
1210 4154 1345 4193 nos:
1380 4147 1435 4194 et
1488 4139 1654 4193 libera
1698 4155 1792 4194 nos
1830 4148 2050 4209 propter

461 4250 661 4289 nomen
703 4241 874 4287 tuum.
907 4233 1129 4288 Domine
1156 4232 1297 4286 Deus
1322 4232 1584 4285 virtutum
1605 4273 1619 4296 ,
1648 4241 1902 4286 converte
1931 4247 2045 4295 nos,

463 4336 520 4381 et
544 4326 765 4381 ostende
818 4326 1010 4380 faciem
1046 4335 1192 4380 tuam
1220 4343 1233 4378 ς
1284 4332 1339 4379 et
1368 4325 1499 4380 salvi
1528 4325 1749 4379 erimus.
1779 4324 2050 4380 Converte

463 4434 580 4483 nos,
614 4420 755 4471 Deus
782 4418 1035 4472 salutaris
1078 4428 1283 4481 noster,
1331 4427 1385 4472 et
1430 4427 1614 4472 averte
1659 4419 1792 4471 iram
1842 4428 1988 4472 tuam
2017 4434 2048 4473 a

463 4507 640 4562 nobis.
672 4506 811 4560 Deus
842 4514 897 4559 tu
941 4521 1235 4560 conversus
1277 4507 1575 4563 vivificabis
1622 4522 1739 4573 nos,
1794 4517 1849 4564 et
1898 4510 2048 4579 plebs

461 4607 555 4653 tua
590 4599 860 4652 Letaliitur
891 4599 942 4651 in
972 4604 1043 4652 te.
1075 4597 1311 4655 Ostende
1348 4602 1525 4665 nobis,
1568 4600 1810 4668 Domine,
1842 4602 2050 4656 miseri-

465 4690 713 4748 cordiam
755 4700 921 4756 tuam,
953 4700 1007 4747 et
1048 4690 1284 4747 salutare
1313 4700 1462 4745 tuum
1491 4678 1557 4745 da
1585 4692 1757 4747 nobis.
1797 4692 2042 4759 Domine,

2146 2155 2243 2195 ces
2268 2139 2368 2193 has
2390 2140 2642 2194 attendas
2673 2138 3000 2209 propitiabili
3054 2139 3389 2208 dignatione,
3417 2146 3471 2192 et
3504 2138 3575 2191 ad
3602 2138 3743 2193 hanc

2148 2241 2391 2286 nostram
2415 2233 2715 2286 orationem
2732 2231 3023 2301 respicias,
3040 2246 3203 2299 quam
3230 2230 3328 2284 tibi
3343 2245 3440 2300 pro
3460 2232 3745 2301 ersptione

2147 2330 2205 2377 et
2224 2323 2555 2377 relevatione
2580 2332 2769 2378 nostra
2795 2339 2825 2378 a
2854 2338 3113 2393 pressura
3158 2331 3359 2377 nostrze
3402 2323 3744 2378 inﬁrmitatis

2147 2413 2445 2469 offerimus.
2498 2414 2639 2480 iam,
2670 2416 2928 2480 Domine,
2980 2416 3195 2484 respice
3242 2429 3405 2484 super
3432 2429 3534 2469 nos
3588 2414 3744 2468 vultu

2147 2503 2421 2573 placabili,
2454 2512 2509 2560 et
2538 2505 2911 2562 misericordia
2957 2505 3216 2576 singulari
3249 2520 3280 2558 a
3306 2505 3464 2559 nobis
3512 2518 3742 2568 amove,

2148 2597 2290 2665 quod
2320 2596 2527 2651 szevitia
2566 2599 2827 2653 malorum
2879 2599 3171 2668 permittit,
3196 2596 3339 2668 quod
3389 2597 3745 2652 inimicorum

2147 2689 2390 2758 pravitas
2418 2688 2603 2754 infert,
2633 2690 2774 2758 quod
2801 2705 3089 2761 pravorum
3130 2690 3185 2743 in
3233 2687 3477 2743 consiliis
3502 2689 3749 2743 adversi-

2149 2787 2234 2835 tas
2258 2780 2618 2852 alligat,quod
2640 2797 2706 2838 ex
2732 2782 2938 2852 judicio
2961 2783 3229 2848 imminet,
3253 2784 3394 2852 quod
3422 2797 3489 2838 ex
3520 2792 3747 2837 senten-

2151 2874 2224 2928 tia
2249 2875 2470 2943 pendet,
2495 2875 2633 2945 quod
2660 2876 3064 2947 conspiratione
3092 2874 3453 2939 machinatur,
3484 2875 3633 2945 quod
3664 2889 3747 2929 ac-

2149 2968 2430 3021 cusatione
2441 2968 2791 3039 confingitur,
2815 2968 2954 3037 quod
2984 2969 3215 3038 proprize
3237 2974 3517 3022 merentur
3545 2966 3748 3035 iniqui-

2151 3068 2313 3125 tates,
2340 3062 2480 3131 quod
2521 3062 2712 3117 alienis
2762 3063 3070 3117 ﬁctionibus
3112 3061 3568 3133 alligatur:quo:l
3597 3075 3747 3129 pres-

2150 3154 2295 3208 suris
2324 3154 2628 3223 dejicimur,
2659 3157 2801 3227 quod
2851 3156 3182 3211 cruciatibus
3210 3155 3543 3225 premimur,
3602 3154 3746 3224 quod

2150 3248 2421 3319 angustiis
2449 3249 2837 3320 angustiamur.
2872 3249 2988 3303 Non
3019 3249 3229 3319 iustitia
3281 3256 3371 3303 tua
3403 3290 3418 3313 ,
3477 3247 3747 3310 Domine,

2151 3352 2483 3406 quaesumus,
2514 3337 2806 3406 injustitias
2856 3348 3073 3393 nostras
3102 3352 3362 3394 exerceas
3391 3357 3404 3393 :
3438 3337 3533 3393 sed
3562 3338 3748 3408 potius

2148 3427 2410 3497 pietatem
2461 3437 2612 3481 tuam
2656 3429 2711 3483 in
2752 3430 2955 3484 nostris
3004 3430 3380 3499 iniquitatibus
3422 3429 3741 3484 manifesta.

2148 3519 2265 3573 Non
2295 3535 2393 3574 nos
2414 3522 2467 3574 in
2494 3522 2874 3590 persecutione
2897 3520 3119 3589 dejicias
3146 3539 3158 3574 :
3191 3536 3298 3575 non
3320 3535 3417 3590 per
3445 3520 3717 3575 intoleran

2148 3611 2281 3666 tiam
2304 3613 2523 3682 perdas,
2554 3614 2647 3669 sed
2668 3629 2767 3684 per
2806 3614 3208 3669 tribulationem
3238 3628 3435 3669 exerce
3460 3655 3474 3678 ,
3517 3629 3618 3684 per
3634 3615 3748 3685 pie-

2152 3711 2320 3758 tatem
2350 3705 2559 3764 attolle.
2581 3722 2680 3776 per
2706 3706 3135 3761 misericordiam
3184 3722 3351 3777 rege:
3383 3722 3491 3776 quo
3537 3722 3637 3777 per
3684 3715 3747 3763 te

2152 3800 2220 3853 ab
2248 3799 2593 3854 inimicorum
2646 3800 2840 3869 iaculis
2870 3801 2998 3861 tuti.
3023 3816 3052 3855 a
3079 3802 3331 3871 praesenti
3389 3801 3750 3856 tribulatione

2150 3892 2413 3960 exempti,
2445 3900 2498 3946 te
2524 3891 2691 3947 Deum
2742 3908 2907 3946 unum
2952 3892 3007 3946 in
3055 3892 3322 3948 Trinitate
3349 3907 3591 3947 consona
3640 3889 3749 3945 col-

2151 3980 2429 4037 laudemus
2458 3999 2607 4039 voce.
2633 3984 2734 4050 Qui
2764 3998 2887 4038 cum
2929 3999 2994 4039 eo
3022 3984 3303 4055 unigenito
3329 3984 3468 4039 Filio
3514 3994 3610 4038 tuo
3651 3985 3738 4040 Do

2152 4074 2300 4128 mino
2325 4084 2511 4129 nostro
2528 4074 2657 4130 Jesu
2701 4076 2941 4139 Christo,
2969 4085 3266 4145 sanctoque
3305 4076 3582 4146 paracleto
3630 4076 3737 4149 Spi-

2151 4168 2257 4221 ritu
2281 4167 2419 4221 vivis
2464 4175 2519 4222 et
2544 4184 2762 4239 regnas,
2789 4169 3015 4223 Domine
3044 4168 3187 4223 Deus
3206 4167 3554 4237 omnipotens
3576 4209 3592 4234 ,
3650 4184 3751 4240 per

2149 4260 2334 4313 omnia
2358 4259 2552 4313 saecula
2576 4260 2913 4315 saeculorum.
2947 4259 3139 4315 Amen.

2754 4390 3094 4448 PSALMUS.

2222 4504 2402 4570 (Pst.
2434 4504 2558 4571 xu.)
2588 4504 2903 4576 Usquequo,
2932 4507 3178 4573 Domine,
3210 4507 3552 4563 Oblivisceris
3578 4524 3669 4565 me
3692 4510 3752 4565 in

2149 4592 2342 4649 finem:
2368 4610 2648 4666 usquequo
2674 4597 2873 4651 avertis
2896 4596 3086 4653 faciem
3118 4608 3260 4654 tuam
3292 4615 3322 4654 a
3350 4600 3469 4655 me?
3492 4600 3749 4668 Quandiu

2150 4700 2345 4754 ponam
2375 4687 2600 4740 consilia
2618 4688 2671 4741 in
2697 4688 2875 4741 anima
2905 4704 3023 4743 mea
3050 4708 3062 4742 :
3094 4689 3335 4744 dolorem
3357 4692 3411 4745 in
3435 4693 3601 4747 corde
3622 4707 3755 4747 meo

454 4785 658 4857 exaudi
698 4785 1000 4839 Orationem
1032 4799 1224 4849 meam,
1270 4792 1325 4839 et
1349 4783 1551 4839 clamor
1594 4800 1745 4840 meus
1774 4785 1839 4838 ad
1866 4794 1915 4839 ιθ
1950 4801 2045 4839 ve-
2079 4754 2123 4813 θ
2147 4791 2245 4846 per
2264 4777 2444 4831 diem?
2474 4778 2765 4848 Usquequo
2784 4779 3110 4834 exaltabitur
3132 4782 3384 4836 inimicus
3406 4798 3564 4837 meus
3581 4799 3752 4854 super

464 4878 599 4931 niat.
632 4875 884 4931 Miserere
915 4878 1019 4931 mei
1050 4877 1525 4943 Deus,secundum
1554 4892 1804 4946 magnam
1836 4875 2046 4930 miseri-

464 4970 704 5025 cordiam
736 4979 906 5023 tuam.

532 5061 645 5134 69
665 5059 871 5124 Oratio,
904 5059 1246 5127 Quzesumus,
1294 5061 1635 5132 omnipotens
1658 5059 1801 5115 Deus
1821 5100 1836 5125 ,
1863 5058 2046 5115 afﬂicti

451 5151 644 5226 populi
673 5150 939 5221 lacrymas
968 5152 1175 5222 respice
1200 5191 1215 5217 ,
1266 5161 1323 5206 ct
1353 5152 1489 5205 iram
1515 5159 1617 5204 tum
1665 5149 2048 5220 indignationis

452 5253 679 5307 averte,
730 5249 791 5296 ut
825 5242 916 5311 qui
948 5251 1156 5296 reatum
1196 5250 1395 5296 nostra
1442 5241 1771 5296 inﬁrmitatis
1806 5240 2050 5311 agnosci-

463 5350 609 5399 mus,
639 5336 729 5388 Cua
758 5333 1128 5389 consolatione
1154 5332 1465 5389 liberemur.
1490 5333 1610 5387 Per.

532 5426 674 5479 Alia.
704 5408 870 5491 Deus,
909 5425 1000 5495 qui
1046 5425 1316 5495 conspicis
1343 5426 1490 5479 omni
1514 5441 1614 5480 nos
1643 5427 1842 5479 virtute
1885 5422 2049 5479 desti-

466 5516 566 5581 tui,
595 5517 823 5573 interius
849 5517 1196 5587 exteriusque
1221 5518 1433 5573 custodi
1460 5535 1473 5570 :
1518 5525 1577 5570 ut
1620 5524 1675 5571 et
1700 5516 1769 5571 ab
1794 5516 2043 5570 omnibus

465 5609 888 5665 adversitatibus
915 5609 1225 5665 muniamur
1249 5609 1303 5664 in
1344 5617 1651 5680 corpore,et
1676 5624 1707 5662 a
1731 5608 1913 5679 pravis
1957 5622 2033 5663 co-

460 5684 813 5768 gitationibus
839 5700 1162 5756 mundemur
1190 5701 1245 5755 in
1282 5708 1484 5755 mente.
1524 5698 1643 5754 Per.

533 5787 667 5843 Item
688 5791 875 5845 oratio.
916 5789 1241 5863 Propitiare,
1264 5790 1514 5857 Domine,
1546 5788 1923 5863 iniquitatibus
1950 5806 2044 5847 no-

535 5932 560 5961 ι
601 5920 791 6000 Oratio
813 5920 976 6000 fer.“
1003 5932 1206 6000 etque
1251 5934 1556 6000 sequuntur
1587 5936 1759 6000 usque
1793 5927 1861 5983 id
1895 5933 2037 5983 orat.

463 5988 562 6048 fer.
598 6006 655 6044 ιιι
683 5987 878 6044 desunt
905 5992 959 6047 in
986 5987 1122 6051 cod:
1134 6009 1238 6049 ms.
1264 5987 1452 6067 Regio.

2144 4871 2265 4925 me?
2292 4873 2502 4941 respice
2552 4881 2607 4927 et
2634 4874 2827 4928 exaudi
2860 4890 2967 4940 me,
2995 4876 3220 4930 Domine
3248 4874 3391 4930 Deus
3417 4890 3594 4929 meus.
3628 4874 3753 4928 Illu-

2144 4963 2291 5017 mina
2318 4964 2503 5019 oculos
2522 4980 2691 5029 meos,
2710 4980 2778 5020 ne
2807 4982 3044 5037 unquam
3069 4967 3406 5021 obdormiam
3437 4966 3491 5020 in
3525 4973 3703 5020 morte
3728 4983 3745 5018 :

2145 5056 2432 5125 nequando
2461 5058 2605 5112 dicat
2635 5057 2888 5113 inimicus
2920 5075 3105 5121 meus,
3162 5056 3419 5128 prmvalui
3474 5057 3747 5111 adversus

2145 5160 2288 5200 eum.
2314 5146 2416 5213 Qui
2444 5148 2705 5203 tribulant
2734 5165 2841 5213 me,
2871 5150 3238 5211 exsultabunt,
3270 5150 3313 5204 si
3340 5157 3524 5205 motus
3546 5148 3703 5203 fuero
3726 5166 3743 5200 :

2152 5252 2252 5309 ego
2280 5247 2462 5293 autem
2518 5241 2573 5294 in
2623 5242 2994 5295 misericordia
3026 5250 3115 5296 tua
3147 5242 3383 5312 speravi.
3430 5240 3751 5296 Exsultabit

2149 5346 2247 5386 cor
2304 5348 2484 5385 meum
2534 5333 2589 5387 in
2640 5334 2866 5388 salutari
2894 5336 3282 5390 tuo:cantabo
3334 5335 3601 5399 Domino,
3648 5334 3748 5404 qui

2147 5422 2291 5479 bona
2324 5422 2512 5479 tribuit
2543 5425 2697 5491 mihi,
2727 5434 2781 5480 et
2816 5426 3041 5496 psallam
3069 5426 3279 5482 nomini
3324 5425 3543 5481 Domini
3583 5425 3747 5481 altis-

2146 5515 2293 5571 simi.

2223 5605 2290 5659 υτ
2318 5623 2496 5677 supra.
2530 5608 2641 5678 Ego
2665 5614 2848 5662 autem
2880 5608 2936 5662 in
2959 5608 3309 5665 multitudine
3351 5607 3749 5663 misericordia:

2155 5701 2258 5779 tua:
2299 5699 2532 5754 introibo
2565 5699 2620 5753 in
2651 5700 2867 5754 domum
2899 5710 3073 5779 tuam,
3092 5700 3331 5755 adorabo
3357 5698 3424 5754 ad
3478 5698 3750 5771 templum

2150 5778 2401 5849 sanctum
2427 5800 2576 5848 tuum
2621 5792 2676 5847 in
2706 5792 2900 5849 timore
2925 5801 3036 5850 tuo.
3068 5778 3298 5850 Domine
3322 5792 3495 5849 deduc
3540 5806 3634 5847 me
3682 5789 3748 5846 in

2222 5923 2254 5967 1»
2284 5923 2395 5991 {’ro
2414 5936 2515 5987 usu
2542 5932 2721 5989 sexto,
2744 5922 2930 5994 supra,
2964 5926 3069 5981 col.
3101 5924 3223 5981 167.
