4038 6336
323 405 438 474 833

1322 411 1714 474 LITURGICA.
1754 444 1826 460 --
1859 413 2126 473 OFFICIA
2162 413 2301 474 PER
2336 417 2607 480 FERIAS.
2659 465 2664 470 .

3488 417 3597 481 55‘

315 527 534 608 iustitia
565 535 659 586 tua
686 535 908 602 propter
933 528 1182 586 inimicos
1210 530 1566 601 meos,dirige
1596 530 1651 586 in
1679 545 1902 601 conspe-
1927 533 1982 595 Α
2003 528 2222 585 ritatem
2257 537 2403 586 tuam
2425 532 3069 605 requirimus,.tumorem
3117 530 3470 590 exsecrabilis
3508 549 3600 592 su—

318 632 420 690 ctu
445 633 539 682 tuo
566 624 710 678 viam
749 637 945 679 meam.

397 713 602 767 Oratio.
637 711 714 767 Ne
733 719 948 768 avertas
977 711 1172 766 faciem
1219 721 1364 766 tuam
1395 728 1422 766 a
1455 713 1610 768 nobis
1666 714 1909 784 omnipo-

319 812 448 863 tens
498 803 664 868 Deus,
697 819 765 860 ne
814 805 1019 858 inimici
1077 807 1247 860 nostri
1298 807 1604 862 exaltentur
1649 807 1908 862 adversus

320 913 424 954 nos
450 915 463 951 :
492 897 586 952 sed
636 897 711 950 ita
749 912 844 951 cor
881 903 1123 951 nostrum
1153 897 1407 952 salutaris
1441 900 1516 953 tui
1547 898 1910 954 exsultatione

318 989 610 1062 perfunde,
626 996 684 1043 ut
710 988 874 1044 iaciat
900 1004 1000 1044 nos
1029 1004 1276 1044 somnum
1300 991 1549 1045 secunda:
1570 990 1761 1046 mortis
1784 1005 1910 1045 eva-

321 1073 476 1136 dere.
503 1073 628 1136 Per.

860 1213 968 1286 7o
1003 1209 1342 1272 PSALMUS.

395 1339 580 1415 (PSAL.
603 1342 752 1415 ιιι.)
780 1341 834 1398 ln
863 1351 938 1410 te,
971 1345 1597 1418 Domine,speravi,non
1611 1348 1913 1404 confundar

321 1439 380 1495 in
420 1447 685 1494 aeternum
713 1457 726 1492 :
758 1437 812 1494 in
847 1437 1066 1508 justitia
1096 1447 1190 1494 tua
1222 1441 1391 1496 libera
1411 1458 1498 1496 me
1527 1450 1582 1496 et
1627 1443 1775 1512 eripe
1802 1458 1907 1497 me.

320 1518 527 1587 inclina
549 1530 616 1586 ad
657 1546 746 1585 me
771 1547 956 1586 aurem
986 1539 1132 1586 tuam
1157 1551 1170 1585 :
1201 1539 1256 1587 et
1285 1531 1432 1587 salva
1461 1548 1565 1588 me.
1597 1533 1728 1587 Esto
1777 1533 1909 1586 mihi

321 1621 378 1677 in
407 1621 580 1677 Deum
625 1629 988 1693 protectorem
1016 1664 1030 1688 ,
1065 1631 1120 1678 et
1171 1623 1225 1677 in
1279 1623 1453 1677 locum
1512 1623 1778 1678 munitum
1808 1643 1820 1677 :
1852 1631 1913 1678 ut

319 1713 535 1768 salvum
566 1707 652 1769 me
686 1709 872 1768 facias.
905 1713 1168 1780 Quoniam
1211 1713 1609 1768 ﬁrmamentum
1641 1730 1818 1769 mcum
1859 1722 1915 1769 et

319 1799 592 1879 refugium
614 1823 792 1863 meum
809 1823 868 1863 es
901 1815 976 1861 tu.
1002 1807 1146 1864 Deus
1172 1825 1344 1873 meus,
1378 1809 1527 1878 eripe
1548 1825 1634 1863 me
1656 1809 1721 1863 de
1747 1824 1910 1862 manu

2005 621 2208 691 perbiae
2227 630 2593 679 conteramus.
2625 623 2746 680 Per.

2078 713 2219 770 Alia.
2253 715 2468 771 Excelsi
2497 715 2619 772 solii
2651 723 2908 792 regnator
2925 699 3130 774 aeterne
3149 705 3316 782 Deus,
3336 703 3431 788 qui
3473 699 3599 789 sbe-

2011 816 2212 886 rantes
2227 807 2285 862 in
2315 815 2368 864 te
2397 808 2642 863 damnari
2668 809 2887 864 :eternis
2925 807 3333 884 confusionibus
3350 824 3460 865 non
3505 823 3602 880 pa-

2009 899 2165 964 teris,
2195 899 2365 972 reple,
2391 915 2722 970 quaesumus,
2760 898 2899 956 labia
2939 908 3125 956 nostra
3168 897 3324 956 laude
3370 889 3494 966 tua,
3543 905 3601 968 et

2009 989 2096 1045 his
2126 1005 2225 1046 nos
2253 1005 2470 1061 semper
2501 991 2946 1046 meditationibus
2980 992 3245 1047 bonorum
3290 975 3600 1047 insinuata"

2009 1095 2224 1138 exerce.
2247 1081 2370 1139 Per.

2631 1209 2972 1269 PSALMUS.

2085 1341 2264 1418 (PSAL.
2295 1343 2477 1417 mu.)
2500 1343 2646 1400 Deus
2672 1333 2894 1401 auribus
2921 1345 3124 1401 nostris
3151 1331 3478 1414 audivimus,
3505 1363 3603 1421 pa-

2014 1443 2128 1492 tres
2151 1435 2320 1491 nostri
2354 1438 2817 1492 annuntiaverunt
2845 1437 3021 1504 nobis.
3065 1437 3212 1508 Opus
3235 1437 3375 1508 quod
3405 1455 3600 1512 opera-

2012 1538 2100 1586 tus
2121 1546 2180 1586 es
2209 1531 2263 1586 in
2288 1527 2479 1587 diebus
2508 1548 2716 1596 eorum,
2740 1531 2794 1586 in
2850 1531 3042 1586 diebus
3093 1531 3351 1601 antiquis.
3408 1531 3599 1589 Manus

2013 1629 2104 1676 tua
2135 1631 2326 1696 gentes
2365 1623 2724 1693 disperdidit,
2776 1633 2830 1679 et
2881 1623 3141 1694 plantasti
3191 1639 3286 1680 eos
3317 1643 3330 1678 :
3361 1622 3602 1679 aillixisti

2009 1715 2256 1788 pepulos,
2290 1724 2344 1772 et
2365 1715 2616 1786 expulisti
2641 1732 2751 1771 eos.
2770 1715 2878 1770 Nec
2908 1716 3054 1771 enim
3075 1716 3128 1770 in
3155 1715 3332 1788 glazfio
3358 1731 3455 1772 suo
3478 1731 3603 1785 pos-

2013 1805 2270 1860 sederunt
2301 1813 2502 1861 terram
2537 1815 2633 1861 :et
2660 1805 2939 1860 brachium
2989 1821 3175 1861 eorum
3216 1822 3324 1860 non
3371 1804 3604 1860 salvat-it

317 1893 662 1971 peccatoris:
695 1907 750 1954 et
777 1899 843 1954 de
863 1915 1024 1954 manu
1055 1909 1243 1955 contra
1289 1900 1460 1971 legem
1493 1900 1703 1971 agentis
1728 1908 1781 1955 et
1811 1899 1911 1953 ini—
1943 1917 1985 1974 Β
2013 1913 2126 1953 eos.
2158 1897 2264 1953 Sed
2296 1899 2518 1953 dextera
2571 1906 2684 1963 tua,
2716 1906 2769 1952 et
2798 1897 3076 1952 brachium
3109 1905 3285 1962 tuum,
3316 1905 3370 1953 et
3407 1897 3605 1952 illumi-

317 1989 435 2062 qui.
467 1990 732 2058 Quoniam
760 1999 813 2044 tu
843 2006 901 2044 es
929 1991 1189 2060 patientia
1219 1990 1632 2056 mea,Domine;
1661 1989 1906 2056 Domine,

317 2100 450 2155 spes
480 2100 601 2140 mea
630 2100 661 2138 a
699 2082 983 2154 iuventute
1013 2100 1152 2138 mea.
1192 2083 1250 2138 In
1283 2092 1336 2138 te
1381 2083 1735 2138 conﬁrmatus
1788 2097 1908 2135 sum

317 2198 390 2238 ex
439 2189 624 2236 utero:
654 2177 722 2235 de
761 2187 952 2234 ventre
1002 2181 1193 2234 matris
1244 2194 1380 2234 mete
1431 2187 1484 2232 tu
1525 2194 1584 2233 es
1633 2186 1910 2248 protector

316 2289 498 2329 meus.
529 2269 590 2326 In
622 2280 674 2328 te
721 2271 960 2327 cantatio
987 2287 1108 2327 mea
1158 2261 1372 2342 semper
1399 2289 1410 2324 :
1440 2278 1696 2340 tanquam
1735 2271 1914 2340 prodi-

316 2365 469 2437 gium
498 2363 671 2420 factus
701 2381 820 2420 sum
851 2363 1056 2429 multis,
1084 2371 1138 2419 et
1165 2371 1218 2417 tu
1257 2360 1470 2430 adjutor
1493 2361 1666 2418 fortis.
1692 2362 1914 2432 Replea—

317 2441 493 2511 turos
519 2469 698 2508 meum
725 2453 902 2519 laude,
934 2460 993 2508 ut
1022 2462 1236 2509 cantem
1277 2453 1502 2525 gloriam
1561 2464 1706 2508 tuam
1733 2473 1745 2508 :
1789 2462 1901 2509 tota

317 2546 414 2602 die
450 2546 877 2618 magnitudinem
928 2545 1193 2601 tuam.Ne
1246 2545 1502 2616 projicias
1543 2562 1628 2601 me
1680 2547 1735 2600 in
1786 2555 1917 2601 tem-

316 2654 457 2712 pore
478 2638 775 2694 senectutis
804 2656 816 2692 :
847 2653 968 2700 cum
992 2636 1251 2692 defecerit
1280 2636 1454 2690 virtus
1503 2653 1646 2699 mea,
1674 2653 1743 2692 ne
1766 2638 1917 2692 dere-

317 2723 539 2802 linquas
566 2747 672 2787 me.
705 2730 840 2798 Quia
870 2731 1123 2786 dixerunt
1149 2731 1355 2786 inimici
1404 2731 1508 2784 mei
1535 2731 1664 2785 mihi
1693 2750 1705 2784 :
1737 2740 1791 2786 et
1819 2733 1914 2802 qui

314 2823 723 2880 custodiebant.
752 2824 991 2877 animam
1034 2839 1234 2888 meam,
1263 2822 1552 2878 consilium
1585 2822 1829 2878 fecerunt
1861 2825 1914 2877 in

317 2929 516 2979 unum,
539 2914 780 2969 dicentes
803 2931 816 2966 :
841 2913 984 2968 Deus
1009 2911 1295 2984 dereliquit
1325 2929 1467 2977 eum,
1500 2915 1914 2984 persequimiui,

314 3015 380 3059 et
407 3004 848 3074 comprehendite
883 3019 1004 3058 eum
1032 3023 1044 3058 :
1073 3005 1200 3076 quia
1231 3021 1336 3060 non
1377 3014 1494 3069 est,
1546 3005 1637 3075 qui
1701 3006 1914 3075 eripiat.

318 3081 470 3152 Deus
495 3113 564 3152 ne
592 3096 863 3168 elongeris
918 3113 946 3150 a
989 3113 1118 3152 me:
1170 3095 1313 3152 Deus
1351 3113 1505 3152 meus
1551 3097 1605 3151 in
1656 3096 1917 3151 auxilium

317 3175 509 3244 meum
553 3189 785 3259 respice.
851 3187 1266 3244 Confundantur
1320 3197 1374 3243 et
1437 3189 1693 3244 deficiant
1742 3191 1920 3244 detra-

2012 1992 2164 2046 natio
2195 1990 2372 2046 vultus
2401 1991 2513 2044 tui:
2543 1991 2796 2061 quoniam
2827 1991 3197 2060 complacuisti
3220 1990 3273 2044 in
3305 1991 3403 2046 eis.
3433 1991 3514 2044 Tu
3543 2005 3604 2045 es

2013 2082 2131 2152 ipse
2179 2081 2292 2136 Rex
2322 2098 2474 2136 meus
2516 2091 2570 2136 et
2597 2081 2738 2136 Deus
2762 2081 2950 2136 meus’:
2982 2080 3073 2150 qui
3125 2079 3350 2134 mandas
3399 2080 3603 2136 salutes

2011 2167 2195 2227 Jacob.
2218 2171 2275 2226 ln
2303 2180 2356 2226 te
2383 2171 2632 2226 inimicos
2655 2181 2868 2226 nostros
2896 2170 3278 2225 ventilabimus
3301 2185 3471 2226 cornu
3499 2190 3512 2224 :
3549 2177 3604 2225 et

2015 2261 2071 2322 in
2104 2267 2322 2321 nomine
2351 2273 2442 2321 tuo
2471 2283 2788 2336 spernemus
2838 2265 3179 2336 insurgentes
3230 2263 3286 2319 in
3319 2279 3436 2320 nos.
3485 2263 3602 2317 Non

2013 2356 2159 2412 enim
2189 2357 2243 2410 i-n
2269 2372 2395 2411 areu
2427 2372 2548 2410 meo
2571 2357 2800 2428 sperabo
2824 2376 2836 2410 :
2868 2364 2922 2412 et
2948 2356 3155 2427 gladius
3184 2371 3335 2410 meus
3367 2369 3474 2408 non
3503 2351 3605 2410 sal-

2013 2451 2162 2505 vabit
2190 2467 2295 2506 me.
2326 2449 2560 2505 Salvasti
2593 2451 2736 2504 enim
2761 2466 2860 2505 nos
2887 2451 2952 2505 de
2990 2447 3352 2520 atlligentibus
3389 2463 3519 2502 nos:
3551 2451 3608 2502 et

2014 2540 2262 2596 odientes
2288 2557 2386 2595 nos
2405 2539 2716 2596 confudisti.
2747 2541 2801 2594 In
2834 2540 2946 2596 Deo
2975 2541 3314 2595 laudabimur
3343 2547 3454 2594 tota
3480 2539 3568 2594 die
3587 2557 3601 2570 ο
3665 2551 3668 2556 ’

2017 2640 2071 2688 et
2101 2632 2154 2688 in
2185 2633 2407 2688 nomine
2437 2641 2530 2686 tuo
2559 2634 2941 2688 conﬁtebimur
2967 2635 3020 2687 in
3052 2634 3267 2688 szecula.
3332 2632 3485 2688 Nunc
3515 2648 3605 2686 au-

2016 2732 2128 2794 tem
2158 2723 2402 2793 repulisti
2433 2732 2488 2780 et
2517 2724 2810 2779 confudisti
2858 2742 2996 2780 nos:
3039 2733 3094 2780 et
3143 2741 3251 2778 non
3307 2723 3607 2795 egredieris

2016 2813 2161 2871 Dens
2183 2816 2237 2870 in
2262 2815 2551 2871 virtutibus
2572 2818 2792 2871 nostris.
2843 2816 3104 2871 Avertisti
3157 2831 3255 2870 nos
3306 2824 3604 2870 retrorsum

2016 2919 2139 2982 post
2161 2909 2408 2965 inimicos
2437 2915 2650 2963 nostros
2683 2927 2694 2962 :
2726 2917 2780 2963 et
2809 2909 2898 2979 qui
2927 2908 3159 2963 oderunt
3193 2923 3293 2963 nos
3317 2949 3331 2973 ,
3390 2907 3610 2977 diripie-

2017 3002 2150 3057 bant
2171 3001 2295 3055 sibi.
2330 2999 2407 3055 De
2429 2999 2542 3054 lis'ti
2576 3017 2674 3055 nos
2707 3007 2962 3070 tanquam
2984 3017 3114 3055 oves
3139 3015 3423 3056 escarum:
3465 3007 3520 3054 et
3547 2997 3607 3052 in

2019 3093 2268 3166 gentibus
2317 3093 2621 3163 dispersisti
2684 3109 2802 3146 nos.
2836 3093 3142 3148 Ven-lidiin
3197 3092 3300 3163 71
3355 3089 3610 3162 populum

2023 3199 2173 3244 tuum
2207 3189 2324 3245 sine
2348 3188 2554 3260 pretio:
2591 3196 2644 3244 et
2684 3205 2790 3244 non
2823 3187 2921 3242 fuit
2973 3187 3261 3242 multitudo
3293 3187 3345 3240 in
3376 3199 3613 3241 commu-

317 3277 520 3336 hentes
547 3282 744 3336 anima:
774 3297 943 3336 meae:
985 3283 1301 3352 aperiantur
1347 3280 1665 3337 confusione
1721 3291 1776 3338 et
1821 3299 1919 3352 pu-
1947 3276 1992 3341 C
2025 3283 2321 3338 tationibus
2359 3283 2826 3338 eorum.Posuisti
2879 3300 2976 3338 nos
3023 3281 3370 3353 opprobrium
3416 3280 3613 3335 vicinis

316 3370 495 3440 dore,
544 3375 633 3444 qui
687 3385 938 3446 qurcrunt
967 3376 1274 3430 malamihi.
1309 3377 1421 3448 Ego
1468 3385 1647 3432 autem
1707 3393 1922 3448 semper

318 3467 561 3536 sperabo
594 3485 607 3521 :
637 3473 691 3522 et
733 3467 982 3538 adjiciam
1033 3483 1196 3538 super
1233 3483 1448 3524 onmem
1485 3469 1698 3524 laudem
1749 3477 1916 3523 tuam.

318 3553 405 3611 Os
453 3572 630 3611 meum
684 3559 1028 3612 annuntiabit
1076 3557 1345 3627 justitiam
1429 3569 1620 3615 tuam:
1675 3569 1784 3614 tota
1835 3561 1923 3615 die

318 3643 570 3702 salutare
600 3656 768 3702 tuum.
801 3647 1066 3716 Quoniam
1095 3665 1201 3704 non
1241 3651 1468 3722 cognovi
1521 3651 1882 3705 litteraturam
1907 3692 1921 3717 ,

319 3731 567 3795 introibo
596 3741 651 3796 in
693 3743 966 3812 potentias
1015 3743 1230 3798 Domini
1258 3763 1270 3798 :
1297 3743 1524 3799 Domine
1581 3745 1925 3800 memorahor

319 3831 553 3898 Iustitiae
607 3839 711 3886 ture
764 3833 950 3888 solius.
984 3831 1127 3889 Deus
1179 3834 1409 3890 docuisti
1443 3851 1587 3891 mea
1638 3836 1925 3906 juventute

320 3937 454 3976 mea
482 3940 494 3974 :
530 3931 587 3978 et
615 3938 786 3992 usque
821 3940 966 3978 nunc
993 3925 1358 3995 pronuntiabo
1388 3925 1656 3980 mirabilia
1688 3934 1799 3980 tua.
1859 3926 1926 3979 Et

321 4007 506 4084 usque
535 4015 590 4070 in
613 4023 892 4071 senectam
939 4025 994 4072 et
1023 4019 1234 4072 senium
1262 4038 1275 4072 :
1308 4019 1452 4074 Deus
1483 4035 1552 4075 ne
1581 4019 1926 4089 derelinquas

322 4123 441 4162 me.
474 4103 656 4161 Donec
691 4105 1008 4162 annuntiem
1059 4108 1341 4164 brachium
1382 4120 1532 4165 tuum
1584 4111 1925 4182 generationi

321 4199 503 4265 omni,
527 4215 647 4269 qut?
669 4209 897 4255 ventura
927 4208 1028 4255 est.
1059 4197 1364 4257 Potentiam
1394 4210 1541 4256 tuam
1574 4211 1628 4257 et
1658 4201 1928 4271 justitiam

325 4297 482 4346 tuam
515 4289 658 4348 Deus
685 4309 857 4364 usque
899 4295 953 4350 in
982 4295 1270 4363 altissima,
1301 4312 1420 4367 qua:
1448 4295 1622 4352 fecisti
1651 4339 1665 4361 ,
1698 4313 1932 4368 magna-

324 4383 408 4440 lia
442 4404 452 4438 :
485 4382 628 4440 Deus
647 4386 769 4456 quis
808 4385 1002 4466 similis
1032 4389 1164 4444 tibi?
1191 4387 1435 4457 Quantas
1477 4389 1765 4445 ostendisti
1795 4390 1929 4444 mihi

326 4475 721 4534 tribulationes
741 4479 938 4535 multas
959 4489 1013 4535 et
1053 4481 1258 4536 malas?
1294 4490 1349 4537 et
1374 4497 1670 4538 conversus
1692 4482 1932 4537 viviﬁca-

325 4569 412 4624 sti
444 4584 570 4625 me:
603 4577 658 4625 et
700 4569 766 4626 de
794 4573 1006 4644 abyssis
1050 4582 1209 4630 terra:
1254 4575 1449 4630 iterum
1499 4576 1766 4631 reduxisti
1819 4591 1926 4630 me.

2024 3376 2249 3438 nostris,
2280 3375 2764 3430 subsannationem
2793 3384 2846 3430 et
2872 3375 3108 3430 derisum
3133 3374 3239 3438 his,
3268 3373 3359 3443 qui
3404 3379 3526 3427 sunt
3557 3370 3611 3424 in

2023 3467 2254 3523 circuitu
2285 3477 2491 3520 nostro.
2527 3466 2762 3521 Posuisti
2792 3483 2890 3522 nos
2914 3465 2966 3520 in
2999 3465 3412 3520 similitudinem
3442 3463 3616 3535 genti-

2024 3557 2125 3612 bus
2151 3575 2164 3611 :
2195 3557 2613 3611 commotionem
2639 3557 2836 3626 capitis
2874 3558 2927 3610 in
2977 3573 3081 3627 pop
3106 3556 3205 3610 tlis.
3237 3555 3371 3609 Tota
3415 3555 3502 3608 die
3529 3567 3618 3608 ve-

2023 3651 2280 3704 recundia
2315 3665 2433 3703 mea
2461 3658 2651 3703 contra
2678 3667 2763 3704 me
2791 3659 2909 3704 est:
2943 3659 2998 3705 et
3016 3647 3263 3704 confusio
3294 3646 3449 3702 faciei
3481 3661 3615 3700 mete

2025 3739 2304 3810 cooperuit
2326 3756 2431 3794 me.
2451 3739 2496 3794 Α
2520 3755 2652 3795 voce
2671 3741 3050 3811 exprobrantis
3077 3748 3132 3796 et
3169 3737 3512 3808 obloquentis
3531 3779 3546 3804 ,
3585 3751 3616 3790 a

2027 3829 2166 3886 facie
2196 3829 2402 3885 inimici
2431 3839 2485 3887 et
2513 3835 2912 3902 persequentis.
2962 3831 3087 3886 Haec
3129 3831 3312 3886 omnia
3349 3835 3618 3885 venerunt

2028 3940 2193 3996 super
2221 3940 2340 3990 nos,
2373 3941 2473 3980 nec
2499 3925 2652 3980 obliti
2683 3942 2868 3981 sumus
2901 3933 2985 3991 te,
3045 3932 3098 3979 et
3140 3924 3327 3994 inique
3358 3938 3466 3977 non
3512 3920 3622 3994 egi-

2028 4035 2149 4075 mus
2172 4019 2226 4072 in
2250 4025 2584 4074 testamento
2610 4028 2720 4074 tuo.
2754 4019 2819 4073 Et
2847 4036 2956 4074 non
2977 4018 3204 4073 recessit
3226 4025 3372 4072 retro
3395 4031 3490 4070 cor
3520 4030 3615 4072 no-

2031 4103 2203 4170 strum
2233 4159 2247 4185 ,
2283 4122 2337 4167 et
2360 4113 2644 4168 declinasti
2673 4113 2896 4168 semitas
2927 4119 3143 4166 nostras
3165 4126 3195 4164 a
3219 4109 3302 4164 via
3329 4117 3436 4162 tua.
3481 4105 3619 4174 Quo-

2031 4210 2178 4264 niam
2203 4208 2501 4265 humiliasti
2530 4222 2630 4260 nos
2661 4206 2710 4258 in
2751 4204 2867 4259 loco
2889 4202 3230 4258 aﬂlictiouls:
3265 4209 3320 4256 et
3339 4196 3620 4269 cooperuit

2031 4320 2132 4360 nos
2160 4305 2348 4358 umbra
2372 4301 2582 4356 mortis.
2635 4299 2691 4355 Si
2733 4298 2885 4354 obliti
2931 4312 3118 4352 sumus
3171 4311 3368 4350 nomen
3405 4292 3498 4348 Dei
3529 4307 3602 4348 no

2031 4395 2134 4449 stri
2160 4409 2174 4448 :
2203 4402 2258 4450 et
2282 4395 2327 4448 si
2358 4392 2703 4448 extendimus
2728 4404 2919 4444 manus
2944 4397 3161 4443 nostras
3201 4385 3270 4444 ad
3308 4384 3475 4440 Deum
3497 4383 3626 4440 alie-

2033 4503 2183 4543 num.
2213 4487 2402 4542 Nonne
2429 4485 2572 4540 Deus
2592 4483 2833 4553 requiret
2850 4482 2989 4536 ista?
3015 4481 3130 4552 ipse
3159 4480 3304 4535 enim
3330 4477 3481 4534 novit
3501 4478 3622 4533 abs-

2033 4559 2251 4636 condita
2291 4578 2489 4634 cordis.
2525 4577 2791 4646 Quoniam
2849 4582 3070 4646 propter
3123 4581 3179 4628 te
3227 4571 3624 4627 mortificamur

333 4657 717 4731 Multiplicasti
771 4663 1232 4738 magnificentiam
1287 4675 1475 4721 tuam:
1525 4676 1582 4722 et
1627 4683 1925 4723 conversus
1957 4643 2008 4705 θ
2037 4680 2149 4728 tota
2205 4671 2341 4728 die:
2383 4670 2640 4726 aestimati
2695 4684 2884 4724 sumus
2942 4668 3083 4722 sicut
3136 4681 3266 4722 Oves
3305 4664 3619 4721 OCCiSiOIIiS-

327 4753 650 4807 consolatus
681 4769 741 4810 es
768 4771 873 4810 me.
899 4755 1031 4810 Nam
1059 4766 1115 4812 et
1139 4773 1239 4830 ego
1263 4758 1565 4816 conﬁtebor
1587 4761 1680 4814 tibi
1705 4761 1758 4815 in
1782 4760 1926 4814 vasis

328 4843 534 4914 psalmi
577 4845 860 4900 veritatem
889 4857 1031 4902 tuam
1050 4850 1192 4906 Deus
1220 4870 1232 4906 :
1263 4851 1487 4921 psallam
1511 4852 1606 4907 tibi
1639 4853 1692 4906 in
1717 4853 1926 4907 cithara

332 4943 570 4990 sanctus
598 4933 784 4993 Israel.
831 4937 1190 4995 Exsultabunt
1243 4943 1382 4997 labia
1414 4960 1531 4999 mea
1551 4985 1564 5009 ,
1595 4961 1717 4998 cum
1747 4954 1930 4999 canta—

329 5041 474 5081 vero
503 5027 601 5081 tibi
629 5069 640 5082 .
668 5037 724 5083 et
751 5029 931 5085 anima
985 5047 1126 5098 mea,
1159 5048 1320 5103 quam
1368 5035 1670 5090 redemisti.
1719 5035 1830 5090 Sed
1875 5043 1930 5091 et

330 5123 528 5194 lingua
555 5141 673 5181 mea
701 5134 810 5180 tota
835 5128 921 5182 die
939 5129 1288 5185 meditabitur
1309 5131 1580 5201 justitiam
1613 5139 1783 5196 tuam,
1809 5147 1932 5186 cum

335 5218 561 5274 confusi
611 5227 666 5274 et
689 5221 914 5274 reveriti
961 5221 1185 5288 fuerint,
1220 5225 1310 5293 qui
1338 5233 1587 5294 quaerunt
1610 5224 1747 5279 mala
1781 5223 1932 5278 mihi.

425 5307 490 5362 Ut
514 5327 694 5380 supra.
727 5311 806 5366 'l‘u
837 5328 920 5378 es,
945 5312 1193 5378 Domine,
1225 5313 1489 5387 refugium
1519 5331 1729 5381 meum;
1781 5333 1810 5370 a
1843 5315 1939 5370 tri-

333 5401 650 5468 bulatione,
680 5419 800 5474 quae
817 5405 1176 5462 circumdedit
1204 5424 1312 5473 me,
1345 5409 1634 5464 exsultatio
1661 5424 1780 5464 mea
1809 5425 1938 5465 erue

337 5512 443 5552 me
467 5512 500 5551 a
529 5496 993 5555 circumdantibus
1007 5516 1111 5556 me.
1128 5499 1208 5557 Ne
1235 5503 1578 5572 derelinquas
1590 5518 1696 5567 me,
1714 5502 1940 5558 Domine

337 5589 502 5646 Dens
521 5605 695 5657 meus,
724 5607 792 5646 ne
820 5592 1140 5649 discesseris
1166 5611 1196 5649 a
1228 5611 1333 5652 me.
1375 5594 1603 5651 Intende
1633 5594 1689 5648 in
1734 5594 1942 5666 adjuto-

339 5680 500 5736 rium
517 5696 720 5749 meum,
745 5681 972 5741 Domine
1000 5685 1190 5742 salutis
1219 5702 1372 5742 meat.

429 5797 639 5854 Oratio.
666 5798 996 5856 lmmensam
1026 5800 1426 5856 multitudinem
1467 5797 1768 5856 dulcedinis
1792 5804 1900 5854 tuae
1923 5839 1938 5864 ,

642 5886 894 5958 nmine,
925 5889 1240 5960 suppliciter
1258 5903 1578 5958 exoramus;
1607 5896 1668 5944 ut
1710 5890 1838 5945 dum
1857 5905 1946 5948 ve-

2036 4762 2299 4834 Exsurge,
2316 4777 2482 4832 quare
2505 4759 2780 4816 obdormis
2805 4758 3064 4812 Domine?
3092 4772 3344 4828 exsurge,
3372 4765 3426 4812 et
3454 4771 3522 4811 ne
3545 4771 3625 4812 re-

2034 4854 2204 4928 pellas
2231 4854 2284 4907 in
2311 4852 2493 4906 ﬁnem.
2528 4850 2707 4918 Quare
2733 4849 2922 4904 faciem
2960 4856 3106 4903 tuam
3148 4847 3386 4930 avertis:
3437 4845 3626 4904 oblivi-

2039 4948 2209 5004 sccris
2234 4946 2427 5016 inopite
2471 4952 2689 5007 nostra,
2713 4951 2768 4998 et
2807 4941 3173 4998 tribulationis
3225 4941 3460 5002 nostrae?
3484 4940 3627 5009 Quo-r

2041 5046 2188 5102 niam
2214 5042 2497 5098 lmmiliata
2532 5048 2618 5095 est
2657 5039 2712 5093 in
2741 5039 2965 5110 pulvere
3013 5038 3195 5093 anima
3233 5047 3419 5093 nostra
3448 5055 3462 5091 :
3497 5049 3625 5092 cou-

2036 5136 2333 5208 glutinatus
2371 5141 2455 5188 est
2494 5133 2720 5186 interra
2760 5139 2952 5186 venter
2993 5138 3204 5186 noster.
3233 5129 3498 5198 Exsurge,
3525 5125 3629 5182 Do-

2038 5229 2207 5292 mine,
2239 5227 2431 5296 atljuva
2479 5239 2578 5279 nos
2612 5242 2624 5278 :
2655 5231 2712 5278 et
2749 5222 2958 5280 redime
3007 5237 3108 5278 nos
3149 5228 3370 5292 propter
3423 5231 3625 5275 nomen

2042 5326 2214 5374 tuum.

2115 5407 2183 5462 Ut
2218 5424 2398 5480 supra.
2427 5406 2572 5478 Deus
2611 5406 2664 5459 in
2704 5404 2925 5460 nomine
2977 5410 3069 5458 tuo
3125 5401 3331 5458 salvum
3380 5413 3468 5454 me
3517 5395 3624 5452 fac.

2043 5501 2187 5557 Deus
2241 5500 2436 5556 exaudi
2498 5497 2803 5554 orationem
2870 5510 3080 5560 meam;
3146 5491 3369 5548 auribus
3409 5489 3631 5562 percipe

2041 5595 2208 5651 verba
2231 5593 2344 5650 oris
2372 5593 2502 5648 mei.

2116 5705 2320 5762 Oratio.
2353 5706 2616 5776 Exsurge,
2642 5703 2890 5767 Domine,
2917 5699 2976 5756 in
2991 5698 3254 5754 auxilium
3270 5703 3550 5765 nostrum;
3573 5707 3631 5758 et

2041 5817 2175 5857 erue
2203 5815 2304 5856 nos
2337 5799 2409 5854 ab
2429 5795 2735 5868 opprobriis
2769 5795 3026 5850 vitiorum
3055 5809 3071 5848 :
3103 5799 3163 5850 et
3197 5791 3291 5864 qui
3319 5805 3504 5852 noram
3534 5807 3632 5864 pa-

2043 5893 2218 5948 tribus
2247 5889 2452 5944 nostris
2505 5887 2848 5944 inimicarum
2885 5885 3130 5960 gentium
3160 5901 3326 5959 regna
3363 5883 3564 5951 vicisti.
3593 5899 3627 5939 ι
