4038 6336
441 396 551 455 535

1293 388 1353 445 Β.
1391 388 1455 445 F.
1478 384 1706 444 ALBINI
1746 384 1876 443 SEU
1918 383 2193 442 ALCUIM
2230 382 2516 442 OPERUM
2552 382 2734 441 PARS
2767 380 2857 440 IV.

3618 384 3725 443 530

439 534 899 612 persequentibus
923 529 1159 589 inimicis
1182 527 1369 586 vultus
1398 528 1478 585 tui
1507 526 1906 583 illuminatione
1932 538 2031 580 nos
2056 509 2195 585 A'ut
2242 531 2294 580 te
2334 532 2389 581 et
2414 540 2642 596 vespere
2677 532 2734 579 et
2784 537 2945 578 mane
2970 561 2986 587 ,
3024 521 3356 612 meridieque
3396 521 3723 595 laudantes,

444 632 617 705 eripe.
644 630 751 687 Per
771 626 1080 687 Dominum.

1079 715 1417 775 PSALMUS.

515 818 696 892 (PSAL.
723 816 857 889 Liv.)
884 812 1097 869 Exaudi
1120 812 1286 877 Deus,
1326 809 1631 866 orationem
1653 823 1855 874 meam,
1886 814 1941 863 et
1964 821 2035 864 ne

442 908 761 982 despexeris
786 904 1225 977 deprecationem
1252 917 1454 969 meam,
1482 901 1707 956 intende
1751 900 1885 954 mihi
1914 939 1931 963 ,
1977 905 2034 954 et

441 1004 637 1063 exaudi
666 999 1153 1058 me.Contristatus
1179 1013 1300 1053 sum
1347 997 1403 1051 in
1430 995 1824 1052 exercitatione
1876 1009 2029 1049 mea:

442 1108 500 1158 et
520 1099 875 1157 conturbatus
904 1110 1026 1150 sum
1046 1108 1077 1148 a
1108 1107 1240 1147 voce
1282 1090 1515 1156 inimici,
1537 1097 1593 1145 et
1627 1104 1656 1143 a
1684 1086 2034 1143 tribulatione

440 1191 765 1264 peccatoris.
802 1186 1067 1255 Quoniam
1108 1185 1517 1241 declinaverunt
1570 1183 1627 1237 in
1657 1198 1744 1237 me
1782 1182 2036 1251 iniquita-

442 1290 565 1340 tes:
597 1290 654 1338 et
672 1280 728 1337 in
753 1280 835 1335 ira
860 1276 1076 1334 molesti
1105 1284 1258 1332 erant
1288 1275 1439 1330 mihi.
1474 1273 1581 1329 Cor
1608 1289 1786 1329 meum
1817 1282 2037 1327 contur-

441 1375 631 1430 batum
667 1378 753 1428 est
779 1370 836 1426 in
866 1384 992 1425 me:
1022 1375 1078 1424 et
1113 1366 1345 1422 formido
1398 1365 1590 1420 mortis
1633 1362 1831 1419 cecidit
1870 1377 2035 1432 super

442 1482 551 1521 me.
582 1465 767 1519 Timor
793 1469 848 1519 et
889 1469 1087 1517 tremor
1115 1466 1383 1514 venerunt
1403 1472 1568 1527 super
1617 1471 1705 1510 me
1730 1474 1742 1509 :
1774 1462 1829 1509 et
1851 1462 2035 1508 conte-

442 1564 643 1612 xerunt
669 1569 756 1609 me
785 1552 1042 1609 tenebrae.
1074 1550 1143 1605 Et
1171 1549 1309 1614 dixi,
1339 1547 1463 1619 quis
1491 1546 1643 1601 dabit
1666 1544 1799 1598 mihi
1826 1558 2033 1613 pennas

442 1648 585 1703 sicut
648 1644 945 1702 columbae:
977 1649 1033 1698 et
1086 1641 1314 1706 volabo,
1357 1648 1414 1695 et
1467 1636 1843 1708 requiescam?
1894 1636 2034 1690 Ecce

443 1739 690 1810 elongavi
715 1736 947 1809 fugiens,
987 1741 1042 1791 et
1072 1734 1250 1790 mansi
1278 1733 1333 1787 in
1394 1732 1701 1787 solitudine.
1746 1730 2035 1799 Exspecta-

442 1831 570 1887 bam
593 1845 739 1895 eum,
771 1844 864 1899 qui
885 1826 1093 1883 salvum
1120 1840 1208 1880 me
1239 1823 1369 1879 fecit
1397 1839 1427 1876 a
1456 1821 1904 1892 pusillanimitate
1929 1820 2033 1890 spi-

2137 633 2444 673 mereamur
2467 618 2537 673 ab
2571 617 2731 675 huius
2767 614 2950 672 saeculi
2975 608 3389 686 tempestatibus
3422 613 3721 677 defensari,

2134 706 2261 765 Per.
3060 736 3063 739 <

2763 848 3100 909 PSALMUS.

2206 994 2386 1068 (PSAL.
2421 993 2532 1068 ιν.)
2570 995 2832 1052 Miserere
2882 997 2991 1052 mei
3029 996 3195 1063 Deus,
3219 998 3475 1068 quoniam
3511 1001 3727 1057 concul-

2134 1091 2281 1145 vavit
2316 1106 2403 1145 me
2432 1090 2594 1144 homo
2620 1109 2632 1145 :
2668 1098 2783 1146 tota
2836 1090 2925 1146 die
2957 1091 3277 1162 impugnans
3305 1092 3588 1148 tribulavit
3617 1110 3720 1149 me.

2134 1179 2601 1236 Cunculcaverunt
2624 1198 2710 1237 me
2743 1182 2951 1237 inimici
3009 1184 3113 1239 mei
3145 1192 3257 1238 tota
3307 1184 3394 1239 die
3421 1204 3433 1240 :
3464 1188 3723 1256 quoniam

2134 1271 2291 1325 multi
2326 1271 2589 1327 bellantes
2632 1274 2918 1328 adversum
2943 1290 3049 1330 me.
3086 1274 3167 1329 Ab
3194 1275 3481 1333 altitudine
3530 1278 3638 1333 diei
3663 1280 3727 1334 ti-
3808 1351 3815 1357 ο

2135 1362 2294 1416 mebo
2323 1380 2336 1415 :
2372 1378 2470 1434 ego
2504 1379 2635 1418 vero
2664 1363 2716 1417 in
2744 1372 2796 1419 te
2831 1366 3081 1433 sperabo.
3112 1365 3167 1419 ln
3197 1365 3307 1421 Deo
3348 1366 3581 1423 laudabo
3606 1385 3722 1424 ser-

2135 1468 2326 1508 mones
2358 1470 2530 1520 meos,
2565 1456 2617 1509 in
2667 1454 2777 1509 Deo
2806 1457 3021 1526 speravi
3051 1475 3063 1511 :
3098 1473 3205 1512 non
3246 1459 3471 1524 timebo,
3495 1461 3627 1530 quid
3651 1460 3726 1516 fa-

2132 1544 2244 1600 ciat
2268 1546 2400 1599 mihi
2435 1562 2580 1601 caro.
2618 1546 2751 1601 Tota
2777 1549 2864 1603 die.
2892 1550 3059 1604 verba
3113 1566 3231 1606 mea
3254 1554 3719 1612 exseCrabantur:

2134 1637 2419 1692 adversum
2452 1654 2539 1693 me
2569 1654 2759 1694 omnes
2803 1641 3165 1712 cogitationes
3192 1659 3379 1699 eorum
3407 1646 3463 1700 in
3498 1646 3717 1705 malum.

2134 1727 2516 1783 lnliabitabunt
2547 1737 2601 1784 et
2625 1731 2995 1786 abscondent:
3035 1733 3138 1803 ipsi
3182 1735 3491 1792 ealcaneum
3542 1756 3720 1796 meum

2134 1818 2515 1873 observabunt.
2544 1820 2695 1875 Sicut
2724 1824 3101 1879 sustinuerunt
3126 1827 3364 1882 animum
3403 1844 3722 1902 meam,pro

441 1926 583 1981 ritus
604 1932 659 1979 et
689 1890 1030 1994 tempestate.
1062 1919 1370 1989 Praecipita,
1396 1890 1652 1980 Domine,
1704 1912 1885 1968 divide
1929 1912 2032 1965 lin-
2061 1890 2108 1951 Β
2135 1909 2303 1963 nihilo
2333 1909 2511 1966 salvos
2538 1910 2705 1968 facies
2732 1912 2850 1969 illos
2878 1934 2889 1969 :
2923 1916 2976 1969 in
3030 1917 3109 1971 ira
3134 1919 3359 1988 populos
3384 1890 3720 1995 confringes.

441 2030 575 2086 guas
595 2029 799 2069 eorum.
839 2011 1105 2079 Quoniam
1132 2009 1241 2065 vidi
1270 2006 1615 2078 iniquitatem
1662 2011 1716 2058 et
1760 2001 2031 2058 contradi-

439 2106 678 2162 ctionem
705 2106 760 2161 in
791 2105 1027 2161 civitate.
1059 2103 1157 2157 Die
1203 2118 1266 2156 ac
1293 2108 1453 2156 nocte
1505 2097 1863 2153 circumdabit
1907 2111 2028 2151 eam

440 2212 608 2266 super
634 2211 820 2251 muros
848 2194 965 2265 ejus
994 2194 1276 2264 iniquitas,
1298 2200 1354 2245 et
1394 2190 1545 2245 labor
1575 2189 1629 2243 in
1657 2188 1833 2243 medio
1877 2186 2026 2255 ejus,

442 2299 501 2347 et
550 2289 768 2358 justitia
793 2286 905 2361 [L.,
948 2284 1262 2357 injustitia].
1297 2285 1365 2338 Et
1405 2298 1513 2337 non
1568 2280 1767 2336 defecit
1806 2280 1872 2335 de
1919 2279 2030 2349 pla-

441 2383 546 2439 teis
572 2381 691 2453 ejus
719 2396 883 2436 usura
904 2388 959 2435 et
980 2379 1151 2434 dolus.
1182 2377 1450 2444 Quoniam
1481 2374 1529 2429 si
1571 2373 1826 2429 inimicus
1874 2388 2027 2428 meus

438 2473 812 2530 maledixisset
852 2471 1024 2525 mihi:
1058 2468 1443 2525 sustinuissein
1485 2466 1695 2536 utique.
1751 2464 1818 2518 Et
1868 2463 1915 2517 si
1944 2463 2025 2529 is,

440 2564 534 2636 qui
563 2563 755 2619 oderat
777 2578 886 2625 me,
910 2576 1071 2632 super
1095 2575 1183 2615 me
1197 2574 1387 2630 magna
1405 2557 1614 2641 locutps
1637 2554 1831 2611 luisset
1855 2573 1867 2609 :
1898 2555 2025 2609 abs-

438 2656 750 2713 condissem
794 2669 881 2709 me
910 2653 1141 2707 forsitan
1175 2652 1242 2705 ab
1276 2666 1361 2706 eo.
1421 2649 1501 2704 Tu
1529 2663 1660 2704 vero
1686 2648 1849 2703 homo
1898 2662 2029 2701 una-

438 2747 630 2812 nimis,
656 2746 763 2801 dux
783 2760 936 2800 meus
963 2752 1019 2799 et
1036 2749 1200 2798 notus
1244 2756 1417 2796 meus.
1450 2740 1550 2807 Qui
1605 2738 1767 2795 simul
1812 2753 2027 2794 mecum

439 2843 623 2901 dulces
648 2842 901 2913 capiebas
948 2841 1142 2896 cibos:
1176 2839 1231 2893 in
1271 2838 1431 2893 domo
1486 2835 1583 2891 Dei
1634 2834 2026 2890 ambulavimus

438 2953 560 2994 cum
581 2951 870 2993 consensu.
886 2932 1082 2989 Veniat
1101 2946 1247 2986 mors
1260 2945 1421 3000 super
1435 2927 1553 2983 illos
1580 2945 1593 2981 :
1620 2933 1675 2981 et
1695 2924 2027 2981 descendant

439 3026 499 3083 in
531 3026 804 3082 infernum
834 3024 1100 3079 viventes.
1129 3019 1398 3089 Quoniam
1441 3016 1697 3088 nequitim
1723 3016 1779 3071 in
1820 3016 2029 3070 habita-

437 3120 577 3174 culis
604 3134 792 3175 eorum
830 3117 887 3173 in
912 3116 1091 3172 medio
1136 3128 1343 3170 eorum.
1376 3112 1489 3183 Ego
1512 3119 1695 3166 autem
1743 3111 1811 3165 ad
1856 3110 2026 3164 Deum

2130 1999 2270 2055 Deus
2296 2002 2462 2056 vitam
2498 2019 2673 2058 meam
2719 2008 3035 2062 annuntiavi
3076 2010 3173 2065 tibi
3205 2029 3218 2064 :
3256 2014 3486 2082 posuisti
3544 2014 3719 2088 lacry-

2128 2111 2245 2151 mas
2269 2112 2415 2151 meas
2441 2098 2496 2151 in
2529 2108 2823 2169 conspectu
2853 2112 2963 2156 tuo.
2994 2103 3150 2159 Sicut
3185 2112 3241 2160 et
3270 2106 3326 2160 in
3350 2108 3721 2177 promissione

2129 2194 2260 2241 tua:
2292 2196 2417 2244 tunc
2459 2198 2845 2246 convertentur
2875 2193 3082 2249 inimici
3131 2195 3239 2251 mei
3292 2205 3611 2252 retrorsum.
3654 2198 3715 2255 In

2128 2294 2449 2351 quacunque
2470 2282 2558 2338 die
2583 2284 2905 2341 invocavero
2933 2293 2985 2342 te
3012 2305 3024 2340 :
3060 2303 3187 2343 ecce
3209 2290 3436 2361 cognovi
3461 2291 3720 2361 quoniam

2127 2370 2270 2429 Deus
2301 2390 2453 2430 meus
2478 2376 2631 2431 es.ln
2647 2378 2754 2433 Deo
2787 2378 3013 2435 laudabo
3036 2383 3285 2448 verbum,
3302 2383 3355 2437 in
3372 2383 3725 2440 Dominolau-
3788 2422 3795 2427 -

2127 2463 2267 2520 dabo
2293 2482 2599 2524 sermonem
2626 2488 2638 2523 :
2668 2471 2722 2524 in
2761 2470 2873 2526 Deo
2927 2473 3161 2541 speravi,
3197 2489 3304 2530 non
3335 2473 3559 2541 timebo,
3588 2475 3722 2545 quid

2126 2553 2291 2611 faciat
2311 2558 2444 2612 mihi
2481 2560 2661 2615 homo.
2697 2561 2752 2615 ln
2792 2577 2879 2617 me
2928 2570 3055 2617 sunt
3093 2562 3236 2620 Deus
3270 2572 3395 2618 vota
3422 2572 3515 2619 tua
3546 2582 3561 2631 ;
3599 2580 3723 2637 quae

2125 2646 2348 2701 reddam
2379 2647 2718 2704 laudationes
2755 2650 2874 2705 tibi.
2904 2650 3172 2719 Quoniam
3208 2653 3456 2723 eripuisti
3481 2655 3723 2717 animam

2126 2752 2304 2793 meam
2331 2738 2398 2794 de
2418 2747 2617 2805 morte,
2642 2748 2697 2795 et
2723 2742 2886 2811 pedes
2910 2759 3059 2798 meos
3086 2743 3154 2800 de
3182 2744 3355 2815 lapsu,
3384 2753 3444 2799 ut
3470 2745 3719 2816 placeam

2125 2846 2308 2885 coram
2346 2831 2456 2887 Deo
2484 2833 2538 2887 in
2569 2832 2772 2890 lumine
2795 2835 3113 2892 viventium.

2199 2921 2269 2977 Ut
2292 2941 2471 2995 supra.
2504 2925 2768 2993 Quoniam
2794 2928 3037 2998 probasti
3083 2945 3183 2984 nos
3211 2930 3353 2985 Deus
3373 2971 3388 2996 ,
3444 2930 3572 3002 igne
3618 2945 3722 2989 nos

2126 3017 2474 3084 examinasti,
2506 3019 2647 3073 sicut
2699 3020 3041 3075 examinatur
3084 3031 3387 3092 argentum.
3451 3022 3720 3082 lnduxisti

2126 3124 2226 3162 nos
2254 3108 2309 3163 in
2349 3109 2620 3179 laqueum,
2648 3112 2875 3180 posuisti
2909 3112 3287 3169 tribulationes
3329 3114 3383 3170 in
3421 3116 3586 3171 dorso
3629 3132 3723 3172 no-

436 3209 663 3265 clamavi
691 3228 703 3263 :
735 3215 789 3264 et
809 3207 1070 3262 Dominus
1097 3203 1326 3260 salvabit
1352 3217 1458 3256 me.
1487 3202 1723 3272 Vespere
1751 3209 1807 3255 et
1826 3216 2017 3264 mane,
2050 3245 2096 3311 Ο
2127 3206 2243 3253 stz'o
2274 3218 2286 3252 :
2322 3200 2628 3269 imposuisti
2666 3200 2914 3257 homines
2963 3218 3127 3272 super
3167 3205 3348 3273 capita
3377 3212 3588 3260 nostra.
3644 3206 3719 3265 Da

649 3302 660 3311 ·
686 3302 716 3311 ⁵·
966 3298 977 3311 1
1091 3302 1103 3311 ι
1272 3310 1279 3311 κ
1306 3292 1466 3311 νΔ9-Ι--
1496 3310 1501 3311 .
1541 3298 1584 3311 Α.
1647 3291 1883 3311 -_-_-.I!_a
1936 3305 1996 3311 --.ι
2130 3292 2281 3311 ,-Α1.ε-
2336 3291 2521 3311 “,Α-εῃ
2544 3308 2557 3311 -
2619 3292 2811 3311 --ξηξιὲη
2856 3310 2864 3311 κ
2932 3294 2950 3311 J
3030 3302 3042 3311 Α
3087 3295 3117 3311 'I
3178 3295 3191 3311 Ι
3235 3296 3270 3311 ι·
3508 3308 3518 3311 -

437 3311 494 3359 et
529 3302 755 3358 meridie
800 3298 1033 3353 narrabo
1056 3302 1110 3351 et
1141 3292 1505 3349 annuntiabo:
1533 3298 1588 3346 et
1639 3291 1891 3346 exaudiet
1936 3305 2025 3344 vo-

435 3412 555 3451 cem
587 3409 796 3451 meam:
839 3390 1085 3446 Redimet
1115 3388 1168 3442 in
1185 3402 1319 3459 pace
1342 3384 1582 3440 animam
1606 3400 1781 3443 meam
1808 3385 1876 3439 ab
1906 3384 2012 3449 his,

437 3489 530 3557 qui
592 3485 1027 3558 appropinquant
1086 3479 1222 3535 mihi
1268 3497 1280 3532 :
1336 3478 1590 3549 quoniam
1649 3477 1793 3532 inter
1827 3477 2023 3535 multos

440 3586 600 3633 erant
631 3591 861 3632 mecum.
902 3571 1167 3628 Exaudiet
1193 3570 1371 3635 Deus,
1410 3578 1464 3624 et
1500 3569 1807 3624 humiliabit
1860 3569 1979 3625 illos
2005 3611 2020 3637 ,

436 3670 531 3739 qui
567 3677 652 3723 est
688 3674 813 3721 ante
833 3664 1046 3721 saecula.
1080 3662 1199 3718 Non
1224 3662 1372 3718 enim
1396 3669 1484 3718 est
1511 3661 1617 3716 illis
1644 3663 2020 3728 commutatio,

438 3767 496 3816 et
532 3775 638 3814 non
670 3759 969 3813 timuerunt
998 3757 1168 3811 Deum
1195 3774 1207 3809 :
1239 3754 1485 3810 extendit
1520 3770 1740 3808 manum
1766 3770 1917 3809 suam
1964 3754 2020 3808 in

434 3850 742 3905 tribuendo.
796 3847 1311 3902 Contaminaverunt
1344 3852 1730 3901 testamentum
1782 3844 1920 3915 ejus,
1945 3844 2010 3899 di-

433 3943 538 3999 visi
578 3950 703 3998 sunt
728 3946 795 3997 ab
828 3942 907 3996 ira
950 3942 1132 3995 vultus
1165 3939 1282 4010 ejus
1309 3959 1322 3994 :
1354 3946 1409 3995 et
1443 3940 1893 4011 appropinquavit
1924 3955 2020 3994 cor

432 4037 596 4092 illius.
627 4034 816 4089 Molliti
844 4039 969 4088 sunt
1027 4047 1307 4087 sermones
1360 4030 1476 4099 ejus
1510 4046 1674 4100 super
1704 4031 1879 4087 oleum
1909 4050 1922 4085 :
1963 4039 2018 4087 et

430 4129 535 4199 ipsi
568 4134 694 4182 sunt
715 4124 913 4195 jacula.
952 4122 1104 4178 Jacta
1130 4139 1294 4193 super
1318 4122 1606 4176 Dominum
1628 4137 1813 4175 curam
1843 4128 2014 4188 tuam,

430 4228 487 4275 et
556 4219 672 4288 ipse
726 4225 780 4271 te
833 4217 1111 4271 enutriet:
1146 4231 1255 4269 non
1317 4215 1467 4270 dabit
1501 4214 1557 4268 in
1605 4220 1871 4269 aeternum
1922 4214 2019 4269 llu-

430 4311 763 4365 ctuationem
788 4307 956 4376 justo.
1008 4307 1087 4361 Tu
1118 4324 1247 4363 vero
1278 4307 1420 4362 Deus
1453 4307 1687 4363 deduces
1722 4324 1815 4363 eos
1843 4308 1896 4361 in
1923 4323 2017 4377 pu-

432 4409 581 4455 teum
616 4399 892 4453 interitus.
920 4397 1034 4453 Viri
1061 4399 1384 4468 sanguinum
1413 4406 1469 4453 et
1502 4398 1696 4465 dolosi,
1726 4415 1833 4454 non
1860 4399 2018 4454 dimi-

430 4491 658 4545 diabunt
684 4488 801 4543 dies
824 4502 974 4551 suos,
997 4500 1097 4557 ego
1126 4496 1307 4540 autem
1335 4488 1565 4556 sperabo
1596 4489 1651 4543 in
1686 4497 1737 4544 te
1766 4489 2010 4544 Domine.

2130 3292 2310 3356 nobis,
2336 3291 2586 3359 Domine,
2615 3292 2872 3347 auxilium
2919 3294 2985 3349 de
3030 3295 3412 3363 tribulatione;
3470 3308 3525 3353 et
3581 3314 3719 3357 vana

2128 3382 2273 3437 salus
2307 3382 2565 3436 hominis.

2198 3472 2401 3527 Oratio.
2431 3471 2711 3539 Transfer,
2726 3474 2976 3541 Domine,
3004 3476 3347 3547 iniquitatem
3380 3477 3600 3533 familiae
3625 3478 3719 3535 hu—

2114 3566 2207 3636 jus
2230 3569 2329 3622 sub
2367 3575 2580 3621 tuarum
2613 3568 2821 3623 alarum
2851 3570 3039 3624 umbra
3072 3571 3368 3641 sperantis,
3395 3578 3454 3625 ut
3489 3572 3713 3627 missam

2125 3659 2192 3714 de
2218 3659 2354 3713 coalo
2382 3660 2817 3715 misericordiam
2847 3670 3017 3727 tuam,
3043 3678 3072 3717 a
3116 3665 3492 3736 aequissimis,
3524 3666 3720 3737 quibus

2123 3749 2470 3816 insidiamur,
2495 3750 2666 3807 foveis
2690 3767 2964 3808 eruantur.
3000 3754 3121 3813 Per.

2190 3842 2403 3898 Liram’a
2428 3855 2485 3898 ut
2504 3863 2685 3917 supra.

2189 3933 2248 3988 In
2298 3935 2385 3990 die
2410 3936 2773 3994 tribulationis
2814 3955 2947 3995 mea:
2974 3941 3138 3996 Deum
3161 3942 3429 4013 exquisivi
3464 3945 3719 4004 manibus

2119 4030 2256 4086 meis
2279 4040 2438 4087 nocte
2462 4040 2649 4087 contra
2675 4050 2818 4099 eum,
2835 4043 2888 4090 et
2913 4052 3021 4091 non
3036 4052 3154 4092 sum
3169 4038 3448 4108 deceptus.
3479 4039 3715 4099 Domine

2118 4119 2261 4175 Deus
2300 4123 2561 4176 virtutum
2590 4164 2604 4189 ,
2651 4134 2908 4181 converte
2943 4142 3043 4183 nos
3074 4168 3089 4193 ,
3143 4136 3197 4183 et
3232 4130 3461 4185 ostende
3515 4129 3714 4187 faciem

2118 4221 2359 4281 tuam,et
2380 4216 2513 4272 salvi
2536 4218 2757 4273 erimus.
2786 4219 3013 4275 Domine
3037 4220 3180 4276 Deus
3202 4222 3492 4288 virtutum,
3508 4223 3709 4281 exaudi

2115 4307 2421 4363 orationem
2451 4323 2650 4373 meam,
2674 4310 2895 4366 auribus
2939 4313 3158 4382 percipe
3195 4311 3337 4368 Deus
3359 4312 3549 4369 Jacob.
3584 4314 3717 4371 Pro-

2116 4402 2291 4451 tector
2312 4400 2691 4469 nosteraspice
2708 4400 2938 4467 Deus,et
2966 4403 3178 4473 respice
3207 4404 3261 4458 in
3288 4403 3481 4460 faciem
3506 4405 3715 4465 Christi

2117 4487 2215 4540 tui.
2266 4486 2516 4559 Nunquid
2547 4491 2601 4545 in
2624 4500 2887 4548 aeternum
2918 4495 3174 4551 irasceris
3198 4497 3375 4562 nobis,
3401 4506 3496 4552 aut
3520 4507 3719 4555 exten-

505 4580 572 4635 Ut
598 4598 777 4653 supra.
811 4580 924 4651 Ego
960 4586 1143 4634 autem
1179 4580 1410 4634 cantabo
1441 4579 1811 4636 fortitudinem
1836 4589 2010 4649 tuam,
2044 4611 2095 4673 ο
2118 4580 2214 4635 des
2247 4581 2384 4634 iram
2414 4591 2562 4636 tuam
2594 4599 2622 4637 a
2651 4588 3009 4655 generatione
3038 4589 3091 4643 in
3106 4591 3553 4659 generationem?
3577 4592 3720 4650 Deus

427 4678 484 4728 et
506 4669 755 4727 exaltabo
790 4684 949 4724 mane
980 4668 1408 4724 misericordiam
1453 4677 1615 4723 tuam.
1650 4670 1784 4738 Quia
1837 4671 2011 4729 factus

426 4779 489 4820 es
516 4769 799 4833 susceptor
844 4776 1020 4826 meus,
1044 4768 1099 4814 et
1145 4759 1409 4831 refugium
1444 4776 1624 4815 meum
1652 4762 1708 4816 in
1736 4763 1823 4818 die
1848 4764 2013 4818 tribu-

426 4854 647 4910 lationis
677 4869 827 4908 mere.
862 4851 1092 4923 Adjutor
1128 4867 1303 4916 meus,
1335 4850 1433 4905 tibi
1461 4851 1845 4922 psallam,quia
1868 4853 2009 4909 Deus

424 4952 713 5014 susceptor
745 4959 897 4999 meus
933 4959 1014 5007 es,
1038 4942 1182 4998 Deus
1220 4958 1392 5008 meus,
1422 4943 1795 4999 misericordia
1829 4960 1967 4999 mea.

497 5037 702 5094 Oratio.
737 5037 1005 5092 Bellorum
1040 5035 1391 5094 invisibilium
1406 5037 1609 5105 optime
1644 5046 2010 5110 propugnator

421 5127 589 5198 Deus,
625 5130 717 5202 qui
770 5130 823 5183 in
848 5136 901 5182 te
942 5128 1260 5183 confitentes
1307 5129 1375 5183 ab
1420 5128 1657 5183 inimicis
1713 5128 1869 5183 obrui
1902 5145 2007 5184 non

419 5224 724 5293 permittis;
764 5229 1005 5292 exterge,
1038 5235 1346 5289 precamur,
1379 5219 1446 5273 ab
1476 5221 1644 5275 oculis
1667 5223 1868 5276 nostris
1901 5223 2005 5291 72

419 5310 643 5385 peCcata
681 5313 1071 5383 lacrymarum,
1108 5317 1163 5363 ut
1196 5309 1324 5363 dum
1384 5310 1624 5364 carnalia
1680 5312 1817 5366 bella
1852 5327 2004 5366 com-

419 5404 730 5471 primimus,
753 5402 968 5472 placere
994 5400 1092 5454 tibi
1136 5400 1190 5453 in
1215 5399 1414 5453 lumine
1468 5401 1763 5455 viventium
1795 5417 2005 5457 merea-

422 5512 558 5552 mur.
587 5498 711 5553 Per.

497 5586 633 5641 Alia.
667 5586 795 5644 Iesu
826 5587 1075 5652 Domine,
1102 5589 1191 5657 qui
1217 5594 1344 5642 ante
1387 5598 1581 5643 saecula
1608 5604 1730 5644 cum
1761 5590 1920 5647 Patre
1955 5602 2011 5648 et

422 5678 629 5748 Spiritu
666 5687 854 5735 sancto
876 5694 1103 5734 manens
1130 5719 1145 5745 ,
1207 5678 1684 5750 conditionemque
1715 5681 2005 5738 humanam

421 5771 747 5840 suscipiens,
772 5771 841 5825 ab
867 5770 1143 5826 unianimo
1177 5770 1443 5841 discipulo
1493 5770 1738 5841 proditus
1773 5781 2005 5830 mortem

421 5864 639 5921 subiisti
673 5879 772 5921 oro
794 5863 1026 5931 perditis
1054 5880 1067 5918 :
1096 5865 1292 5920 exaudi
1340 5865 1643 5922 orationem
1668 5867 1968 5939 supplicum
1988 5909 2001 5936 ,

2120 4679 2174 4725 tu
2211 4688 2506 4728 conversus
2530 4674 2828 4732 vivificabis
2877 4694 2996 4745 nos,
3021 4689 3073 4735 et
3106 4681 3258 4751 plebs
3308 4691 3398 4737 tua
3445 4683 3718 4741 laetabitur

2116 4763 2170 4817 in
2198 4770 2267 4818 te.
2294 4761 2530 4819 Ostende
2561 4766 2736 4832 nobis,
2762 4767 3010 4833 Domine,
3044 4771 3478 4827 misericordiam
3523 4781 3671 4829 tuam
3696 4815 3715 4844 ,

2116 4863 2171 4911 et
2202 4857 2440 4913 salutare
2469 4866 2617 4912 tuum
2643 4860 2708 4913 da
2752 4859 2929 4915 nobis.
2962 4860 3194 4931 Respice
3239 4864 3292 4918 in
3331 4880 3439 4929 me,
3470 4875 3526 4920 et
3558 4867 3717 4922 mise-

2115 4966 2236 5006 rere
2268 4953 2404 5017 mei;
2443 4952 2567 5023 quia
2605 4954 2798 5008 unicus
2829 4961 2883 5008 et.
2912 4970 3118 5025 pauper
3146 4972 3265 5011 sum
3315 4972 3435 5028 ego.
3470 4958 3717 5014 Tribula—

2119 5043 2296 5097 tiones
2325 5043 2503 5099 cordis
2534 5044 2641 5116 mei
2673 5043 3044 5113 multiplicata:
3088 5054 3234 5111 sunt,
3261 5046 3325 5101 de
3375 5049 3717 5105 necessitati-

2114 5134 2214 5187 bus
2241 5134 2375 5189 meis
2402 5150 2532 5189 erue
2568 5151 2673 5189 me.
2726 5135 2954 5206 Adjutor
2999 5153 3152 5191 meus
3196 5145 3339 5203 esto,
3366 5155 3437 5194 ne
3472 5139 3712 5195 derelin-

2113 5236 2248 5291 quas
2286 5239 2392 5288 me,
2420 5239 2595 5293 neque
2619 5225 2885 5295 despicias
2917 5243 3022 5292 me,
3057 5228 3200 5284 Deus
3229 5230 3487 5285 salutaris
3524 5247 3708 5288 meus.

2111 5313 2224 5385 Ego
2261 5323 2441 5369 autem
2472 5315 2526 5369 in
2566 5323 2619 5371 te
2656 5319 2894 5387 speravi,
2920 5318 3169 5384 Domine,
3198 5320 3309 5375 dixi
3340 5340 3351 5375 :
3386 5321 3529 5377 Deus
3551 5338 3711 5381 meus

2110 5420 2169 5461 es
2186 5414 2266 5470 tu,
2295 5406 2350 5458 in
2372 5407 2620 5462 manibus
2652 5409 2758 5462 tuis
2775 5417 2949 5465 sortes
2974 5425 3123 5464 meae.
3143 5411 3306 5481 Eripe
3332 5427 3420 5468 me
3450 5413 3515 5469 de
3543 5429 3713 5469 manu

2113 5496 2456 5551 inimicorum
2485 5512 2750 5562 meorum,
2782 5507 2835 5553 et
2878 5515 2906 5551 a
2935 5501 3391 5569 persequentibus
3437 5517 3543 5558 me.
3577 5502 3711 5557 lllu-

2112 5594 2227 5643 stra
2263 5586 2456 5643 faciem
2489 5596 2636 5643 tuam
2667 5606 2827 5660 super
2883 5605 3099 5646 servum
3149 5604 3322 5657 tuum,
3355 5593 3565 5648 salvum
3615 5608 3712 5651 me

2111 5677 2197 5733 fac
2230 5680 2284 5733 in
2316 5679 2688 5735 misericordia
2748 5687 2859 5746 tua,
2910 5681 3170 5748 Domine,
3229 5698 3338 5737 non
3364 5682 3705 5751 confundat,

2110 5771 2366 5843 quoniam
2398 5770 2641 5825 invocavi
2704 5778 2775 5826 te.
2812 5769 2889 5826 Ne
2942 5772 3284 5839 memineris,
3312 5772 3564 5839 Domine,
3602 5773 3711 5829 ini-

2110 5862 2384 5936 quitatum
2404 5868 2715 5918 nostrarum
2737 5864 3109 5934 antiquarum,
3135 5864 3247 5921 cito
3269 5865 3575 5936 anticipent
3598 5880 3704 5924 nos
