4038 6336
281 388 385 448 537

1270 388 1664 448 LITURGICA.
1703 422 1773 433 —-
1809 392 2076 450 OFFICIA
2113 393 2251 450 PER
2284 395 2555 454 FERIAS.

3431 405 3542 467 558

281 500 666 561 misericordia:
694 508 823 569 tuae,
847 501 974 572 quia
1008 516 1275 574 pauperes
1305 504 1435 559 facti
1462 521 1647 560 sumus
1669 506 1849 561 nimis.
1880 511 1930 570 Α
1956 518 2177 579 protege
2206 524 2311 574 me,
2342 526 2373 564 a
2400 510 2539 566 facie
2585 512 2892 584 impiorum,
2939 515 3030 586 qui
3056 532 3167 574 me
3211 517 3539 579 afﬂixerunt.

349 592 555 649 Oratio.
592 592 798 663 Adjuva
823 609 943 658 nos,
969 593 1110 649 Deus
1137 594 1388 651 salutaris
1410 605 1618 661 noster,
1640 606 1861 668 propter

277 689 505 758 gloriam
522 687 759 742 nominis
782 687 880 751 tui,
901 686 1148 753 Domine,
1176 687 1345 743 libera
1378 699 1569 755 nos,et
1595 691 1860 760 prepitius

278 793 397 841 esto
423 781 662 853 peccatis
685 781 889 836 nostris
911 788 1136 850 propter
1158 796 1354 837 nomen
1386 791 1554 837 tuum.
1603 782 1825 837 Dimitte
1844 823 1858 850 ,

276 876 443 940 Deus,
475 882 698 945 peccata
727 881 936 939 nostra,
959 882 1014 929 et
1041 874 1217 927 tribue
1249 874 1403 929 nobis
1432 875 1860 929 misericordiam

276 974 428 1021 tuam
466 966 578 1021 oris
594 964 764 1020 nostri
797 965 1117 1035 deprecatus
1144 965 1477 1036 alloquio,ac
1499 967 1862 1023 humilitatem

276 1057 523 1123 attende,
550 1056 763 1111 vincula
795 1055 965 1123 solve,
1002 1056 1197 1111 delicta
1246 1057 1364 1113 dele
1388 1099 1402 1123 ,
1458 1058 1863 1113 tribulationem

275 1148 503 1219 inspice,
543 1148 927 1203 adversitatem
958 1148 1177 1219 repelle,
1206 1147 1561 1219 effectumque
1587 1151 1864 1220 petitionis

275 1249 476 1297 nostne
508 1240 741 1311 largiens
770 1247 823 1295 et
851 1240 1114 1312 benignus
1133 1240 1432 1297 clementer
1451 1242 1665 1297 exaudi.
1702 1243 1824 1298 Per.

343 1332 700 1403 Omnipotens
726 1333 1056 1403 sempiterne
1072 1332 1233 1398 Deus,
1257 1335 1347 1403 qui
1371 1335 1629 1390 subvenis
1652 1335 1705 1389 in
1728 1334 1868 1404 peri-

190 1462 200 1472 -
273 1424 410 1481 culis
461 1433 515 1481 et
573 1425 995 1480 necessitatibus
1048 1425 1461 1492 laborantibus,
1523 1428 1865 1497 majestatem

276 1525 427 1570 tuam
462 1515 779 1586 suppliciter
802 1531 1110 1581 exoramus,
1135 1524 1195 1570 ut
1231 1517 1450 1572 mittere
1485 1517 1722 1589 digneris
1745 1533 1868 1572 san-

273 1617 424 1665 ctum
456 1607 707 1679 angelum
740 1618 911 1674 tuum,
941 1609 1033 1678 qui
1069 1625 1168 1664 nos
1200 1610 1255 1664 in
1282 1609 1550 1680 angustiis
1589 1618 1645 1664 et
1679 1625 1866 1665 neces-

272 1703 533 1761 sitatibus
560 1702 764 1757 nostris
801 1701 1140 1767 laborantes,
1173 1700 1636 1756 consolationibus
1684 1700 1865 1755 foveat

274 1796 405 1860 tuis,
443 1795 638 1865 quibus
671 1802 728 1850 et
752 1794 818 1850 de
861 1794 1118 1865 przesenti
1168 1794 1517 1850 tribulatione
1571 1810 1868 1866 consequa-

1961 598 2174 653 lnimici
2195 601 2300 653 mei
2324 600 2561 656 animam
2583 618 2759 659 meam
2787 605 3260 666 circumdederunt
3285 631 3296 664 :
3329 611 3541 683 adipem

1964 704 2119 743 suum
2173 690 2574 759 concluserunt,
2604 710 2665 749 os
2713 711 2898 751 eorum
2946 698 3183 756 locutum
3230 712 3315 759 est
3362 721 3543 774 snper-

1962 780 2126 835 hiam.
2159 781 2518 850 Projicientes
2560 801 2667 851 me,
2697 803 2842 843 nunc
2888 790 3359 849 circumdederunt
3404 813 3490 851 me
3524 815 3537 851 :

1965 872 2147 927 oculos
2176 889 2304 928 suos
2334 877 2925 934 statueruntdeclinare
2957 881 3010 935 in
3034 891 3254 939 terram.
3283 884 3544 957 Suscepe-

1965 972 2091 1017 runt
2120 979 2205 1019 me
2234 966 2373 1020 sicut
2401 966 2485 1022 leo
2505 976 2727 1037 paratus
2754 971 2820 1024 ad
2852 974 3107 1041 pranlam,
3137 986 3193 1031 et
3229 978 3369 1033 sicut
3395 989 3543 1035 catu-

1965 1053 2048 1108 lus
2091 1054 2261 1111 leonis
2318 1056 2573 1112 habitans
2621 1059 2678 1114 in
2729 1062 2944 1117 abditis.
2997 1065 3261 1140 Exsurge,
3292 1070 3539 1137 Domine.

1965 1151 2201 1219 praeveni
2243 1160 2481 1217 eum,et
2530 1154 2810 1223 supplanta
2862 1172 2985 1211 eum
3037 1177 3049 1212 :
3106 1162 3254 1231 eripe
3305 1166 3542 1221 animam

1964 1257 2141 1297 meam
2172 1243 2239 1297 ab
2260 1243 2443 1314 impio,
2477 1244 2737 1300 frameam
2781 1254 2929 1301 tuam
2977 1250 3045 1303 ab
3075 1251 3312 1307 inimicis
3349 1271 3542 1311 manus

1966 1344 2088 1390 ture.
2116 1336 2341 1392 Domine
2368 1353 2397 1391 a
2444 1339 2630 1408 paucis
2674 1339 2740 1394 de
2791 1349 2936 1395 terra
2977 1342 3156 1398 divide
3205 1361 3299 1400 eos
3340 1348 3393 1401 in
3433 1350 3540 1403 vita

1966 1443 2193 1484 eorum:
2228 1429 2293 1483 de
2336 1430 2668 1485 absconditis
2709 1433 2815 1487 tuis
2858 1434 3179 1504 adimpletus
3229 1446 3312 1491 est
3354 1448 3543 1495 venter
3577 1472 3583 1479 -

1967 1534 2176 1575 eorum.
2210 1519 2447 1575 Satnrati
2478 1532 2606 1577 sunt
2640 1523 2765 1579 ﬁliis
2796 1543 2809 1579 :
2840 1532 2895 1579 et
2923 1526 3247 1582 dimiserunt
3283 1529 3541 1599 reliquias

1968 1629 2095 1671 suas
2124 1615 2358 1685 parvulis
2386 1616 2517 1670 suis.
2549 1617 2660 1688 Ego
2698 1626 2877 1672 autem
2927 1618 2981 1672 in
3017 1620 3227 1689 justitia
3275 1622 3544 1691 apparebo

1968 1706 2281 1774 conspectui
2306 1714 2395 1760 tuo
2421 1726 2433 1761 :
2458 1708 2722 1773 satiabor,
2750 1726 2871 1763 cum
2901 1711 3209 1779 apparuerit
3233 1711 3400 1782 gloria
3430 1721 3538 1768 tua.

2040 1792 2107 1847 Ut
2133 1812 2312 1865 supra.
2357 1796 2468 1867 Ego
2513 1797 2644 1862 dixi,
2676 1798 2920 1863 Domine,
2946 1799 3207 1852 miserere
3255 1800 3380 1865 mei,
3410 1816 3543 1854 sana

271 1905 397 1945 mur
421 1888 682 1943 auxilium
709 1930 724 1955 ,
781 1895 836 1945 et
881 1895 1085 1945 aiterna
1115 1890 1353 1946 remedia
1404 1890 1861 1961 comprehendere
1891 1870 1937 1935 Β
1963 1890 2199 1943 animam
2258 1906 2454 1946 meam.
2506 1892 2763 1947 Miserere
2811 1894 2936 1957 mei,
2964 1894 3211 1958 Domine,
3249 1903 3303 1949 et
3348 1895 3542 1949 exaudi

270 1981 572 2039 valeamus.
609 1980 737 2037 Per.‘

695 2095 799 2167 73
875 2113 1175 2192 FERIA
1253 2115 1401 2192 ΙΙΙ.

424 2267 505 2309 ΔΙ)
550 2265 878 2310 SPECIALES
926 2268 1278 2313 ORATIONBS
1321 2269 1695 2314 FACIENDAS.

345 2380 372 2409 ι
401 2368 660 2425 Miserere
692 2369 937 2436 Domine,
961 2371 1219 2428 miserere
1248 2371 1463 2429 Christe
1496 2391 1508 2427 :
1541 2380 1601 2428 tu
1644 2372 1864 2429 miseri-

273 2465 460 2521 cordia
483 2481 621 2531 mea,
655 2466 916 2522 miserere
941 2467 1074 2522 mihi
1099 2466 1253 2540 [Cod.
1269 2468 1691 2541 Reg.,miserere
1704 2467 1857 2541 mei].

276 2559 535 2616 Miserere
562 2559 808 2627 Domine,
832 2561 1091 2617 miserere
1112 2561 1359 2629 Christe;
1389 2570 1450 2617 ut
1470 2563 1688 2618 credam
1713 2563 1767 2617 in
1786 2570 1858 2617 te.

276 2650 535 2707 Miserere
563 2651 811 2718 Domine,
840 2653 1104 2708 miserere
1145 2653 1391 2721 Christe;
1444 2661 1506 2709 ut
1541 2654 1760 2726 diligam
1786 2662 1857 2710 te.

276 2742 536 2799 Miserere
566 2742 822 2810 Domine,
846 2744 1107 2800 miserere
1132 2742 1379 2811 Christe;
1433 2752 1495 2800 ut
1539 2760 1862 2817 cognoscam

276 2841 349 2888 te.
376 2831 635 2887 Miserere
660 2832 904 2900 Domine,
926 2835 1188 2891 miserere
1210 2835 1455 2902 Christe;
1484 2842 1545 2890 ut
1571 2850 1784 2905 sperem
1806 2835 1862 2890 in

278 2934 350 2981 te.
382 2924 645 2981 Miserere
684 2926 931 2993 Domine,
963 2928 1228 2985 miserere
1271 2926 1517 2995 Christe;
1576 2937 1637 2983 ut
1682 2929 1861 2983 anima

278 3029 397 3069 mea
430 3015 578 3070 vivat
600 3016 656 3070 in
681 3023 753 3071 te.
780 3015 1041 3072 Miserere
1062 3017 1310 3085 Domine,
1330 3019 1593 3074 miserere
1613 3018 1856 3086 Christe;

278 3118 337 3163 ut
364 3124 498 3163 caro
526 3124 648 3164 mea
674 3108 912 3164 exsultet
938 3109 995 3164 in
1044 3116 1115 3165 te.
1147 3108 1404 3166 Miserere
1424 3109 1673 3175 Domine,
1702 3110 1863 3165 mise-

277 3215 397 3257 rere
422 3199 671 3268 Christe;
702 3208 764 3255 ut
786 3202 896 3257 vita
922 3216 1044 3256 mea
1073 3199 1227 3273 [Cod.
1250 3200 1405 3272 Reg.,
1427 3210 1488 3257 ut
1511 3202 1691 3257 anima
1716 3201 1858 3275 mea]

279 3293 531 3365 proficiat
556 3295 612 3349 in
638 3303 691 3349 te
724 3293 1008 3366 [Μαντεηῶ
1033 3293 1347 3365 perficiatur
1372 3294 1428 3349 in
1460 3292 1555 3366 te].
1606 3294 1863 3351 Miserere

279 3383 511 3442 Domine
538 3386 681 3443 Deus
705 3387 890 3453 Pater,
915 3386 1085 3458 gloria
1113 3402 1255 3452 mea,
1287 3386 1399 3442 vita
1437 3400 1579 3440 mea.
1606 3384 1865 3441 Miserere

280 3479 496 3537 Christe
522 3476 789 3544 Salvator,
821 3478 966 3534 salus
980 3494 1120 3544 mea,
1156 3476 1415 3533 fortitudo
1445 3491 1584 3531 mea.
1611 3475 1865 3532 Miserere

277 3570 516 3642 Spiritus
540 3569 853 3641 paraclitus,
881 3569 1182 3626 consolatio
1209 3583 1351 3635 mea,
1374 3567 1697 3622 illuminatio
1720 3582 1860 3622 mea.

275 3665 539 3721 Miserere
560 3663 788 3719 Domine
814 3663 979 3728 Deus,
1013 3661 1251 3716 Trinitas
1276 3668 1332 3715 et
1356 3660 1557 3715 unitas.
1584 3659 1659 3714 Te
1680 3660 1861 3726 laudo,

275 3766 331 3813 te
358 3757 554 3822 adoro,
583 3763 635 3810 te
662 3754 942 3810 confiteor.
969 3752 1079 3808 Pax
1100 3767 1242 3817 mea,
1266 3767 1391 3822 spes
1416 3766 1558 3816 mea,
1581 3749 1699 3804 laus
1720 3765 1861 3817 mea,

274 3848 371 3904 lux
400 3863 543 3913 mea,
560 3844 903 3917 pulchritudo
930 3842 1367 3911 mea,beatitudo
1394 3855 1533 3897 mea.
1559 3840 1681 3895 Tibi
1710 3840 1858 3907 laus;

277 3941 375 3996 tibi
414 3939 610 4012 gloria,
634 3938 729 3993 tibi
757 3937 1054 4010 gratiarum
1080 3935 1223 3993 actio
1251 3948 1466 4005 semper
1490 3939 1546 3988 et
1569 3931 1766 4003 ubique
1805 3931 1862 3986 in

277 4032 483 4092 saecula
512 4031 866 4103 sempiterna.

348 4124 498 4181 Deus
517 4120 863 4192 adjutorium,
893 4130 992 4176 ter.

892 4231 1119 4290 PSALM
1129 4231 1232 4291 US.

348 4349 534 4422 (PSAL.
568 4346 701 4420 ιγι.)
733 4345 760 4385 δ
804 4346 1011 4401 Exaudi
1041 4345 1268 4402 Domine
1306 4342 1577 4414 justitiam
1620 4356 1798 4397 meam
1842 4359 1856 4396 :

277 4442 502 4498 intende
530 4440 967 4511 deprecationem
988 4454 1184 4494 meam.
1215 4437 1450 4492 Auribus
1482 4435 1702 4506 percipe
1743 4449 1864 4489 ora-

279 4537 487 4591 tionem
506 4548 715 4621 gneam,
746 4548 855 4586 non
887 4531 941 4585 in
972 4529 1125 4586 labiis
1162 4528 1382 4585 dolosis.
1437 4526 1514 4583 De
1568 4527 1715 4582 vultu
1768 4534 1860 4579 tuo

1963 1983 2265 2038 orationem
2306 2000 2502 2038 meam.
2536 1985 2757 2040 Intende
2799 1986 2917 2040 voci
2948 1987 3212 2040 orationis
3242 2004 3393 2051 mea),
3426 1988 3543 2043 Rex

1961 2088 2145 2141 meus,
2170 2083 2226 2129 et
2254 2075 2394 2130 Deus
2419 2092 2587 2131 meus.
2622 2077 2889 2144 Quoniam
2917 2077 2984 2131 ad
3003 2086 3052 2132 te
3069 2078 3255 2143 orabo,
3288 2078 3538 2151 Domine,

1960 2181 2121 2221 mane
2150 2168 2411 2222 exandies
2439 2184 2625 2224 vocem
2648 2186 2843 2225 meam.

2035 2255 2239 2312 Oratio.
2266 2257 2553 2324 Converte,
2577 2260 2825 2326 Domine,
2855 2262 3041 2317 oculos
3070 2263 3247 2317 cordis
3269 2264 3545 2328 nostri,ad

1961 2349 2290 2405 cernendam
2338 2352 2413 2406 tui
2451 2350 2642 2421 judicii
2685 2354 2972 2409 veritatem
2992 2396 3005 2420 ,
3038 2361 3115 2419 nt,
3149 2355 3275 2408 dum
3304 2355 3392 2409 hic
3421 2357 3543 2427 igne

1961 2444 2190 2514 spiritali
2211 2445 2521 2516 probamur,
2549 2447 2614 2503 de
2645 2449 2752 2504 tuis
2782 2450 2836 2504 in
2867 2458 3132 2505 aeternum
3160 2452 3543 2523 conspectibus

1962 2550 2084 2592 cum
2110 2537 2285 2593 fructu
2302 2536 2529 2625 justitiae
2557 2542 2836 2597 satiemur.

2577 2650 2915 2709 PSALMUS.

2032 2763 2222 2836 (PSAL.
2264 2762 2446 2836 xxrv.)
2487 2774 2509 2803 ο
2550 2764 2634 2820 Ad
2684 2772 2737 2820 te
2788 2765 3017 2820 Domine
3070 2766 3242 2821 levavi
3290 2767 3530 2824 animam

1960 2871 2140 2912 meam
2169 2874 2181 2911 :
2229 2854 2373 2911 Deus
2413 2870 2565 2911 meus
2609 2856 2665 2911 in
2715 2864 2768 2911 te
2798 2855 3032 2922 confido,
3060 2873 3169 2913 non
3197 2860 3537 2915 erubescam.

1962 2947 2151 3019 Neque
2178 2948 2439 3003 irrideant
2472 2964 2560 3003 me
2601 2948 2807 3004 inimici
2858 2949 2965 3003 mei
2998 2967 3012 3002 :
3043 2950 3245 3003 etenim
3280 2949 3539 3015 universi,

1962 3041 2053 3111 qui
2107 3041 2405 3097 sustinent.
2428 3048 2510 3107 te,
2544 3057 2653 3096 non
2693 3040 3108 3096 confundentur.
3133 3041 3545 3097 Confundantur

1963 3148 2152 3189 omnes
2201 3133 2384 3205 iniqua
2427 3142 2650 3206 agentes
2697 3150 3048 3205 supervacue.
3101 3134 3232 3190 Vias
3282 3143 3421 3201 tuas,
3447 3135 3549 3190 D0-

1889 3246 1937 3311 c
1964 3227 2135 3293 mine,
2164 3225 2476 3283 demonstra
2507 3228 2639 3282 mihi
2670 3246 2683 3281 :
2715 3237 2770 3282 et
2798 3230 3020 3284 semitas
3059 3238 3178 3284 tuas
3223 3228 3388 3285 edoce
3435 3245 3541 3287 me.

1964 3317 2145 3390 Dirige
2168 3334 2256 3375 me
2280 3320 2336 3373 in
2363 3319 2591 3374 veritate
2615 3327 2725 3385 tua,
2756 3327 2813 3375 et
2839 3321 2970 3376 doce
2998 3336 3086 3375 me
3133 3340 3146 3375 :
3197 3322 3323 3392 quia
3375 3329 3431 3375 tu
3486 3336 3545 3376 es

1963 3410 2106 3466 Deus
2136 3411 2385 3467 Salvator
2410 3428 2593 3478 mens,
2617 3420 2674 3467 et
2702 3421 2754 3467 te
2781 3413 3012 3467 sustinui
3062 3420 3172 3467 tota
3217 3414 3323 3467 die.
3366 3411 3550 3467 Remi-

1963 3503 2179 3559 niscere
2232 3504 2642 3561 miserationum
2700 3513 2935 3571 tuarum,
2966 3503 3214 3569 Domine,
3238 3513 3293 3559 et
3338 3504 3550 3559 miseri-

1964 3598 2271 3653 cordiarnm
2294 3606 2527 3663 tuarum,
2552 3614 2671 3669 quae
2705 3614 2735 3651 a
2791 3598 2989 3653 saeculo
3040 3607 3185 3652 sunt.
3218 3598 3424 3652 Delicta
3465 3597 3551 3667 jn-

1961 3690 2201 3745 ventutis
2244 3705 2397 3755 mete,
2430 3698 2484 3744 et
2528 3690 2864 3761 ignorantias
2908 3705 3059 3745 meas
3111 3705 3180 3743 ne
3209 3688 3545 3744 memineris.

1927 3778 2274 3836 .Secundnm
2304 3780 2733 3836 misericordiam
2787 3790 2933 3835 tuam
2984 3788 3258 3835 memento
3306 3780 3419 3859 mei
3466 3788 3545 3844 tu,

1961 3881 2186 3943 propter
2224 3874 2522 3928 bonitatem
2555 3881 2722 3938 tuam,
2756 3873 3000 3927 Domine.
3032 3872 3213 3926 Dulcis
3265 3879 3321 3926 et
3370 3880 3549 3929 rectus

1962 3966 2222 4021 Dominus
2249 3985 2260 4020 :
2284 3974 2505 4037 propter
2532 3965 2636 4020 hoc
2658 3965 2833 4036 legem
2864 3965 3016 4019 dabit
3035 3963 3470 4033 delinquentibus
3494 3963 3548 4017 in

1964 4062 2069 4116 via.
2097 4060 2305 4132 Diriget
2332 4068 2643 4114 mansuetos
2672 4059 2728 4112 in
2750 4057 2958 4127 judicio
2983 4077 2994 4111 :
3020 4056 3235 4112 docebit
3258 4056 3414 4109 mites
3433 4054 3550 4110 vias

1962 4168 2109 4210 suas.
2137 4153 2416 4208 Universae
2440 4151 2541 4205 vice
2571 4150 2787 4205 Domini
2825 4146 3199 4203 misericordia
3220 4154 3276 4201 et
3300 4146 3500 4199 veritas
3531 4162 3545 4198 :

1961 4244 2363 4315 requirentibus
2395 4249 2780 4296 testamentum
2810 4239 2949 4308 ejus,
2980 4247 3036 4293 et
3060 4237 3376 4293 testimonia
3407 4234 3545 4305 ejus.

1962 4334 2071 4408 74
2107 4334 2335 4405 Propter
2356 4349 2552 4388 nomen
2578 4341 2730 4387 tuum
2757 4332 2981 4387 Domine
3003 4330 3383 4401 propitiaberis
3422 4318 3552 4398 pec-v

1960 4436 2083 4483 cato
2126 4443 2248 4482 meo
2281 4445 2292 4480 :
2325 4425 2553 4480 multum
2594 4434 2680 4480 est
2723 4426 2889 4479 enim.
2939 4422 3071 4491 Quis
3118 4430 3203 4478 est
3249 4422 3413 4475 homo
3457 4421 3553 4491 qui

1961 4520 2119 4574 timet
2147 4518 2467 4573 Dominum?
2515 4517 2684 4588 legem
2712 4516 2902 4571 statuit
2928 4516 2979 4569 ei
3018 4515 3073 4568 in
3100 4514 3207 4578 via,
3234 4529 3397 4583 quam
3448 4511 3555 4567 ele-

274 4603 541 4695 iudicium
562 4640 737 4679 meum
753 4624 1008 4694 prodeat:
1027 4621 1165 4678 oculi
1190 4623 1265 4676 tui
1291 4621 1511 4676 videant
1532 4620 1859 4690 azquitatem.
1893 4614 1941 4674 ι)
1967 4612 2060 4684 git.
2087 4612 2281 4666 Anima
2302 4611 2417 4682 ejus
2441 4610 2496 4664 in
2524 4610 2678 4665 bonis
2705 4608 3074 4663 demorabitur
3104 4625 3115 4661 :
3146 4613 3201 4660 et
3222 4621 3405 4661 semen
3436 4603 3552 4695 ejus

277 4715 532 4771 Probasti
559 4731 655 4770 cor
676 4722 949 4780 meum,et
975 4713 1210 4769 visitasti
1242 4720 1401 4767 nocte
1433 4730 1445 4765 :
1477 4712 1598 4783 igne
1628 4726 1713 4765 me
1738 4726 1865 4765 exa-

276 4807 525 4871 minasti,
555 4813 611 4861 et
636 4821 743 4860 non
770 4814 855 4861 est
893 4806 1112 4860 inventa
1144 4805 1197 4859 in
1229 4819 1316 4859 me
1347 4803 1626 4874 iniquitas.
1657 4802 1727 4857 Ut
1753 4818 1863 4857 non

276 4898 537 4971 loquatur
564 4914 627 4953 os
662 4913 840 4953 meum
869 4914 1033 4969 opera
1080 4897 1360 4954 hominum
1392 4915 1405 4950 :
1436 4904 1657 4966 propter
1699 4894 1864 4949 verba

274 4992 548 5048 labiorum
590 4999 803 5047 tuorum
848 5007 946 5063 ego
990 4990 1259 5047 custodivi
1300 4990 1413 5045 vias
1438 4988 1622 5044 duras.
1655 4986 1865 5042 Perfice

273 5100 502 5158 gressus
530 5099 679 5139 meos
709 5084 764 5138 in
794 5084 1003 5139 semitis
1030 5084 1138 5138 tuis
1163 5102 1174 5137 :
1202 5092 1262 5138 ut
1285 5100 1392 5139 non
1426 5088 1746 5137 moveantur
1783 5093 1866 5133 ve-

273 5179 443 5251 stigia
497 5194 638 5233 mea.
693 5178 802 5249 Ego
850 5177 1100 5243 clamavi,
1160 5179 1414 5249 quoniam
1467 5174 1734 5231 exaudisti
1779 5188 1866 5228 me

268 5270 469 5328 Dens:
520 5266 722 5326 inclina
769 5286 955 5327 aurem
1003 5278 1148 5324 tuam
1195 5269 1346 5333 mihi,
1377 5275 1434 5323 et
1480 5266 1673 5323 exaudi
1702 5265 1867 5320 verba

264 5380 423 5421 mea.
445 5363 672 5419 Miriﬁca
698 5363 1098 5419 misericordias
1121 5371 1259 5425 tuas,
1276 5363 1368 5433 qui
1391 5360 1569 5415 salvos
1597 5359 1730 5413 facis
1751 5374 1870 5428 spe-

264 5466 471 5517 rantes
502 5459 554 5514 in
588 5467 659 5514 te.
702 5458 749 5513 Α
799 5456 1178 5513 resistentibus
1221 5454 1457 5531 dexterae
1505 5462 1609 5507 tuae
1658 5449 1868 5505 custodi

263 5566 369 5610 me
407 5559 466 5606 ut
491 5550 749 5623 pupillam
799 5548 962 5605 oculi.
1008 5548 1122 5604 Sub
1171 5546 1363 5603 umbra
1406 5544 1611 5599 alarum
1657 5550 1868 5596 tuarum

351 5708 577 5780 {Apud
601 5702 827 5766 Marten.
850 5751 865 5777 ,
890 5708 959 5766 de
1001 5708 1169 5778 antiq.
1194 5705 1349 5780 Eccl.
1364 5702 1618 5780 _Discipl.,
1650 5718 1702 5775 p.
1741 5700 1865 5757 655.

262 5808 355 5827 -—-
388 5776 503 5840 me
522 5795 625 5840 usu
651 5776 911 5849 secundo,
939 5776 1256 5852 supra,‘col.
1285 5776 1407 5837 466.

1966 4702 2302 4757 haereditabit
2359 4710 2579 4755 terram.
2626 4699 3054 4753 Firmamentum
3086 4704 3171 4751 est
3200 4696 3460 4749 Dominus
3491 4694 3554 4751 ti-

1966 4795 2242 4849 mentibus
2268 4809 2391 4848 enm
2424 4811 2436 4845 :
2470 4800 2527 4846 et
2551 4799 2932 4847 testamentum
2960 4790 3128 4859 ipsius
3150 4796 3209 4842 ut
3246 4774 3556 4842 manifeste-

1968 4894 2057 4941 tur
2086 4886 2210 4942 illis.
2244 4886 2396 4940 Oculi
2426 4886 2533 4939 mei
2564 4900 2780 4954 semper
2826 4884 2892 4937 ad
2942 4882 3228 4936 Dominum
3258 4902 3270 4936 :
3296 4883 3554 4953 quoniam

1968 4980 2085 5050 ipse
2114 4979 2308 5035 evellet
2330 4978 2395 5032 de
2423 4977 2617 5047 laqueo
2645 4977 2809 5046 pedes
2860 4991 3027 5031 meos.
3077 4974 3307 5044 Respice
3346 4974 3401 5028 in
3443 4990 3553 5039 ine,

1969 5083 2026 5131 et
2051 5075 2311 5128 miserere
2339 5073 2446 5125 mei
2481 5072 2647 5141 :qnia
2683 5072 2878 5126 unicus
2924 5079 2978 5125 et
3020 5087 3228 5141 pauper
3270 5087 3388 5125 sum
3431 5083 3550 5140 ego.

1973 5163 2373 5219 Tribulationes
2403 5162 2582 5216 cordis
2610 5163 2716 5216 mei
2745 5160 3114 5232 multiplicatae
3155 5169 3281 5216 sunt
3308 5180 3319 5214 :
3352 5161 3418 5215 de
3466 5174 3557 5216 ne—

1974 5254 2317 5311 cessitatibus
2362 5253 2498 5308 meis
2532 5269 2660 5308 erue
2688 5269 2794 5308 me.
2831 5252 2965 5308 Vide
2988 5253 3349 5307 humilitatem
3378 5265 3553 5304 meam

1974 5359 2029 5407 et
2052 5350 2294 5404 laborem
2322 5363 2504 5403 meum
2538 5367 2549 5401 :
2584 5355 2638 5402 et
2662 5347 2870 5401 dimitte
2898 5346 3150 5401 universa
3185 5343 3379 5399 delicta
3409 5358 3550 5398 mea.

1972 5444 2205 5514 Respice
2241 5443 2491 5497 inimicos
2520 5457 2691 5505 meos,
2716 5441 2974 5512 quoniam
3013 5437 3353 5506 multiplicati
3383 5443 3511 5491 sunt
3538 5454 3550 5489 ;

1973 5544 2028 5593 et
2054 5536 2179 5592 odio
2221 5535 2409 5606 iniquo
2437 5533 2668 5589 oderunt
2695 5548 2801 5587 me.
2834 5530 3054 5587 Custodi
3093 5529 3331 5584 animam
3376 5541 3553 5583 meam

2043 5694 2073 5734 ιν
2116 5692 2173 5748 In
2200 5690 2382 5747 libello
2415 5688 2591 5744 Caroli
2620 5687 2789 5753 Calvi,
2817 5702 2938 5757 pag.
2970 5684 3062 5751 52,
3101 5685 3306 5756 absque
3359 5685 3556 5744 oratio-

1972 5766 2264 5901 mguibid"
2286 5849 2409 5905 pag.
2435 5833 2525 5901 54,
2553 5834 2754 5905 absque
2780 5826 3135 5884 orationibus.
