4038 6336
508 433 616 500 859

1354 434 1413 487 B.
1454 429 1517 487 F.
1558 426 1786 485 ALBlNi
1822 426 1957 485 SEU
1994 424 2271 486 ALCUINI
2303 424 2589 485 OPERUM
2626 424 2806 483 PARS
2839 426 2925 483 Ν.

3658 417 3771 481 διο

507 575 564 623 et
590 576 721 619 erue
750 570 837 616 me
865 577 875 613 :
905 572 1011 613 non
1035 556 1372 614 erubescam.
1400 565 1654 622 quoniam
1679 534 1888 619 speravi
1921 547 1973 602 in
2009 556 2081 603 te.
2114 548 2163 608 Α
2190 547 2414 618 populos
2442 548 2495 600 in
2520 545 2791 616 (equitate.
2818 552 2873 599 et
2898 550 3085 615 gentes
3113 537 3169 596 in
3211 547 3354 597 terra
3401 538 3613 613 dirigis.
3634 540 3776 598 Con-

504 656 828 713 lnnocentcs
879 660 931 705 et
968 649 1102 703 recti
1151 646 1495 701 adlueserunt
1542 641 1692 705 mihi,
1747 641 1871 711 quia
1928 641 2087 694 susti-

507 748 603 805 nui
648 754 719 800 te.
751 743 944 798 libera
971 739 1113 793 Deus
1138 736 1305 791 Israel
1344 752 1409 790 ex
1434 733 1684 788 omnibus
1714 730 2086 800 iniquitatibus

507 839 646 897 suis.

583 931 653 987 Ut
679 946 857 1002 supra.
885 928 997 998 Ego
1024 925 1161 989 dixi,
1185 923 1434 981 Domine.
1467 920 1730 974 miserere
1778 918 1881 973 mei
1908 936 1920 971 :
1954 931 2087 972 sana

508 1023 747 1081 animam
791 1036 968 1076 meam
989 1062 1003 1085 ,
1028 1019 1283 1089 quoniam
1318 1014 1564 1085 peccavit
1588 1014 1703 1068 tibi.
1735 1012 1962 1076 Exaudi,
1991 1011 2090 1065 Do-

510 1128 677 1181 nunc,
704 1130 891 1170 vocem
924 1126 1124 1179 meam,
1150 1126 1255 1181 qua
1304 1109 1528 1163 clamavi
1587 1126 1599 1161 :
1652 1107 1911 1161 miserere
1960 1104 2085 1169 mei,

509 1219 567 1269 et
589 1208 782 1265 exaudi
818 1222 923 1261 me.
977 1205 1093 1260 Tibi
1147 1204 1282 1258 dixit
1331 1216 1428 1258 cor
1475 1198 1990 1270 meum,exquisivit
2038 1204 2090 1251 te

510 1300 680 1357 facies
709 1315 828 1355 mea
857 1317 867 1351 :
894 1298 1090 1352 faciem
1123 1304 1289 1359 tuam,
1315 1295 1559 1357 Domine,
1586 1295 1877 1365 requiram.

583 1387 788 1443 Oratio.
830 1386 1025 1441 Libera
1055 1400 1154 1441 nos
1184 1385 1251 1439 ab
1281 1386 1528 1439 omnibus
1560 1384 1821 1455 angustiis
1868 1382 2088 1447 nostris,

512 1481 801 1537 mitissime
828 1480 992 1543 Deus,
1023 1478 1117 1548 qui
1140 1478 1207 1532 ad
1238 1486 1290 1533 te
1320 1480 1528 1531 animas
1558 1484 1771 1531 nostras
1797 1475 2051 1545 erigimus
2076 1492 2087 1526 :

512 1571 852 1635 obliviscere,
882 1585 1214 1640 quaesumus,
1257 1570 1448 1625 delicta
1489 1569 1819 1640 juventutis,
1850 1576 1907 1623 ct
1950 1568 2096 1637 igno-

514 1664 704 1717 rantiae
732 1663 960 1733 prioris;
1017 1663 1147 1718 etsi
1193 1663 1322 1732 quid
1362 1662 1697 1733 negligenter
1743 1660 2092 1729 deliquimus,

516 1750 815 1808 clementer
833 1752 1075 1824 ignosce.
1112 1752 1218 1807 Per
1250 1764 1298 1805 α.

1133 1864 1258 1921 PSA
1267 1865 1454 1922 LMUS

586 1971 764 2046 (pSAL.
802 1972 941 2043 Lm.)
985 1975 1012 2015 b
1053 1974 1197 2030 Deus
1248 1975 1301 2030 in
1356 1975 1575 2029 nomine
1619 1985 1711 2029 tuo
1759 1973 1963 2029 salvum
2008 1990 2094 2028 me

512 2060 600 2121 nc
625 2082 639 2121 :
669 2075 724 2121 et
768 2066 824 2121 in
875 2066 1072 2121 virtute
1123 2076 1208 2121 tua
1235 2069 1417 2138 judiea
1447 2086 1551 2123 me.
1584 2068 1726 2122 Deus
1760 2068 1953 2122 exaudi
1982 2083 2097 2120 ora-

472 2154 716 2212 ‘tionem
777 2172 1001 2211 meam:
1046 2158 1266 2212 auribus
1321 2160 1539 2228 percipe
1591 2159 1756 2213 verba
1802 2159 1912 2212 oris
1967 2157 2092 2212 mei.

514 2247 779 2316 Quoniam
808 2250 969 2303 alieni
1010 2251 1421 2304 insurrexerunt
1444 2251 1728 2305 adversum
1770 2266 1874 2315 me,
1903 2258 1957 2304 et
1986 2249 2094 2303 for-

515 2344 598 2393 tes
637 2339 970 2407 quaesierunt
997 2340 1233 2392 animam
1262 2356 1436 2394 meam
1490 2359 1501 2393 :
1556 2348 1611 2395 et
1666 2356 1773 2394 non
1811 2356 2100 2409 proposue-

514 2436 645 2483 runt
671 2429 838 2483 Deum
863 2438 990 2485 ante
1029 2440 1379 2501 conspectum
1418 2448 1591 2487 suum.
1624 2433 1760 2488 Ecce
1790 2434 1932 2488 enim
1956 2432 2098 2489 Deus

513 2520 736 2590 adjuvat
759 2534 845 2573 me
878 2539 890 2574 :
930 2528 985 2575 et
1010 2521 1274 2576 Dominus
1314 2531 1593 2592 susceptor
1617 2530 1699 2577 est
1724 2524 1917 2578 animre
1943 2540 2094 2579 meze.

512 2610 711 2666 Averte
731 2610 870 2665 mala
894 2612 1129 2667 inimicis
1156 2613 1288 2667 meis
1308 2632 1318 2666 :
1339 2621 1393 2667 et
1417 2614 1467 2667 in
1492 2614 1719 2669 verﬂate
1735 2623 1823 2667 tua
1849 2614 2100 2683 disperde

513 2702 651 2758 illos.
685 2701 999 2757 Voluntarie
1028 2704 1347 2759 sacrificabo
1374 2706 1468 2760 tibi
1514 2725 1525 2760 :
1572 2715 1627 2759 et
1666 2706 1966 2762 conﬁtebor
2002 2724 2101 2761 no-

513 2792 647 2847 mini
670 2801 762 2848 tuo
784 2792 1030 2859 Domine,
1056 2796 1312 2865 quoniam
1348 2798 1543 2851 bonum
1588 2808 1708 2852 ρει..
1734 2798 1999 2865 Quoniam
2029 2815 2099 2853 ex

512 2885 663 2940 omni
693 2884 1040 2941 tribulatione
1081 2886 1329 2957 eripuisti
1382 2906 1469 2945 me
1499 2909 1511 2944 :
1546 2898 1601 2946 et
1657 2907 1822 2960 super
1849 2892 2101 2947 inimicos

512 2988 667 3032 meos
694 2977 943 3047 despexit
966 2980 1152 3035 oculus
1180 2998 1353 3037 meus.

586 3066 653 3122 Ut
679 3084 858 3140 supra.
891 3071 1003 3142 Ego
1029 3074 1157 3137 dixi,
1192 3074 1417 3130 Domine
1441 3076 1702 3131 miserere
1732 3077 1856 3133 mei.
1893 3076 1974 3130 Ad
2022 3085 2096 3143 te,

510 3155 759 3223 Domine,
782 3160 1045 3228 clamabo,
1068 3163 1211 3219 Deus
1242 3181 1411 3229 meus,
1446 3182 1515 3219 ne
1566 3165 1726 3221 sileas
1771 3184 1801 3220 a
1838 3183 1924 3221 me
1958 3186 1971 3221 :
2002 3184 2099 3222 ne-

2128 1908 2175 1973 Β

2190 640 2445 695 liteantur
2496 640 2594 694 tibi
2617 638 2817 709 populi,
2872 638 3034 702 Deus,
3064 634 3426 691 conﬁteantur
3466 634 3561 691 tibi
3587 634 3773 706 populi

2188 747 2403 796 omnes,
2455 739 2597 787 terra
2639 730 2788 785 dedit
2835 728 3068 784 fructum
3120 740 3297 783 suum.
3340 724 3638 783 Benedlcat
3675 741 3776 786 nos

2189 826 2351 890 Deus,
2381 826 2523 881 Deus
2552 834 2755 889 noster,
2787 825 3073 881 benedicat
3102 836 3203 879 nos
3228 821 3373 879 Deus
3394 841 3407 878 :
3426 829 3486 879 et
3529 830 3780 883 [ueniant

2190 934 2311 975 eum
2343 934 2532 974 omnes
2567 919 2701 974 ﬁnes
2737 926 2914 973 terrae.

2264 1010 2330 1065 Ut
2361 1028 2541 1079 supra.
2572 1010 2683 1081 Ego
2707 1009 2839 1075 dixi,
2864 1006 3111 1075 Domine,
3126 1009 3390 1064 miserere
3413 1006 3544 1063 mei.
3568 1006 3777 1076 Adjuva

2191 1120 2290 1159 nos
2307 1105 2449 1159 Deus
2480 1102 2732 1158 salutaris
2759 1109 2945 1157 noster
2974 1120 2986 1155 :
3018 1106 3240 1173 propter
3265 1100 3492 1173 gloriam
3538 1099 3779 1156 nominis

2193 1198 2291 1261 tui,
2321 1196 2563 1261 Domine,
2592 1195 2760 1249 libera
2796 1208 2917 1249 nos.
2949 1190 3016 1249 Et
3044 1194 3311 1265 propitius
3338 1201 3457 1249 esto
3500 1193 3610 1264 75
3658 1204 3782 1263 pec-

2192 1291 2327 1344 catis
2373 1290 2577 1343 nostris
2628 1297 2850 1359 propter
2897 1302 3096 1343 nomeu
3145 1292 3315 1342 tuum.
3347 1287 3498 1352 Fiat,
3527 1283 3780 1350 Domine,

2191 1382 2564 1437 misericordia
2602 1388 2691 1434 tua
2730 1396 2893 1449 super
2920 1396 3019 1435 nos
3052 1380 3546 1450 :quemadmodum
3584 1381 3786 1449 spera-

2194 1477 2369 1530 vimus
2401 1476 2453 1528 in
2486 1484 2555 1529 te.
2593 1474 2796 1529 Exaudi
2828 1489 2927 1528 nos
2970 1473 3112 1528 Deus
3143 1470 3397 1527 salutaris
3422 1479 3636 1535 noster,
3660 1484 3785 1541 spes

2196 1562 2434 1617 omnium
2464 1561 2649 1616 ﬁnium
2674 1568 2834 1615 terra:
2855 1567 2909 1615 et
2936 1561 2988 1615 in
3014 1561 3148 1614 mari
3176 1560 3355 1631 longe.

2269 1653 2473 1708 Oratio.
2506 1653 2771 1719 lllumina,
2800 1653 3047 1717 Domine,
3064 1653 3269 1708 vultum
3294 1660 3443 1707 tuum
3465 1666 3634 1722 super
3660 1664 3785 1716 nos,

2197 1756 2253 1803 et
2293 1748 2727 1802 misericordiam
2774 1747 2929 1802 nobis
2964 1745 3207 1811 uberem,
3240 1745 3790 1814 benedictionemquo

2198 1842 2416 1913 largire.
2447 1842 2551 1897 Per
2584 1853 2628 1895 ο.

2824 1934 3167 1991 PSALMUS.

2269 2049 2447 2122 (PSAL.
2473 2049 2606 2107 ux.)
2642 2049 2847 2112 fDeus,
2875 2050 2929 2103 in
2955 2049 3285 2119 adjutorium
3309 2064 3489 2104 meum
3516 2046 3743 2105 intende
3774 2070 3788 2104 :

2197 2140 2445 2205 Domine,
2465 2142 2530 2195 ad
2544 2140 2909 2209 adjuvandum
2938 2155 3025 2196 me
3046 2141 3264 2196 festina.
3296 2140 3720 2196 Confundantur
3738 2149 3792 2197 et

2197 2241 2571 2297 revereantur,
2588 2233 2679 2302 qui
2706 2240 2954 2302 qumrunt
2982 2233 3218 2286 animam
3246 2231 3792 2287 meam.Avertantur

2198 2334 2496 2379 retrorsum
2528 2332 2583 2379 et
2604 2324 2949 2386 erubescant,
2966 2323 3057 2391 qui
3083 2321 3268 2376 volunt
3287 2321 3415 2375 mihi
3443 2321 3604 2376 mala.
3627 2321 3793 2377 Aver-

2196 2425 2384 2470 tantur
2408 2417 2592 2470 statim
2625 2417 3012 2471 erubescentes
3040 2432 3051 2467 :
3078 2414 3170 2484 qui
3199 2414 3387 2468 dicunt
3411 2414 3545 2468 mihi
3580 2434 3593 2465 :
3619 2413 3788 2486 Euge,

2200 2509 2363 2576 euge!
2396 2507 2683 2561 Exsultent
2708 2515 2763 2561 et
2780 2506 3028 2561 laetentur
3045 2506 3099 2560 in
3124 2513 3178 2560 te
3199 2521 3413 2570 omnes,
3429 2507 3796 2576 quiqmerunt

2198 2605 2251 2652 te
2287 2616 2298 2650 :
2330 2605 2387 2651 et
2411 2598 2597 2651 dicant
2639 2612 2857 2668 semper
2906 2616 2918 2651 :
2967 2596 3345 2668 magniﬁcetur
3379 2597 3669 2663 Dominus,
3697 2596 3791 2667 qui

2199 2690 2429 2761 diligunt
2474 2691 2709 2746 salutare
2751 2700 2921 2747 tuum.
2948 2692 3060 2763 Ego
3083 2705 3215 2746 vero
3241 2706 3443 2762 egenus
3482 2699 3539 2746 et
3586 2704 3797 2761 pauper

2200 2796 2319 2836 sum
2353 2803 2365 2835 :
2410 2782 2554 2837 Deus
2595 2782 2785 2852 adjuva
2822 2798 2927 2839 me.
2959 2782 3187 2854 Adjutor
3225 2796 3378 2839 meus
3432 2790 3488 2839 et
3534 2783 3796 2839 liberator

2198 2887 2352 2927 meus
2381 2889 2440 2927 es
2470 2881 2525 2927 tu
2554 2892 2565 2927 :
2599 2874 2849 2939 Domine,
2881 2890 2949 2929 ne
2980 2877 3236 2930 moreris.

2275 2961 2339 3016 Ut
2370 2981 2550 3034 supra.
2576 2965 2687 3035 Ego
2717 2964 2852 3030 dixi,
2883 2963 3109 3021 Domine
3158 2966 3421 3022 miserere
3462 2966 3595 3021 mei.
3651 2964 3799 3021 Deus

2202 3070 2272 3109 ne
2310 3054 2580 3126 elongeris
2602 3070 2631 3109 a
2654 3071 2739 3110 me
2774 3075 2786 3110 :
2820 3055 2964 3111 Deus
3012 3072 3165 3111 meus
3214 3057 3267 3110 in
3317 3056 3579 3110 auxilium
3610 3070 3795 3110 meum

2200 3147 2432 3216 reSpiee.
2466 3146 2575 3217 Ego
2623 3155 2805 3201 autem
2835 3148 2888 3201 in
2919 3157 2989 3209 te,
3018 3147 3265 3212 Domine,
3283 3162 3500 3217 semper
3519 3145 3757 3216 sperabo
3777 3166 3793 3198 :

511 3252 727 3320 quando
746 3261 926 3308 iaceas
964 3269 994 3307 α
1029 3272 1135 3321 me,
1165 3264 1220 3311 ει
1264 3257 1605 3313 assimilabm.
1641 3259 2097 3316 descendentibus
2125 3272 2171 3337 Ο
2203 3238 2527 3305 etazijiciam
2558 3256 2721 3311 super
2749 3257 2963 3295 onmem
2999 3242 3209 3297 laudem
3251 3249 3419 3296 tuam.
3439 3241 3651 3311 Adjuva
3684 3254 3795 3305 me,

513 3343 570 3398 in
624 3344 817 3399 lacum.
873 3346 1111 3411 Exaudi,
1167 3348 1423 3413 Domine,
1465 3364 1652 3404 vocem
1703 3352 2098 3421 deprecationis

514 3450 671 3501 meae,
694 3438 819 3493 dum
850 3454 946 3493 oro
975 3440 1041 3493 ad
1083 3445 1167 3505 te;
1219 3440 1343 3493 dum
1376 3440 1574 3495 extollo
1605 3457 1796 3497 manus
1840 3458 1988 3498 meas
2033 3443 2101 3499 ad

516 3527 777 3598 templum
807 3538 1056 3585 sanctum
1088 3538 1257 3584 tuum.
1297 3531 1507 3586 lllustra
1535 3531 1729 3588 faciem
1761 3540 1906 3587 tuam
1939 3550 2102 3604 super

515 3632 735 3672 servum
785 3627 953 3685 tuum,
982 3620 1189 3675 salvum
1214 3637 1301 3675 me
1328 3621 1411 3675 l‘ac
1436 3622 1490 3676 in
1530 3624 1899 3677 misericordia
1945 3631 2034 3679 tua
2083 3643 2095 3680 :

517 3707 767 3774 Domine,
809 3727 915 3766 non
946 3712 1267 3776 confundar,
1294 3716 1547 3783 quoniam
1574 3718 1815 3772 invocavi
1846 3726 1916 3771 te.

591 3801 798 3858 Oratio.
840 3804 968 3860 Jesu
1021 3807 1269 3873 Domine,
1298 3809 1390 3878 qui
1445 3816 1570 3862 ante
1624 3810 1814 3863 srecula
1850 3828 2096 3878 manens,
2129 3850 2143 3863 .

517 3895 996 3969 conditionemque
1027 3900 1319 3955 humanam
1367 3902 1672 3970 suscipiens
1706 3903 1775 3957 ab
1822 3890 2100 3958 unianimo

518 3987 784 4058 discipulo
837 3992 1084 4059 proditus
1124 4002 1353 4047 mortem
1401 3994 1614 4049 subiisti
1667 4011 1765 4064 pro
1815 3996 2040 4065 perditis
2085 4014 2096 4049 :

516 4084 709 4138 exaudi
731 4084 1035 4141 orationem
1055 4087 1376 4156 supplicum,
1404 4096 1457 4143 et
1475 4097 1691 4157 praesta,
1724 4098 1781 4141 ut
1804 4097 1851 4143 te
1878 4104 2101 4157 vespere

517 4176 1146 4246 meridiequelaudantes
1170 4193 1478 4234 mereamur
1498 4180 1566 4234 ab
1589 4178 1744 4247 hujus
1767 4179 1949 4233 saeculi
1978 4189 2103 4232 tem-

516 4269 818 4337 pestatibus
869 4270 1169 4336 defensuri,
1196 4287 1294 4341 per
1340 4286 1391 4326 te
1436 4272 1577 4327 Deus
1626 4281 1830 4335 noster,
1856 4272 2101 4340 quicum

520 4365 726 4412 aeterno
764 4360 926 4416 Patre
959 4363 1096 4417 vivis
1127 4372 1182 4417 et
1207 4354 1415 4435 regnas.
1445 4366 1498 4418 in
1530 4364 1725 4419 saecula
1757 4364 2096 4419 smculorum.

519 4448 693 4506 Amen
723 4462 767 4507 ο.

1134 4545 1472 4603 PSALMUS.

2205 3328 2431 3383 Domine
2467 3330 2607 3385 Deus
2645 3346 2798 3385 meus
2829 3349 2841 3384 :
2876 3332 3083 3385 salvum
3126 3346 3212 3386 me
3242 3330 3326 3385 fac
3367 3331 3668 3387 secundum
3701 3330 3800 3384 mi-

2202 3421 2557 3475 sericordiam
2585 3430 2749 3475 tuam.

2273 3511 2477 3567 Oratio.
2530 3513 2838 3569 lnexhausti
2868 3515 3119 3585 adjutoril
3160 3512 3305 3570 Deus
3333 3522 3557 3578 aeterne,
3589 3514 3658 3568 ad
3698 3511 3795 3568 ad-

2195 3603 2493 3674 juvaudum
2530 3603 2741 3660 familiae
2772 3615 2875 3661 tuae
2904 3606 3228 3677 supplicanti
3260 3603 3412 3677 [Cod.
3446 3603 3578 3675 Reg.
3601 3644 3617 3669 ,
3641 3600 3797 3659 fami.

2202 3697 2286 3751 lire
2314 3697 2563 3769 supplici]
2627 3697 2859 3753 festinus
2912 3714 3139 3753 occurre
3172 3717 3184 3752 :
3218 3706 3277 3752 ut
3319 3697 3510 3753 evictis
3549 3696 3796 3751 macula-

2202 3804 2322 3842 rum
2354 3788 2507 3859 [ϐοά.
2536 3789 2685 3859 Reg.,
2707 3799 2768 3843 ut
2796 3790 2987 3843 evictis
3016 3788 3303 3861 malorum]
3335 3788 3668 3859 opprobriis,
3681 3787 3801 3843 tuis

2204 3894 2420 3952 semper
2443 3883 2657 3936 auxiliis
2690 3883 3013 3936 muniamur.

2824 3990 3161 4051 PSALMUS.

2277 4106 2450 4173 (Ps.u..
2484 4106 2632 4174 xxx.)
2676 4109 2699 4147 ε
2733 4108 2787 4161 1η
2826 4117 2876 4161 te
2899 4108 3127 4161 Domine
3159 4106 3393 4178 speravi,
3422 4122 3531 4181 non
3560 4105 3801 4162 confun-

2205 4200 2303 4253 dar
2329 4200 2380 4252 in
2418 4208 2678 4253 :eternum
2713 4219 2723 4253 :
2756 4201 2807 4254 in
2832 4201 3042 4270 justitia
3084 4208 3171 4254 tua
3212 4199 3379 4255 libera
3429 4214 3532 4253 me.
3585 4197 3798 4253 lnclina

2205 4291 2273 4344 a'!
2306 4308 2391 4344 me
2424 4307 2611 4345 aurem
2645 4300 2788 4345 tuam
2830 4292 3119 4346 :a‘ccelera
3169 4300 3231 4345 ut
3282 4307 3442 4347 emas
3493 4306 3601 4345 me.
3663 4289 3800 4344 Esto

2204 4384 2336 4437 mihi
2377 4385 2428 4437 in
2472 4384 2639 4437 Deum
2678 4393 3061 4453 protectorem,
3100 4393 3155 4439 et
3192 4386 3244 4438 in
3279 4384 3498 4438 domum
3534 4381 3738 4453 refugii
3782 4399 3796 4433 :

2206 4483 2265 4530 ut
2286 4476 2490 4531 saivum
2523 4491 2611 4531 me
2642 4476 2827 4530 facias.
2859 4476 3126 4543 Quoniam
3156 4474 3415 4529 fortitudo
3445 4487 3567 4527 mea
3609 4479 3669 4527 et
3719 4486 3805 4527 re-

2207 4567 2410 4639 fugium
2450 4585 2627 4623 meum
2663 4586 2722 4625 es
2764 4577 2819 4623 tu
2861 4589 2872 4623 :
2912 4578 2967 4623 et
3000 4576 3222 4639 propter
3256 4582 3453 4621 nomen
3501 4573 3653 4652 tqum
3709 4564 3808 4619 de-

595 4653 772 4726 (PSAL.
802 4656 975 4727 var.)
1009 4656 1033 4695 ιι
1066 4656 1208 4713 Deus
1238 4660 1563 4715 misereatur
1600 4663 1771 4715 nostri
1792 4706 1805 4727 ,
1836 4672 1892 4719 et
1944 4665 2100 4718 beue-
2129 4642 2180 4702 θ
2204 4660 2368 4715 duces
2393 4669 2569 4724 me,et
2602 4669 2841 4715 enutrtes
2867 4676 2972 4714 me.
3002 4661 3214 4714 E-luces
3247 4674 3334 4714 me
3357 4658 3423 4713 de
3446 4642 3644 4727 laqueo
3668 4656 3806 4720 hoc,

520 4749 665 4805 dicat
703 4750 856 4805 nobis
892 4770 903 4805 :
939 4752 1203 4809 illuminet
1245 4755 1446 4810 vultum
1502 4774 1657 4811 suum
1697 4766 1860 4830 super
1906 4777 2023 4821 nos,
2049 4771 2104 4815 et

517 4843 844 4897 misereatur
870 4845 1060 4898 nostri.
1119 4846 1186 4900 Ut
1234 4850 1626 4917 cognoscamus
1674 4850 1727 4903 in
1781 4859 1921 4905 terra
1958 4854 2099 4905 viam

518 4940 707 4988 tuam:
745 4933 801 4987 in
831 4935 1081 4989 omnibus
1128 4940 1375 5006 gentibus
1427 4940 1660 4994 salutare
1708 4947 1876 4993 tuum.
1931 4940 2103 4995 Coliti-

517 5030 736 5079 tcantur
762 5024 857 5077 tibi
888 5026 1065 5095 populi
1112 5026 1256 5082 Deus
1307 5048 1318 5080 :
1376 5029 1739 5084 conﬁteantur
1777 5030 1873 5083 tibi
1920 5031 2100 5100 pepuli

514 5130 726 5169 omnes.
745 5115 1021 5170 Ltetentur
1042 5125 1095 5171 et
1118 5119 1387 5181 exsultent
1402 5123 1869 5190 gentes,quoniatn
1886 5122 2100 5191 judicas

590 5267 613 5293 η
655 5253 710 5306 lu
743 5253 874 5307 Cod.
910 5269 1011 5307 ms.
1046 5254 1211 5323 Regio
1238 5255 1352 5308 loco
1395 5257 1554 5323 hujus
1607 5260 1867 5314 orationis
1910 5260 2089 5323 legitur

518 5340 752 5392 sequens
797 5343 807 5377 :
857 5343 875 5374 ‹
920 5323 1081 5383 Vide,
1109 5316 1437 5393 quzesuln'ls,
1466 5316 1708 5391 Domine,
1741 5316 2097 5385 humilitatem

518 5403 781 5457 nostram,
812 5402 865 5447 et
893 5395 1184 5470 propitiare
1234 5399 1471 5470 peceatis
1517 5401 1713 5453 nostris
1735 5442 1748 5463 ,
1772 5403 1896 5470 quia
1933 5403 2097 5455 multa

517 5474 680 5543 sunt:
712 5475 767 5518 et
787 5473 999 5533 przn-ta,
1028 5473 1096 5543 ut
1118 5466 1188 5518 ita
1221 5468 1511 5524 deﬂeamus
1542 5466 1833 5537 praeterita,
1866 5482 1926 5526 ut
1968 5488 2101 5543 piae-

518 5536 691 5590 scntia
724 5552 1032 5589 caveamus.
1063 5535 1181 5590 Per.
1222 5559 1238 5589 ι

590 5605 617 5646 ι)
650 5607 704 5679 l_n
745 5606 925 5679 libello
965 5606 1139 5661 Caroli
1179 5608 1348 5671 Calvi,
1384 5624 1504 5677 pag.
1550 5608 1642 5674 41,
1668 5611 1870 5679 absque
1903 5620 2039 5665 orat.

592 5688 612 5715 ε
657 5676 714 5730 In
745 5679 865 5748 col.
898 5677 1027 5748 Beg.
1054 5679 1299 5748 oratione
1334 5676 1501 5748 priori
1539 5682 1735 5735 omissa
1785 5676 1901 5736 luet:
1940 5683 2103 5736 habe-

438 5743 455 5810 ἶ,
518 5752 649 5801 tur:
695 5763 713 5796 ε
752 5743 1024 5810 Salviﬁca,
1053 5746 1298 5815 Domine,
1332 5743 1625 5805 Ecclesiam
1666 5753 1717 5806 in
1754 5754 1831 5808 tui
1867 5754 2101 5809 nominis

519 5817 853 5892 protectione
883 5817 1169 5892 ﬁdentem,
1202 5830 1261 5892 ut
1282 5821 1559 5892 Adespeetis
1601 5823 1834 5885 inimicis
1860 5826 2102 5880 volunta-

522 5885 602 5945 ria
625 5895 679 5947 te
707 5885 1050 5947 confessione
1084 5885 1412 5960 magniﬁcet'.
1455 5890 1576 5947 Per.
1617 5912 1637 5947 ι

2203 4768 2363 4822 quem
2404 4754 2801 4807 absconderunt
2841 4753 2971 4806 mihi
3002 4770 3015 4807 :
3044 4752 3298 4821 quoniam
3338 4759 3390 4804 tu
3426 4764 3486 4804 es
3515 4756 3813 4819 protector

2205 4856 2375 4899 meus.
2408 4845 2464 4898 In
2494 4860 2688 4899 manus
2716 4854 2834 4899 tuas
2881 4845 3201 4899 commendo
3248 4844 3500 4913 spiritum
3546 4855 3738 4897 meum
3785 4858 3805 4893 :

2206 4937 2481 4990 rexlemi-ti
2520 4952 2629 5001 me,
2660 4937 2888 4991 Domine
2917 4937 3055 4991 Deus
3098 4936 3364 4991 veritatis.
3403 4933 3578 4990 Odisti
3613 4934 3808 4989 observ

2204 5041 2395 5086 vantes
2416 5032 2687 5087 vanitates
2710 5047 3066 5102 supervacue.
3106 5031 3219 5103 Ego
3253 5039 3433 5086 autem
3473 5030 3527 5083 in
3563 5028 3807 5083 Domino

2206 5126 2418 5193 speravi
2458 5144 2468 5176 :
2511 5126 2793 5179 exsultabo
2831 5134 2885 5179 et
2921 5124 3145 5179 laetabor
3182 5124 3234 5177 in
3268 5121 3645 5178 misericordia
3685 5127 3805 5174 tua.

2277 5258 2302 5297 ἀ
2345 5259 2487 5313 Loco
2516 5260 2701 5321 citato,
2732 5275 2855 5329 pag.
2885 5258 2974 5312 42.

2281 5364 2303 5390 ο
2346 5353 2398 5405 In
2447 5351 2565 5405 eod.
2612 5350 2807 5405 Co‘iice
2860 5351 2977 5405 loco
3020 5349 3220 5419 prioris
3260 5366 3273 5403 :

2206 5424 2370 5482 mine,
2396 5423 2599 5475 vultum
2629 5430 2775 5475 tuum
2802 5437 2964 5492 super
2985 5434 3105 5481 nos,
3132 5419 3678 5492 benedict'o‘n-ernque
3708 5428 3816 5468 no-

2206 5493 2288 5546 bis
2319 5486 2888 5565 perpetuamJargil-e';
2924 5502 2984 5546 ut
3018 5491 3342 5565 conﬁtentes
3390 5489 3484 5565 tibi
3516 5488 3569 5542 in

2207 5557 2659 5619 sduétol'ruetuni
2679 5557 2905 5633 justitia:
2929 5579 3114 5625 coram
3153 5562 3291 5624 facie
3333 5557 3637 5630 maiestatis
3697 5565 3816 5612 tua:

2206 5645 2483 5703 reportare
2509 5650 2833 5689 mereamur.
2870 5634 2994 5690 Per.
3037 5653 3056 5687 ι

2282 5731 2300 5770 τ
2329 5732 2456 5787 Loc.
2492 5732 2745 5802 cit.,pag.
2778 5731 2869 5786 43.

2282 5826 2307 5863 ε
2347 5824 2471 5879 Loc.
2503 5824 2619 5885 cit.,
2652 5839 2771 5894 pag.
2801 5818 2891 5877 57.

3323 5365 3342 5398 α
3379 5346 3651 5407 Illumina,
3700 5343 3815 5398 D0-
