4038 6336
315 457 420 559 an

1317 485 1711 557 LITUBGICA.
1745 529 1819 543 —
1854 497 2122 558 OFFICIA
2159 501 2296 561 PER
2332 503 2600 564 FERIAS.

3471 501 3576 566 542

316 617 586 685 Quoniam
615 611 898 686 reSpexisti
924 609 1283 667 humilitatem
1339 629 1538 679 meam,
1575 611 1794 668 salvasti
1841 613 1908 669 de
1935 613 1983 678 Α
2011 615 2222 672 laetifica
2247 620 2480 674 animam
2505 619 2646 674 servi
2668 627 2767 686 tui,
2794 619 3047 690 quoniam
3094 619 3162 678 ad
3215 629 3287 689 te,
3329 615 3574 695 Domine,

316 699 734 766 necessitatibus
764 706 996 760 animam
1028 719 1222 759 meam.
1252 703 1360 759 Nec
1385 703 1696 760 conclusisti
1726 721 1813 759 me
1844 719 1900 759 in

315 795 572 856 manibus
605 795 1111 853 inimicizstatuisti
1163 797 1215 850 in
1273 795 1390 852 loco
1448 797 1686 867 spatioso
1737 798 1902 866 pedes

315 910 489 950 meos.
547 892 803 947 Miserere
857 892 964 946 mei
1005 889 1265 954 Domine,
1305 890 1557 960 quoniam
1607 889 1831 944 tribulor
1884 907 1897 943 :

315 983 672 1040 ‘conturbatus
706 990 790 1037 est
825 981 880 1036 in
920 977 999 1036 ira
1029 981 1217 1048 oculus
1254 997 1426 1045 meus,
1455 981 1633 1035 anima
1683 996 1821 1046 mea,
1847 987 1903 1035 et

309 1083 514 1131 'venter
541 1090 711 1129 meus.
749 1069 1012 1142 Quoniam
1050 1071 1248 1127 defecit
1283 1073 1335 1127 in
1366 1071 1548 1126 dolore
1592 1071 1700 1126 vita
1756 1087 1899 1137 mea,

311 1175 371 1224 et
393 1167 521 1222 anni
547 1165 652 1224 mei
679 1165 732 1220 in
761 1165 1066 1237 gemitibus.
1091 1163 1367 1219 infirmata
1394 1171 1480 1218 est
1503 1164 1557 1216 in
1587 1170 1903 1234 paupertate

313 1259 495 1314 virtus
535 1267 686 1324 mea,
725 1267 779 1313 et
815 1271 936 1312 ossa
983 1271 1103 1312 mea
1151 1255 1471 1310 conturbata
1523 1261 1667 1308 sunt.
1727 1252 1903 1322 Super

315 1367 513 1406 omnes
537 1351 784 1405 inimicos
819 1365 970 1405 meos
1002 1349 1178 1404 factus
1210 1364 1326 1403 sum
1363 1345 1708 1418 opprobrium
1738 1364 1750 1398 ε
1777 1345 1906 1399 viei-

316 1445 404 1500 nis
455 1445 592 1499 meis
615 1443 788 1508 valde,
841 1451 895 1498 et
945 1443 1108 1497 timor
1148 1443 1296 1497 notis
1327 1443 1482 1496 meis.
1511 1441 1612 1508 Qui
1648 1441 1904 1495 videbant

314 1555 426 1604 me,
453 1537 598 1593 foras
632 1525 887 1610 fugerunt
919 1551 950 1591 a
986 1552 1075 1592 me
1115 1555 1128 1592 :
1164 1535 1421 1591 oblivioni
1455 1535 1612 1590 datus
1634 1549 1752 1589 sum
1787 1541 1904 1586 tan-

316 1648 482 1704 quam
513 1639 756 1686 mortuus
793 1647 822 1685 a
861 1631 1043 1685 corde.
1083 1629 1281 1684 Factus
1336 1644 1455 1684 sum
1501 1635 1760 1698 tanquam
1806 1639 1902 1679 vas

313 1725 585 1795 perditum
614 1744 626 1778 :
652 1725 904 1793 quoniam
937 1725 1112 1778 audivi
1135 1723 1587 1792 vituperationem
1612 1720 1901 1775 multorum

313 1817 768 1871 commorantium
805 1817 860 1871 in
891 1817 1146 1871 circuitu.
1178 1816 1236 1870 in
1284 1831 1350 1870 eo
1389 1816 1515 1869 dum
1546 1813 1904 1870 convenirent

313 1907 472 1964 simul
509 1909 796 1964 adversum
826 1925 913 1964 me
953 1928 967 1964 :
1008 1911 1257 1980 accipere
1297 1910 1537 1964 animam
1574 1923 1750 1962 meam
1777 1921 1904 1962 con-

2005 711 2238 766 auimam
2273 729 2445 766 meam
2474 713 2665 769 levavi.
2693 714 2954 782 Quoniam
2980 723 3035 770 tu
3066 713 3291 771 Domine
3321 715 3500 774 suavis
3523 723 3580 775 et

2001 805 2184 860 mitis:
2209 815 2262 860 et
2298 807 2476 860 multae
2515 807 2896 863 misericordiae
2922 809 3172 864 omnibus
3207 809 3581 869 invocantibus

2003 905 2076 951 te.
2108 897 2340 952 Auribus
2385 899 2600 968 percipe
2653 899 2877 956 Domine
2912 903 3211 956 orationem
3244 917 3416 958 meam
3457 923 3468 958 ε
3503 904 3582 960 in-

2004 989 2162 1043 tende
2198 990 2316 1044 voci
2352 991 2752 1059 deprecationis
2778 1007 2928 1046 mem.
2985 993 3042 1046 in
3086 993 3172 1048 die
3223 993 3582 1051 tribulationis

2002 1096 2136 1134 mem
2163 1081 2387 1136 clamavi
2414 1082 2479 1134 ad
2510 1090 2560 1137 te
2594 1101 2606 1136 :
2639 1083 2762 1152 quia
2795 1084 3060 1138 exaudisti
3098 1097 3202 1140 me.
3255 1083 3370 1140 Non
3397 1095 3482 1142 est
3513 1087 3582 1142 si-

2003 1173 2145 1228 milis
2176 1175 2248 1228 tui
2266 1176 2318 1228 in
2347 1176 2468 1238 diis,
2496 1175 2754 1230 Domine:
2779 1184 2832 1231 et
2861 1193 2967 1230 non
2993 1187 3076 1231 est
3103 1179 3394 1233 secundum
3417 1193 3580 1251 opera

2002 1271 2112 1316 tua.
2151 1262 2351 1319 Omnes
2398 1275 2617 1335 gentes,
2659 1282 3010 1337 quascunque
3052 1267 3256 1335 fecisti,
3287 1271 3501 1326 venient
3527 1278 3583 1326 et

2003 1355 2305 1409 adorabunt
2323 1372 2504 1410 coram
2535 1367 2585 1412 te
2617 1352 2845 1413 Domine
2873 1378 2884 1412 :
2910 1365 2964 1412 et
2990 1359 3365 1429 glorificabunt
3385 1377 3582 1418 nomen

2002 1451 2174 1498 tuum.
2201 1445 2463 1512 Quoniam
2491 1465 2714 1519 magnus
2751 1465 2810 1504 es
2841 1458 2919 1514 tu,
2951 1449 3152 1504 faciens
3186 1449 3448 1506 mirabilia
3478 1472 3490 1506 :
3526 1460 3580 1507 tu

2003 1550 2062 1589 es
2088 1535 2228 1591 Deus
2260 1538 2424 1593 solus.
2461 1539 2642 1594 Dedue
2673 1557 2778 1607 me,
2809 1541 3059 1607 Domine,
3093 1542 3144 1596 in
3171 1543 3258 1596 via
3289 1549 3402 1608 tua,
3427 1551 3481 1599 et
3508 1543 3584 1598 in-

2004 1629 2220 1698 grediar
2240 1629 2292 1682 in
2319 1631 2544 1685 veritate
2577 1639 2666 1686 tua
2695 1651 2706 1686 :
2739 1631 2951 1687 lmtetur
2972 1650 3065 1688 cor
3087 1649 3285 1700 meum,
3311 1644 3369 1688 ut
3401 1635 3584 1689 timeat

2003 1735 2197 1774 nomen
2229 1729 2397 1775 tuum.
2428 1722 2740 1778 Conﬁtebor
2770 1725 2867 1778 tibi
2899 1724 3123 1780 Domine
3148 1725 3290 1782 Deus
3328 1741 3480 1781 meus
3527 1726 3582 1780 in

2003 1818 2116 1866 toto
2144 1813 2305 1866 corde
2342 1829 2462 1868 meo
2493 1834 2504 1869 :
2539 1825 2593 1869 et
2622 1815 2930 1887 glorificabo
2951 1833 3145 1872 nomen
3176 1827 3323 1873 tuum
3353 1819 3404 1873 in
3431 1826 3585 1873 teter-

2003 1918 2151 1957 num.
2186 1904 2319 1972 Quia
2341 1907 2708 1962 misericordia
2735 1917 2826 1962 tua
2856 1925 3044 1981 magna
3074 1918 3158 1964 est
3179 1925 3339 1980 super
3365 1926 3450 1964 me
3477 1929 3489 1964 :
3529 1917 3582 1966 et

311 1999 482 2054 ciiiati
509 2009 655 2056 sunt.
701 2001 811 2071 Ego
845 2009 1024 2056 autem
1059 2001 1110 2055 in
1144 2009 1197 2055 te
1220 2001 1428 2071 speravi
1457 1999 1680 2054 Domine
1716 2019 1728 2052 :
1766 1997 1897 2062 dixi,
1932 2005 1978 2066 Β
2003 1999 2196 2053 eruisti
2249 2000 2482 2053 animam
2535 2017 2711 2056 meam
2751 2017 2820 2056 ex
2869 2001 3079 2057 inferno
3122 2002 3382 2057 inferiori.
3439 2001 3582 2057 Deus

310 2091 456 2147 Deus
478 2107 636 2146 meus
661 2105 720 2145 es
749 2100 824 2157 tu,
851 2093 906 2146 in
936 2093 1185 2147 manibus
1217 2093 1324 2148 tuis
1356 2101 1534 2147 sortes
1557 2105 1706 2145 meae.
1737 2090 1900 2159 Eripe

311 2198 400 2240 me
424 2183 489 2238 de
516 2197 677 2236 manu
705 2183 1046 2238 inimicorum
1081 2199 1346 2248 meorum,
1374 2190 1430 2239 et
1465 2199 1495 2237 a
1531 2181 1904 2252 persequenti-

307 2278 413 2334 bus
437 2293 544 2333 me.
581 2277 797 2333 lilustra
823 2277 1015 2333 faciem
1043 2286 1190 2332 tuam
1239 2294 1401 2348 super
1451 2293 1668 2333 servum
1723 2285 1896 2343 tuum,

308 2368 522 2422 salvum
569 2381 660 2422 me
709 2368 795 2423 fac
824 2369 880 2422 in
917 2368 1291 2424 misericordia
1327 2377 1416 2423 tua
1463 2368 1688 2423 Domine
1736 2386 1749 2421 :
1788 2383 1898 2422 non

301 2456 630 2523 conﬁmdar,
663 2458 919 2528 quoniam
955 2459 1200 2513 invocavi
1241 2468 1312 2513 te.
1351 2459 1693 2513 Erubescant
1726 2459 1894 2528 impii,

305 2557 364 2602 et
403 2547 747 2603 deducantur
793 2548 849 2602 in
906 2548 1176 2605 infernum
1213 2568 1232 2606 :
1263 2559 1413 2604 muta
1465 2550 1601 2605 fiant
1637 2551 1777 2606 labia
1810 2552 1900 2605 do-

307 2637 445 2701 losa,
469 2654 589 2709 qum
613 2639 905 2708 loquuntur
925 2641 1405 2713 adversusjustum
1449 2644 1789 2713 iniquitatem
1841 2645 1895 2699 in

308 2729 590 2799 superbia,
623 2739 678 2784 et
719 2731 774 2784 in
828 2731 1104 2786 abusione.
1162 2733 1334 2800 Quam
1377 2750 1570 2804 magna
1613 2735 1898 2790 multitudo

307 2821 612 2877 dulcedinis
639 2829 760 2886 tuae,
781 2822 1024 2888 Domine,
1043 2840 1202 2894 quam
1218 2826 1414 2880 abscon
1427 2825 1546 2879 iisti
1573 2825 1898 2880 timentibus

307 2913 391 2967 te!
431 2911 712 2966 Perfecisti
759 2913 860 2976 eis,
889 2915 982 2982 qui
1029 2923 1252 2984 sperant
1296 2917 1352 2970 in
1410 2925 1482 2980 te,
1515 2917 1568 2970 in
1602 2924 1893 2985 concpectu

307 3002 550 3058 ﬁliorum
601 3005 899 3058 hominum.
947 3004 1265 3062 Abscondes
1317 3023 1412 3063 eos
1467 3011 1521 3062 in
1579 3007 1894 3063 abscondito

308 3091 470 3148 faciei
505 3101 632 3158 tum,
663 3109 694 3147 a
731 3095 1141 3150 eonturbatione
1171 3097 1468 3152 hominum.
1495 3097 1756 3169 Proteges
1801 3113 1894 3153 eos

307 3183 363 3238 in
402 3183 750 3240 tabernaculo
773 3193 886 3249 tuo,
919 3200 948 3240 a
979 3187 1407 3244 contradictione
1437 3189 1762 3260 linguarum.
1796 3187 1894 3245 Be—

305 3276 560 3331 nedictus
590 3275 890 3331 Dominus:
924 3279 1181 3347 quoniam
1229 3279 1540 3335 miriﬁcavit
1588 3281 1894 3337 misericor-

2005 2089 2174 2157 iniqui
2201 2088 2607 2145 insurrexerunt
2641 2107 2802 2162 super
2831 2108 2916 2148 me
2951 2113 2963 2147 :
3002 2103 3055 2148 et
3084 2109 3350 2166 synagoga
3397 2103 3583 2163 poten-

2001 2178 2134 2232 tium
2161 2180 2490 2247 qumsierunt
2516 2181 2749 2235 animam
2779 2199 2954 2237 meam
2988 2204 3000 2238 :
3034 2193 3089 2238 et
3138 2201 3243 2238 non
3291 2200 3584 2256 proposue-

1998 2274 2125 2320 runt
2156 2268 2280 2323 tein
2311 2281 2602 2340 conspectu
2634 2287 2750 2325 suo.
2780 2273 2847 2326 Et
2874 2281 2950 2338 tu,
2985 2269 3213 2330 Domine
3240 2273 3384 2331 Deus
3417 2276 3582 2332 mise-

1997 2365 2149 2411 rator
2177 2367 2232 2413 et
2257 2360 2583 2425 misericors,
2610 2363 2821 2432 patiens
2861 2373 2913 2418 et
2949 2363 3131 2419 multa:
3165 2365 3580 2433 misericordim,

1998 2456 2051 2501 ct
2075 2463 2257 2502 verax.
2288 2449 2516 2520 Respice
2548 2451 2599 2505 in
2630 2469 2738 2518 me,
2763 2461 2817 2507 et
2839 2454 3096 2509 miserere
3141 2455 3277 2521 mei,
3309 2457 3375 2509 da
3421 2457 3584 2527 impe-

1998 2535 2137 2590 rium
2169 2545 2317 2592 tuum
2343 2555 2509 2608 puero
2548 2549 2638 2594 tuo
2679 2559 2691 2594 :
2727 2550 2783 2596 et
2817 2542 3023 2597 salvum
3056 2543 3141 2598 fac
3175 2543 3343 2598 filium
3375 2544 3594 2616 ancillae.

1997 2636 2120 2682 tum.
2148 2628 2256 2685 Fac
2283 2645 2495 2684 mecum
2537 2633 2748 2702 signum
2783 2635 2839 2688 in
2886 2635 3106 2699 bonum,
3140 2645 3199 2690 ut
3237 2637 3456 2691 videant
3490 2635 3583 2706 qui

1996 2721 2227 2776 oderunt
2253 2733 2360 2785 me,
2391 2730 2446 2775 et
2469 2723 2873 2779 confundantur
2898 2744 2910 2779 :
2939 2726 3196 2794 quoniam
3227 2733 3305 2793 tu,
3335 2726 3581 2791 Domine.

1997 2814 2250 2884 adiuvisti
2281 2830 2368 2869 me
2391 2824 2445 2869 et
2469 2816 2783 2873 consolatus
2814 2834 2874 2873 es
2905 2835 3011 2874 me.

2071 2903 2137 2958 Ut
2174 2922 2354 2976 mpm.
2410 2907 2521 2978 Ego
2568 2908 2709 2974 dixi,
2744 2909 2967 2966 Domine
3019 2911 3279 2966 miserere
3321 2911 3450 2966 mei.
3504 2908 3584 2966 Ne

1995 2997 2340 3066 derelinquas
2379 3015 2483 3063 me,
2508 2998 2752 3065 Domine,
2774 3001 2916 3056 Deus
2943 3016 3096 3057 meus
3127 3020 3139 3057 :
3174 3017 3240 3058 ne
3266 2995 3583 3058 discesseris

1993 3102 2025 3141 a
2061 3103 2164 3140 me.
2204 3087 2427 3142 intende
2471 3090 2523 3143 in
2564 3089 2891 3159 adjutorium
2940 3090 3396 3156 meum,Domine
3439 3091 3583 3146 Deus

1999 3177 2191 3232 salutis
2215 3193 2365 3233 meae.
2391 3178 2622 3250 Adjutor
2651 3197 2826 3249 meus,
2855 3190 2910 3236 et
2937 3191 3212 3252 protector
3237 3197 3410 3246 meus,
3435 3190 3492 3236 tu
3524 3197 3586 3238 es

1997 3270 2140 3326 Deus
2169 3287 2341 3338 meus,
2374 3288 2441 3327 ne
2471 3274 2790 3330 tardaveris.

304 3366 459 3421 diam
491 3381 646 3422 suam
675 3367 806 3421 mihi
843 3368 898 3421 in
922 3368 1143 3424 civitate
1165 3371 1391 3425 munita.
1421 3371 1533 3442 Ego
1559 3382 1740 3428 autem
1783 3373 1894 3430 dixi

2073 3363 2280 3420 Oratio.
2342 3365 2607 3434 Laetificat,
2667 3368 2921 3433 Domine,
2964 3368 3171 3423 vultum
3223 3367 3436 3424 familia!
3475 3375 3584 3424 tum

305 3458 365 3514 in
392 3473 620 3513 excessu
653 3460 852 3515 mentis
883 3476 1017 3516 mea:
1057 3479 1070 3516 :
1101 3462 1376 3533 proiectus
1397 3480 1518 3518 sum
1547 3481 1577 3518 a
1605 3465 1746 3520 facie
1773 3477 1897 3520 ocu-

305 3553 487 3608 lorum
527 3561 762 3607 tuorum.
797 3553 922 3609 Ideo
949 3555 1216 3610 exaudisti
1241 3571 1431 3611 vocem
1451 3557 1714 3612 orationis
1739 3571 1892 3624 mete,

303 3643 439 3698 dum
469 3643 759 3700 clamarem
784 3646 848 3698 ad
887 3654 958 3700 te.
990 3645 1097 3717 76
1125 3645 1339 3718 Diiigite
1375 3647 1682 3714 Dominum,
1706 3666 1896 3706 omnes

301 3735 486 3788 sancti
524 3731 640 3801 eius
669 3753 682 3785 .-
717 3736 972 3806 quoniam
998 3737 1282 3792 veritatem
1329 3740 1574 3809 requiret
1613 3741 1892 3808 Dominus,

300 3834 362 3880 et
401 3827 664 3882 retribuet
701 3829 1041 3884 abundanter
1071 3829 1390 3886 facientibus
1426 3834 1753 3902 superbiam.
1807 3834 1923 3889 Vin

303 3923 484 3979 riliter
514 3925 675 3995 agite,
703 3933 758 3980 et
784 3925 1118 3981 confortetur
1148 3941 1242 3983 cor
1265 3937 1503 3984 vestrum
1544 3947 1556 3983 :
1585 3943 1778 3984 omnes
1801 3931 1894 4000 qui

301 4017 542 4086 speratis
559 4017 616 4071 in
649 4017 892 4072 Domino.

385 4104 452 4160 Ut
508 4123 687 4180 ετῳνη.
739 4108 851 4180 Ego
913 4110 1062 4176 dixi,
1113 4109 1379 4176 Domine,
1439 4114 1699 4169 miserere
1763 4115 1888 4170 mei.

301 4199 741 4268 Exaudi,‘lieu's,
769 4203 1067 4257 orationem
1103 4219 1278 4258 meam
1299 4245 1312 4266 ,
1342 4217 1396 4259 et
1449 4221 1516 4260 ne
1573 4207 1893 4278 despexeris

300 4291 743 4361 deprecationem
778 4307 953 4349 meam
989 4312 1002 4348 :
1037 4295 1255 4350 incende
1289 4297 1442 4360 mihi,
1469 4306 1524 4352 et
1557 4299 1750 4353 exaudi
1781 4315 1888 4354 me.

300 4381 535 4438 Domine
553 4385 753 4439 exaudi
775 4385 1074 4441 orationem
1103 4401 1299 4451 meam,
1327 4395 1383 4441 et
1407 4387 1612 4443 clamor
1637 4405 1790 4444 meus
1825 4391 1894 4445 ad

299 4479 362 4528 te
397 4473 596 4528 veniat.
633 4475 690 4530 in
721 4483 1044 4546 quacunque
1069 4477 1156 4531 die
1195 4477 1894 4545 invocaverote,velociter

296 4566 503 4620 exaudi
529 4579 635 4621 me.
1369 4571 1378 4575 “

380 4653 586 4711 Oratio.
643 4657 860 4714 Excelsi
908 4659 1028 4714 solii
1085 4669 1340 4732 regnator
1387 4663 1655 4720 immense
1719 4663 1882 4737 [ϐοά.

2001 3452 2157 3526 [ϐοά.
2187 3453 2338 3526 Reg.,
2374 3456 2576 3510 vultum
2605 3465 2756 3512 tuum
2807 3473 2970 3529 super
3017 3457 3275 3514 familiam
3303 3457 3494 3531 tuam],
3527 3466 3585 3515 et

1999 3559 2131 3598 erue
2154 3545 2363 3600 animas
2385 3554 2600 3600 nostras
2619 3561 2686 3601 ex
2709 3547 2920 3603 inferno
2944 3549 3209 3614 inferiori,
3224 3556 3283 3603 ut
3305 3550 3383 3604 tui
3401 3549 3585 3605 vultus

1997 3640 2454 3710 contemplatione
2493 3643 2741 3711 protecti,
2789 3642 3060 3700 desideria
3113 3643 3297 3698 carnis
3349 3640 3581 3713 spiritali

1995 3735 2364 3790 dominatione
2390 3735 2678 3790 calcemus.
2704 3735 2826 3791 Per.

2069 3826 2280 3879 Litania
2305 3835 2359 3879 ut
2387 3843 2565 3897 supra.

2069 3918 2178 3988 Ego
2202 3918 2346 3982 dixi,
2371 3917 2596 3972 Domine
2633 3917 2775 3973 Deus
2815 3933 2990 3984 meus,
3017 3920 3071 3974 in
3105 3927 3156 3973 te
3198 3919 3430 3990 speravi.
3470 3918 3586 3975 Sal-

1995 4028 2120 4066 vum
2149 4027 2236 4067 me
2266 4012 2352 4067 fac
2377 4025 2442 4066 ex
2470 4013 2720 4068 omnibus
2742 4013 3194 4084 persequentibus
3213 4029 3320 4078 me,
3337 4022 3390 4068 et
3413 4013 3582 4068 libera

1994 4118 2101 4160 me.
2152 4103 2230 4158 Ne
2276 4105 2492 4174 quando
2540 4105 2714 4174 rapiat
2759 4113 2818 4158 ut
2849 4105 2930 4160 leo
2961 4105 3198 4160 animam
3229 4120 3429 4170 meam,
3455 4106 3582 4160 dum

1992 4209 2102 4248 non
2149 4203 2231 4250 est
2266 4195 2356 4262 qui
2393 4195 2643 4258 redimat,
2684 4210 2858 4264 neque
2903 4197 2994 4266 qui
3031 4196 3236 4250 salvum
3284 4196 3462 4251 faciat.
3502 4195 3580 4250 Tu

1991 4294 2207 4348 autem,
2237 4283 2573 4348 Domine,ne
2597 4285 2934 4356 elongaveris
2955 4287 3215 4342 auxilium
3231 4294 3378 4342 tuum
3411 4302 3440 4341 a
3463 4302 3580 4342 me:

1993 4376 2060 4429 ad
2085 4374 2456 4429 defensionem
2484 4391 2658 4430 meam
2681 4377 2950 4446 conspice.
2976 4375 3186 4441 Indica,
3214 4376 3462 4441 Domine,
3487 4391 3584 4431 no-

1994 4475 2178 4521 centes
2216 4482 2336 4531 me,
2371 4481 2617 4537 expugna
2659 4467 3038 4540 impugnantes
3086 4483 3190 4524 me.
3229 4469 3583 4540 Apprebende

1993 4577 2143 4616 arma
2169 4570 2226 4616 et
2249 4570 2482 4626 scutum,
2509 4570 2561 4616 et
2587 4577 2818 4634 exsurge
2849 4563 2901 4616 in
2927 4564 3254 4634 adjutorium
3291 4565 3444 4618 mihi.
3488 4563 3580 4618 Ef-

1994 4649 2159 4705 funde
2186 4649 2466 4715 frameam,
2487 4659 2541 4706 et
2565 4652 2829 4707 conclude
2861 4653 3122 4707 adversus
3159 4654 3380 4722 eos.qui
3404 4669 3584 4725 perse-

299 4743 463 4820 Βεςη
491 4759 745 4823 mgnum-‘-
777 4752 1134 4825 memepqui
1155 4729 1443 4824 'Spemmes
1471 4757 1522 4810 in
1554 4765 1604 4812 ιθ
1639 4729 1886 4814 ἀθῇτηεηί
1919 4729 1967 4788 Ι)
1990 4751 2230 4810 quuntur
2257 4757 2344 4795 me
2372 4759 2384 4792 :
2420 4741 2506 4796 dic
2541 4743 2735 4795 animm
2766 4757 2932 4807 mem,
2959 4742 3118 4798 Salus
3151 4751 3239 4797 tua
3277 4759 3377 4814 ego
3435 4760 3576 4798 sum.

295 4850 510 4897 aeterm
553 4843 870 4899 confusiOne
917 4859 1023 4900 non
1073 4847 1319 4915 pateris:
1352 4848 1518 4918 reple,
1543 4865 1887 4918 quaesumus,

297 4931 450 4986 labia
488 4943 670 4988 nostra
705 4933 886 5006 [laude
915 4935 1025 5008 tua]
1061 4944 1118 4991 et
1151 4938 1203 4991 in
1230 4937 1316 4993 bis
1343 4954 1442 4992 nos
1465 4953 1679 5008 semper
1723 4943 1892 4996 medi-

293 5024 601 5080 sationibus
655 5028 917 5082 bonorum
967 5029 1267 5085 insinuator
1314 5045 1508 5086 exerce
1555 5031 1708 5104 [ϐοά.
1735 5032 1888 5104 Reg.,

287 5130 563 5172 exercere
589 5117 870 5191 digneris].
897 5119 1020 5175 Per.

920 5297 1259 5360 PSALMUS.

372 5454 557 5528 (PSAL.
594 5459 818 5527 uxxv.)
859 5471 884 5498 α
919 5459 1120 5513 lnclina
1162 5459 1388 5514 Domine
1416 5477 1600 5517 aurem
1633 5471 1808 5529 tuam,
1833 5473 1888 5520 et

281 5548 501 5606 exaudi
537 5565 622 5603 me
650 5568 662 5602 :
692 5551 943 5619 quoniam
980 5552 1133 5620 inops
1159 5561 1213 5605 et
1237 5567 1442 5622 pauper
1469 5569 1586 5606 sum
1617 5571 1736 5625 ego.
1787 5557 1888 5611 (iu-

277 5640 444 5702 βίούὶ
467 5642 699 5695 animam
731 5658 926 5706 meam,
961 5644 1213 5713 quoniam
1248 5653 1469 5699 sanctus
1493 5661 1610 5699 smn
1637 5664 1650 5699 :
1679 5647 1885 5702 salvum

278 5731 388 5790 fac
421 5747 634 5786 servmn
680 5742 828 5787 tuum
863 5733 1004 5787 Deus
1039 5752 1190 5790 meus
1213 5745 1523 5806 sperantem
1556 5738 1608 5791 in
1639 5747 1709 5794 te.
1738 5739 1892 5795 Mise-

281 5839 432 5884 rere
453 5825 580 5889 mei,
608 5825 855 5891 Domine,
895 5827 1150 5896 quoniam
1181 5829 1250 5886 ad
1281 5839 1332 5886 te
1365 5829 1595 5887 clamavi
1628 5839 1738 5888 tota
1759 5823 1882 5890 die:

370 5949 402 5978 ι
441 5935 587 5993 Loco
613 5939 802 6004 citato,
832 5955 954 6010 pag.
986 5939 1074 5994 44.

1987 4835 2216 4890 Domine
2231 4842 2412 4888 averte
2431 4833 2622 4889 faciem
2644 4841 2788 4886 tuam
2815 4849 2844 4886 a
2868 4835 3111 4904 peccatis
3139 4837 3294 4900 meis,
3311 4847 3367 4890 et
3391 4851 3581 4890 omnes

1991 4928 2314 4996 iniquitates
2343 4941 2493 4981 meas
2519 4926 2651 4980 delc.
2670 4927 2775 4979 Cor
2792 4929 3049 4982 mundum
3064 4944 3188 4984 crca
3213 4929 3265 4983 in
3291 4945 3397 4993 me,
3416 4928 3579 4995 Deus,

1986 5031 2044 5078 e‘t
2071 5025 2317 5093 spiritum
2351 5030 2556 5075 rectum
2611 5022 2806 5076 innova
2853 5023 2906 5075 in
2953 5023 3251 5078 visceribus
3295 5023 3452 5077 meis.
3502 5022 3582 5075 Ne

1983 5116 2246 5187 projicias
2271 5129 2359 5169 me
2394 5130 2422 5168 a
2453 5112 2591 5168 facie
2617 5122 2741 5181 tua;
2776 5125 2830 5170 et
2855 5114 3116 5186 Spiritum
3153 5126 3400 5172 sanctum
3430 5125 3580 5169 tuum

1989 5221 2061 5263 ne
2088 5207 2305 5260 auferas
2325 5221 2354 5259 a
2395 5222 2503 5260 me.
2549 5207 2730 5262 Redde
2763 5209 2893 5262 mihi
2927 5209 3167 5263 laetitiam
3198 5207 3448 5263 salutaris
3477 5207 3575 5271 tui,

1989 5311 2040 5357 et
2065 5303 2257 5372 spiritu
2281 5303 2561 5373 principali
2591 5304 2852 5358 confirma
2881 5319 2985 5359 me.
3019 5306 3178 5374 Eripe
3195 5317 3304 5364 me,
3330 5298 3574 5364 Domine.

1990 5395 2059 5448 ab
2091 5394 2306 5448 [nomine
2337 5396 2497 5460 malo,
2529 5413 2556 5449 a
2594 5397 2711 5450 viro
2740 5399 2926 5468 iniquo
2964 5399 3111 5466 eripe
3163 5412 3266 5449 me.
3313 5393 3427 5446 Non
3472 5400 3557 5446 ira

1991 5485 2108 5546 das,
2147 5483 2393 5550 Domine,
2419 5487 2688 5541 desiderio
2727 5504 2846 5541 meo
2880 5486 3173 5558 peecatori,
3204 5484 3578 5556 cogitaverunt

1989 5584 2175 5628 contra
2204 5591 2289 5629 me
2323 5594 2334 5628 :
2370 5591 2437 5630 ne
2469 5577 2810 5647 derelinquas
2843 5592 2925 5632 me
2948 5618 2959 5640 ,
2983 5592 3056 5630 ne
3087 5576 3225 5630 forte
3248 5573 3570 5629 exaltentur.

1990 5663 2234 5730 Domine,
2268 5668 2575 5722 clamaviad
2607 5678 2679 5734 te,
2707 5669 2897 5722 exaudi
2917 5668 3255 5732 mc,intendc
3279 5664 3396 5722 voci
3418 5679 3572 5730 meae,

1991 5773 2112 5812 cum
2143 5758 2446 5815 clamavero
2491 5762 2558 5816 ad
2605 5771 2673 5816 te.
2729 5761 3003 5832 Dirigatur
3050 5762 3224 5817 oratio
3269 5776 3386 5817 mea
3435 5759 3577 5817 sicut

1991 5845 2269 5904 incensum
2301 5851 2353 5904 in
2381 5861 2673 5921 conspectu
2700 5861 2794 5907 tuo
2829 5871 2840 5882 ο
2883 5853 3111 5910 elevatio
3143 5871 3396 5910 manuum
3433 5868 3576 5909 mer.-
