4038 6336
495 430 603 490 545

1323 433 1383 487 Β.
1424 432 1486 488 F.
1517 432 1743 489 ALBINI
1779 431 1911 491 SEU
1947 428 2225 489 ALCUINI
2259 428 2544 488 OPERUM
2578 427 2758 487 PARS
2789 429 2879 487 IV.

3662 434 3765 494 5H

497 569 618 611 rum
655 553 974 610 sacrificium
1008 552 1395 622 vespertinum.
1433 552 1600 617 Pone,
1634 553 1877 617 Domine,
1903 558 2079 606 custo-
2101 548 2152 610 Α
2180 554 2235 603 et
2273 563 2381 603 non
2434 554 2520 603 est
2562 546 2771 604 sanitas
2798 548 2855 604 in
2883 562 3048 604 carne
3088 563 3231 605 mea.
3286 546 3517 620 Propter
3561 564 3763 609 nomen

499 646 642 703 diam
668 646 747 701 ori
774 660 923 711 meo;
964 654 1018 700 et
1045 645 1238 699 ostium
1276 644 1694 699 circumstantiae
1729 644 1883 699 labiis
1921 643 2074 699 meis.

498 738 616 795 Non
645 738 878 793 declines
903 752 995 791 cor
1020 752 1199 792 meum
1248 737 1303 791 in
1360 737 1521 791 verba
1570 739 1675 807 77
1727 738 1966 803 malitiae,
2012 737 2080 791 ad

502 829 838 885 excusandas
862 829 1241 882 excusationes
1271 829 1322 881 in
1342 829 1599 898 peccatis.
1633 828 1856 883 Domine
1884 828 2079 884 exaudi

2180 646 2352 705 tuum,
2381 639 2631 705 Domine,
2660 639 3042 710 propitiaberis
3068 647 3292 711 peccato
3340 656 3463 696 meo
3490 660 3503 695 :
3536 642 3763 698 multum

2179 740 2265 789 est
2293 734 2457 789 enim.
2492 732 2700 789 Delicta
2750 735 2871 805 quis
2918 735 3212 805 intelligit?
3238 735 3306 790 ab
3351 737 3579 791 occultis
3627 737 3764 795 meis

2180 827 2379 895 munda
2408 842 2493 881 me
2522 845 2534 880 :
2569 834 2623 882 et
2660 826 2728 881 ab
2768 826 2961 882 alienis
2989 844 3151 898 parce
3178 844 3335 885 servo
3384 839 3497 885 tuo.
3556 830 3764 888 Delicta

501 922 803 976 orationem
861 936 1071 985 meam,
1127 920 1344 974 auribus
1391 921 1603 990 percipe
1652 920 2080 974 obsecrationem
2175 918 2475 989 iuventutis
2501 928 2730 985 meaa,et
2760 921 3093 992 ignorantias
3140 938 3292 978 meas
3321 939 3389 978 ne
3419 925 3759 982 memineris.

501 1027 676 1068 meam
713 1011 767 1064 in
795 1011 1022 1065 veritate
1050 1020 1162 1075 tua,
1191 1011 1383 1065 exaudi
1410 1027 1495 1065 me
1526 1011 1581 1065 in
1624 1020 1713 1064 tua
1748 1008 1976 1077 justitia.
2016 1010 2084 1063 Et

501 1118 609 1157 non
637 1103 805 1157 intres
830 1104 882 1157 in
901 1102 1106 1172 judicio
1138 1118 1260 1155 cum
1294 1117 1450 1154 servo
1480 1110 1570 1154 tuo
1598 1119 1609 1153 :
1639 1102 1762 1170 quia
1801 1116 1904 1154 non
1929 1100 2084 1169 justi-

500 1192 750 1249 ﬁcabitur
771 1196 824 1250 in
852 1207 1143 1263 conspeCtu
1170 1202 1260 1247 tuo
1283 1194 1457 1247 omnis
1490 1194 1693 1246 vivens.
1721 1191 1969 1245 Aut’itam
1998 1190 2083 1244 fac

499 1286 630 1341 mihi
664 1301 821 1340 mane
853 1284 1275 1338 misericordiam
1329 1290 1505 1347 tuam,
1531 1285 1654 1352 quia
1688 1283 1740 1335 in
1770 1291 1821 1336 te
1847 1281 2077 1351 speravi.

498 1377 692 1434 Notam
738 1376 823 1431 fac
854 1377 985 1430 mihi
1013 1375 1154 1429 viam
1193 1376 1243 1429 in
1285 1391 1389 1444 qua
1438 1376 1725 1437 ambulem,
1755 1376 1879 1443 quia
1912 1372 1977 1427 ad
2032 1381 2085 1427 te

498 1469 671 1525 levavi
702 1468 939 1522 animam
978 1481 1174 1521 meam.
1210 1467 1368 1535 Eripe
1415 1482 1499 1520 me
1546 1467 1611 1520 de
1649 1465 1879 1519 inimicis
1923 1464 2077 1529 meis,

499 1562 748 1625 Domine,
772 1562 838 1615 ad
872 1571 923 1614 te
958 1559 1171 1631 confugi
1212 1579 1223 1613 :
1264 1560 1395 1614 doce
1424 1575 1511 1614 me
1548 1558 1727 1613 facere
1754 1562 2083 1612 voluntatem

501 1660 672 1718 tuam,
700 1653 825 1722 quia
851 1652 992 1707 Dens
1016 1669 1168 1707 meus
1193 1669 1252 1707 es
1277 1662 1351 1706 tu.
1384 1651 1617 1721 Spiritus
1646 1661 1767 1706 tuus
1790 1652 1963 1706 bonus
1998 1652 2084 1705 de-

499 1744 660 1799 ducet
690 1760 775 1799 me
806 1744 856 1797 in
891 1752 1033 1798 terra
1068 1753 1251 1808 recta,
1274 1752 1494 1813 propter
1544 1758 1740 1797 nomen
1792 1752 1941 1796 tuum
1986 1741 2084 1795 Do-

498 1833 686 1888 mine:
729 1832 1025 1887 vivificabis
1076 1849 1163 1887 me
1219 1834 1274 1887 in
1323 1833 1577 1902 aequitate
1631 1842 1737 1887 tua.
1770 1834 1977 1887 Educcs
2018 1833 2083 1886 de

500 1923 844 1977 tribulatione
872 1924 1110 1977 animam
1150 1940 1345 1989 meam,
1371 1932 1425 1979 et
1448 1923 1817 1978 misericordia
1852 1930 1942 1976 tua
1976 1922 2028 1975 di

496 2015 690 2084 perdes
714 2015 961 2070 inimicos
987 2031 1151 2070 meos.
1172 2016 1239 2070 Et
1269 2017 1467 2087 perdes
1490 2032 1698 2080 omnes,
1715 2016 1805 2085 qui
1825 2015 2083 2069 tribulant

496 2104 735 2159 animam
766 2120 964 2169 meam,
996 2106 1253 2175 quoniam
1284 2121 1382 2177 ego
1412 2121 1601 2160 servus
1630 2115 1751 2159 tuus
1797 2121 1936 2160 sum.
1984 2104 2086 2160 D0-

496 2194 644 2249 lnine
670 2196 863 2250 exaudi
887 2197 1188 2252 orationem
1215 2213 1412 2262 meam,
1436 2206 1489 2251 et
1514 2198 1719 2252 clamor
1754 2214 1907 2252 meus
1930 2199 1996 2253 ad
2029 2206 2083 2254 te

496 2286 698 2340 veniat.
721 2286 978 2344 Miserere
995 2289 1120 2353 mei,
1140 2289 1300 2355 Deus,
1325 2290 1622 2344 secundum
1645 2306 1896 2361 magnam
1910 2298 2013 2345 etc.
2031 2303 2079 2345 ι.

802 2399 1058 2458 ORATIO
1092 2401 1335 2458 SANCTI
1372 2402 1765 2459 AUGUSTINI.

464 2565 482 2581 ,
571 2510 687 2565 Tibi
716 2510 840 2576 soli,
870 2511 1120 2577 Domine,
1145 2515 1386 2583 peccavi,
1419 2516 1546 2585 quia
1593 2514 1771 2569 nullus
1800 2516 2082 2570 hominum

500 2602 619 2657 sine
644 2611 868 2672 peccato
899 2623 910 2657 :
955 2613 1009 2659 et
1034 2604 1155 2660 ideo
1184 2607 1280 2661 tibi
1303 2606 1402 2661 soli
1431 2608 1674 2677 peccavi,
1700 2609 1827 2678 quia
1857 2617 1911 2661 tu
1935 2609 2081 2664 solus

499 2706 558 2747 es
585 2692 703 2747 sine
726 2702 969 2763 peccato.
1000 2694 1097 2761 Da,
1126 2695 1374 2763 Domine,
1409 2699 1837 2753 misericordiam
1858 2701 2079 2767 misero,

498 2782 591 2852 qui
616 2783 797 2837 tandiu
828 2786 1115 2854 pepercisti
1144 2787 1456 2843 criminose.
1489 2788 1685 2859 Aspice
1710 2790 1775 2845 ad
1807 2790 2081 2845 infelicem

499 2874 673 2944 pietas
701 2876 986 2931 immensa.
1021 2878 1251 2946 Respice
1286 2881 1559 2935 crudelem
1586 2882 1957 2939 misericordia
1986 2900 2083 2954 pu-

498 2964 660 3020 blica.
700 2965 846 3020 Pene
871 2966 1189 3037 desperatus
1217 2970 1283 3023 ad
1306 2974 1737 3042 omnipotentem
1763 2976 1941 3039 venio,
1972 2976 2082 3029 vul-

500 3061 724 3109 neratus
754 3055 823 3108 ad
868 3056 1136 3111 medicum
1164 3074 1343 3114 curro.
1377 3060 1546 3117 Serva
1567 3105 1581 3128 ,
1618 3064 1842 3119 Domine
1870 3108 1883 3129 ,
1914 3066 2083 3135 pieta-

501 3151 608 3198 tem
636 3148 1064 3203 mensuetudinis
1090 3190 1105 3213 ,
1134 3151 1226 3219 qui
1258 3152 1441 3207 tandiu
1488 3155 1815 3224 suspendisti
1847 3157 2080 3228 gladium

2183 1008 2489 1065 Secundum
2545 1012 2974 1067 misericordiam
3026 1022 3171 1070 tuam
3220 1025 3494 1072 memento
3543 1018 3653 1073 mei
3686 1026 3762 1086 tu,

2180 1110 2399 1172 propter
2412 1103 2710 1159 bonitatem
2725 1112 2890 1168 tuam,
2912 1106 3157 1163 Domine.
3176 1108 3437 1165 Miserere
3451 1110 3580 1175 mei,
3597 1110 3760 1180 Deus,

2183 1196 2475 1249 secundum
2510 1212 2758 1267 magnam
2802 1197 3235 1255 misericordiam
3261 1209 3435 1268 tuam,
3491 1201 3613 1260 dele
3664 1202 3762 1261 ini-

2182 1286 2446 1356 quitatem
2477 1301 2673 1343 meam.

2326 1435 2329 1438 ‹
2671 1400 2928 1458 ORATIO
2978 1402 3282 1459 METRICA

2397 1489 2676 1546 AURELII
2714 1491 3083 1549 PRUDE‘NTII
3120 1493 3528 1552 CLEMENTIS.

2183 1604 2228 1661 Ο
2248 1606 2358 1661 Dee
2386 1608 2762 1677 cunctipotens
2791 1608 2987 1662 animae
3017 1609 3195 1675 dator,
3228 1626 3262 1665 ο
3284 1610 3393 1666 Dee
3415 1610 3634 1668 Christe

2184 1697 2350 1766 Cujus
2375 1698 2443 1752 ab
2466 1714 2561 1753 ore
2588 1698 2730 1755 Deus
2752 1701 3003 1757 subsistit
3028 1701 3252 1771 spiritus
3280 1717 3443 1766 unus,

2187 1791 2263 1848 Te
2290 1792 2608 1849 moderante
2632 1810 2809 1867 regor,
2839 1804 2893 1851 te
2922 1796 3087 1849 vitam
3118 1796 3361 1866 principe
3387 1796 3524 1852 duco
3549 1814 3562 1849 :

2034 1882 2082 1977 ἐξ
2110 1904 2156 1964 Β
2185 1882 2373 1939 Judice
2405 1893 2456 1940 te
2478 1886 2684 1955 pallens
2716 1886 2947 1956 trepido,
2974 1895 3025 1942 te
3049 1887 3232 1957 judice
3258 1887 3445 1942 eodem

2186 1977 2347 2048 Spem
2378 1979 2535 2048 capio
2566 1979 2702 2045 fore,
2734 1980 2998 2051 quidquid
3026 1997 3147 2051 ago,
3198 1981 3471 2036 veniabile
3500 1981 3644 2051 apud
3688 1990 3760 2050 te,

2184 2069 2493 2137 Quamlibet
2519 2071 2800 2141 indignum
2828 2073 3011 2137 venia,
3046 2073 3351 2142 faciamque
3375 2073 3693 2143 loquarque,

2182 2161 2479 2228 Confiteor,
2511 2164 2544 2217 d
2566 2164 2720 2217 mitte
2740 2163 2936 2229 libens,
2965 2173 3020 2218 et
3042 2180 3205 2234 parce
3233 2164 3445 2219 fatenti.

2184 2252 2356 2309 Omne
2377 2254 2581 2309 malum
2612 2255 2810 2321 merui,
2833 2256 2927 2331 sed
2958 2264 3036 2321 tu,
3061 2256 3237 2333 bonus
3260 2256 3483 2320 ar‘riter,
3511 2253 3665 2310 aufer

2184 2345 2335 2412 Quod
2359 2346 2563 2412 merui;
2592 2345 2814 2401 meliora
2844 2346 3030 2401 favens
3052 2346 3250 2418 largire
3283 2345 3550 2416 precanti.

2182 2436 2333 2490 Dona
2361 2436 2556 2491 animae
2583 2437 2905 2506 quandoque
2954 2452 3111 2501 mere,
3159 2452 3284 2492 cum
3312 2436 3559 2506 corporis
3604 2432 3763 2503 hujus

2184 2528 2294 2598 78.
2318 2528 2565 2597 Liquerit
2588 2527 2904 2596 hospitium,
2922 2527 3128 2592 nervis,
3152 2536 3298 2591 cute,
3330 2528 3617 2599 sanguine,
3639 2524 3763 2585 felle

2183 2617 2256 2674 Os
2280 2619 2382 2673 sibi
2400 2626 2733 2673 exstructum
2760 2626 3011 2687 corrupta
3038 2619 3177 2687 quod
3202 2619 3374 2673 incola
3405 2618 3533 2672 luxu

2182 2709 2298 2765 Heu
2327 2710 2557 2764 nimium
2586 2709 2864 2779 complexa
2889 2707 3054 2773 fovet,
3084 2725 3205 2763 cum
3228 2708 3420 2764 flebilis
3447 2708 3580 2764 hora

2182 2802 2450 2858 Clauserit
2468 2801 2565 2856 hos
2592 2801 2775 2865 orbes,
2804 2809 2860 2856 et
2889 2801 3230 2856 conclamata
3248 2802 3450 2871 jacebit

2181 2893 2458 2958 Materies,
2485 2892 2764 2961 oculisque
2786 2893 2901 2948 suis
2922 2908 3076 2948 mens
3107 2893 3248 2946 nuda
3272 2892 3502 2956 fruetur,

2180 2982 2260 3038 Ne
2281 2990 2470 3038 cernat
2492 2982 2853 3038 truculentum
2880 2983 3115 3054 aliquem
3130 2984 3194 3036 de
3208 2990 3367 3053 gente
3388 2982 3659 3038 latronmn

2181 3074 2473 3139 hnmitem,
2502 3074 2772 3141 rabidum,
2799 3074 3058 3145 vultuque
3078 3081 3133 3129 et
3161 3089 3289 3129 voce
3311 3073 3605 3139 minacem,

2183 3164 2526 3230 Terribilem,
2548 3164 2641 3235 qui
2663 3180 2749 3219 me
2776 3165 3107 3220 maculosum
3136 3165 3422 3236 aspergine
3444 3180 3655 3219 morum

502 3235 743 3329 ultionis.
778 3236 906 3292 Dele
949 3244 1335 3300 numerositate
1356 3261 1388 3297 ιι
1421 3246 1711 3302 criminum
1740 3250 2081 3307 multitudine
2106 3266 2155 3329 ο
2184 3256 2242 3311 In
2262 3271 2501 3326 prteceps
2528 3263 2591 3311 ut
2606 3257 2786 3326 praedo
2807 3256 3006 3321 trahat,
3033 3235 3314 3326 nigrisque
3336 3263 3585 3310 ruentem

501 3327 1014 3385 misericordiarum.
1049 3372 1063 3386 .
1108 3374 1122 3387 .
1156 3333 1257 3389 Hic
1275 3338 1531 3392 nonnulla
1553 3340 1760 3395 desunt.

572 3415 640 3470 Et
663 3432 763 3487 ego
793 3420 861 3474 ad
913 3428 987 3486 te,
1018 3422 1269 3491 Domine,
1321 3428 1570 3494 clamavi,
1622 3439 1675 3485 et
1702 3448 1861 3488 mane
1907 3436 2095 3503 oratio,

508 3521 627 3560 mea
655 3511 951 3576 praeveniet
977 3521 1047 3567 te.
1084 3514 1155 3570 Ut
1180 3518 1307 3587 quid
1343 3558 1359 3583 ,
1390 3520 1637 3588 Domine,
1686 3525 1901 3594 repellis
1957 3543 2082 3583 ora-

504 3597 708 3653 tionem
751 3616 926 3656 meam
946 3644 960 3668 ,
990 3606 1193 3660 avertis
1241 3607 1435 3663 faciem
1468 3619 1616 3666 tuam
1645 3629 1677 3667 a
1709 3630 1794 3669 me
1820 3616 1842 3668 ?
1875 3617 2084 3686 Pauper

503 3705 623 3744 sum
648 3707 769 3762 ego,
792 3704 846 3748 et
866 3695 920 3747 in
946 3695 1219 3753 laboribus
1252 3715 1281 3753 a
1306 3699 1590 3769 iuventute
1618 3721 1738 3760 mea
1772 3725 1783 3759 :
1816 3708 2082 3765 exaltatus

502 3787 683 3835 autem
707 3822 721 3846 ,
752 3781 1089 3852 humiliatus,
1120 3796 1175 3841 et
1218 3792 1590 3847 conturbatus.
1623 3793 1682 3847 In
1735 3811 1822 3849 me
1851 3799 2074 3852 transie-

502 3880 632 3926 runt
670 3873 762 3928 ine
790 3883 930 3929 tuae:
985 3887 1040 3931 et
1068 3886 1303 3936 terrores
1357 3883 1433 3937 tui
1463 3886 1926 3943 conturbaverunt
1972 3906 2080 3945 me.

504 3961 985 4024 Circumdederunt
1013 3986 1099 4027 me
1119 3973 1262 4029 sicut
1284 3990 1423 4045 aqua
1447 3984 1556 4032 tota
1580 3978 1689 4044 die,
1715 3979 2084 4038 circumdede-

504 4066 631 4111 runt
660 4075 747 4113 me
770 4060 947 4116 simul.
964 4063 1241 4136 Elongasti
1270 4084 1299 4121 a
1316 4085 1402 4124 me
1423 4070 1655 4123 amicum
1684 4072 2079 4140 etproximum,

504 4154 559 4202 et
588 4158 745 4205 notos
771 4166 920 4207 meos
949 4168 979 4207 a
1004 4155 1243 4211 miseria.

578 4238 781 4294 Oratio.
804 4244 1129 4315 Redemptor
1141 4249 1405 4315 omnium,
1428 4249 1819 4321 ineffabilisque
1836 4252 2083 4309 Salvator

505 4330 669 4397 Deus,
693 4335 781 4401 qui
812 4351 910 4403 pro
963 4339 1118 4393 nobis
1171 4340 1380 4395 inferna
1427 4352 1721 4412 penetrans
1748 4384 1763 4401 .
1821 4343 1992 4399 factus
2022 4361 2081 4402 es

506 4420 649 4477 inter
702 4434 943 4481 mortuos
987 4429 1166 4484 liber:
1202 4434 1398 4488 exaudi
1453 4436 1775 4490 matutinam
1813 4454 2029 4507 precem
2063 4457 2075 4492 :

506 4511 789 4578 miserere,
819 4515 1067 4583 Domine,
1098 4519 1312 4575 familiae
1339 4565 1352 4587 ,
1384 4533 1439 4579 et
1488 4542 1618 4581 erue
1650 4542 1747 4581 nos
1778 4528 1845 4582 ab
1875 4529 2079 4585 inimici

506 4601 814 4662 insidiantis
840 4610 1077 4677 pessima
1107 4614 1386 4671 servitute.
1417 4617 1540 4672 Per.

576 4698 695 4783 allia
719 4704 905 4756 oratio.
968 4703 1148 4758 Palma
1181 4706 1343 4761 totius
1390 4708 1742 4767 beatitudinis
1768 4713 1933 4777 Deus,
1982 4714 2075 4783 qui

507 4779 693 4849 fideles
722 4802 862 4861 tuos,
888 4804 947 4850 ut
976 4797 1028 4852 in
1060 4799 1177 4869 lege
1207 4807 1295 4854 tua
1326 4803 1622 4867 ambulent,
1649 4806 1956 4860 testimonia
1987 4779 2077 4859 tua

506 4896 815 4943 scrutentur
842 4931 856 4955 ,
886 4891 1137 4945 mandata
1188 4894 1529 4959 custodiant,
1560 4895 1792 4950 salubris
1832 4897 2081 4965 provisor

506 4979 806 5036 informas:
854 4974 1089 5039 concede
1137 4987 1293 5041 nobis
1332 4986 1751 5054 iustificationes
1800 4997 1920 5043 tuas
1967 4997 2079 5045 toto

503 5075 667 5131 corde
690 5092 951 5147 qumrcre,
983 5079 1194 5149 eloquia
1240 5080 1563 5151 intelligere,
1592 5082 1858 5157 mirabilia
1885 5082 2083 5151 praedi-

502 5183 664 5223 care:
693 5177 753 5222 ut
792 5171 883 5240 qui
932 5170 1195 5225 hactenus
1239 5173 1392 5240 quasi
1434 5175 1657 5240 per-lita:
1707 5188 1837 5228 oves
1881 5173 2084 5229 erravi-

505 5278 649 5329 mus,
675 5264 781 5318 tuis
806 5265 909 5333 piis
946 5265 1188 5319 humeris
1228 5266 1439 5320 restitui
1469 5268 1719 5335 paradiso
1767 5267 2075 5338 gloriemur.

508 5352 630 5409 Per.

576 5446 787 5503 Litam‘a
810 5459 865 5503 ut
896 5467 1074 5521 supra.

574 5560 743 5627 Deus,
798 5564 1067 5634 propitius
1123 5572 1241 5620 esto
1296 5567 1429 5621 mihi
1478 5569 1771 5637 peccatori.
1822 5569 2077 5638 Domine,

507 5654 767 5711 miserere
810 5659 942 5723 mei,
971 5675 1103 5713 sana
1149 5659 1387 5713 animam
1434 5676 1609 5716 meam
1636 5702 1650 5725 ,
1682 5662 1808 5731 quia
1858 5641 2079 5731 peccavi

506 5747 624 5802 tibi.
658 5750 923 5817 Quoniam
952 5750 1120 5807 lumbi
1170 5752 1277 5806 mei
1308 5752 1513 5821 impleti
1558 5763 1684 5809 sunt
1710 5753 2076 5826 illusionibus,

581 5901 605 5927 ιι
634 5886 729 5942 Hic
754 5889 937 5944 deficit
957 5888 1077 5942 cod.
1101 5903 1203 5942 ms.
1229 5887 1360 5957 Reg.

2182 3349 2472 3419 lmmergat
2498 3346 2767 3418 specubus
2787 3354 2980 3402 cuncta
3006 3354 3297 3401 exacturus
3328 3345 3394 3398 ad
3416 3360 3589 3413 usque

2184 3439 2549 3507 Quadrantem
2574 3438 2859 3492 minimum
2882 3437 3156 3491 damnosa:
3179 3435 3359 3490 debita
3380 3435 3524 3488 vitae.

2184 3529 2347 3584 llulta
2377 3528 2431 3582 in
2462 3528 2731 3584 thesauris
2755 3528 2925 3598 patris
2951 3536 3036 3583 est
3059 3526 3345 3590 habitatio,
3376 3522 3621 3592 Christe,

2182 3622 2501 3692 Disparibus
2528 3629 2737 3675 secreta
2759 3620 2910 3675 locis.
2944 3619 3060 3674 Non
3091 3634 3257 3689 posco
3285 3618 3442 3673 beata

2182 3714 2239 3769 In
2264 3714 2484 3784 regione
2516 3714 2757 3777 domum,
2781 3711 2893 3767 sint
2908 3711 3015 3767 illic
3039 3720 3225 3766 castra
3257 3711 3517 3764 virorum.

2138 3844 2141 3847 -
2182 3805 2433 3876 Agnina,
2458 3805 2770 3874 pulvereum
2800 3820 2918 3875 quae
2953 3804 3299 3875 dedignantia
3327 3816 3554 3858 censum

2183 3895 2415 3951 Divitias
2439 3896 2646 3966 petiere
2662 3903 2804 3959 tuas,
2829 3896 2901 3950 sit
2925 3895 3056 3950 ﬂore
3082 3895 3308 3964 perenni

2184 3986 2423 4043 Candida
2452 3987 2733 4057 virginitas
2761 3986 3000 4041 animum
3022 3993 3256 4040 castrata
3286 3985 3542 4040 recisum.

2181 4078 2252 4133 At
2277 4078 2407 4133 mihi
2436 4080 2656 4133 tartarei
2684 4080 2815 4133 satis
2846 4088 2932 4135 est
2951 4096 2999 4135 Sl
3030 4080 3173 4134 nulla
3205 4078 3440 4133 ministri

2182 4169 2444 4225 Occurrat
2473 4169 2662 4235 facies,
2699 4170 2870 4226 avidte
2900 4186 3001 4226 nec
3037 4170 3251 4225 flamma
3280 4159 3540 4241 gehentﬂe

2182 4261 2413 4317 Devorct
2436 4260 2577 4316 hanc
2603 4262 2867 4327 animam,
2905 4278 3141 4317 mersam
3180 4261 3493 4316 fornacibus
3529 4257 3649 4315 imis

2183 4352 2333 4416 Esto,
2361 4367 2681 4417 cavernoso,
2712 4354 2839 4423 quia
2861 4353 2942 4408 sic
2973 4369 3069 4423 pro
3092 4354 3214 4408 labe
3246 4368 3473 4409 necesse
3493 4360 3578 4407 est

2182 4442 2475 4512 Corporea,
2511 4443 2685 4497 tristis
2723 4459 2807 4498 me
2832 4444 3051 4498 sorbeat
3074 4444 3212 4514 ignis
3238 4442 3474 4497 Averno.

2186 4533 2378 4588 Statim
2408 4534 2658 4589 mitiﬁcos
2694 4534 2944 4590 incendia
2970 4534 3115 4589 lenta
3148 4548 3376 4603 vapores

2102 4623 2154 4683 D
2182 4624 2469 4689 Exhalent,
2502 4632 2743 4693 :estuque
2766 4624 2914 4679 calor
2934 4624 3223 4694 languente
3246 4628 3508 4692 tepescat.

2180 4716 2297 4771 Lm
2334 4716 2596 4771 immensa
2631 4715 2788 4780 alios,
2811 4723 2865 4770 et
2887 4723 3129 4784 tempora
3160 4714 3346 4784 juncta
3370 4712 3583 4767 coronis

2180 4808 2477 4873 Glorilicet,
2504 4824 2591 4863 me
2613 4822 2774 4879 poena
2810 4808 2943 4862 levis
2969 4807 3266 4861 clementer
3300 4805 3512 4859 adurat.

2502 4921 2636 4976 Item
2671 4938 2844 4991 preces
2866 4921 2929 4974 de
2953 4920 3223 4974 charitatis
3254 4920 3413 4972 dono.

2253 5014 2481 5084 Diligam
2505 5022 2579 5079 te,
2605 5014 2853 5079 Domine,
2884 5013 3141 5068 fortitudo
3168 5027 3308 5066 mea.

2760 5114 2839 5169 De
2864 5114 3019 5168 [unde
3052 5112 3167 5166 Dei.

2250 5206 2576 5262 Benedicam
2626 5205 2914 5260 Dominum
2942 5206 2997 5260 in
3043 5203 3190 5260 omni
3224 5210 3467 5274 tempore
3506 5212 3740 5271 :semper

2178 5299 2298 5355 laus
2332 5297 2448 5368 ejus
2480 5298 2536 5352 in
2564 5313 2657 5352 ore
2694 5313 2837 5354 meo.

2840 5386 2948 5442 Pro
2983 5387 3108 5458 ﬁde.

2257 5479 2484 5537 Domine
2510 5495 2645 5551 auge
2669 5480 2825 5536 nobis
2850 5478 3030 5534 fidem.

2857 5570 2962 5625 Pro
2986 5586 3093 5641 spe.
3114 5564 3135 5588 °

2255 5664 2462 5720 Exaudi
2492 5679 2591 5720 nos
2636 5664 2807 5731 Deus,
2842 5663 3096 5719 salutaris
3119 5671 3328 5731 noster,
3354 5676 3481 5733 spes
3514 5656 3741 5717 omnium

2184 5757 2375 5815 ﬁnium
2406 5768 2582 5815 terra).
