4038 6336
321 223 430 289 865

849 343 957 399 Pro
981 346 1219 400 custodia
1242 343 1359 399 Dei.

391 440 612 498 Custodi
644 455 753 505 me,
785 438 1035 505 Domine,
1060 449 1119 494 ut
1152 439 1408 511 pupillam
1433 438 1575 495 oculi
1608 457 1621 494 :
1652 434 1759 494 sub
1776 450 1900 491 um-

314 532 418 591 bra
447 532 654 590 alarum
686 539 900 585 tuarum
926 543 1147 602 protegc
1172 546 1291 587 nos.

852 620 959 675 Pro
1004 622 1352 677 conversione.

391 714 620 771 Domine
649 756 663 780 ,
702 701 913 769 dimitte
959 708 1081 781 me,
1132 724 1194 769 ut
1239 715 1532 787 refrigerer
1587 715 1903 786 priusquam

318 810 535 877 abeam,
565 818 621 864 et
642 809 872 881 amplius
910 825 1015 864 non
1050 824 1163 864 ero.

885 898 995 955 Pro
1022 901 1351 971 fortitudine.

386 994 787 1049 Fortitudinem
839 1009 1014 1048 meam
1042 993 1111 1047 ad
1145 1001 1197 1047 te
1221 991 1549 1059 custodiam,
1582 993 1711 1062 quia
1759 990 1903 1045 Deus

317 1095 605 1155 Susceptor
628 1101 781 1140 meus
809 1103 820 1137 :
853 1084 995 1139 Deus
1020 1099 1195 1149 meus,
1224 1082 1599 1139 misericordia
1630 1081 1747 1154 ejus
1773 1095 1906 1151 pra:-

315 1176 508 1232 veuiet
534 1192 641 1231 me.

910 1262 1016 1319 Pro
1042 1267 1213 1336 gratia
1237 1266 1354 1320 Det.

388 1357 759 1414 Misericordia
816 1366 906 1413 tua
931 1358 1228 1429 praeveniet
1267 1373 1375 1421 me,
1435 1364 1490 1411 et
1524 1355 1904 1412 misericordia

313 1461 412 1509 tua
437 1453 799 1523 subsequatur
826 1468 914 1508 me
940 1453 1193 1508 omnibus
1231 1452 1420 1507 diebus
1450 1451 1576 1506 vitae
1604 1467 1757 1507 mete.

855 1540 964 1597 Pro
994 1555 1223 1598 extremo
1255 1542 1360 1596 die.

389 1634 655 1704 Quoniam
681 1642 735 1689 tu
764 1650 824 1690 es
850 1642 1121 1705 protector
1144 1650 1317 1698 meus,
1347 1633 1597 1700 Domine,
1626 1633 1683 1688 in
1709 1648 1903 1689 manus

317 1732 441 1781 tuas
465 1725 856 1779 commendabo
882 1724 1131 1795 spiritum
1163 1739 1363 1779 meum.

886 1832 996 1889 Pro
1033 1836 1336 1889 tentatione.

386 1927 529 1984 Erue
558 1969 573 1993 ,
606 1928 859 1995 Domine,
887 1944 917 1982 a
956 1929 1161 1984 framea
1214 1931 1452 1985 animam
1483 1945 1700 1986 meam:
1734 1939 1790 1987 et
1831 1931 1921 1988 de.

315 2031 480 2075 manu
516 2021 671 2076 canis
709 2022 925 2075 unicam
958 2036 1154 2075 meam.

384 2110 430 2167 O
454 2110 703 2176 Domine,
743 2111 908 2166 libera
947 2114 1185 2167 animam
1221 2128 1421 2179 meam,
1460 2114 1772 2170 misericors
1802 2113 1902 2169 Do—

312 2202 522 2272 minus,
550 2213 601 2260 et
626 2206 830 2276 justus,
864 2215 919 2261 et
951 2207 1092 2260 Deus
1108 2216 1295 2261 noster
1320 2208 1627 2263 miseretur.

875 2295 984 2349 Pro
1009 2298 1203 2351 visione
1230 2297 1348 2352 Dei.

385 2385 562 2442 Unam
594 2388 725 2459 petii
752 2403 784 2443 a
820 2387 1071 2453 Domino,
1105 2388 1245 2442 hanc
1294 2390 1610 2459 requiram;
1645 2398 1705 2445 ut
1748 2390 1902 2445 inha-

309 2474 484 2535 bitem
532 2479 587 2533 in
614 2480 773 2535 domo
804 2479 1015 2535 Domini
1049 2480 1300 2535 omnibus
1337 2482 1528 2537 diebus
1574 2484 1699 2538 vitae
1742 2499 1896 2539 mete.

314 2569 389 2627 ιιι
413 2572 623 2627 videam
664 2571 994 2627 voluntatem
1021 2571 1132 2644 [L.,
1161 2571 1515 2644 voluptatem]
1552 2572 1789 2639 Domini,
1845 2582 1901 2629 et

312 2664 534 2720 visitem
564 2666 820 2735 templum
864 2663 999 2734 ejus.
1042 2666 1194 2720 Beati
1237 2667 1329 2737 qui
1366 2666 1614 2721 habitant
1651 2668 1706 2722 in
1740 2668 1901 2724 domo

313 2764 432 2824 tua,
468 2756 716 2825 Domine,
742 2758 798 2812 in
827 2758 1020 2813 saecula
1050 2758 1367 2813 sreculorum
1394 2759 1690 2814 laudabunt
1716 2769 1786 2816 te.

817 2872 1075 2931 ORATIO
1097 2874 1395 2930 ALCUINI.

311 2942 394 3000 De
422 2946 688 3016 agnitione
746 2944 859 3010 Dei,
896 2957 943 2999 et
994 2946 1321 3016 indulgentia
1369 2945 1683 3003 delictorum
1711 2990 1724 3009 .
1757 2957 1808 3004 et
1838 2949 1903 3004 de

561 3019 823 3088 ereptione
857 3018 1182 3071 diversarum
1222 3016 1642 3073 tribulationum.

388 3120 415 3149 ι
444 3114 703 3165 Miserere
732 3109 980 3175 Domine,
1014 3100 1273 3164 miserere
1307 3108 1523 3165 Christe
1553 3129 1565 3163 :
1597 3118 1654 3165 tu
1698 3111 1906 3166 miseri-

322 3202 516 3257 cordia
539 3217 683 3266 mea,
714 3202 976 3256 miserere
1000 3201 1158 3255 mihi.
1187 3200 1445 3257 Miserere
1468 3201 1718 3269 Domine,
1736 3205 1904 3260 mise-

314 3308 443 3349 rere
469 3292 681 3347 Christe
712 3312 724 3347 :
756 3301 816 3346 ut
851 3294 990 3347 bene
1032 3309 1217 3364 rogem
1267 3302 1337 3349 te.
1368 3293 1627 3350 Miserere
1655 3295 1906 3363 Domine,

313 3386 582 3441 miserere
613 3386 830 3440 Christe
877 3404 890 3439 :
938 3394 999 3440 ut
1031 3386 1252 3457 dignum
1290 3402 1376 3443 me
1433 3385 1603 3441 facias
1638 3387 1903 3443 exaudiri.

315 3476 580 3533 Miserere
636 3478 864 3534 Domine
892 3520 907 3544 ,
944 3480 1206 3535 miserere
1265 3479 1479 3536 Christe
1506 3500 1518 3535 :
1546 3490 1606 3535 ut
1646 3483 1908 3538 exaudias

320 3585 430 3626 me.
490 3568 749 3627 Miserere
786 3571 1014 3627 Domine
1045 3612 1061 3637 ,
1094 3573 1355 3627 miserere
1404 3572 1656 3628 Christe:
1688 3582 1746 3627 ut
1779 3589 1909 3627 san-

316 3670 466 3717 ctam
489 3663 820 3720 voluntatem
845 3673 990 3719 tuam
1009 3665 1204 3720 doceas
1235 3679 1339 3719 me.
1373 3664 1630 3721 Miserere
1662 3667 1910 3732 Domine,

316 3757 580 3811 miserere
618 3755 832 3812 Christe
862 3776 874 3811 :
925 3765 985 3811 ut
1019 3758 1074 3811 in
1106 3756 1373 3812 charitate
1401 3766 1490 3811 tua
1530 3758 1773 3812 enutrias
1802 3773 1908 3812 me.

318 3848 583 3905 Miserere
628 3850 879 3916 Domine,
906 3850 1167 3905 miserere
1195 3849 1445 3906 Christe:
1472 3859 1534 3905 ut
1555 3849 1759 3921 Spiritu
1786 3866 1911 3907 san-

315 3951 409 3996 cto
424 3951 517 3996 tuo
548 3941 939 4012 79illumines
969 3957 1072 3997 me.
1094 3942 1350 3999 Miserere
1379 3942 1629 4008 Domine,
1654 3942 1915 3997 miserere

319 4032 541 4089 Christe
567 4052 582 4091 :
607 4044 666 4113 ut
690 4035 909 4091 credam
944 4036 1001 4090 in
1050 4045 1120 4091 te.
1157 4036 1417 4093 Miserere
1452 4037 1705 4103 Domine,
1758 4038 1917 4092 mise-

321 4142 449 4183 rere
502 4126 754 4183 Christe:
790 4135 851 4182 ut
882 4143 1207 4199 cognoscam
1254 4136 1327 4183 te.
1373 4128 1633 4184 Miserere
1664 4128 1914 4194 Domine,

322 4220 591 4275 miserere
627 4218 841 4275 Christe
871 4239 884 4274 :
919 4229 979 4274 ut
1008 4220 1227 4291 diligam
1256 4227 1328 4275 te.
1357 4218 1617 4275 Miserere
1653 4219 1912 4287 Domine,

322 4311 588 4365 miserere
617 4311 832 4366 Christe
861 4329 872 4365 :
908 4319 969 4365 ut
999 4327 1214 4381 speren
1248 4311 1303 4365 in
1340 4319 1410 4366 te.
1453 4311 1709 4366 Miserere
1738 4310 1919 4367 Domi-

324 4417 418 4467 ne,
450 4403 711 4458 miserere
738 4402 951 4485 Christe
980 4423 992 4457 :
1030 4413 1089 4457 ut
1123 4417 1155 4456 a
1187 4411 1363 4458 morte
1397 4412 1659 4473 perpetua
1709 4403 1911 4474 eripias

325 4510 433 4550 me.
470 4495 727 4551 Miserere
751 4496 998 4561 Domine,
1026 4497 1287 4551 miserere
1324 4496 1540 4552 Christe
1575 4511 1589 4550 :
1628 4506 1688 4551 ut
1708 4497 1775 4552 de
1800 4513 1913 4553 om-

325 4589 489 4643 nibus
538 4589 779 4659 peccatis
846 4590 983 4645 meis
1041 4605 1227 4644 veram
1267 4590 1647 4660 ptenitentiam
1706 4590 1912 4645 tribuas

325 4681 483 4735 mihi.
516 4680 777 4736 Miserere
800 4681 1049 4747 Domine,
1075 4681 1335 4737 miserere
1358 4681 1575 4737 Christe
1602 4700 1614 4736 :
1640 4689 1701 4736 ut
1723 4682 1913 4737 remis-

326 4774 545 4829 sionem
574 4775 815 4830 omnium
866 4783 1211 4844 peccatorum
1236 4774 1443 4829 tribuas
1473 4774 1627 4828 mihi.
1658 4774 1915 4829 Miserere

328 4864 582 4930 Domine,
629 4867 891 4921 miserere
921 4864 1140 4921 Christe
1168 4885 1179 4920 :
1208 4873 1267 4919 ut
1292 4866 1360 4920 ab
1384 4867 1530 4921 omni
1564 4866 1914 4921 tribulatione

329 4956 535 5027 eripias
551 4972 657 5011 me.
696 4956 953 5012 Miserere
985 4958 1212 5013 Domine
1239 4999 1255 5023 ,
1285 4958 1547 5013 miserere
1566 4957 1788 5037 Christe
1814 4975 1827 5010 :
1858 4965 1919 5012 ut

328 5050 402 5106 ab
429 5051 581 5105 omni
626 5050 968 5105 immunditia
997 5051 1177 5106 cordis
1203 5058 1258 5105 et
1281 5052 1525 5121 corporis
1572 5050 1770 5105 liberes
1810 5066 1916 5106 me.

333 5140 601 5196 Miserere
639 5140 887 5206 Domine,
940 5141 1203 5196 miserere
1229 5139 1447 5196 Christe
1475 5159 1486 5194 :
1537 5149 1598 5195 ut
1629 5141 1834 5197 fontem
1861 5140 1926 5195 Ii-

328 5229 536 5285 bidinis
564 5230 879 5301 exstinguas
911 5230 965 5283 in
997 5246 1102 5285 me.
1130 5229 1387 5285 Miserere
1403 5231 1648 5297 Domine,
1666 5232 1925 5287 miserere

332 5318 549 5375 Christe
575 5335 590 5374 :
620 5327 678 5373 ut
704 5320 772 5374 ab
804 5320 1013 5374 insidiis
1051 5319 1246 5374 diaboli
1290 5320 1487 5376 liberes
1523 5337 1629 5376 me.
1668 5320 1928 5378 Miserere

331 5411 587 5475 Domine,
620 5413 882 5467 miserere
916 5411 1130 5466 Christe
1159 5430 1170 5464 :
1207 5418 1268 5465 ut
1298 5411 1365 5465 ab
1386 5413 1533 5466 omni
1557 5412 1701 5466 malo
1728 5412 1929 5468 liberes

333 5520 444 5560 me.
472 5504 731 5559 Miserere
759 5505 1007 5571 Domine,
1045 5504 1311 5559 miserere
1346 5503 1596 5558 Christe:
1635 5512 1694 5557 ut
1716 5504 1783 5558 ab
1824 5504 1927 5558 im-

338 5596 544 5652 munda
573 5597 903 5668 cogitatione
935 5598 1135 5653 liberes
1164 5613 1270 5651 me.
1290 5595 1809 5664 MiserereDomine,
1830 5598 1933 5653 mi-

415 5743 442 5774 ι
462 5734 730 5805 'Marten.,
754 5736 872 5793 loco
905 5737 1093 5805 citato,
1118 5706 1238 5808 pag.
1273 5733 1398 5791 655.

1256 256 1261 261 ~
1323 220 1714 282 LITURGICA.
1751 247 1823 263 -
1857 209 2128 276 OFFICIA
2163 212 2302 273 PER
2336 215 2606 275 FERIAS.

1919 337 1971 399 Α
1999 349 2184 391 serere
2218 334 2434 392 Christe
2462 354 2474 389 :
2513 342 2575 389 ut
2595 332 2774 389 anima
2810 346 2932 389 mea
2950 332 3101 389 vivat
3131 334 3186 390 in
3226 342 3297 390 te.
3324 334 3585 395 Miserere

1942 4446 1991 4508 D

3476 214 3581 273 946

2004 428 2255 495 Domine,
2278 429 2542 485 miserere
2553 428 2770 485 Christe
2799 447 2812 481 ε
2839 435 2899 483 ut
2918 443 3046 483 caro
3061 444 3180 485 mea
3194 428 3426 485 exsultet
3440 431 3492 485 in
3507 439 3581 488 te.

2004 520 2264 577 Miserere
2298 521 2547 587 Domine,
2604 522 2867 576 miserere
2923 520 3172 577 Christe:
3209 530 3269 576 ut
3325 523 3432 577 vita
3462 538 3585 578 mea

2000 612 2251 685 proficiat
2280 613 2333 667 in
2364 622 2435 668 te.
2466 612 2725 668 Miserere
2758 613 2982 668 Domine
3028 613 3171 669 Deus
3206 614 3385 679 Pater,
3415 615 3584 687 gloria

2003 719 2146 769 mea,
2168 704 2273 759 vita
2298 720 2437 759 mea.
2464 703 2720 759 Miserere
2736 704 2949 760 Christe
2977 705 3245 771 Salvator,
3271 708 3418 763 salus
3438 725 3585 778 mea,

2004 792 2263 849 fortitudo
2317 810 2457 850 mea.
2506 794 2760 851 Miserere
2815 794 3052 865 Spiritus
3105 799 3423 867 paraclitus,
3457 816 3587 857 con-

1910 876 1923 891 ’
2003 885 2195 940 solatio
2218 900 2359 950 mea,
2384 884 2709 939 illuminatio
2738 901 2875 939 mea.
2897 886 3153 944 Miserere
3179 889 3405 946 Domine
3419 892 3585 958 Deus,

2004 977 2266 1042 Trinitas,
2297 985 2352 1030 et
2376 976 2581 1031 unitas.
2610 976 2686 1030 'l‘e
2713 976 2893 1040 laudo,
2923 987 2976 1031 te
3004 979 3190 1044 adoro,
3218 989 3270 1034 te
3294 980 3580 1047 conﬁteor,

2002 1082 2111 1138 pax
2138 1078 2281 1133 mea,
2306 1082 2430 1137 spes
2462 1082 2605 1131 mea,
2630 1066 2748 1121 laus
2782 1083 2926 1132 mea,
2951 1068 3042 1123 lux
3074 1086 3216 1137 mea,
3240 1073 3587 1141 pulchritudo
3608 1082 3624 1093 ‘

2004 1173 2147 1223 mea,
2171 1158 2449 1213 beatitudo
2475 1174 2616 1213 mea.
2650 1158 2769 1212 Tibi
2801 1158 2941 1223 laus,
2966 1159 3062 1213 tibi
3089 1161 3260 1231 gloria
3280 1204 3294 1228 ,
3326 1164 3424 1219 tibi
3462 1180 3586 1236 gra-

2004 1250 2204 1305 tiarum
2234 1249 2377 1305 actio
2403 1265 2618 1319 semper
2648 1249 2848 1320 ubique
2870 1250 2924 1303 in
2947 1251 3143 1305 szecula
3164 1255 3513 1324 sempiterna.

2554 1355 2853 1430 FERIA
2915 1355 3047 1431 IV.

2359 1464 2614 1521 ORATIO
2653 1466 2855 1520 BEATI
2890 1464 3239 1531 AMBROSII,

2184 1559 2251 1617 In
2275 1580 2379 1635 qua
2407 1579 2502 1633 pro
2529 1564 2638 1617 suis
2668 1562 2893 1633 peccatis
2922 1562 3122 1616 veniam
3160 1558 3412 1630 postulat.

2080 1654 2362 1712 Miserator
2392 1667 2448 1712 et
2469 1656 2798 1719 misericors,
2831 1654 3063 1723 patiens,
3094 1662 3147 1708 et
3173 1653 3402 1707 multum
3431 1651 3594 1709 mise-

1927 1719 1978 1780 B
2006 1748 2198 1813 ricors,
2246 1762 2438 1818 magne
2463 1753 2518 1801 et
2547 1745 2803 1800 terribilis
2832 1719 2987 1799 Deus
3015 1761 3026 1796 :
3058 1742 3155 1797 tibi
3195 1742 3456 1797 conﬁteor
3500 1743 3595 1798 de-

2001 1838 2133 1895 licta
2162 1854 2301 1903 mea,
2348 1838 2443 1892 tibi
2487 1835 2756 1906 patefacio
2795 1834 3017 1889 vulnera
3060 1849 3200 1889 mea.
3251 1833 3331 1887 Tu
3374 1841 3595 1904 pr0pter

2001 1928 2327 1985 ineﬁ‘abilem
2366 1928 2663 1982 bonitatem
2697 1934 2843 1980 tuam
2879 1924 3066 1980 confer
3089 1925 3221 1978 mihi
3252 1926 3451 1980 misero
3479 1936 3596 1981 me-

2002 2023 2260 2079 dicinam.
2314 2020 2395 2075 Tu
2445 2020 2590 2075 enim
2637 2019 2945 2084 mitissime,
2994 2017 3248 2088 dignatus
3276 2032 3336 2071 es
3365 2018 3590 2074 dicere:

2000 2112 2133 2170 Nolo
2181 2122 2414 2168 mortem
2452 2111 2776 2183 peccatoris,
2826 2111 2919 2165 sed
2950 2119 3008 2164 ut
3033 2117 3401 2174 convertatur,
3432 2118 3488 2164 et
3509 2108 3592 2164 vi-

1999 2214 2111 2261 vat.
2146 2204 2440 2268 Confiteor,
2475 2204 2658 2273 inique
2684 2202 2768 2273 egi
2796 2220 2808 2255 :
2838 2216 3093 2271 perversa
3121 2210 3204 2256 est
3228 2201 3281 2255 in
3304 2208 3595 2271 conspectu

2000 2305 2095 2353 tuo
2129 2296 2217 2351 via
2241 2312 2379 2352 mea.
2417 2295 2593 2365 Lapsa
2620 2303 2703 2349 est
2740 2295 2792 2348 in
2833 2293 3009 2348 lacum
3047 2295 3282 2348 miseria:
3308 2294 3421 2348 vita
3452 2309 3592 2359 mea,

2001 2390 2267 2446 exstincta
2295 2398 2378 2444 est
2416 2389 2469 2443 in
2513 2387 2888 2458 iniquitatibus
2919 2387 3100 2441 anima
3134 2402 3273 2441 mea.
3304 2385 3596 2456 Superbia,

2000 2482 2189 2547 libido,
2225 2482 2323 2545 ira,
2350 2480 2709 2550 impatientia,
2738 2479 2966 2542 malitia,
2994 2478 3217 2543 invidia,
3243 2478 3388 2548 gula,
3423 2477 3598 2532 ebrie—

2002 2582 2106 2639 tas,
2146 2573 2597 2643 concupiscentia,
2634 2571 2841 2641 rapina,
2866 2570 3236 2637 mendacium,
3265 2568 3596 2639 perjurium,

2002 2668 2326 2732 scurrilitas,
2373 2665 2800 2735 stultiloquium,
2849 2665 3186 2736 ignorantia,
3235 2663 3595 2734 negligentia,

2002 2774 2100 2814 seu
2141 2766 2352 2813 caeterm
2396 2765 2577 2827 pestes
2615 2757 2931 2811 occiderunt
2970 2756 3206 2809 animam
3240 2770 3438 2811 meam.
3470 2752 3597 2808 Pol-

2002 2849 2173 2904 lutum
2207 2856 2289 2904 est
2324 2864 2417 2903 cor
2445 2864 2645 2912 meum,
2694 2858 2747 2901 et
2791 2846 2932 2901 labia
2967 2862 3122 2911 mea;
3171 2846 3319 2899 visus
3361 2859 3515 2899 meus
3545 2851 3602 2900 et

2004 2940 2243 3004 auditus,
2285 2949 2493 3009 gustus,
2545 2939 2825 3003 odoratus,
2870 2946 2919 2992 et
2951 2945 3160 2992 tactus:
3189 2946 3241 2991 et
3272 2935 3601 2992 omnimodis

2008 3032 2354 3101 cogitatione,
2397 3030 2689 3095 locutione,
2744 3030 2858 3084 sive
2907 3028 3117 3084 actione
3165 3030 3409 3098 perditus
3458 3044 3598 3085 sum.

2008 3127 2204 3196 Quaeso
2236 3138 2306 3194 te,
2332 3128 2559 3182 Domine
2586 3127 2741 3187 Deus,
2772 3126 2926 3196 cujus
2964 3126 3241 3180 miseratio
3265 3126 3472 3180 nullum
3504 3116 3608 3179 bal

2007 3223 2101 3279 bet
2152 3222 2351 3287 ﬁnein,
2403 3223 2617 3276 attrahe
2663 3236 2746 3274 me
2797 3222 2937 3274 sicut
2991 3221 3260 3274 atraxisti
3319 3219 3602 3276 mulierem

2008 3315 2388 3384 peccatricem.
2423 3313 2569 3368 Dona
2598 3313 2751 3375 mihi,
2785 3312 2924 3366 sicut
2961 3314 3174 3367 donasti
3206 3312 3304 3378 illi,
3352 3328 3459 3367 non
3486 3327 3603 3369 ces-

2012 3422 2137 3463 sare
2180 3406 2413 3461 osculari
2444 3406 2609 3476 pedes
2640 3414 2783 3469 tuos,
2816 3403 2993 3473 rigare
3020 3404 3295 3475 lacrymis,
3322 3413 3605 3475 extergere

2013 3500 2242 3571 capillis.
2285 3501 2531 3555 Concede
2564 3499 2718 3563 mibi,
2767 3507 2825 3553 ut
2855 3499 3149 3553 secundum
3181 3499 3604 3569 magnitudinem

2013 3593 2363 3662 iniquitatium
2413 3607 2654 3645 mearum
2697 3592 2766 3644 sit
2807 3607 3002 3662 magna
3033 3590 3247 3645 dilectio
3276 3606 3393 3645 mea
3424 3591 3475 3645 in
3510 3600 3563 3647 te
3591 3609 3604 3645 :

2014 3692 2073 3737 ut
2098 3693 2319 3753 propter
2340 3684 2656 3737 immensam
2687 3683 2942 3752 pietatem
2973 3692 3121 3737 tuam
3149 3683 3329 3737 omnia
3367 3683 3609 3738 dimittas

2015 3776 2168 3830 mihi.
2212 3774 2431 3844 Largire
2481 3773 2608 3826 mihi
2658 3775 2722 3827 de
2768 3774 3057 3842 prmteritis
3101 3772 3335 3836 veniam,
3380 3773 3448 3827 de
3472 3787 3609 3842 pra:-

2016 3865 2262 3921 sentibus
2304 3863 2464 3917 malis
2512 3863 2919 3928 continentiam,
2966 3862 3033 3916 de
3067 3860 3266 3916 futuris
3316 3862 3604 3917 cautelam.

2016 3958 2127 4013 Fac
2174 3974 2281 4023 me,
2338 3958 2654 4028 priusquam
2702 3957 2944 4021 moriar,
3001 3956 3257 4025 consequi
3298 3955 3609 4027 plenissime

2016 4059 2448 4115 misericordiam
2483 4066 2650 4121 tuam,
2697 4064 2754 4111 et
2786 4071 2853 4110 ne
2882 4056 2999 4111 dies
3024 4070 3173 4111 meos
3199 4064 3323 4110 ante
3352 4054 3495 4110 ﬁniri
3535 4055 3610 4110 si-

2018 4169 2137 4217 nas,
2177 4168 2338 4224 quam
2370 4160 2590 4223 peccata
2622 4150 2862 4205 dimittas
2891 4169 2901 4203 :
2932 4151 3028 4205 sed
3073 4151 3213 4205 sicut
3249 4150 3350 4208 vis.
3383 4156 3441 4204 et
3464 4149 3606 4205 sicut

2020 4249 2148 4313 scis,
2177 4248 2438 4301 miserere
2465 4246 2590 4300 mei.

2082 4350 2387 4399 ειη-ιι
2428 4350 2583 4397 νιιο
2623 4349 3102 4413 ρσιοπκρπε
3144 4348 3539 4398 τιωυω-

2447 4421 2693 4467 ποιεῖ
2731 4422 3160 4467 ΩΔΝΊΔΙΙΩΙ.

2636 4499 2977 4554 PSALMUS.

2088 4592 2269 4667 (PSAL.
2317 4592 2454 4663 xxx.)
2484 4592 2513 4631 ιι
2544 4591 2705 4655 Deus,
2740 4590 2884 4645 Deus
2912 4606 3084 4655 nurus,
3118 4591 3331 4669 respice
3372 4590 3426 4644 in
3476 4600 3603 4643 me:

2013 4698 2184 4756 quare
2231 4700 2316 4739 me
2362 4682 2740 4753 dereliquisti?
2798 4682 2954 4752 longe
2986 4698 3014 4735 a
3046 4682 3219 4736 salute
3269 4697 3387 4735 mea
3436 4678 3607 4736 verba

2017 4775 2336 4831 delictorum
2387 4789 2651 4828 meorum.
2698 4772 2841 4827 Deus
2866 4788 3018 4827 meus
3045 4773 3292 4828 clamabo
3321 4788 3416 4843 per
3444 4773 3607 4837 diem,

2016 4879 2073 4925 et
2124 4886 2231 4924 non
2277 4868 2576 4923 exaudies:
2606 4875 2660 4922 et
2699 4875 2879 4945 nocte,
2910 4878 2965 4922 et
2995 4884 3100 4921 non
3141 4866 3206 4921 ad
3241 4867 3608 4938 insipientiam

2018 4961 2171 5015 mihi.
2214 4958 2295 5013 Tu
2337 4968 2517 5013 autem
2558 4960 2608 5012 in
2646 4967 2833 5013 sancto
2875 4959 3107 5024 habitas,
3154 4959 3273 5014 laus
3320 4958 3504 5014 Israel.
3551 4955 3609 5010 In

2019 5058 2074 5104 te
2100 5057 2454 5119 speraverant
2487 5057 2669 5117 patres
2696 5050 2866 5103 nostri
2893 5067 2904 5102 ε
2936 5056 3381 5119 speraverunt,et
3411 5047 3611 5101 libera-

2022 5142 2096 5197 sti
2124 5157 2236 5195 eos.
2268 5140 2350 5194 Ad
2385 5149 2436 5194 te
2460 5140 2855 5205 clamaverunt,
2895 5150 2949 5195 et
2985 5141 3117 5196 salvi
3144 5140 3271 5194 facti
3304 5146 3457 5192 sunt:
3483 5137 3536 5190 in
3561 5144 3614 5191 te

2024 5238 2401 5302 speraverunt,
2446 5238 2500 5284 et
2543 5246 2648 5283 non
2680 5240 2804 5284 sunt
2832 5231 3063 5286 confusi.
3112 5232 3223 5300 Ego
3264 5238 3447 5283 autem
3494 5242 3613 5281 sum

2026 5322 2248 5387 vermis,
2285 5331 2340 5377 et
2370 5338 2475 5376 non
2516 5323 2677 5378 homo
2704 5342 2716 5376 :
2746 5326 3091 5393 opprobrium
3129 5322 3407 5377 hominum
3437 5328 3492 5375 et
3518 5319 3616 5374 ab-
3664 5320 3677 5331 ’

2020 5413 2189 5483 jectio
2230 5414 2422 5484 plebis.
2469 5413 2669 5470 Omnes
2708 5414 2954 5470 videntes
2994 5431 3099 5481 me,
3148 5414 3455 5469 deriserunt
3490 5424 3614 5465 me:

2043 5506 2189 5562 ocuti
2222 5514 2346 5560 sunt
2382 5506 2561 5571 labiis,
2605 5516 2659 5559 et
2700 5515 2985 5561 moverunt
3033 5513 3212 5576 caput.
3265 5502 3516 5573 Speravit
3562 5500 3617 5556 iu

2032 5596 2284 5663 Domino,
2331 5597 2527 5666 eripiat
2562 5612 2685 5651 eum
2715 5615 2726 5650 :
2756 5597 2963 5651 salvum
2992 5595 3155 5649 faciat
3179 5610 3323 5659 eum,
3360 5578 3617 5665 quoniam

2108 5730 2140 5774 ι’
2168 5729 2277 5789 Pro
2300 5745 2402 5786 usu
2420 5728 2636 5802 quarto,
2667 5745 2852 5801 supra,
2887 5728 2990 5784 col.
3014 5728 3137 5784 467.
