4038 6336
494 269 614 340 ω.

1342 283 1402 340 Β.
1438 283 1500 346 F.
1539 281 1767 340 ΑιΒιΝι
1803 281 1932 343 SEU
1971 284 2246 358 ALCUINI
2283 285 2566 344 OPERUM
2600 286 2780 343 PARS
2816 281 2905 344 IV.

3653 289 3757 358 548

496 397 610 456 vult
636 411 780 454 eum.
819 395 1086 468 Quoniam
1114 405 1171 452 tu
1199 411 1276 460 es,
1309 399 1402 470 qui
1431 402 1714 458 extraxisti
1743 419 1827 458 me
1856 403 1924 460 de
1945 418 2074 464 ven—

2178 403 2301 462 dine
2345 405 2687 480 operantium
2737 405 3097 477 iniquitatem.
3145 398 3284 480 Quia
3327 424 3666 478 exacuerunt
3703 427 3761 474 ut

496 499 578 546 tre
601 509 613 543 :
637 486 760 560 spes
798 505 917 548 mea
961 489 1034 552 ab
1073 491 1332 548 uberibus
1372 494 1566 550 matris
1601 509 1752 552 mere.
1784 496 1842 552 lo
1869 506 1925 554 te
1948 513 2073 568 prn-

495 583 665 653 jectus
688 599 806 638 sum
826 597 891 638 ex
907 593 1058 640 utero
1077 602 1089 638 :
1107 585 1172 640 de
1189 594 1378 641 ventre
1403 589 1594 644 matris
1612 605 1744 645 mem
1759 590 1901 652 Deus
1921 608 2073 654 meus

495 691 554 732 es
587 685 639 732 tu
672 693 688 742 ;
716 692 784 738 ne
808 678 920 750 80
945 679 1262 736 discesseris
1286 694 1316 734 a
1351 696 1454 735 me.
1495 681 1759 748 Quoniam
1798 684 2073 752 tribulatio

495 768 738 836 proxima
765 777 868 832 est,
897 767 1150 836 quoniam
1179 784 1285 823 non
1315 779 1400 826 est
1434 771 1525 840 qui
1555 772 1790 842 adjuvet.
1831 773 2074 832 Circum-

494 857 758 912 dederuut
784 871 871 914 me
899 857 1050 912 vituli
1077 859 1230 914 multi
1256 877 1268 912 :
1297 861 1437 914 tauri
1479 862 1705 932 pingues
1746 865 2076 922 obsederunt

497 964 602 1004 me.
621 948 964 1018 Aperuerunt
977 965 1141 1020 super
1154 967 1239 1005 me
1255 967 1316 1006 os
1328 968 1481 1008 suum
1504 972 1516 1008 :
1531 955 1670 1010 sicut
1690 955 1772 1010 leo
1788 957 2002 1026 rapiens
2018 965 2075 1012 et

492 1038 732 1110 rugiens.
759 1039 911 1095 Sicut
933 1056 1073 1110 aqua
1094 1039 1295 1097 effusus
1316 1059 1463 1098 sum:
1487 1054 1542 1100 et
1563 1046 1799 1117 dispersa
1820 1058 1944 1104 sunt
1963 1063 2074 1104 om-

493 1129 579 1185 nia
612 1145 736 1187 ossa
764 1147 904 1188 mea.
935 1130 1157 1188 Factum
1189 1142 1273 1190 est
1319 1149 1413 1190 cor
1441 1152 1620 1192 meum
1661 1146 1915 1208 tanquam
1945 1155 2067 1196 cera

492 1225 799 1296 liquescens
823 1267 838 1293 ,
877 1227 933 1288 iu
963 1229 1142 1288 medio
1185 1232 1392 1288 ventris
1429 1235 1555 1289 mei.
1605 1234 1764 1292 Aruit
1813 1245 2096 1308 tanquam.

493 1327 629 1373 testa
645 1320 819 1374 virtus
835 1335 976 1384 mea,
991 1329 1046 1374 et
1063 1319 1243 1393 lingua
1264 1338 1384 1378 mea
1401 1325 1881 1383 adbmsitfaucibus
1902 1331 2066 1384 meis:

490 1417 545 1464 et
571 1409 624 1462 in
655 1410 932 1478 pulverem
961 1412 1154 1468 mortis
1201 1412 1470 1470 deduxisti
1517 1433 1622 1472 me.
1663 1418 1927 1488 Quoniam
1965 1423 2072 1477 cir-

490 1501 877 1556 cumdederunt
904 1517 990 1558 me
1027 1519 1189 1559 canes
1226 1506 1382 1561 multi
1412 1525 1424 1561 :
1455 1499 1736 1564 consilium
1776 1512 2071 1583 malignan-

388 1633 394 1644 .
490 1592 623 1647 tium
654 1593 864 1648 obsedit
909 1611 1014 1649 me.
1060 1595 1336 1652 Foderunt
1380 1614 1573 1654 manus
1619 1617 1767 1656 meas
1813 1613 1866 1656 et
1907 1605 2070 1676 pedes

490 1699 661 1750 meos,
692 1693 747 1740 et
775 1685 1252 1742 dinumeraverunt
1281 1691 1460 1745 omnia
1490 1708 1613 1748 ossa
1642 1709 1780 1749 mea.
1811 1694 1915 1765 Ipsi
1940 1712 2069 1752 vero

2178 494 2410 565 gladium
2454 495 2664 566 linguas
2701 512 2850 562 suas,
2882 497 3227 560 intenderunt
3255 517 3444 560 arcum
3473 521 3591 570 rem
3611 523 3761 568 ama.

2177 603 2291 641 ram
2323 603 2336 641 :
2365 597 2424 642 ut
2469 589 2725 660 sagittent
2751 590 2802 646 in
2831 591 3058 648 occultis
3089 593 3517 654 immaculatum.
3567 599 3758 660 Subito

2176 680 2511 753 sagittabunt
2536 698 2682 747 eum,
2721 690 2776 740 et
2814 699 2919 739 non
2949 670 3212 744 timebunt
3235 705 3249 742 :
3275 688 3630 750 firmaverunt
3655 695 3757 752 sibi

2175 786 2478 826 sermonem
2526 788 2780 842 nequam.
2834 773 3205 832 Narraverunt
3255 787 3315 832 ul.
3364 780 3759 842 abscomiercnt

2147 860 2432 931 'laqueos:
2468 863 2760 919 dixerunt:
2790 864 2922 933 Quis
2967 868 3173 926 videbit
3209 872 3339 926 eos?
3369 871 3610 931 Scrutati
3636 887 3761 934 sunt

2175 953 2486 1024 iniquitates
2513 973 2525 1008 :
2556 955 2869 1012 defecerunt
2890 969 3194 1018 scrutantes
3221 966 3503 1022 scrutinio.
3525 968 3759 1026 Accedet

2175 1043 2337 1098 homo
2382 1045 2448 1100 ad
2477 1061 2572 1102 cor
2611 1046 2813 1101 altum:
2844 1057 2900 1102 et
2947 1049 3278 1107 exaltabitur
3324 1055 3486 1112 Deus.
3538 1058 3759 1130 Sagitta;

2173 1137 2520 1206 parvulorum
2568 1138 2722 1194 facta:
2763 1149 2889 1195 sunt
2925 1142 3094 1215 plaga:
3133 1161 3346 1214 eorum,
3391 1159 3444 1206 et
3475 1151 3760 1212 infirmata!

2173 1238 2298 1285 sunt
2333 1242 2523 1286 contra
2553 1247 2645 1287 eos
2671 1233 2865 1305 lingua:
2891 1250 3100 1300 eorum.
3147 1238 3462 1296 Conturbati
3495 1254 3624 1299 sunt
3648 1262 3760 1300 om-

2172 1335 2270 1378 nes
2297 1322 2391 1391 qui
2417 1323 2671 1378 videbant
2699 1341 2792 1380 eos
2817 1345 2829 1379 :
2861 1334 2916 1382 et
2945 1327 3125 1388 timuit
3148 1333 3328 1388 omnis
3352 1333 3532 1394 hamo.
3572 1336 3642 1396 Et
3667 1354 3760 1393 an-

2173 1413 2560 1474 nuntiaveruut
2600 1431 2766 1486 opera
2793 1417 2911 1483 Dei,
2943 1427 2999 1474 et
3022 1418 3167 1482 facta
3199 1421 3313 1492 ejus
3356 1424 3756 1492 intellexerunt.

2170 1503 2466 1560 Laetabitur
2495 1507 2547 1560 in
2586 1508 2835 1575 Domino,
2878 1517 2933 1568 et
2979 1513 3218 1584 sperabit
3249 1516 3306 1570 in
3346 1532 3410 1571 eo
3438 1535 3450 1570 :
3477 1529 3532 1573 et
3574 1519 3758 1578 lauda-

2173 1595 2372 1656 buntur
2402 1612 2594 1652 omnes
2620 1599 2752 1654 recti
2783 1600 2967 1656 corde.

2247 1683 2316 1741 Ut
2343 1705 2524 1757 supra.
2565 1689 2792 1760 Adjutor
2818 1692 2872 1748 in
2901 1696 3417 1766 opportunitatibus,
3451 1700 3508 1762 in
3531 1704 3756 1768 tribula-

488 1765 970 1834 consideraverunt
1003 1790 1056 1836 et
1086 1782 1437 1853 inspexerunt
1472 1802 1560 1841 me
1587 1805 1598 1840 :
1628 1787 1927 1842 diviserunt
1964 1789 2066 1846 sibi

2171 1778 2426 1843 tionibus,
2471 1796 2588 1849 qum
2634 1781 2954 1838 invenerunt
2991 1801 3090 1840 nos
3133 1787 3314 1844 nimis.
3366 1791 3598 1860 Sperent
3626 1795 3678 1848 in
3709 1805 3756 1853 te

487 1869 808 1924 vestimenta
862 1887 1002 1936 mea,
1054 1879 1107 1926 et
1153 1889 1314 1942 super
1341 1886 1547 1930 vestem
1587 1892 1762 1933 meam
1804 1880 2069 1936 miserunt

487 1969 710 2015 sortem.
740 1960 818 2014 Tu
847 1971 1048 2027 autem,
1079 1963 1328 2029 Domine,
1360 1983 1428 2021 ne
1449 1967 1786 2041 elongaveris
1807 1973 2066 2027 auxilium

485 2056 636 2104 tuum
665 2066 695 2105 a
720 2067 844 2106 me:
879 2053 944 2106 ad
986 2043 1354 2110 defensionem
1397 2075 1573 2113 meam
1612 2063 1883 2132 conspice.
1925 2064 2066 2120 Erue

484 2155 515 2194 a
552 2140 755 2197 framea
803 2144 1038 2198 animam
1083 2163 1259 2201 meam
1293 2168 1306 2202 :
1341 2159 1398 2204 et
1439 2151 1505 2205 de
1551 2169 1709 2207 manu
1749 2155 1900 2210 canis
1943 2157 2065 2210 uni—

481 2245 602 2286 cam
649 2248 845 2288 meam.
880 2233 1038 2289 Salva
1086 2253 1172 2292 me
1212 2254 1278 2293 ex
1324 2256 1418 2295 ore
1453 2241 1644 2308 leonis,
1675 2253 1729 2299 et
1757 2261 1786 2299 a
1813 2247 2066 2302 cornibus

482 2322 824 2377 unicornium
884 2325 1243 2383 humilitatem
1310 2347 1506 2388 meam.
1572 2334 1816 2392 Narrabo
1870 2354 2064 2394 nomen

484 2417 636 2464 tuum
666 2411 927 2469 fratribus
955 2417 1090 2472 meis
1117 2435 1128 2470 :
1159 2419 1212 2473 in
1240 2422 1420 2477 medio
1448 2423 1703 2481 Ecclesm:
1735 2427 1964 2483 laudabo
1993 2441 2061 2486 te.

483 2497 586 2566 Qui
631 2501 829 2558 timetis
867 2503 1175 2574 Dominum,
1204 2509 1418 2566 laudate
1448 2529 1604 2570 eum:
1638 2518 1949 2574 universum
1979 2537 2064 2576 se-

483 2606 605 2646 men
628 2589 794 2649 Jacob
819 2595 1116 2666 glorificate
1141 2617 1285 2657 eum.
1318 2603 1528 2662 Timeat
1547 2621 1670 2663 eum
1693 2625 1853 2667 omne
1878 2629 2063 2670 semen

479 2679 645 2738 Israel
672 2699 686 2738 :
721 2688 976 2754 quoniam
1011 2706 1116 2746 non
1146 2695 1371 2763 sprevit,
1395 2710 1568 2767 neque
1597 2700 1840 2770 despexit
1866 2703 2062 2774 depre-

480 2773 750 2829 cationem
787 2781 1061 2848 pauperis.
1097 2781 1208 2839 Nec
1235 2788 1430 2842 avertit
1455 2789 1650 2846 faciem
1675 2809 1829 2848 suam
1862 2812 1893 2849 a
1927 2813 2014 2852 me
2043 2817 2056 2854 :

477 2874 679 2923 etcum
709 2870 1000 2929 clamarem
1033 2877 1100 2931 ad
1131 2893 1283 2946 eum,
1327 2884 1603 2938 exaudivit
1651 2903 1756 2943 me.
1807 2888 1963 2960 Apud
2009 2901 2061 2947 te

476 2957 594 3014 laus
621 2978 736 3017 mea
769 2963 820 3018 in
849 2966 1090 3025 Ecclesia
1137 2988 1329 3046 magna
1358 2991 1372 3027 :
1403 2985 1528 3032 vota
1587 2995 1707 3036 mea
1749 2983 1970 3038 reddam
2005 2986 2060 3040 in

477 3062 769 3120 conspectu
801 3057 1104 3116 timentium
1142 3079 1284 3118 eum.
1318 3066 1493 3123 Edent
1519 3085 1806 3140 pauperes,
1832 3085 1887 3130 et
1914 3085 2060 3133 satu-

476 3142 777 3198 rabuntur:
807 3156 862 3202 et
913 3148 1207 3208 laudabunt
1248 3156 1532 3213 Dominum
1561 3201 1575 3225 ,
1630 3164 1722 3232 qui
1773 3167 2056 3236 requirunt

473 3248 596 3288 eum
623 3250 636 3286 :
669 3235 850 3292 vivent
873 3242 1035 3295 corda
1061 3259 1246 3300 eorum
1273 3247 1325 3302 in
1348 3250 1602 3305 saaculum
1632 3255 1832 3310 s:eculi.
1870 3257 2055 3314 Remi-

479 3327 774 3395 niscentur,
827 3340 883 3387 et
931 3346 1310 3395 convertentur
1358 3343 1425 3396 ad
1479 3344 1761 3402 Dominum
1816 3352 2052 3408 universi

473 3416 609 3472 lines
638 3428 814 3476 terrae.
843 3421 910 3477 Et
929 3426 1229 3484 adorabunt
1255 3432 1309 3485 in
1333 3445 1620 3505 conspectu
1650 3437 1766 3507 ejus
1788 3444 2052 3499 universa:

469 3503 690 3563 familia:
732 3513 990 3582 gentium.
1044 3519 1305 3584 Quoniam
1346 3503 1553 3579 Domini
1593 3503 1927 3600 est'regnum
1958 3549 1972 3588 :
2000 3543 2055 3590 et

469 3596 586 3668 ipse
613 3600 978 3658 dominabitur
997 3609 1254 3677 gentium.
1288 3612 1749 3673 Manducaverunt
1777 3629 1832 3676 et
1855 3624 2051 3679 adora-

473 3699 670 3744 verunt
709 3707 898 3749 omnes
927 3697 1156 3768 pingues
1182 3710 1339 3759 terra:
1367 3723 1379 3759 :
1412 3706 1463 3761 in
1495 3721 1782 3782 conspectu
1813 3714 1928 3783 ejus
1958 3733 2049 3773 ca-

467 3778 598 3835 dent
641 3798 849 3850 omnes,
885 3789 975 3856 qui
1009 3791 1340 3850 descendunt
1387 3797 1441 3852 in
1485 3810 1707 3857 terram.
1760 3805 1826 3859 Et
1866 3808 2047 3864 anima

465 3885 584 3926 mea
616 3873 689 3928 illi
721 3876 864 3932 vivet
887 3897 899 3931 :
925 3886 979 3934 et
1016 3897 1197 3939 semen
1239 3903 1418 3943 meum
1447 3896 1648 3950 serviet
1677 3898 1796 3966 ipsi.
1827 3900 2050 3960 Annuu-

464 3962 688 4020 tiabitur
716 3965 944 4026 Domino
973 3977 1248 4043 generatio
1273 3989 1499 4037 ventura
1525 4002 1536 4038 :
1570 3995 1625 4040 et
1651 3962 2048 4050 annuntiabunt

463 4056 584 4111 coeli
602 4057 868 4127 justitiam
896 4063 1012 4134 ejus
1039 4071 1259 4139 populo,
1294 4075 1388 4144 qui
1415 4088 1690 4148 nascetur,
1727 4099 1886 4153 quem
1915 4087 2047 4145 fecit

462 4145 742 4205 Dominus.

533 4238 601 4343 .Ut
629 4258 810 4312 supra.
853 4247 1098 4317 Domine,
1131 4255 1259 4324 quid
1289 4259 1629 4332 multiplicati
1657 4277 1800 4336 sunt,
1831 4276 1920 4343 qui
1947 4278 2044 4332 tri-

457 4327 647 4384 bulant
696 4336 816 4389 me?
863 4339 1017 4393 multi
1063 4343 1349 4419 insurgunt
1397 4327 1683 4414 adversum
1738 4327 1861 4420 me.-
1887 4366 2038 4424 Multi

455 4415 642 4475 dicunt
689 4425 884 4481 animae
923 4445 1076 4497 mere,
1118 4451 1223 4490 non
1256 4449 1337 4494 est
1365 4441 1544 4502 foedus
1572 4448 1662 4520 [Al
1691 4493 1704 4517 ,
1737 4457 1902 4529 salus]
1932 4458 2032 4528 ipsi
2065 4491 2116 4552 υ

455 4510 509 4552 in
537 4510 780 4552 “mnium
831 4517 908 4552 Τι-
945 4530 1122 4552 ιιι-ιηηη
1178 4525 1398 4552 πι,.--.τ..-
1460 4551 1470 4552 ,
1656 4550 1661 4552 _

455 4510 509 4565 in
535 4510 646 4566 Deo
666 4512 800 4582 ejus.
831 4517 910 4572 Tu
943 4530 1144 4588 autem,
1176 4525 1423 4596 Domine,
1453 4510 1733 4610 susceptor
1761 4510 1912 4604 meus
1936 4510 1994 4605 crs
2019 4568 2034 4608 :

453 4599 622 4671 gloria
652 4621 793 4672 mea,
822 4619 878 4664 et
903 4611 1149 4669 eraltans
1179 4628 1338 4689 caput
1361 4639 1562 4683 meum.

525 4711 728 4772 Oratio.
769 4719 943 4792 Caput
978 4726 1361 4789 misericordia:
1384 4736 1546 4807 Deus,
1577 4745 1666 4813 qui
1691 4757 1913 4820 propter
1937 4769 2035 4812 nos

452 4803 784 4869 descendens
837 4815 894 4870 in
953 4827 1198 4889 uterum,
1247 4827 1495 4890 addictus
1533 4803 1714 4908 ligno,
1758 4803 2032 4914 perfossus

449 4895 621 4966 clavo,
675 4906 1006 4967 vestimentis
1049 4915 1271 4988 insuper
1306 4934 1456 4981 sorte
1485 4929 1697 5000 divisis,
1745 4943 2029 5000 surrexisti

447 4985 588 5044 liber
626 4992 694 5048 ab
723 4995 948 5056 infernis
977 5021 988 5056 :
1018 4985 1322 5079 precamur,
1367 5027 1428 5072 ut
1463 5018 1622 5090 hujus
1665 4985 1836 5085 sancti
1883 5049 2030 5092 com-

446 5084 635 5139 mercii
658 5103 764 5144 non
787 5091 1072 5153 immemor
1094 5102 1188 5168 sis,
1213 5109 1395 5177 populi
1418 5113 1487 5168 ab
1507 5114 1662 5174 hoste
1686 5120 1858 5182 leonis
1877 5141 2028 5201 erep-

446 5182 530 5201 ,μ
603 5181 687 5201 ___,
739 5181 764 5201 ρ
798 5185 809 5196 .
847 5188 882 5201 _.
1091 5195 1104 5201 -

444 5182 548 5287 ItoLr,
575 5181 691 5276 ‘qui
735 5181 884 5242 fuisti
925 5195 1198 5260 quondam
1235 5205 1484 5270 patribus
1511 5209 1566 5267 in
1595 5221 1647 5270 te
1681 5181 2025 5287 sperantibus

440 5258 718 5330 liberator.
751 5275 856 5334 Per
882 5258 1190 5344 Dominum.

1057 5419 1395 5485 PSALMUS.

510 5531 688 5605 (ΡεΑι.
717 5544 896 5642 um.)
934 5547 1141 5609 Exaudi
1177 5555 1319 5616 Deus
1354 5567 1656 5626 orationem
1688 5590 1863 5636 meam
1887 5597 2014 5642 cum

1577 5622 1656 5626 --κ
1688 5622 1863 5636 ὴν-..
1887 5622 2007 5642 vultu

439 5622 734 5692 deprecor:
765 5651 796 5689 a
839 5638 1030 5698 timore
1080 5644 1282 5704 inimici
1333 5655 1483 5726 eripe
1527 5663 1760 5720 animam
1811 5686 2007 5732 meam.

436 5713 729 5780 Protexisti
763 5745 848 5786 me
873 5748 904 5788 a
930 5751 1198 5799 conventu
1227 5748 1640 5821 malignantium
1665 5779 1679 5816 :
1705 5778 1738 5819 a
1765 5768 2012 5829 multitu-

2170 1885 2377 1936 omnes,
2405 1873 2498 1941 qui
2521 1882 2785 1928 noverunt
2810 1891 3002 1931 nomen
3031 1886 3181 1933 tuum
3213 1881 3464 1950 Domine;
3493 1888 3749 1955 quoniam

2167 1977 2274 2015 non
2306 1963 2638 2033 dereliquisti
2671 1977 2976 2034 qumrentes
3008 1978 3077 2036 te,
3102 1969 3348 2028 Domine.
3374 1973 3518 2031 Deus
3547 1978 3642 2047 qui
3669 1994 3753 2034 se-

2167 2053 2262 2108 des
2284 2069 2446 2123 super
2476 2056 2750 2120 thronum,
2782 2067 2836 2112 et
2858 2059 3072 2130 judicas
3097 2064 3426 2134 aequitatem,
3458 2076 3576 2132 esto
3609 2069 3748 2128 refu-

2167 2143 2313 2214 gium
2360 2160 2683 2216 pauperum,
2733 2151 2860 2220 quia
2892 2160 2946 2206 tu
2976 2152 3122 2210 solus
3158 2155 3398 2212 laborem
3425 2169 3480 2214 et
3505 2160 3746 2219 dolorem

2167 2237 2499 2294 consideras.

2238 2326 2444 2383 Oratio.
2507 2329 2694 2395 Tutela
2745 2335 2985 2391 omnium
3031 2341 3392 2410 credentium,
3434 2345 3603 2413 Deus,
3661 2363 3751 2404 cu.

2164 2419 2305 2474 stodi
2331 2421 2629 2477 Ecclesiam
2653 2435 2798 2479 tuam
2826 2441 2857 2480 a
2882 2441 3146 2486 conventu
3181 2435 3618 2512 malignantium,
3660 2443 3753 2512 qui

2163 2524 2284 2564 eam
2319 2512 2547 2568 occultis
2588 2512 2784 2582 jaculis
2824 2533 3134 2590 oppugnare
3170 2525 3413 2582 nituntur
3444 2547 3457 2582 :
3491 2540 3551 2586 ut
3588 2541 3640 2586 te
3671 2549 3752 2596 sa-

2163 2601 2306 2658 lubri
2335 2613 2594 2675 rectoque
2629 2609 2867 2667 retinens
2896 2612 3190 2682 intellectu,
3229 2615 3503 2688 justorum
3531 2625 3746 2682 meritis

2161 2697 2548 2767 perpetualiter
2577 2699 2891 2756 collaztetur.

2713 2815 2819 2888 ει
2856 2814 3198 2876 PSALMUS.

2235 2917 2413 2991 (PSAL.
2452 2921 2704 2996 Lxxvm.)
2758 2924 2982 2986 Salvum
3021 2945 3107 2986 me
3153 2929 3242 2992 fac
3283 2931 3464 3002 Deus:
3494 2940 3750 3008 quoniam

2165 3011 2504 3070 intraverunt
2532 3033 2685 3087 aqua:
2721 3036 2890 3092 usque
2915 3024 2984 3078 ad
3021 3025 3258 3082 animam
3306 3024 3508 3086 meam.
3550 3033 3750 3091 infixus

2085 3127 2130 3188 ο
2163 3121 2279 3162 sum
2309 3108 2363 3162 in
2397 3108 2524 3166 limo
2561 3112 2812 3182 profundi
2839 3136 2852 3170 :
2883 3127 2940 3172 et
2977 3133 3083 3174 non
3117 3130 3201 3175 est
3234 3123 3556 3181 substantia.
3611 3127 3740 3184 Veni

2160 3196 2214 3252 in
2244 3198 2582 3258 altitudinem
2633 3208 2927 3264 maris:-et
2980 3219 3272 3282 tempestas
3325 3217 3588 3275 demersit
3639 3237 3742 3276 me.

2155 3289 2420 3348 Laboravi
2453 3295 2710 3365 clamans,
2758 3317 2934 3358 raucae
2981 3303 3138 3360 facta}
3180 3318 3306 3364 sunt
3350 3308 3534 3368 fauces
3573 3331 3743 3371 mem:

2157 3381 2473 3442 defecerunt
2493 3390 2632 3444 oculi
2656 3394 2782 3459 mei,
2797 3395 2924 3448 dum
2947 3411 3106 3467 spero
3128 3398 3182 3454 in
3204 3401 3371 3456 Deum
3395 3419 3598 3460 meum.
3621 3407 3745 3462 Mel-

2157 3477 2382 3548 tiplicati
2419 3494 2544 3538 sunt
2572 3501 2736 3556 super
2767 3491 2990 3560 capillos
3019 3495 3214 3565 capitis
3244 3500 3370 3566 mei,
3400 3503 3490 3570 qui
3511 3504 3746 3562 oderunt

2156 3584 2244 3624 me
2269 3574 2456 3640 gratis.
2485 3575 2788 3634 Confortati
2814 3593 2942 3638 sunt
2965 3588 3056 3655 qui
3083 3593 3355 3657 persecuti
3385 3603 3510 3650 sunt
3529 3613 3621 3654 me
3640 3598 3742 3654 ini-

2154 3665 2282 3719 mici
2304 3668 2406 3722 mei
2434 3669 2666 3740 injuste:
2694 3691 2815 3745 quas
2847 3692 2954 3733 non
2989 3683 3164 3752 rapui,
3204 3694 3329 3742 tunc
3371 3689 3740 3748 exsolvebam.

2152 3755 2295 3812 Deus
2309 3767 2361 3813 tu
2379 3763 2486 3818 scis
2505 3764 2864 3837 insipientiam
2890 3790 3084 3844 meam;
3104 3788 3156 3833 et
3177 3780 3368 3836 delicta
3388 3799 3508 3839 mea
3523 3801 3551 3839 a
3573 3795 3625 3843 te
3639 3805 3743 3845 non

2151 3857 2618 3914 suntabscondita.
2637 3861 2754 3918 Non
2773 3869 3097 3925 erubescant
3113 3873 3164 3926 in
3187 3889 3294 3939 me,
3310 3877 3400 3947 qui
3421 3890 3739 3950 exspectant

2152 3953 2205 4000 te
2227 3946 2452 4005 Domine
2466 3953 2749 4010 virtutum.
2767 3957 2881 4014 Non
2904 3961 3305 4021 confundantur
3325 3985 3488 4042 super
3509 3946 3619 4040 me,
3649 3976 3738 4048 qui

2148 4050 2397 4108 quaerunt
2423 4051 2498 4107 te,
2541 4045 2682 4102 Deus
2719 4049 2899 4106 Israel.
2935 4053 3198 4121 Quoniam
3242 4072 3464 4131 propter
3491 4074 3545 4120 te
3575 4045 3735 4122 susti-

2148 4130 2239 4184 nui
2283 4135 2629 4202 opprobrium
2664 4158 2675 4192 :
2708 4146 2923 4212 operuit
2969 4147 3216 4207 confusio
3271 4151 3466 4210 faciem
3526 4174 3722 4215 meam.

2145 4222 2450 4282 Extraneus
2488 4227 2661 4288 factus
2689 4249 2805 4289 sum
2844 4236 3102 4296 fratribus
3130 4243 3266 4300 meis
3293 4262 3306 4299 :
3330 4255 3386 4300 et
3413 4251 3728 4321 peregrinus

2145 4316 2270 4373 filiis
2300 4321 2492 4376 matris
2517 4338 2667 4379 meae.
2715 4327 2980 4394 Quoniam
3019 4333 3164 4390 zelus
3192 4336 3384 4393 domus
3412 4347 3516 4396 tute
3546 4357 3725 4399 come-

2145 4408 2223 4463 dit
2251 4427 2374 4466 me:
2401 4422 2456 4468 et
2498 4418 2782 4485 opprobria
2825 4426 3265 4494 exprobrantium
3296 4431 3392 4486 tibi
3415 4435 3725 4492 ceciderunt

2142 4514 2305 4569 super
2332 4518 2436 4558 me.
2471 4505 2538 4559 Et
2580 4511 2768 4578 operui
2816 4513 2869 4567 in
2909 4513 3117 4585 jejunio
3163 4523 3398 4578 animam
3444 4542 3641 4595 meam,
3672 4538 3723 4586 et

2139 4591 2340 4648 factum
2375 4605 2459 4651 est
2495 4599 2546 4653 in
2583 4605 2930 4673 approbrium
2964 4611 3115 4666 mihi.
3145 4613 3212 4668 Et
3238 4617 3394 4685 posui
3434 4591 3720 4678 vestimen-

2141 4691 2252 4737 tum
2282 4701 2459 4742 meum
2487 4689 2541 4744 in
2576 4692 2810 4751 cilicium
2838 4712 2852 4751 :
2880 4708 2936 4754 et
2980 4700 3154 4758 factus
3200 4723 3317 4763 sum
3351 4709 3454 4766 illis
3482 4713 3534 4768 in
3561 4732 3714 4786 para-

2135 4772 2332 4830 bolam.
2362 4778 2664 4839 Adversum
2695 4803 2780 4842 me
2811 4789 3192 4864 loquebantur,
3239 4803 3330 4871 qui
3370 4772 3629 4861 sedebant
3663 4807 3713 4861 in

2134 4877 2313 4938 porta,
2339 4881 2395 4926 et
2417 4873 2468 4927 in
2501 4892 2586 4932 me
2612 4881 2930 4952 psallebant,
2963 4890 3054 4957 qui
3084 4891 3338 4949 bibebant
3367 4897 3570 4954 vinum.
3603 4899 3712 4972 Ego

2131 4971 2260 5013 vero
2289 4963 2591 5036 oratiqnem
2629 4985 2804 5026 meam
2834 4975 2898 5030 ad
2929 4986 2980 5031 te
3007 4977 3233 5039 Domine
3262 5002 3274 5038 :
3310 4993 3523 5059 tempus
3550 4963 3709 5046 bene-

2127 5050 2310 5120 placiti
2333 5054 2495 5112 Deus.
2525 5058 2582 5114 In
2608 5063 2947 5124 multitudine
2969 5073 3357 5135 misericordia:
3387 5090 3492 5138 tua:
3518 5084 3705 5140 exaudi

2125 5156 2256 5198 me:
2293 5144 2346 5199 in
2373 5149 2604 5207 veritate
2654 5155 2843 5214 salutis
2887 5167 3011 5217 tuae.
3063 5165 3224 5236 Eripe
3272 5187 3360 5226 me
3404 5174 3471 5230 de
3495 5175 3624 5243 luto,
3655 5187 3706 5231 ut

2123 5249 2233 5289 non
2265 5237 2687 5334 infigarzlibera
2736 5267 2821 5305 me
2860 5256 2928 5310 ab
2976 5257 3079 5326 bis,
3120 5262 3210 5330 qui
3251 5265 3485 5324 oderunt
3514 5287 3616 5334 me,
3655 5279 3704 5328 et

2123 5325 2190 5379 de
2217 5324 2500 5395 profundis
2539 5349 2824 5405 aquarum.
2858 5342 2973 5400 Non
2999 5324 3086 5404 me
3109 5324 3386 5426 demergat
3414 5324 3700 5430 tempestas

2118 5431 2296 5486 aqum,
2337 5437 2512 5492 neque
2563 5429 2853 5488 absorbeat
2891 5450 2978 5491 me
3015 5443 3339 5510 profundum
3371 5467 3384 5502 :
3414 5429 3590 5522 neque
3615 5470 3698 5508 ur-

2116 5521 2240 5581 geat
2293 5529 2456 5584 super
2503 5535 2589 5576 me
2633 5533 2827 5592 puteus
2871 5544 2934 5584 os
2979 5548 3156 5592 suum.
3205 5539 3414 5598 Exaudi
3464 5521 3574 5611 me,
3601 5543 3698 5601 Do-

2115 5601 2281 5669 mine,
2332 5609 2586 5675 quoniam
2633 5612 2862 5686 benigna
2910 5630 2993 5676 est
3043 5627 3414 5687 misericordia
3453 5646 3694 5692 tua:se-

2113 5695 2344 5750 cundum
2378 5701 2772 5784 multitudinem
2805 5711 3214 5776 miserationum
3245 5732 3460 5784 tuarum
3489 5731 3691 5801 respice

2109 5779 2168 5840 in
2195 5799 2304 5842 me.
2332 5787 2400 5844 Et
2426 5805 2495 5847 ne
2519 5781 2738 5856 avertas
2769 5797 2964 5862 faciem
2995 5816 3139 5867 tuam
3162 5827 3196 5870 a
3217 5831 3389 5888 puero
3411 5828 3506 5880 tuo
3527 5839 3542 5879 :
3566 5779 3692 5898 quo-
