4038 6336
296 289 400 352 549

1283 271 1677 342 LlTURGlCA.
1715 303 1789 315 --
1822 259 2106 328 ΟΠἸΕῘᾸ
2127 259 2266 324 PER
2298 259 2566 324 FERIAS.

3442 249 3547 316 550

299 417 446 474 niam
479 399 731 473 tribuior,
761 395 1021 462 velociter
1048 401 1241 460 exaudi
1279 413 1383 454 me.
1430 395 1649 452 Intende
1683 391 1878 448 animae
1906 389 1949 446 Α
1980 397 2100 438 cum
2132 382 2207 436 sis
2238 397 2394 443 unus,
2429 379 2480 433 in
2510 383 2693 433 saneta
2728 369 2990 430 Trinitate
3013 371 3294 429 confiteor.
3321 370 3556 444 Frange,

195 535 202 540 -
299 523 436 563 mem
474 513 530 560 et
571 503 738 557 libera
786 505 1186 568 eamzpropter
1238 492 1486 549 inimicos
1535 504 1684 544 meos
1728 487 1878 557 eripe

298 617 409 658 me.
471 598 542 654 l‘u
587 595 664 652 sis
709 591 1094 664 improperium
1143 602 1317 643 meum
1348 605 1360 640 :
1392 593 1447 640 et
1505 581 1878 639 confusionem

297 707 498 754 meam,
535 699 589 746 et
616 685 972 742 reverentiam
1001 696 1196 738 meam.
1224 679 1282 734 In
1311 689 1604 748 conspectu
1634 683 1726 728 tuo
1757 680 1880 727 sunt

296 801 510 848 omnes,
553 782 645 856 qui
679 779 938 836 tribulant
969 792 1056 832 me
1083 790 1098 830 :
1122 774 1510 845 impropcrium
1548 768 1881 839 exspectavit

295 893 394 937 cor
427 892 607 933 meum
633 881 690 930 et
716 871 1010 928 miseriam.
1050 869 1118 923 Et
1146 867 1394 928 sustinui,
1434 865 1525 936 qui
1562 861 1720 919 simul
1749 878 1880 917 con-

298 972 632 1031 tristaretur,
676 976 730 1022 et
769 980 876 1020 non
905 963 1003 1017 fuit
1029 981 1041 1016 :
1067 969 1122 1017 et
1150 962 1242 1031 qui
1268 957 1656 1019 consolaretur,
1693 963 1742 1009 et
1775 969 1882 1008 non

298 1060 507 1117 inveni.
551 1059 618 1114 Et
659 1059 922 1113 dederunt
945 1055 998 1109 in
1044 1068 1225 1108 escam
1267 1065 1443 1106 meam
1489 1047 1557 1103 fel
1586 1066 1598 1102 τ
1627 1055 1680 1102 et
1709 1047 1762 1101 in
1794 1045 1882 1101 siti

296 1169 424 1211 mea
448 1157 772 1224 putaverunt
796 1163 882 1203 me
908 1153 1080 1201 aceto.
1115 1143 1236 1198 Fiat
1266 1157 1452 1197 mensa
1479 1155 1664 1196 eorum
1697 1153 1883 1194 coram

299 1245 437 1315 ipsis
465 1244 520 1299 in
547 1243 799 1312 laqueum
824 1255 838 1294 :
866 1247 923 1293 et
948 1239 999 1291 in
1030 1234 1414 1290 retributiones
1458 1240 1510 1286 et
1555 1232 1606 1286 in
1653 1229 1884 1286 scanda-

299 1334 436 1392 lum.
483 1333 854 1391 Obscurentur
893 1327 1049 1384 oculi-
1077 1341 1288 1390 eorum,
1319 1340 1386 1379 ne
1408 1324 1647 1385 videant,
1679 1330 1730 1378 et
1763 1321 1886 1375 dor-

299 1445 422 1485 sum
452 1442 640 1484 eorum
669 1438 881 1494 semper
912 1423 1150 1476 incurva.
1187 1415 1412 1472 Effunde
1439 1431 1600 1486 super
1627 1429 1720 1468 eos
1748 1414 1884 1467 iram

299 1528 455 1576 tuam
486 1560 501 1573 .
534 1525 588 1573 et
628 1514 778 1572 furor
825 1515 921 1569 ira!
979 1521 1084 1568 tum
1141 1509 1564 1581 comprehendat
1605 1524 1716 1562 eos.
1765 1506 1888 1560 Fiat

300 1612 572 1670 habitatio
601 1627 787 1667 eorum
816 1609 1030 1665 deserta
1065 1627 1076 1662 :
1109 1616 1163 1662 et
1210 1607 1264 1660 in
1309 1602 1670 1660 tabernaculis
1698 1617 1885 1657 eorum

299 1720 409 1762 non
453 1705 546 1770 sit,
604 1703 694 1774 qui
740 1701 1022 1758 inhabitet.
1069 1698 1334 1767 Quoniam
1378 1708 1537 1766 quem
1574 1707 1629 1748 tu
1658 1710 1881 1766 percus-

302 1799 444 1864 sisti,
491 1797 761 1870 persecuti
808 1805 972 1852 sunt:
1003 1804 1058 1851 et
1101 1809 1264 1864 super
1312 1791 1549 1846 dolorem
1602 1789 1886 1844 vulnerum

302 1906 552 1948 meorum
597 1889 933 1946 addiderunt.
979 1888 1201 1958 Appone
1245 1884 1579 1954 iniquitatem
1603 1896 1765 1951 super
1789 1880 1890 1935 ini—

303 1987 569 2056 quitatem
604 1999 790 2040 eorum
817 2001 830 2036 :
857 1991 912 2038 et
953 1997 1060 2036 non
1109 1981 1311 2035 intrent
1347 1979 1401 2033 in
1425 1977 1685 2048 justitiam
1719 1983 1885 2030 tuam.

303 2080 600 2136 Deleantur
649 2077 714 2132 de
758 2076 898 2131 libro
944 2074 1237 2128 viventium
1269 2091 1282 2126 :
1310 2079 1364 2126 et
1409 2085 1529 2124 cum
1574 2067 1734 2138 justis
1783 2081 1891 2122 non

304 2173 636 2230 scribantur.
679 2169 792 2240 Ego
843 2183 962 2222 sum
1008 2181 1216 2237 pauper
1259 2171 1315 2218 et
1358 2161 1585 2218 dolens:
1619 2160 1765 2215 salus
1801 2167 1891 2214 tua

302 2265 451 2320 Deus
491 2261 727 2331 suscepit
771 2274 878 2314 me.
923 2257 1178 2312 Laudabo
1222 2270 1417 2310 nomen
1457 2253 1550 2306 Dei
1587 2267 1710 2307 cum
1759 2266 1890 2305 can-

305 2356 416 2410 tico
446 2372 459 2407 :
487 2362 540 2408 et
570 2351 928 2423 magnificaho
969 2363 1092 2404 eum
1122 2348 1175 2402 in
1205 2345 1380 2400 laude.
1425 2343 1490 2396 Et
1519 2341 1752 2412 placebit
1784 2339 1892 2394 Deo

305 2462 476 2518 super
503 2445 724 2499 vitulum
753 2440 1042 2505 novellum,
1084 2453 1285 2494 cornua
1305 2437 1689 2508 producentem
1716 2441 1770 2487 et
1795 2447 1895 2484 un-

307 2539 480 2611 gulas.
511 2537 739 2592 Videant
759 2547 1025 2604 pauperes
1051 2540 1107 2586 et
1133 2530 1415 2585 laetentur:
1446 2526 1671 2597 quaerite
1702 2525 1890 2588 Deum,

306 2639 367 2688 et
389 2630 535 2684 vivet
559 2628 738 2682 anima
771 2632 972 2680 vestra.
1011 2621 1278 2690 Quoniam
1320 2617 1597 2675 exaudivit
1633 2630 1896 2685 pauperes

307 2706 703 2779 Dominuszet
748 2717 960 2771 vinctos
1013 2729 1141 2770 suos
1185 2729 1292 2768 non
1341 2709 1602 2779 despexit.
1655 2705 1898 2761 Laudent

309 2813 467 2869 illum
511 2808 632 2867 coeli
661 2817 715 2864 et
741 2817 884 2864 terra
911 2825 926 2861 :
957 2821 1127 2870 mare,
1169 2812 1222 2857 et
1257 2801 1438 2857 omnia
1467 2799 1679 2868 reptilia
1709 2798 1761 2852 in
1795 2797 1892 2852 eis.

309 2903 580 2974 Quoniam
610 2901 752 2957 Deus
780 2898 980 2955 salvam
1015 2895 1177 2952 faciet
1205 2894 1335 2950 Sion
1358 2908 1372 2946 :
1395 2901 1449 2946 et
1489 2888 1898 2946 :edificabuntur

307 2997 567 3054 civitates
605 2991 774 3049 ludar.
817 2990 886 3046 Et
926 2987 1299 3044 inhabitabunt
1343 2983 1440 3048 ibi,
1483 2990 1536 3036 et
1587 2979 1896 3034 haereditate

311 3089 602 3158 acquirent
643 3099 784 3140 eam.
831 3081 898 3136 Et
939 3094 1121 3135 semen
1167 3089 1445 3131 servorum
1499 3070 1613 3141 ejus
1657 3069 1895 3140 posside-

311 3179 396 3236 hit
440 3193 584 3243 eam,
637 3182 693 3232 et
731 3173 823 3245 qui
871 3170 1097 3242 diligunt
1145 3182 1342 3223 nomen
1386 3162 1524 3234 ejus,
1578 3161 1896 3218 habitabuut

315 3273 379 3328 in
406 3287 494 3328 ea.

395 3361 466 3418 Ut
500 3378 682 3432 supra.
723 3359 782 3414 in
821 3356 1164 3413 tribulatione
1212 3351 1456 3408 invocavi
1499 3349 1806 3410 Dominum,
1849 3354 1905 3402 et

319 3455 389 3511 ad
420 3453 591 3508 Deum
629 3465 810 3506 meum
856 3447 1108 3504 clamavi.
1161 3446 1227 3500 Et
1273 3441 1550 3498 exaudivit
1593 3440 1660 3494 de
1705 3437 1904 3508 templo

318 3553 514 3604 saneto
539 3559 636 3599 suo
666 3557 853 3597 vocem
895 3554 1095 3603 meam,
1146 3545 1199 3592 et
1240 3535 1445 3590 clamor
1489 3548 1643 3586 meus
1687 3531 1739 3585 in
1778 3545 1907 3584 con—

320 3647 515 3712 spectu
539 3637 655 3707 ejus
680 3633 924 3689 introibit
947 3633 1000 3686 in
1029 3646 1190 3686 aures
1217 3629 1351 3699 ejus.
1379 3627 1521 3682 Deus
1546 3633 1732 3680 noster
1757 3622 1906 3677 rcfu-

321 3733 476 3805 gium
517 3739 576 3784 et
611 3728 786 3784 virtus
815 3743 828 3780 :
863 3724 1079 3794 adjutor
1105 3723 1158 3777 in
1186 3716 1643 3781 tribulationibus,
1689 3729 1808 3805 quae
1830 3714 1912 3767 in-

321 3830 599 3881 venerunt
631 3835 730 3876 nos
757 3819 936 3874 nimis.
1769 3795 1786 3809 ’
1819 3880 1828 3888 _

401 3913 614 3972 Oratio.
658 3910 1049 3982 Benignissime
1093 3908 1320 3962 Domine
1355 3903 1550 3958 exaudi
1591 3914 1690 3954 nos
1741 3916 1796 3954 tn
1821 3913 1914 3954 ve-

327 4011 498 4067 ritate
537 4006 727 4063 salutis
771 4013 897 4069 tum,
942 4009 1003 4056 ut
1029 3999 1166 4055 eruti
1194 3998 1262 4052 ab
1289 3995 1538 4068 squalore
1569 3993 1776 4064 peccati
1806 4007 1916 4045 me-

330 4117 559 4160 reamur
585 4101 636 4155 iu
666 4099 804 4152 libro
828 4095 951 4150 vitae
975 4093 1142 4165 digito
1169 4091 1373 4147 caelesti
1404 4088 1690 4143 conscribi.
1721 4085 1842 4141 Per.

405 4197 619 4251 Eduees
648 4194 714 4248 de
745 4188 1090 4244 tribulatione
1131 4186 1365 4240 animam
1394 4171 1589 4238 meam.
1634 4181 1701 4236 Et
1725 4180 1918 4251 perdes

333 4304 551 4352 omnes,
598 4285 692 4355 qui
741 4281 1002 4337 tribulant
1042 4277 1275 4332 animam
1308 4291 1505 4330 meam.
1539 4272 1748 4329 Exaudi
1775 4271 1919 4327 Deus

336 4385 640 4442 orationem
667 4390 864 4440 meam,
898 4388 1022 4429 cum
1049 4372 1331 4441 deprecor.

671 4502 928 4565 ORATIO
965 4499 1209 4558 SANCTI
1245 4495 1591 4554 AMBROSII.

413 4649 634 4707 Christe
678 4656 887 4700 summa
916 4639 1010 4695 Dei
1037 4637 1228 4695 virtus,
1273 4648 1378 4687 una
1402 4639 1458 4688 et
1494 4630 1782 4685 indiscreta
1808 4642 1925 4682 ma-

334 4745 538 4816 jestas,
565 4738 826 4797 orationis
855 4750 990 4791 mea:
1011 4741 1122 4788 tota
1159 4726 1483 4790 substantia,
1515 4724 1707 4777 invoco
1731 4734 1926 4775 nomen

344 4846 598 4896 sanctum
635 4844 788 4888 tuum
813 4846 828 4884 :
857 4827 1048 4885 exaudi
1098 4839 1186 4879 me
1228 4837 1348 4877 meo
1396 4833 1604 4873 mecum
1637 4814 1800 4870 corde
1846 4813 1928 4866 lu-

346 4940 612 4994 ctantem,
640 4922 1022 4997 agnoscentem
1045 4924 1268 4988 peccata
1305 4911 1626 4972 facinorum,
1657 4916 1711 4962 et
1733 4905 1932 4976 cogita-

347 5031 557 5083 tionum
605 5019 832 5076 crimina
866 5011 1232 5071 confitentem.
1278 5006 1387 5076 82
1421 5003 1650 5071 Frange,
1682 4998 1925 5060 Domine,

347 5131 501 5176 artes
541 5112 776 5177 diaboli;
815 5107 972 5179 fingit
1015 5104 1162 5160 enim
1197 5100 1354 5155 labiis
1390 5095 1534 5150 aliud
1572 5090 1927 5163 suggerendo,

349 5215 638 5285 ipsamque
688 5201 989 5259 orationem
1048 5194 1302 5264 captivat.
1355 5187 1617 5257 Respice,
1668 5180 1928 5243 Domine,

347 5270 458 5362 mei
509 5270 768 5372 supplicis
809 5293 1114 5362 lacrymas;
1141 5293 1198 5338 et
1233 5297 1354 5337 cum
1379 5279 1630 5346 lacrymxe
1659 5288 1765 5328 non
1799 5270 1929 5334 sint,

349 5365 702 5464 indulgeniia:
748 5396 855 5444 tuae
893 5384 1148 5456 pietatem
1193 5373 1433 5429 infunde.
1485 5366 1708 5423 Custodi
1750 5365 1801 5418 in
1848 5376 1936 5416 me

351 5483 762 5544 immaculatam
802 5479 987 5542 ﬁdem,
1031 5487 1224 5541 meque
1267 5481 1388 5523 cum
1429 5459 1688 5534 proximis
1724 5470 1938 5524 semper

354 5580 411 5636 in
463 5592 600 5650 pace
647 5571 955 5630 reconcilia.
1007 5566 1274 5622 Fructuos
1317 5555 1434 5631 [F.,
1465 5571 1528 5610 os
1552 5548 1780 5622 fructus]
1820 5557 1944 5610 tuos.

352 5642 536 5744 panis.
569 5709 585 5723 .
612 5709 624 5722 .
650 5708 664 5722 .
692 5708 706 5722 .
733 5664 951 5738 propria
987 5659 1239 5730 largitate
1280 5651 1559 5710 distrihue.
1591 5644 1708 5700 Tibi
1740 5642 1938 5698 incliuo

355 5736 653 5824 cervicem.
711 5736 832 5815 Tibi
879 5768 1052 5829 genua
1082 5749 1258 5807 flecto.
1303 5744 1378 5800 Te
1419 5740 1702 5798 Dominum
1745 5736 1938 5801 Deum,

1941 4472 1998 4536 Ι)

1980 476 2226 539 Domine,
2273 481 2460 528 contra
2514 487 2602 525 me
2657 469 2998 524 inimicorum
3049 473 3378 540 potestates,
3428 478 3560 521 erue

1983 585 2068 623 me
2095 568 2161 623 de
2190 565 2457 637 periculis,
2497 572 2649 618 tuere
2691 578 2778 617 me
2815 561 2872 616 in
2917 561 3166 616 omnibus
3193 558 3390 624 causis,
3421 564 3476 612 et
3505 557 3561 614 in

1981 656 2359 714 criminatione
2409 653 2654 726 defende.
2705 651 2874 726 AZgro
2921 667 3006 706 me
3045 650 3302 720 jacente,
3349 659 3404 705 et
3458 663 3560 716 ea,

1982 765 2101 819 qua:
2131 749 2351 819 explere
2397 762 2503 802 non
2543 760 2761 817 possum
2792 786 2807 812 ,
2845 746 3000 816 quasi
3036 745 3146 801 sint
3182 745 3398 818 expleta
3428 762 3561 804 con-

1981 842 2129 898 cede.

2673 970 2889 1010 ORATIO.

1985 1067 2093 1122 Pro
2131 1065 2478 1137 familiaribus
2507 1067 2695 1120 nostris
2718 1077 2763 1120 et
2791 1068 2988 1122 cunctis
3020 1067 3262 1136 ﬁdelibus
3285 1068 3566 1138 defunctis.

2055 1157 2149 1221 Tc,
2175 1156 2401 1212 Domine
2428 1163 2613 1209 sancte
2643 1155 2804 1210 Pater
2827 1155 3166 1225 omnipotens
3187 1167 3385 1214 aeterne
3404 1157 3569 1223 Deus,

1985 1250 2254 1322 supplices
2294 1248 2648 1320 deprecamur
2687 1262 2783 1316 pro
2830 1247 3111 1318 spiritibus
3151 1247 3474 1304 famulorum
3517 1255 3576 1306 et

1986 1340 2306 1396 famularum
2340 1348 2574 1405 tuarum,
2602 1355 2738 1410 quos
2775 1339 2843 1394 ab
2870 1339 3080 1410 origine
3108 1339 3288 1394 saeculi
3317 1339 3476 1409 hujus
3504 1339 3576 1395 ad

1989 1443 2040 1490 te
2079 1435 2346 1492 accersire
2385 1434 2714 1504 praecepisti;
2755 1443 2816 1486 ut
2855 1433 3123 1504 digneris,
3155 1432 3411 1500 Domine,
3443 1435 3575 1489 dare

1987 1529 2066 1583 cis
2089 1527 2265 1582 locum
2294 1526 2552 1590 lucidum,
2584 1526 2760 1580 locum
2791 1525 3064 1596 refrigerii
3089 1533 3144 1582 et
3167 1524 3396 1596 quietis;
3427 1535 3484 1580 et
3514 1531 3577 1580 ut

1987 1621 2146 1676 liceat
2183 1620 2263 1674 eis
2295 1619 2524 1674 transire
2558 1627 2744 1690 portas
2783 1619 3154 1682 infernorum,
3182 1625 3236 1673 et
3272 1619 3389 1676 vias
3428 1626 3579 1675 tene-

1916 1753 1965 1816 B
1987 1715 2206 1768 brarum
2225 1754 2240 1778 ,
2265 1720 2627 1782 maneantque
2655 1712 2707 1764 in
2734 1711 3107 1768 mansionibus
3135 1719 3448 1766 sanctorum
3471 1752 3487 1777 ,
3522 1715 3581 1767 et

1990 1808 2045 1863 in
2072 1807 2191 1862 luce
2218 1813 2403 1862 sancta
2424 1847 2438 1872 ,
2467 1821 2628 1876 quam
2661 1805 2787 1858 olim
2815 1805 3043 1860 Abrahae
3080 1804 3376 1872 promisisti
3406 1813 3461 1859 et
3488 1818 3578 1860 se-

1987 1899 2119 1954 mini
2156 1896 2291 1968 ejus.
2333 1895 2544 1950 Nullam
2595 1895 2867 1950 larsionem
2904 1895 3208 1950 sustineant
3249 1896 3440 1952 animae
3485 1910 3580 1952 eo-

1989 2011 2130 2059 rum,
2160 1993 2253 2048 sed
2282 2007 2404 2046 cum
2438 2006 2665 2061 magnus
2701 1989 2788 2068 ille
2814 1990 2928 2044 dies
2966 1989 3378 2046 resurrectionis
3405 2005 3470 2044 ac
3496 2006 3583 2046 re-

1990 2085 2381 2140 munerationis
2408 2083 2706 2145 advenerit,
2738 2081 3062 2136 resuscitare
3087 2097 3180 2136 eos
3210 2079 3446 2151 digneris
3479 2081 3585 2136 Do-

1991 2176 2167 2240 mine,
2192 2191 2296 2228 uua
2328 2191 2449 2230 cum
2487 2174 2690 2230 sanctis
2735 2180 2791 2227 et
2823 2172 3011 2228 electis
3048 2172 3156 2228 tuis
3184 2187 3198 2225 :
3223 2180 3277 2226 et
3309 2181 3370 2226 ut
3401 2171 3582 2230 deleas

1992 2283 2178 2322 eorum
2225 2267 2418 2322 delicta
2457 2275 2618 2336 atque
2643 2275 2864 2336 peccata
2884 2307 2898 2330 ,
2936 2281 3106 2335 usque
3131 2266 3196 2320 ad
3227 2265 3582 2320 novissimum

1993 2359 2378 2427 quadrantem,
2415 2365 2699 2426 tecumque
2736 2353 3157 2411 immortalitatis
3193 2353 3362 2408 vitam
3401 2359 3457 2408 et
3498 2366 3585 2408 ro-

1993 2465 2154 2522 gnum
2186 2456 2589 2518 consequantur
2611 2458 2894 2504 :eternum.

2068 2541 2134 2596 Ut
2177 2560 2356 2612 supra.
2395 2541 2471 2595 Ne
2509 2541 2693 2596 tradas
2735 2540 2948 2596 bestiis.
2996 2538 3258 2610 Requiem
3300 2547 3582 2596 aeternam.

1995 2633 2273 2690 Justorum
2297 2633 2511 2688 animae.

2630 2760 2971 2818 PSALMUS.

2069 2866 2256 2938 (PSAL.
2289 2864 2375 2936 v.)
2414 2863 2590 2921 Verba
2627 2879 2747 2918 mea
2781 2863 3002 2917 auribus
3036 2860 3274 2932 percipe,
3305 2857 3530 2914 Domine
3563 2874 3577 2912 :

2000 2958 2238 3029 intellige
2252 2958 2544 3013 clamorem
2561 2971 2762 3011 meum.
2779 2955 3000 3010 Intende
3024 2955 3138 3009 voci
3155 2953 3416 3008 orationis
3431 2967 3586 3018 mete,

1998 3049 2115 3103 Rex
2133 3064 2285 3103 meus
2312 3057 2367 3102 et
2391 3048 2532 3102 Deus
2555 3062 2727 3102 meus.
2751 3045 3015 3113 Quoniam
3036 3046 3102 3099 ad
3133 3053 3184 3098 te
3207 3044 3461 3109 adorabo,
3483 3042 3591 3097 Do-

2001 3143 2146 3198 mine
2189 3160 2201 3196 :
2242 3157 2401 3196 mane
2443 3139 2704 3194 exaudies
2745 3153 2932 3193 vocem
2973 3153 3169 3192 meam.
3213 3135 3366 3190 Mane
3402 3135 3593 3190 astabo

2003 3233 2102 3289 tibi
2125 3240 2181 3287 et
2205 3231 2404 3287 videbo
2430 3252 2442 3285 -.
2468 3230 2724 3300 quoniam
2745 3244 2852 3283 non
2880 3227 3022 3282 Deus
3043 3227 3230 3282 volens
3250 3225 3593 3295 iniquitatem

2005 3337 2064 3381 tu
2089 3341 2168 3381 es.
2194 3324 2377 3394 Neque
2399 3323 2666 3378 habitabit
2683 3319 2838 3390 juxta
2861 3328 2914 3374 te
2942 3317 3210 3389 malignus
3237 3335 3250 3372 :
3283 3333 3456 3388 neque
3474 3330 3598 3386 per-

2006 3418 2300 3473 manebunt
2328 3415 2514 3486 injusti
2539 3423 2664 3470 ante
2683 3413 2870 3468 oculos
2901 3401 3042 3466 tuos.
3073 3410 3245 3466 Odisti
3283 3424 3474 3465 omnes
3501 3406 3596 3478 qui

2006 3519 2297 3580 operantur
2322 3509 2663 3577 iniquitatem
2702 3523 2714 3559 :
2750 3504 2946 3575 perdes
2971 3517 3162 3558 omnes
3191 3501 3281 3570 qui
3303 3499 3598 3570 loquuntur

2007 3602 2372 3659 mendacium.
2398 3601 2586 3660 Virum
2617 3599 2938 3670 sanguinum
2969 3605 3020 3652 et
3051 3596 3294 3650 dolosum
3320 3593 3599 3649 abomina-

2008 3694 2155 3749 bitur
2184 3691 2464 3746 Dominus.
2489 3689 2600 3759 Ego
2627 3697 2809 3742 autem
2839 3689 2893 3741 in
2927 3685 3268 3741 multitudine
3294 3683 3601 3738 misericor-

2011 3786 2113 3842 dia:
2150 3793 2254 3839 tua:
2283 3782 2519 3837 introibo
2547 3782 2602 3836 in
2636 3781 2853 3834 domum
2880 3787 3025 3836 tuam
3057 3797 3070 3832 :
3102 3775 3336 3832 adorabo
3362 3777 3428 3831 ad
3465 3785 3601 3830 tem-

2010 3880 2158 3950 plum
2181 3887 2424 3932 sauetum
2450 3885 2598 3930 tuum
2630 3874 2684 3928 in
2708 3875 2898 3928 timore
2922 3880 3032 3926 tuo.
3065 3871 3290 3926 Domine
3320 3869 3491 3924 deduc
3512 3881 3600 3924 me

2015 3973 2070 4028 in
2091 3971 2302 4042 justitia
2327 3985 2416 4024 tua
2455 3987 2466 4023 :
2498 3976 2715 4038 propter
2737 3964 2989 4020 inimicos
3017 3979 3164 4018 meos
3191 3963 3364 4032 dirige
3391 3963 3444 4017 in
3475 3976 3603 4017 con-

2017 4074 2200 4137 specto
2231 4077 2322 4120 tuo
2359 4065 2502 4120 viam
2535 4077 2730 4117 meam.
2769 4058 3030 4126 Quoniam
3073 4072 3175 4112 non
3204 4063 3288 4112 est
3315 4056 3368 4110 in
3395 4069 3490 4112 ore
3515 4069 3601 4110 eo-

2016 4176 2139 4216 rum
2169 4158 2371 4214 vcritas
2398 4175 2410 4210 :
2437 4172 2534 4210 cor
2570 4169 2754 4209 eorum
2789 4166 2984 4205 vanum
3017 4157 3118 4204 est.
3153 4147 3471 4216 Sepulcrum
3508 4160 3604 4214 pa»

2020 4259 2141 4306 tens
2169 4257 2254 4305 est
2281 4256 2464 4318 guttur
2490 4261 2674 4300 eorum
2709 4263 2721 4297 :
2756 4242 2954 4313 linguis
2987 4241 3101 4295 suis
3130 4239 3313 4294 dolose
3350 4238 3601 4307 agebant,

2013 4340 2194 4411 judica
2238 4339 2360 4394 illos
2397 4337 2557 4392 Deus.
2609 4334 2868 4390 Dccidant
2919 4347 2950 4386 a
2993 4329 3411 4400 cogitationibus
3459 4328 3600 4393 suis,

2024 4431 2318 4490 secundum
2355 4429 2750 4485 multitudinem
2796 4425 3134 4496 impietatum
3174 4436 3359 4478 eorum
3395 4419 3605 4490 expelle

2023 4544 2145 4592 eos,
2188 4525 2442 4595 quoniam
2482 4523 2832 4576 irritaverant
2871 4526 2920 4573 te
2965 4515 3209 4571 Domine.
3255 4514 3322 4570 Et
3357 4513 3608 4568 fatentur

2023 4618 2584 4688 omnes,quisperant
2605 4615 2658 4668 in
2689 4621 2744 4666 te
2777 4630 2790 4665 :
2821 4612 2874 4666 in
2905 4619 3164 4666 aeternum
3185 4605 3533 4662 exsultabant
3553 4610 3608 4660 et

2025 4711 2298 4770 habitabis
2328 4711 2382 4765 in
2412 4709 2510 4764 eis.
2537 4707 2604 4762 Et
2624 4703 2991 4775 gloriabuntur
3013 4701 3068 4753 in
3094 4707 3150 4754 te
3173 4713 3383 4762 omnes,
3407 4697 3500 4766 qui
3531 4695 3610 4748 di-

2027 4807 2200 4879 ligunt
2227 4817 2422 4859 nomen
2466 4809 2616 4853 tuum
2656 4813 2670 4849 :
2713 4793 2967 4864 quoniam
3015 4799 3070 4845 tu
3117 4789 3408 4845 benedices
3439 4786 3606 4855 justo.

2027 4897 2256 4954 Domine
2293 4906 2354 4950 ut
2384 4898 2537 4948 scuto
2565 4888 2718 4944 bona:
2737 4883 3034 4940 voluntatis
3065 4889 3168 4936 tua:
3187 4879 3607 4951 coronastinos.

2103 4989 2174 5044 Ut
2199 5002 2376 5058 supra.
2407 4983 2452 5038 Δ
2477 4988 2634 5052 porta
2664 4976 2846 5033 inferi.
2863 4975 3107 5032 Pretiosa
3129 4981 3216 5030 est
3236 4973 3292 5028 in
3320 4979 3612 5041 conspectu

2034 5077 2267 5136 Domini.

2106 5168 2310 5224 Oratio.
2343 5165 2438 5219 Pie
2474 5161 2734 5227 Domine,
2773 5159 2864 5231 qui
2901 5156 3072 5213 attriti
3113 5155 3291 5211 cordis
3331 5149 3610 5219 gemitum,

2034 5261 2350 5332 priusquam
2375 5255 2680 5326 proferatur
2699 5294 2712 5315 ,
2742 5251 3031 5322 intelligis,
3061 5246 3210 5304 efﬁce
3244 5260 3378 5307 nos,
3409 5255 3612 5312 quaeso,

2037 5355 2296 5425 templum
2323 5348 2611 5418 Paracliti,
2642 5355 2703 5402 ut
2732 5359 3038 5402 mereamur
3075 5348 3230 5396 scuto
3257 5334 3496 5392 caelestis
3529 5334 3619 5389 be-

2037 5445 2357 5506 nevolentia:
2383 5440 2654 5498 coronari.
2677 5439 2800 5514 Per.

2110 5541 2228 5596 Αιεα
2249 5539 2435 5594 oratio.
2463 5527 2959 5604 Supplicationibus
2983 5520 3236 5580 clamoris
3259 5515 3452 5581 nostri,
3476 5527 3620 5585 quae.

2039 5650 2248 5697 sumus,
2269 5631 2516 5690 Domine.
2533 5641 2694 5682 aures
2725 5633 2828 5678 tuae
2849 5617 3066 5689 pietatis
3094 5613 3386 5669 clementer
3406 5622 3620 5665 accom-

2039 5730 2195 5788 moda
2229 5745 2241 5780 :
2275 5731 2335 5781 ut
2360 5723 2552 5778 anima:
2579 5715 2898 5773 famulorum
2928 5705 3358 5776 famularumque
3382 5711 3618 5767 tuarum,
