4038 6336
463 297 559 354 651
1307 284 1366 343 Β.
1405 286 1467 342 F.
1508 285 1735 341 ALBINI
1773 283 1905 342 SEU
1939 281 2055 340 AL(

2161 281 2215 338 Nl
2265 278 2551 337 OPERUM
2584 277 2765 335 PARS
2800 275 2882 334 IV.
3630 280 3733 335 552

466 410 705 468 omnium
739 405 1163 463 christianorum
1182 443 1196 468 ,
1229 401 1295 456 ab
1323 401 1470 455 omni
1501 401 1693 455 mortis
1718 408 1894 455 exutae
1922 415 2052 455 con—
2078 414 2126 470 Α
2154 396 2297 450 mine
2343 396 2409 450 ad
2449 393 2809 466 adjuvandum
2851 406 2939 448 me
2965 392 3194 465 respice.
3224 392 3639 452 Confundantur
3682 407 3739 454 et

466 506 631 576 tagio,
661 500 868 557 caelesti
898 496 1101 569 perfrui
1128 510 1295 565 regno
1324 501 1650 548 mereantur.
1683 491 1786 546 Per
1810 501 1861 546 te
1890 490 2048 546 Chri-

467 606 551 652 ste
575 595 702 650 Jesu
729 593 821 663 qui
843 591 979 645 vivis
1008 597 1065 645 et
1088 602 1301 658 regnas.

1088 749 1433 808 PSALMUS.

544 877 721 951 (PSAL.
764 876 862 947 vr.)
902 876 1128 931 Domine
1167 891 1233 929 ne
1276 875 1330 930 in
1368 874 1551 929 furore
1574 880 1667 928 tuo
1696 887 1893 943 arguas
1923 885 2047 926 me:

474 986 645 1040 neque
676 971 728 1025 in
759 971 836 1024 ira
884 980 975 1025 tua
1018 970 1281 1038 corripias
1328 983 1432 1023 me.
1492 967 1749 1022 Miserere
1794 966 1900 1020 mei
1950 965 2054 1019 Do-

473 1063 651 1129 mine,
701 1063 956 1133 quoniam
1003 1062 1251 1116 infirmus
1281 1077 1441 1116 sum:
1490 1074 1622 1115 sana
1670 1073 1755 1113 me
1805 1057 2051 1119 Domine,

473 1154 727 1223 quoniam
759 1153 1076 1208 conturbata
1121 1159 1245 1206 sunt
1286 1167 1409 1205 ossa
1448 1166 1590 1205 mea.
1622 1148 1690 1203 Et
1731 1148 1909 1202 anima
1935 1161 2054 1200 mea

474 1244 689 1297 turbata
732 1251 817 1298 est
860 1242 1054 1296 valde:
1087 1240 1181 1295 sed
1215 1249 1271 1295 tu
1307 1240 1534 1295 Domine
1568 1237 1886 1307 usquequo?
1921 1234 2056 1290 Con-

472 1342 689 1387 vertere
735 1333 976 1397 Domine,
1032 1339 1088 1387 et
1128 1333 1278 1402 eripe
1322 1331 1559 1386 animam
1598 1344 1795 1394 meam,
1846 1326 2054 1382 salvum

474 1440 563 1480 me
607 1424 690 1480 fac
725 1433 948 1495 propter
984 1425 1412 1480 misericordiam
1455 1433 1627 1479 tuam.
1654 1421 1919 1490 Quoniam
1946 1436 2055 1475 non

474 1524 560 1572 est
584 1518 637 1571 in
671 1525 864 1583 morte,
904 1517 993 1587 qui
1031 1533 1239 1573 memor
1269 1519 1339 1573 sit
1371 1518 1486 1572 tui:
1516 1518 1572 1572 in
1616 1515 1828 1571 inferno
1874 1523 2056 1570 autem

476 1607 598 1676 quis
633 1607 982 1663 confitebitur
1017 1610 1151 1664 tibi?
1187 1608 1452 1665 Laboravi
1481 1612 1534 1665 in
1562 1609 1762 1682 gemitu
1790 1624 1934 1673 meo,
1972 1606 2055 1660 la—

474 1700 612 1754 vabo
638 1716 735 1769 per
761 1701 997 1773 singulas
1040 1711 1229 1758 noctes
1262 1704 1371 1774 83
1401 1705 1604 1759 lectum
1633 1719 1813 1759 meum
1840 1722 1852 1757 :
1881 1702 2057 1773 lacry-

2151 496 2496 542 revereantur
2519 487 2679 541 simul
2703 504 2716 541 :
2742 486 2835 556 qui
2882 493 3131 556 quaerunt
3172 487 3407 542 animam
3449 504 3648 557 meam,
3680 500 3740 546 ut

2150 578 2394 634 auferant
2414 593 2532 633 eam
2542 618 2554 629 .
2570 579 2968 633 Convertuntur
2983 585 3281 634 retrorsum
3293 589 3348 635 et
3360 596 3620 636 reverean
3629 592 3736 650 tur,

2152 670 2243 742 qui
2269 670 2452 724 volunt
2475 670 2606 724 mihi
2635 669 2796 723 mala.
2824 668 3024 724 Ferant
3049 669 3331 727 confestim
3362 673 3740 731 confusionem

2154 778 2328 828 suam,
2353 762 2441 833 qui
2465 762 2649 817 dicunt
2673 762 2804 816 mihi
2830 780 2842 815 :
2874 762 3042 835 Euge,
3071 779 3226 836 euge.
3261 765 3551 823 Exsultent
3574 778 3633 824 et
3654 768 3743 826 la:-

2154 864 2335 911 tentur
2380 871 2542 925 super
2570 866 2618 910 te
2643 872 2832 911 omnes
2855 868 3160 927 quaerentes
3206 868 3281 925 te,
3310 870 3364 916 et
3384 861 3571 917 dicant
3606 879 3746 920 sem-

2154 962 2292 1016 per:
2336 945 2708 1014 Magniﬁcetur
2755 945 3034 1011 Dominus,
3090 948 3184 1016 qui
3237 948 3465 1020 diligunt
3504 954 3746 1011 salutare

2155 1044 2327 1090 tuum.
2360 1035 2471 1107 Ego
2499 1045 2678 1090 autem
2721 1036 2999 1093 mendicus
3033 1052 3153 1092 sum
3183 1046 3238 1092 et
3290 1056 3495 1111 pauper
3519 1060 3533 1095 :
3560 1043 3747 1099 Domi-

2155 1145 2260 1184 nus
2302 1128 2563 1184 sollicitus
2612 1137 2695 1184 est
2742 1130 2870 1186 mei.
2923 1128 3151 1199 Adjutor
3192 1147 3345 1189 meus
3368 1142 3425 1189 et
3462 1146 3749 1208 protector

2155 1233 2309 1272 meus
2330 1228 2385 1271 tu
2414 1233 2474 1273 es
2504 1236 2516 1272 :
2549 1219 2689 1273 Deus
2715 1233 2868 1273 meus
2889 1234 2955 1273 ne
2986 1219 3307 1275 tardaveris.

2229 1308 2297 1363 Ut
2339 1327 2521 1381 supra.
2570 1310 2841 1381 Exsurge,
2885 1308 3133 1377 Domine,
3178 1312 3233 1365 iu
3286 1313 3533 1385 requiem
3571 1326 3747 1375 tuam.

2155 1398 2293 1456 Justi
2318 1401 2372 1455 in
2399 1410 2719 1472 perpetuum
2752 1403 2952 1459 vivent.

2231 1494 2436 1551 Oratio.
2490 1495 2703 1552 Partem
2758 1498 2931 1555 beatae
2987 1501 3402 1558 resurrectionis
3438 1504 3748 1573 obtineant,

2157 1583 2400 1649 Domine,
2453 1587 2645 1641 animas
2697 1602 2976 1643 servorum
3024 1599 3262 1657 tuorum,
3288 1592 3568 1663 vitamque
3594 1605 3753 1649 aeter-

2158 1696 2284 1734 nam
2315 1680 2514 1735 habere
2536 1688 2848 1735 mereantur
2874 1680 2928 1735 in
2948 1681 3119 1749 caelis,
3155 1698 3253 1753 per
3281 1692 3335 1738 te
3361 1683 3579 1739 Christe
3597 1682 3747 1751 Jesu,

478 1792 582 1847 mis
630 1794 765 1849 meis
810 1770 1039 1849 stratum
1088 1770 1518 1866 meum'r'igabo.
1574 1796 1845 1851 Turbatus
1889 1770 2054 1851 est'a
2083 1779 2130 1840 Β
2157 1771 2249 1866 (lui
2282 1770 2420 1825 "Ms
2465 1778 2524 1866 et,
2565 1784 2760 1844 regnas
2787 1789 2909 1866 cum
2943 1773 3051 1829 Deo
3076 1774 3237 1830 Patre
3281 1776 3336 1830 in
3369 1777 3579 1833 “nimie
3633 1778 3751 1848 Spi-

476 1882 658 1941 furore
686 1886 871 1941 oculus
900 1904 1050 1943 meus
1079 1906 1092 1941 :
1129 1888 1421 1944 inveteravi
1456 1890 1599 1943 inter
1638 1903 1827 1943 omnes
1877 1886 2057 1941 inimi-

477 1990 570 2031 cos
611 1992 777 2032 meos.
829 1977 1098 2033 Discedite
1132 1994 1161 2033 a
1196 1996 1301 2044 me,
1355 1996 1546 2035 omnes
1609 1980 1701 2049 qui
1755 1979 2055 2050 operamini

478 2068 818 2139 iniquitatem
862 2090 872 2125 :
921 2072 1176 2142 quoniam
1228 2072 1503 2127 exaudivit
1544 2071 1804 2127 Dominus
1868 2088 2055 2128 vocem

474 2158 631 2216 ﬂetus
653 2163 777 2217 mei.
798 2163 1085 2219 Exaudivit
1110 2165 1367 2219 Dominus
1388 2166 1820 2235 deprecationem
1847 2180 2051 2219 meam:

475 2249 735 2307 Dominus
759 2255 1060 2308 orationem
1094 2271 1268 2309 meam
1313 2257 1567 2325 suscepit.
1629 2257 1963 2311 Erubescant
2002 2265 2057 2311 et

408 2408 413 2423 ι
477 2343 868 2398 conturbentur
909 2345 1259 2399 vehementer
1285 2362 1471 2401 omnes
1505 2347 1709 2402 inimici
1744 2349 1847 2403 mei
1882 2368 1893 2402 :
1934 2364 2056 2404 con-

476 2440 759 2485 vertantur
790 2443 846 2487 et
866 2434 1188 2488 erubescant
1214 2435 1368 2490 valde
1394 2452 1447 2489 VK
1464 2436 1670 2491 locitcr.

548 2519 615 2574 Ut
642 2539 820 2593 supra.
847 2523 903 2578 ln
935 2526 1191 2579 memoria
1230 2535 1431 2581 aeterna
1452 2528 1557 2582 erit
1599 2527 1799 2597 justus.
1846 2528 2056 2585 Anima:

475 2624 663 2666 eorum
694 2613 745 2666 in
769 2614 925 2669 bonis
956 2604 1395 2672 demorabuntur.

546 2704 749 2759 Oratio.
788 2706 857 2762 Ut
887 2722 953 2761 ne
978 2708 1033 2761 in
1065 2707 1247 2765 furore
1286 2718 1341 2764 et
1380 2711 1459 2765 ira
1502 2720 1591 2767 tua
1624 2713 1834 2768 animas
1884 2713 2058 2769 famu-

472 2792 646 2851 lorum
698 2806 929 2863 tuorum,
979 2799 1221 2865 Domine,
1269 2818 1483 2872 arguas,
1535 2805 1930 2873 deprecamur:
1963 2806 2056 2861 sed

472 2897 667 2944 cuncta
714 2892 1083 2958 peccaminum
1132 2892 1252 2948 labe
1305 2895 1613 2960 mundatos,
1681 2905 1786 2951 tua:
1842 2899 2057 2967 pietatis

473 2978 613 3036 dono
640 2980 905 3054 refrigerii
931 2984 1105 3038 locum
1132 2986 1387 3041 concede.
1432 2986 1533 3041 Per
1564 2988 1869 3043 Dominum.

1096 3140 1435 3198 PSALMUS.

549 3276 727 3349 (PSAL.
773 3279 986 3351 χχχιχ.)
1029 3280 1362 3350 Exspectans
1383 3282 1687 3351 exspectavi
1724 3282 2007 3338 Dominum
2037 3301 2051 3341 :

474 3376 529 3424 et
552 3369 781 3423 intendit
804 3371 954 3424 mihi.
984 3371 1049 3425 Et
1071 3373 1345 3426 exaudivit
1370 3388 1558 3442 preces
1588 3389 1753 3437 meas,
1794 3384 1845 3429 et
1875 3376 2059 3430 eduxit

475 3476 562 3517 me
589 3461 653 3516 de
678 3460 797 3518 lacu
822 3462 1072 3528 miserice,
1102 3472 1156 3519 et
1177 3462 1376 3519 de‘luto
1398 3465 1564 3520 faecis.
1590 3467 1655 3521 Et
1677 3468 1865 3522 statuit
1894 3484 2056 3539 supra

472 3560 683 3622 petram
707 3553 870 3624 pedes
898 3570 1065 3620 meos,
1090 3562 1145 3609 et
1165 3555 1362 3611 direxit
1392 3573 1607 3628 gressus
1655 3574 1826 3613 meos.
1856 3560 1921 3612 Et
1953 3560 2054 3613 im-

473 3644 623 3699 misit
664 3645 720 3699 in
764 3661 825 3700 os
869 3662 1047 3701 meum
1103 3649 1371 3704 canticum
1404 3665 1636 3717 novum,
1687 3667 1906 3706 carmen
1947 3653 2056 3708 Deo

473 3746 680 3793 nostro.
708 3739 976 3795 Videbunt
1000 3742 1153 3795 multi
1180 3750 1236 3796 et
1256 3742 1522 3798 timebunt
1552 3763 1563 3797 :
1592 3754 1646 3799 et
1666 3745 1959 3815 sperabunt
2002 3746 2055 3800 in

473 3825 721 3884 Domino.
749 3828 949 3885 Beatus
976 3832 1079 3897 vir,
1109 3832 1264 3901 cujus
1310 3843 1392 3888 est
1435 3850 1629 3890 nomen
1674 3836 1885 3891 Domini
1935 3852 2056 3908 spes

471 3917 589 3988 ejus
621 3936 633 3971 :
666 3926 722 3973 et
749 3935 854 3974 non
878 3923 1113 3991 respexit
1135 3923 1188 3977 in
1215 3925 1502 3991 vanitates,
1528 3935 1583 3980 et
1604 3926 1847 3981 insanias
1869 3928 2053 3983 falsas.

473 4008 637 4064 Multa
688 4010 861 4067 fecisti
898 4022 953 4068 tu
985 4014 1209 4069 Domine
1266 4016 1408 4071 Deus
1458 4033 1608 4072 meus
1647 4019 1913 4073 mirabilia
1943 4028 2055 4086 tua,

473 4111 531 4157 et
577 4106 987 4177 cegitationibus
1039 4108 1143 4163 tuis
1182 4124 1287 4163 non
1338 4118 1441 4175 est,
1487 4110 1579 4179 qui
1614 4110 1806 4165 similis
1835 4121 1905 4166 snt
1935 4112 2053 4167 tibi.

472 4192 800 4251 Annunliavi
839 4207 893 4252 et
915 4198 1124 4253 locutus
1157 4215 1275 4254 sum
1311 4218 1322 4253 :
1354 4200 1696 4270 multiplicati
1726 4210 1852 4255 sunt
1897 4218 2058 4271 super

473 4299 776 4341 numerum.
825 4286 1159 4343 Sacriﬁcium
1190 4299 1244 4345 et
1288 4291 1617 4346 oblationem
1664 4292 1880 4348 noluisti
1915 4312 1928 4347 :
1962 4308 2057 4348 au-

475 4389 563 4429 res
593 4386 768 4430 autem
807 4378 1078 4446 perfecisti
1102 4382 1251 4436 mihi.
1283 4382 1663 4439 Holocaustum
1707 4392 1762 4440 et
1804 4402 1903 4457 pro
1932 4402 2057 4456 pec-

474 4474 598 4520 cato
624 4482 728 4520 non
758 4469 1034 4536 postulasti
1062 4489 1072 4524 :
1109 4480 1235 4526 tunc
1258 4474 1386 4537 dixi,
1419 4490 1545 4529 ecce
1571 4478 1745 4531 venio.
1789 4477 1845 4531 In
1876 4481 2053 4547 capite

474 4556 599 4612 libri
644 4559 902 4628 scriptum
954 4568 1035 4614 est
1063 4561 1128 4615 de
1183 4576 1288 4627 me,
1340 4572 1399 4617 ut
1444 4563 1677 4621 facerem
1722 4567 2052 4623 voluntatem

474 4656 643 4715 tuam,
679 4650 820 4706 Deus
839 4668 990 4707 meus
1009 4653 1170 4719 volui,
1201 4665 1257 4709 et
1283 4654 1453 4726 legem
1476 4664 1622 4710 tuam
1645 4658 1698 4712 in
1735 4660 1913 4713 medio
1932 4675 2054 4715 cor-

475 4743 558 4799 dis
611 4745 735 4800 mei.
763 4746 1088 4801 Annuntiavi
1115 4747 1381 4818 justitiam
1411 4756 1556 4803 tuam
1583 4751 1636 4804 in
1668 4751 1907 4807 Ecclesia
1939 4769 2054 4809 ma-

473 4849 577 4906 gna
599 4852 611 4888 :
636 4851 761 4892 ecce
783 4837 922 4892 labia
954 4854 1071 4893 mea
1095 4855 1200 4893 non
1221 4841 1537 4910 prohibebo,
1555 4842 1779 4900 Domine
1797 4853 1853 4899 tu
1876 4845 2051 4900 scisti.

474 4927 746 4984 Justitiam
794 4939 941 4986 tuam
976 4948 1082 4986 non
1112 4934 1364 4989 abscondi
1397 4935 1452 4989 in
1478 4936 1641 4991 corde
1666 4952 1823 4992 meo:
1852 4939 2054 4992 verita-

474 5030 581 5077 tem
607 5032 752 5078 tuam
791 5032 846 5079 et
866 5025 1098 5081 salutare
1124 5034 1272 5080 tuum
1305 5027 1434 5081 dixi.
1464 5026 1581 5083 Non
1607 5030 1861 5085 abscondi
1889 5030 2053 5085 mise-

475 5113 766 5170 ricordiam
798 5123 944 5171 tuam
973 5125 1029 5172 et
1050 5117 1329 5172 veritatem
1356 5128 1501 5174 tuam
1544 5136 1573 5175 a
1608 5122 1834 5179 consilio
1856 5124 2051 5180 multo.

475 5204 555 5260 ’l‘u
582 5216 759 5263 autem
791 5209 1013 5265 Domine
1042 5225 1109 5264 ne
1143 5209 1299 5280 longe
1323 5209 1490 5267 facias
1520 5213 1899 5270 miserationes
1928 5223 2050 5272 tuas

475 5313 507 5354 a
541 5314 646 5365 me,
688 5300 1052 5356 misericordia
1082 5310 1174 5355 tua
1208 5310 1262 5356 et
1290 5304 1489 5358 veritas
1514 5311 1604 5358 tua
1632 5320 1843 5375 semper
1869 5322 2052 5362 susce-

473 5400 667 5463 perunt
692 5409 795 5447 me.
827 5394 1091 5460 Quoniam
1116 5395 1584 5449 circumdederunt
1607 5412 1693 5452 me
1732 5398 1893 5462 mala,
1917 5414 2052 5468 quo-

473 5500 595 5541 rum
623 5504 725 5542 non
747 5497 829 5543 est
867 5504 1156 5545 numerus:
1193 5489 1714 5560 comprehenderunt
1742 5506 1828 5546 me
1854 5491 2051 5561 iniqui-

474 5587 615 5636 tates
660 5597 815 5648 meae,
855 5593 908 5638 et
940 5600 1044 5640 non
1089 5584 1240 5653 potui
1271 5592 1329 5638 ut
1377 5584 1637 5639 viderem.
1687 5583 2051 5655 Multiplicata:

476 5682 603 5728 sunt
628 5689 789 5745 super
812 5677 1035 5746 capillos
1056 5676 1247 5746 capitis
1275 5676 1379 5730 mei
1404 5694 1417 5729 :
1443 5682 1499 5730 et
1523 5690 1618 5730 cor
1642 5690 1820 5730 meum
1856 5675 2071 5733 dereliw
2120 5723 2128 5730 .

475 5765 593 5845 quit
622 5782 726 5822 me.
755 5768 1094 5825 Com-\laccat
1118 5771 1212 5827 tibi
1244 5769 1467 5826 Domine
1515 5776 1575 5824 ut
1613 5783 1771 5826 eruas
1794 5782 1882 5825 me
1905 5782 1920 5824 :
1947 5768 2055 5825 Do-

2162 1863 2298 1916 ritus
2352 1863 2569 1928 sancti,
2635 1879 2733 1935 per
2790 1865 3117 1921 immortalia
3155 1868 3351 1923 Stecula
3402 1870 3745 1925 saeculorum.

2159 1953 2351 2009 Amen.

2229 2046 2349 2101 Alia
2379 2050 2568 2103 oratio.
2610 2049 2955 2121 Exspectatio
2978 2063 3191 2110 tuorum
3208 2059 3365 2114 unica
3395 2057 3748 2130 famulorum,

2159 2138 2321 2205 Deus,
2344 2158 2503 2211 quem
2529 2155 2818 2199 venturum
2857 2147 2912 2199 in
2965 2149 3224 2203 mundum
3254 2159 3414 2222 caput
3443 2152 3573 2206 libri
3603 2154 3751 2224 prin-

2160 2236 2346 2305 cipalis
2376 2239 2632 2293 edocuit:
2683 2242 2881 2308 insere,
2926 2260 3229 2314 precamur,
3277 2248 3446 2318 legem
3491 2256 3641 2305 tuam
3691 2251 3747 2306 in

2159 2328 2338 2381 medio
2378 2330 2555 2384 cordis
2597 2333 2796 2392 nostri.
2823 2341 2882 2387 ut
2919 2342 3156 2391 tuas.....
3206 2340 3522 2394 nuntiantes
3543 2340 3614 2394 ab
3652 2341 3748 2396 im-

2159 2422 2488 2478 minentibus
2515 2424 2771 2492 periculis
2796 2442 3071 2482 cruamur.
3105 2428 3227 2485 Per.

2232 2511 2413 2567 Oratio
2439 2531 2535 2585 pro
2557 2516 2905 2588 qualicunque
2944 2520 3151 2576 [tamine
3174 2522 3441 2593 defuncto.
3490 2525 3749 2598 Omnipo-

2158 2614 2279 2662 tens
2306 2615 2358 2663 et
2378 2609 2685 2665 misericors
2722 2611 2884 2678 Deus,
2924 2623 3067 2669 tuam
3105 2617 3462 2687 deprecamur
3508 2621 3749 2677 clemen-

2160 2702 2314 2766 tiam,
2363 2703 2487 2771 quia
2533 2703 2737 2774 jutiicio
2768 2713 2859 2762 tuo
2896 2715 2948 2760 et
2979 2709 3252 2764 nascimur
3279 2720 3334 2765 ct
3369 2711 3594 2770 finimur
3632 2733 3644 2768 :
3692 2722 3748 2770 ut

2160 2793 2393 2847 animam
2424 2794 2609 2849 fratris
2632 2798 2823 2863 nostri,
2858 2814 3015 2867 quem
3064 2809 3152 2855 tua
3185 2803 3361 2873 pietas
3386 2805 3453 2860 de
3508 2807 3746 2863 incolatu

2160 2882 2319 2951 hujus
2352 2886 2535 2941 mtmdi
2560 2889 2793 2942 transire
2823 2893 3098 2963 praecepit,
3132 2894 3183 2947 in
3217 2896 3457 2965 requiem
3484 2906 3747 2954 :eternam

2159 2981 2440 3048 suscipias,
2474 2991 2527 3036 et
2556 2985 2605 3037 in
2638 2988 2912 3042 consortio
2934 2988 3227 3043 electorum
3253 2997 3468 3046 tuorum
3497 2991 3555 3046 in
3575 3008 3750 3048 resur-

2159 3074 2399 3127 rectione
2425 3075 2619 3129 sociari
2650 3080 2953 3147 permittas,
2990 3091 3051 3135 ut
3091 3082 3142 3135 in
3169 3091 3371 3138 aeterna
3410 3084 3746 3142 beatitudine

2083 3157 2131 3221 C
2162 3179 2265 3217 una
2290 3180 2410 3219 cum
2438 3167 2543 3222 illis
2571 3169 2686 3224 sine
2710 3170 2813 3225 line
2834 3182 3163 3241 permaneat.
3194 3174 3315 3230 Per.

2229 3252 2500 3321 Animam,
2542 3274 2704 3329 quam
2751 3261 3046 3326 redemisti,
3089 3265 3300 3334 suscipe
3345 3265 3595 3335 Domine,
3624 3284 3743 3325 cum

2159 3348 2332 3401 servis
2362 3349 2497 3415 tuis;
2532 3360 2586 3404 et
2615 3354 2706 3421 qui
2731 3361 2780 3408 te
2808 3352 3086 3411 confessus
3111 3365 3196 3411 est
3224 3357 3277 3411 in
3304 3359 3413 3413 vita
3443 3363 3740 3429 communi,

2159 3440 2459 3495 constituas
2479 3457 2600 3496 eum
2627 3444 2679 3497 in
2702 3445 2811 3499 vita
2837 3448 3080 3516 perenni.
3288 3520 3297 3525 _

2228 3530 2347 3583 Alia
2370 3534 2559 3587 oratio.
2587 3534 2779 3589 Libera
2801 3576 2816 3602 ,
2847 3538 3089 3605 Domine,
3115 3542 3349 3599 animam
3381 3550 3525 3601 servi
3570 3548 3647 3601 tui
3679 3548 3740 3603 de

2156 3620 2414 3689 periculis
2446 3622 2793 3691 infernarum,
2833 3638 2888 3683 et
2920 3630 2986 3684 de
3011 3633 3265 3701 periculis
3291 3638 3664 3705 tenebrarum,
3688 3646 3741 3693 et

2159 3714 2225 3767 de
2254 3718 2722 3783 persecutionibns
2747 3721 2946 3788 multis,
2988 3733 3043 3779 et
3067 3726 3133 3780 de
3158 3724 3493 3783 flammarum
3536 3731 3737 3799 gehen-

2158 3821 2241 3860 ηαξ
2264 3808 2495 3877 ignibus.
2522 3809 2734 3876 Libera,
2767 3813 3010 3877 Domine,
3043 3817 3277 3872 animam
3306 3820 3446 3876 servi
3478 3823 3579 3885 tui,
3605 3824 3743 3876 sicut

2157 3901 2401 3957 liberasti
2437 3904 2709 3959 Abraham
2737 3906 2849 3979 84
2873 3908 2939 3963 de
2973 3909 3049 3965 Ur
3086 3911 3481 3968 Chaldteorum.
3525 3915 3738 3982 Libera,

2159 3990 2402 4060 Domine,
2434 3996 2669 4051 animam
2724 4000 2867 4054 servi
2911 4002 3003 4066 tui,
3036 4004 3175 4059 sicut
3222 4006 3465 4061 liberasti
3493 4006 3634 4063 Loth
3679 4010 3741 4064 de

2159 4084 2378 4141 civitate
2402 4086 2780 4144 Sodomorum.
2814 4091 3032 4159 Libera,
3058 4095 3299 4161 Domine,
3338 4098 3578 4153 animam
3600 4101 3738 4155 servi

2159 4177 2258 4241 tui,
2292 4178 2431 4232 sicut
2452 4179 2691 4235 liberasti
2715 4185 2967 4254 populum
2993 4186 3157 4242 Israel
3187 4190 3252 4243 de
3275 4205 3435 4246 manu
3458 4190 3739 4264 Egyptio—

2157 4284 2296 4324 rum.
2331 4270 2544 4338 Libera,
2577 4273 2823 4341 Domine,
2855 4278 3088 4332 animam
3118 4281 3258 4335 servi
3286 4282 3385 4347 tui,
3419 4283 3561 4338 sicut
3609 4285 3740 4340 libe-

2157 4363 2290 4417 rasti
2323 4363 2555 4435 Moysem
2601 4367 2668 4421 de
2698 4383 2859 4423 manu
2889 4369 3208 4439 Pharaonis,
3255 4375 3348 4445 qui
3388 4375 3737 4432 antecedebat

2155 4456 2408 4526 populum
2436 4458 2597 4513 Israel
2620 4461 2673 4514 in
2696 4461 2930 4517 deserto.
2955 4463 3177 4531 Libera,
3210 4465 3454 4533 Domine,
3501 4469 3734 4523 animam

2084 4533 2133 4597 ί)
2157 4552 2297 4607 servi
2330 4554 2431 4619 tui,
2459 4555 2597 4610 sicut
2644 4555 2885 4614 liberasti
2915 4558 3083 4615 David
3112 4562 3177 4621 de
3229 4577 3388 4617 manu
3435 4560 3638 4629 Saulis,
3683 4572 3734 4618 et

2154 4646 2222 4701 de
2266 4663 2426 4702 manu
2453 4647 2621 4705 Golize
2667 4652 2917 4723 gigantis.
2966 4653 3191 4721 Libera,
3222 4645 3469 4723 Domine,
3500 4658 3729 4712 animant

2154 4744 2296 4798 servi
2322 4744 2421 4810 tui,
2453 4745 2594 4800 sicut
2621 4746 2863 4803 liberasti
2889 4748 3058 4804 Eliam
3082 4760 3136 4804 et
3161 4750 3346 4806 Enoch
3373 4749 3442 4806 de
3463 4751 3567 4808 hoc
3590 4768 3734 4806 mun-

2156 4835 2243 4892 do.
2270 4836 2485 4903 Libera,
2513 4838 2759 4906 Domine,
2782 4841 3014 4895 animam
3038 4844 3179 4897 servi
3206 4842 3306 4907 tui,
3333 4842 3475 4898 sicut
3493 4843 3730 4898 liberasti

2155 4936 2268 4983 tres
2281 4944 2477 4998 pueros
2491 4931 2559 4986 de
2581 4933 2795 4989 camino
2812 4933 2949 5007 ignis
2968 4933 3226 4990 ardentis.
3249 4935 3465 5002 Libera,
3483 4935 3728 5001 Domine,

2159 5022 2395 5077 animam
2422 5025 2564 5079 servi
2595 5026 2694 5089 tui,
2720 5025 2859 5080 sicut
2884 5025 3121 5081 liberasti
3154 5026 3454 5082 Susannam
3478 5026 3547 5082 de
3575 5043 3730 5082 manu

2157 5114 2480 5184 principum.
2513 5116 2706 5173 Libera
2737 5117 2980 5186 Domine,
3015 5118 3249 5175 animam
3286 5120 3426 5174 servi
3454 5120 3554 5187 tui,
3598 5120 3730 5175 sicut

2156 5204 2402 5263 liberasti
2447 5206 2629 5262 Daniel
2688 5210 2753 5264 de
2799 5208 2919 5265 lacu
2970 5208 3204 5265 leonum.
3257 5209 3408 5265 Sicut
3454 5210 3729 5273 liberasti,

2156 5296 2402 5364 Domine,
2444 5297 2635 5354 Jonam
2676 5301 2741 5356 de
2772 5312 2958 5356 ventre
2987 5302 3113 5365 ceti,
3165 5302 3243 5357 sic
3276 5302 3514 5356 animam
3549 5301 3730 5356 fratris

2155 5391 2327 5445 nostri
2377 5391 2444 5450 ab
2496 5392 2743 5447 omnibus
2779 5393 3032 5462 periculis
3065 5407 3348 5462 pcenarum
3394 5392 3631 5447 liberare
3660 5391 3729 5447 di—

2154 5484 2355 5555 gneris,
2385 5493 2440 5540 et
2466 5486 2623 5541 bonis
2658 5487 2877 5542 aeternis
2903 5500 3026 5542 cum
3046 5488 3233 5543 electis
3254 5487 3360 5542 tuis
3382 5501 3503 5542 eam
3524 5483 3725 5558 perfrui

2146 5574 2359 5647 jubeas.
2383 5578 2507 5634 Per.

2223 5669 2282 5723 In
2320 5673 2576 5727 memoria
2619 5683 2837 5749 aeterna.
2866 5673 3129 5745 Requiem
3164 5682 3444 5732 aeternam.
3500 5672 3727 5745 Requie-

2154 5774 2308 5824 seaut
2335 5766 2389 5822 in
2407 5780 2558 5840 pace.
