4038 6336
280 307 384 365 555

844 449 1139 529 FERIA
1196 453 1288 531 V.

377 596 717 643 CONFESSIO
761 602 1180 648 PECCATORUM
1223 606 1379 650 POST
1422 607 1752 650 ACCEPTAM

909 682 1217 736 omnem.

350 788 379 818 ι
424 776 700 838 Conﬁteor
757 784 875 853 tibi,
922 786 1179 856 Domine,
1218 791 1400 846 omnia
1443 800 1667 863 peccata
1715 807 1856 859 mea,

277 883 614 944 quaecunque
631 874 765 943 feci,
796 887 851 933 et
878 880 985 951 egi,
1016 892 1070 936 et
1095 885 1237 955 gessi
1263 886 1513 941 omnibus
1535 887 1721 941 diebus
1737 887 1860 941 vita:

275 985 432 1025 mete.
459 970 622 1038 Deus,
647 974 957 1043 qui-creasti
977 979 1180 1045 omnia,
1213 988 1270 1034 tu
1296 981 1435 1036 nosti
1454 989 1676 1052 peccata
1699 997 1817 1036 mea
1841 1000 1853 1035 :

275 1058 496 1129 indulge
522 1070 577 1116 et
603 1064 860 1122 miserere
905 1068 1034 1131 mei,
1065 1070 1189 1138 quia
1212 1069 1437 1124 nimium
1481 1072 1698 1142 peccavi
1739 1071 1856 1135 tibi,

273 1149 526 1218 Domine,
578 1155 836 1212 miserere
858 1160 983 1214 mei.
1008 1159 1113 1215 Per
1148 1160 1590 1217 intercessionem
1619 1163 1877 1218 omnium.

274 1242 592 1312 angelorum
641 1254 803 1316 atque
858 1250 1341 1319 archangelorum,
1398 1252 1660 1307 miserere
1725 1252 1854 1306 mei.

272 1330 380 1387 Per
424 1334 867 1392 intercessionem
911 1341 1341 1408 patriarcharum
1383 1350 1437 1398 et
1475 1344 1858 1414 prophetarum

271 1426 537 1484 miserere
560 1431 685 1485 mei.
710 1431 812 1487 Per
835 1432 1275 1491 intercessionem
1301 1437 1689 1507 apostolorum,
1714 1451 1859 1490 mar-

185 1583 190 1591 γ
272 1524 479 1588 tyrum,
508 1520 876 1577 eunfessorum
904 1532 958 1578 et
1002 1525 1272 1597 virginum
1305 1536 1357 1581 te
1386 1528 1663 1596 deprecor,
1703 1527 1860 1581 mise-

272 1623 397 1663 rere
452 1610 580 1665 mei.
633 1610 879 1678 Domine,
909 1616 953 1668 si
979 1614 1034 1668 in
1062 1622 1114 1670 te
1157 1618 1395 1686 peccavi,
1439 1626 1618 1672 tamen
1649 1627 1699 1673 te
1748 1632 1857 1671 non

272 1699 553 1769 dereliqui,
602 1703 731 1759 deos
778 1704 982 1760 alienos
1007 1721 1114 1760 non
1142 1707 1361 1761 adoravi
1390 1726 1402 1759 :
1440 1708 1702 1762 miserere
1727 1707 1853 1771 mei,

1174 303 1177 306 ‘
1264 316 1662 382 LITURGICA.
1698 353 1774 370 -
1806 322 2075 385 ornem
2112 327 2250 385 pra
2286 329 2556 390 FERIAS.

1885 446 1938 507 Α
1964 450 2070 496 tur.
2136 442 2472 515 Magniﬁcate
2505 448 2787 505 Dominum
2819 467 3028 510 mecum

3433 350 3538 409 554

3072 474 3085 510 :
3140 465 3193 513 et
3238 461 3541 522 exaltemus

1961 551 2157 591 nomen
2186 536 2303 607 ejus
2332 540 2384 593 in
2414 541 2666 611 idipsum.
2695 545 2973 616 Exquisivi
3004 549 3312 621 Dominum,
3344 558 3454 629 85
3484 570 3539 617 et

1960 629 2236 683 exaudivit
2283 647 2367 687 me
2396 651 2406 685 :
2438 643 2491 687 et
2531 651 2597 690 ex
2636 640 2885 695 omnibus
2924 642 3362 705 tribulationibus
3403 654 3541 710 meis

1959 718 2158 789 eripuit
2204 736 2308 775 me.
2340 722 2592 781 Accedite
2625 729 2693 782 ad
2739 744 2892 798 eum,
2939 742 2991 788 et
3022 735 3395 798 illuminamini
3433 763 3445 798 :
3488 754 3543 802 et

1958 805 2126 863 facies
2153 819 2345 865 vestrae
2375 828 2481 868 non
2514 816 2925 876 confundentur.
2966 824 3070 879 lste
3111 844 3317 901 pauper
3341 834 3540 893 clama-

1959 900 2056 965 vit,
2084 911 2136 956 et
2170 901 2427 959 Dominus
2465 908 2742 964 exaudivit
2770 926 2893 967 eum
2923 933 2935 966 :
2978 925 3031 971 et
3060 934 3126 972 ex
3169 924 3421 980 omnibus
3449 929 3541 982 tri-

1959 989 2323 1047 bulationibus
2373 993 2490 1061 ejus
2537 996 2761 1053 salvavit
2808 1017 2951 1056 eum.
3004 1005 3262 1065 lmmittet
3317 1017 3541 1087 angelus

1960 1081 2172 1138 Domini
2199 1085 2252 1139 in
2283 1086 2511 1141 circuitu
2552 1089 2855 1148 timentium
2883 1110 3006 1150 eum
3044 1117 3055 1151 :
3095 1110 3150 1154 et
3189 1081 3537 1174 eripiet‘eos.

1960 1172 2185 1230 Gustate
2233 1186 2287 1230 et
2333 1179 2530 1245 videte,
2578 1185 2832 1250 quoniam
2892 1190 3071 1244 suavis
3123 1202 3206 1248 est
3236 1172 3537 1256 Dominus:

1958 1261 2149 1319 beatus
2166 1265 2248 1319 vir
2267 1268 2357 1335 qui
2386 1278 2567 1337 sperat
2590 1271 2645 1325 in
2667 1286 2751 1327 eo.
2786 1274 2996 1333 Timete
3022 1280 3306 1339 Dominum
3352 1303 3543 1345 omnes
3566 1274 3571 1279 D

1960 1355 2132 1410 sancti
2179 1354 2296 1424 ejus
2337 1378 2349 1413 :
2395 1363 2650 1429 quoniam
2705 1381 2813 1420 non
2865 1377 2947 1423 est
3000 1371 3177 1442 inopia
3229 1377 3543 1437 timentibus

1958 1461 2101 1501 eum.
2146 1448 2351 1506 Divites
2399 1464 2662 1524 eguerunt
2706 1460 3086 1516 ctesurierunt
3136 1482 3150 1518 :
3209 1466 3546 1536 inquirenles

1958 1548 2135 1594 autem
2162 1541 2449 1598 Dominum
2482 1562 2589 1600 non
2617 1547 2929 1605 minuentur
2965 1554 3111 1607 omni
3138 1555 3299 1611 bono.
3326 1556 3542 1627 Venite,

1958 1628 2075 1694 ﬁlii,
2099 1630 2280 1687 audite
2318 1648 2442 1687 me:
2477 1636 2728 1691 timorem
2757 1638 2969 1696 Domini
3001 1643 3203 1700 docebo
3246 1663 3365 1703 vos.
3413 1648 3546 1716 Quis

1959 1727 2043 1773 est
2067 1719 2247 1788 homo,
2278 1723 2371 1793 qui
2404 1723 2519 1778 vult
2540 1726 2705 1780 vitam
2736 1747 2747 1781 :
2779 1729 2952 1801 diligit
2984 1732 3098 1788 dies
3118 1734 3301 1791 videre
3342 1738 3548 1795 bonos?

272 1791 522 1860 Domine,
559 1797 773 1851 veniam
806 1807 930 1867 peto
959 1813 989 1851 a
1015 1806 1065 1852 te
1087 1814 1185 1869 pro
1223 1799 1473 1854 omnibus
1493 1799 1665 1869 culpis
1694 1799 1852 1854 meis.
1884 1811 1932 1871 Β
1962 1812 2196 1868 prohibe
2246 1791 2481 1884 [iﬁguam
2531 1827 2679 1873 mam
2718 1837 2749 1875 α
2787 1791 2949 1888 maio,
3003 1834 3056 1878 ρι
3081 1826 3218 1880 labia
3249 1838 3339 1885 tua
3365 1846 3433 1886 ne
3466 1832 3546 1889 ιο.

270 1885 401 1942 Pius
426 1888 589 1954 Deus,
625 1890 720 1945 tibi
750 1891 1011 1946 conﬁteor
1034 1899 1255 1961 peccata
1290 1907 1431 1956 mea,
1460 1892 1586 1961 quia
1627 1891 1855 1946 crimina

270 1995 509 2049 agnosco
548 1984 603 2037 in
631 1999 737 2039 me.
769 1984 911 2040 Deus
956 1986 1222 2055 propitius
1251 1993 1369 2039 esto
1405 1986 1536 2039 mihi
1583 1984 1855 2055 peecatori

269 2089 430 2129 servo
479 2083 571 2130 tuo
604 2093 618 2129 :
650 2091 757 2131 non
808 2092 896 2131 me
949 2077 1184 2139 deseras,
1237 2093 1344 2131 non
1375 2094 1460 2133 me
1489 2077 1853 2148 derelinquas,

267 2168 413 2222 DCus
461 2184 635 2224 meus.
681 2168 810 2223 Pius
840 2168 1002 2233 Deus,
1030 2177 1250 2224 sanctus
1307 2168 1489 2232 fortis,
1542 2177 1761 2223 sanctus
1802 2176 1857 2223 et

270 2259 601 2315 immortalis
642 2278 654 2312 :
687 2258 999 2315 misericors
1021 2258 1163 2314 Deus
1192 2258 1629 2324 clementissime,
1661 2259 1853 2331 adjuva

268 2368 357 2408 me
386 2358 729 2421 peccatorem
778 2351 1035 2407 famulum
1061 2360 1232 2407 tuum.
1283 2352 1361 2407 Da
1399 2344 1532 2407 mihi
1558 2368 1674 2419 cor,
1709 2352 1857 2424 quod

269 2440 459 2497 timeat
512 2448 598 2508 te,
632 2456 847 2497 sensum
886 2442 979 2513 qui
1031 2449 1084 2496 te
1116 2442 1398 2514 intelligat,
1451 2444 1635 2500 oculos
1679 2444 1769 2513 qui
1802 2451 1857 2499 te

268 2532 511 2597 videant,
544 2548 702 2589 aures
730 2549 849 2603 qua:
875 2542 925 2589 te
958 2534 1194 2597 audiant,
1231 2550 1389 2590 nares
1421 2536 1513 2605 qui
1554 2545 1608 2591 te
1632 2536 1852 2591 odorem

269 2624 590 2694 suscipiant.
621 2625 865 2691 Domine,
918 2624 1168 2681 molliﬁca
1208 2641 1303 2682 cor
1332 2641 1513 2682 meum
1554 2629 1749 2683 durum
1801 2634 1857 2684 et

268 2715 556 2788 lapideum,
582 2718 672 2786 qui
695 2734 812 2772 sum
838 2717 977 2773 cinis
994 2727 1265 2773 mortuus.
1289 2718 1451 2774 Salva
1475 2733 1581 2785 me,
1606 2718 1851 2787 Domine,

266 2808 606 2879 vigilantem,
637 2808 846 2864 custodi
874 2823 961 2863 me
986 2809 1371 2876 dormientem;
1406 2817 1467 2864 ut
1486 2810 1752 2866 dormiam
1794 2811 1853 2868 in

266 2914 421 2970 pace,
469 2908 523 2955 et
561 2899 778 2970 vigilem
824 2902 879 2956 in
913 2902 1149 2958 Christo.
1210 2902 1403 2959 Amen.
1455 2904 1728 2975 Deprecor
1777 2913 1850 2971 te,

270 2991 522 3057 Domine,
548 2999 610 3047 ut
624 3006 834 3059 omnes,
857 2992 950 3062 qui
973 2993 1108 3049 mihi
1134 2994 1276 3050 bona
1298 2994 1487 3051 volunt
1508 3003 1601 3050 aut
1624 2994 1854 3063 faciunt,

270 3082 435 3137 redde
464 3081 570 3137 illis
596 3082 653 3136 in
675 3089 938 3138 aeternum
962 3103 976 3138 :
1010 3092 1067 3140 et
1093 3085 1139 3140 si
1182 3086 1274 3156 qui
1322 3086 1456 3142 mihi
1499 3087 1641 3142 mala
1669 3088 1856 3145 volunt

270 3183 362 3229 aut
400 3173 625 3240 faciunt,
666 3175 734 3231 da
770 3176 876 3233 illis
914 3177 1317 3250 indulgentiam.
1354 3179 1662 3238 Misericors
1688 3182 1849 3250 Deus,
1883 3159 1930 3225 α

270 3264 336 3319 da
385 3265 520 3321 mihi
562 3265 766 3322 famulo
812 3275 905 3323 tuo
954 3269 1327 3326 remissionem
1382 3279 1751 3342 peccatorum,
1798 3282 1857 3331 et

269 3356 435 3411 ﬁnem
461 3357 793 3426 perfectum;
826 3358 1030 3429 perduc
1051 3375 1136 3414 me
1158 3363 1226 3417 ad
1256 3362 1399 3417 viam
1430 3363 1637 3419 salutis.

339 3446 465 3501 Alia
489 3450 676 3502 oratio.
718 3448 840 3503 Fiat
866 3450 999 3505 mihi
1022 3467 1223 3521 quaeso,
1257 3452 1504 3520 Domine,
1536 3454 1669 3511 ﬁdes
1697 3457 1854 3513 ﬁrma

270 3536 326 3593 in
355 3538 540 3602 corde,
571 3538 723 3609 galea
752 3540 941 3595 salutis
970 3542 1025 3595 in
1066 3543 1265 3613 capite,
1302 3546 1515 3615 signum
1562 3546 1765 3604 Christi
1800 3551 1856 3605 in

270 3630 471 3696 fronte,
521 3633 745 3687 verbum
790 3634 1038 3689 veritatis
1094 3634 1148 3689 in
1178 3650 1293 3701 ore,
1332 3636 1582 3694 voluntas
1628 3641 1770 3697 bona
1800 3641 1857 3697 in

269 3734 475 3788 mente,
520 3724 737 3780 dilectio
763 3725 858 3781 Dei
897 3727 949 3781 in
979 3736 1216 3797 pectore,
1249 3730 1562 3799 praecinetio
1589 3734 1857 3791 castitatis

269 3822 327 3877 in
379 3823 633 3887 circuitu,
661 3823 916 3879 honestas
952 3824 1007 3878 in
1060 3825 1290 3891 actione,
1344 3827 1611 3883 sobrietas
1642 3829 1698 3884 in
1724 3845 1858 3886 con-

268 3915 522 3979 scientia,
552 3915 827 3971 humilitas
855 3916 909 3970 in
935 3917 1312 3986 prosperitate,
1353 3918 1616 3988 patientia
1662 3920 1717 3976 in
1764 3921 1861 3977 tri-

267 4006 568 4070 bulatione,
601 4020 724 4076 spes
751 4007 804 4061 in
829 4006 1105 4075 Creatore,
1152 4012 1556 4079 perseverantia
1586 4026 1758 4083 usque
1803 4012 1858 4068 in

270 4097 458 4163 ﬁnem,
494 4113 647 4154 amor
674 4098 795 4153 vitae.
822 4107 1056 4155 internae.
1089 4100 1387 4159 Praestaute
1426 4103 1655 4161 Domino

675 4227 876 4268 ORATIO
899 4228 1085 4270 SANC'I'I
1119 4232 1426 4274 BENBDICTI.

344 4302 591 4373 Digneris
612 4304 746 4359 mihi
773 4307 993 4375 donare,
1019 4308 1180 4365 Pater
1198 4312 1285 4381 pie
1316 4320 1373 4369 et
1396 4322 1600 4381 sancte,
1646 4315 1859 4374 intelle-

269 4404 441 4461 ctum,
475 4396 567 4465 qui
594 4404 644 4451 te
674 4397 956 4470 intelligat,
1002 4416 1217 4456 sensum
1264 4404 1354 4474 qui
1386 4412 1443 4460 te
1482 4406 1702 4474 sentiat,
1745 4408 1863 4463 ani-

271 4503 422 4542 mum
471 4489 563 4558 qui
588 4497 642 4545 te
669 4491 862 4559 sapiat,
895 4492 1227 4561 diligentiam
1261 4511 1379 4565 quae
1411 4502 1464 4551 te
1491 4507 1716 4568 qumrat,
1768 4515 1859 4555 εδ·
1886 4528 1943 4589 D

270 4580 535 4650 pientiam
563 4595 681 4650 quae
712 4590 764 4636 te
785 4581 1043 4650 inveniat,
1072 4586 1312 4642 animum
1332 4589 1426 4658 qui
1457 4598 1510 4644 te
1540 4604 1851 4662 cognoscat,

272 4672 483 4728 viscera
517 4688 638 4743 quae
657 4681 710 4729 te
730 4682 931 4739 ament,
980 4690 1076 4731 cor
1122 4679 1266 4747 quod
1312 4688 1366 4734 te
1411 4683 1629 4751 cogitet,
1675 4691 1855 4740 actum

272 4767 365 4836 qui
391 4775 447 4821 te
476 4777 690 4837 augeat,
724 4769 964 4825 auditum
992 4771 1083 4841 qui
1124 4779 1177 4827 te
1201 4773 1405 4839 audiat,
1434 4776 1620 4832 oculos
1669 4778 1760 4847 qui
1806 4786 1859 4833 te

273 4859 513 4925 videant,
559 4858 793 4931 linguam
840 4876 959 4931 qua:
987 4871 1039 4917 te
1066 4864 1339 4933 praedicet,
1392 4868 1859 4923 conversationem

272 4967 396 5023 quae
426 4952 523 5006 tibi
544 4952 773 5021 placeat,
798 4954 1110 5023 patientiam
1134 4972 1252 5027 qum
1278 4966 1328 5013 te
1359 4960 1644 5027 sustineat,
1676 4976 1861 5032 perse-

271 5044 577 5100 verantiam
606 5060 725 5115 qua:
754 5053 807 5101 te
836 5055 1132 5116 exspectet,
1160 5048 1324 5104 ﬁnem
1372 5038 1705 5121 perfectum,
1723 5069 1861 5123 prae-

272 5136 510 5192 sentiam
544 5143 690 5192 tuam
728 5145 994 5206 sanctam,
1050 5142 1502 5201 resurrectionem
1525 5144 1746 5213 bonam,
1778 5161 1863 5201 re-

272 5228 647 5295 tributionem,
680 5230 848 5286 vitam
871 5240 1147 5289 aeternam.
1176 5234 1369 5291 Amen.

898 5347 1239 5405 PSALMUS.

353 5461 537 5535 (PSAL.
566 5466 788 5537 xum.)
822 5464 1145 5522 Benedicam
1170 5465 1456 5522 Dominum
1479 5466 1535 5522 in
1564 5466 1712 5523 omni
1733 5474 1869 5524 tem-

270 5572 435 5630 pore,
502 5572 720 5629 semper
769 5557 886 5614 laus
944 5556 1059 5628 ejus
1114 5558 1171 5614 in
1229 5573 1325 5616 ore
1378 5573 1517 5615 meo.
1552 5559 1608 5615 lu
1639 5560 1869 5618 Domino

272 5649 593 5707 laudabitur
639 5650 819 5705 anima
854 5666 976 5707 mea
1004 5670 1017 5706 :
1049 5652 1270 5708 audiant
1306 5654 1574 5709 mansueti
1604 5660 1660 5710 et
1684 5654 1870 5712 lteten-

1956 1910 2193 1974 quantur
2214 1906 2415 1961 dolum.
2443 1908 2660 1964 Diverte
2688 1927 2719 1965 a
2742 1914 2885 1967 malo
2901 1922 2956 1968 et
2982 1913 3068 1970 fac
3089 1917 3304 1982 bonum,
3334 1921 3548 1990 inquire

1955 2012 2171 2069 pacem,
2219 2008 2275 2053 et
2322 2017 2652 2073 persequere
2678 2020 2818 2060 eam.
2848 2007 3001 2062 Oculi
3028 2010 3239 2067 Domini
3272 2030 3433 2085 super
3450 2015 3545 2085 ju-

1953 2099 2102 2149 stos:
2137 2101 2193 2148 et
2220 2109 2380 2149 aures
2424 2093 2540 2163 ejus
2578 2098 2635 2151 in
2658 2114 2848 2168 preces
2892 2116 3100 2157 eorum.
3143 2103 3335 2161 Vultus
3366 2115 3549 2163 autem

1954 2183 2168 2239 Domini
2220 2200 2382 2254 super
2418 2184 2680 2243 facientes
2728 2191 2871 2245 mala
2911 2210 2923 2245 :
2959 2201 3017 2247 ut
3071 2196 3263 2264 perdat
3289 2198 3356 2252 de
3400 2208 3548 2254 terra

1954 2276 2273 2331 memoriam
2326 2292 2536 2333 eorum.
2566 2279 3130 2356 Clamaveruntjusti,
3187 2296 3243 2344 et
3287 2289 3549 2353 Dominus

1956 2366 2231 2421 exaudivit
2250 2383 2343 2424 eos
2370 2387 2382 2423 :
2418 2379 2473 2425 et
2508 2387 2578 2427 ex
2613 2374 2867 2430 omnibus
2892 2377 3331 2436 tribulationibus
3352 2397 3543 2439 eorum

1955 2455 2206 2513 liberavit
2233 2474 2346 2515 eos.
2398 2461 2560 2517 Juxta
2586 2471 2671 2519 est
2700 2466 2963 2523 Dominus
3000 2469 3107 2534 his,
3149 2473 3242 2540 qui
3290 2472 3547 2531 tribulato

1958 2557 2085 2604 sunt
2113 2550 2316 2607 corde:
2353 2560 2408 2607 et
2434 2554 2675 2611 humiles
2698 2558 2892 2626 spiritu
2937 2560 3189 2617 salvabit.
3231 2563 3409 2621 Multae
3452 2566 3551 2621 tri-

1956 2638 2259 2696 bulationes
2278 2641 2549 2709 iustorum
2576 2664 2588 2698 :
2621 2654 2675 2701 et
2696 2647 2761 2702 de
2781 2650 3032 2704 omnibus
3057 2651 3144 2706 hls
3170 2652 3418 2709 liberavit
3454 2669 3549 2711 eos

1956 2730 2237 2789 Dominus.
2295 2734 2541 2789 Custodit
2595 2736 2855 2793 Dominus
2905 2741 3085 2794 omnia
3134 2756 3256 2796 ossa
3304 2758 3541 2801 eorum:

1956 2839 2125 2879 unum
2157 2842 2224 2881 ex
2258 2826 2343 2881 his
2371 2844 2480 2881 non
2517 2836 2846 2884 conteretur.
2887 2830 3029 2885 Mors
3055 2842 3398 2903 peccatorum
3419 2852 3548 2908 pes-

1956 2915 2095 2971 sima
2121 2935 2134 2970 :
2176 2924 2231 2972 et
2261 2918 2355 2988 qui
2392 2919 2655 2973 auderunt
2672 2919 2902 2988 justum,
2933 2922 3264 2993 delinqueut.
3296 2925 3549 2983 Redimet

1956 3004 2217 3062 Dominus
2267 3008 2477 3064 animas
2532 3025 2814 3066 servorum
2849 3028 3068 3068 suorum
3103 3033 3115 3069 :
3148 3023 3203 3069 et
3230 3032 3337 3072 non
3374 3017 3546 3074 delin-

1958 3108 2124 3171 quent
2143 3116 2348 3167 omnes,
2377 3102 2471 3173 qui
2493 3113 2712 3175 sperant
2734 3106 2788 3161 in
2822 3122 2906 3161 eo.

2033 3189 2102 3245 Ut
2153 3209 2333 3263 supra.
2380 3192 2675 3251 Protexisti
2716 3212 2802 3251 me
2855 3214 2883 3252 a
2934 3209 3200 3255 conventu
3238 3202 3542 3275 malignan-

1965 3284 2120 3340 tium.

2029 3373 2234 3429 Oratio.
2272 3375 2602 3448 Angelorum
2628 3386 2685 3434 et
2707 3380 2874 3435 totius
2909 3391 3176 3439 creatura:
3209 3385 3550 3455 dispensator

1959 3465 2133 3530 Deus,
2167 3467 2356 3522 emitte
2398 3468 2648 3539 angelum
2677 3456 2828 3525 tuum
2860 3472 2913 3526 in
2943 3473 3174 3529 circuitu
3204 3485 3414 3543 nostro,
3457 3494 3553 3537 cu-

1952 3555 2044 3627 jus
2068 3560 2361 3616 ambitione
2386 3564 2601 3629 muniti,
2627 3580 2933 3621 mereamur
2952 3583 2982 3622 a
3001 3578 3347 3638 peccatorum
3374 3582 3549 3628 morte

1959 3648 2193 3717 pessima
2223 3650 2462 3706 liberari.
2489 3652 2594 3708 Per
2614 3654 2922 3711 Dominum.

2031 3739 2153 3793 Alia
2198 3739 2404 3795 Oratio.
2454 3743 2792 3813 lnquirentes
2842 3757 2915 3813 te,
2970 3749 3215 3816 Domine,
3266 3753 3553 3824 dignanter

1961 3830 2178 3895 exaudi,
2212 3838 2267 3885 et
2295 3840 2354 3885 ut
2400 3833 2786 3890 benedicamur
2813 3844 2925 3891 tam
2970 3839 3025 3892 in
3078 3841 3339 3907 adversis,
3385 3858 3552 3912 quam

1962 3928 2017 3975 et
2052 3921 2109 3974 in
2138 3922 2432 3990 prosperis,
2459 3924 2723 3996 benignus
2765 3927 2982 3997 indulge
3017 3947 3031 3983 :
3076 3940 3238 4001 atque
3285 3940 3345 3987 ut
3400 3934 3453 3989 in
3498 3941 3553 3991 te

1961 4010 2213 4066 laudetur
2250 4012 2428 4067 anima
2471 4023 2672 4078 nostra,
2714 4018 2980 4086 propitius
3023 4020 3261 4076 indultor
3310 4023 3547 4095 imperti.

1961 4101 2030 4156 Et
2057 4102 2183 4173 quia
2225 4102 2380 4172 juxta
2415 4119 2474 4160 es
2505 4105 2607 4169 his,
2635 4107 2728 4176 qui
2761 4108 3017 4165 tribulato
3064 4120 3188 4166 sunt
3222 4114 3401 4181 corde,
3453 4131 3550 4170 au-

1965 4209 2078 4249 rem
2115 4202 2261 4249 tuam
2299 4194 2368 4250 ad
2394 4198 2742 4253 contritionis
2791 4210 2991 4256 nostra:
3028 4202 3252 4272 Spiritus
3279 4206 3458 4274 aperi;
3497 4213 3556 4261 et

1962 4301 2149 4357 pacem
2172 4295 2340 4355 tuam,
2372 4305 2492 4361 quae
2531 4300 2821 4362 exsuperat
2860 4308 3076 4349 omnem
3123 4310 3340 4351 sensum
3385 4296 3551 4369 [Add.

1965 4383 2219 4443 concede,
2246 4382 2323 4437 vel
2359 4383 2574 4458 simile],
2615 4393 2669 4441 et
2703 4402 2933 4458 corpora
2961 4397 3146 4445 nostra
3174 4398 3229 4445 et
3258 4392 3422 4447 corda
3451 4408 3555 4464 pu-

1966 4472 2158 4529 riﬁcet.
2191 4472 2314 4529 Per.

2587 4612 2927 4669 PSALMUS.

2036 4726 2214 4799 (PSAL.
2264 4729 2468 4800 cxuv.)
2506 4728 2769 4784 Exaltaho
2803 4737 2877 4795 te,
2929 4731 3071 4787 Deus
3126 4748 3281 4790 meus
3314 4750 3408 4790 rex
3451 4753 3467 4792 :
3499 4741 3558 4794 et

1964 4820 2280 4876 henedicam
2325 4822 2529 4876 nomini
2582 4830 2673 4875 tuo
2720 4823 2775 4877 in
2815 4824 3090 4891 smculum,
3123 4835 3177 4882 et
3215 4830 3269 4883 in
3296 4831 3555 4888 smculum

1969 4913 2169 4970 saaculi.
2199 4912 2304 4967 Per
2331 4913 2569 4983 singulos
2595 4914 2709 4968 dies
2740 4915 3178 4975 benedicam‘tibi
3206 4939 3218 4973 :
3243 4929 3295 4976 et
3320 4922 3553 4980 laudabo

1966 5025 2162 5066 nomen
2189 5018 2339 5065 tuum
2366 5011 2420 5065 in
2450 5011 2723 5078 saeculum,
2755 5020 2809 5068 et
2848 5013 2904 5068 in
2926 5016 3177 5071 saeculum
3203 5019 3404 5074 saeculi.
3441 5020 3553 5074 Ma-

1965 5117 2101 5171 gnus
2129 5100 2390 5157 Dominus
2416 5110 2471 5156 et
2500 5102 2782 5159 laudabilis
2825 5105 3009 5172 nimis,
3064 5116 3120 5163 et
3166 5109 3556 5180 magnitudinis

1967 5192 2087 5262 ejus
2124 5208 2231 5249 non
2272 5200 2356 5248 est
2403 5192 2547 5249 ﬁnis.
2588 5193 2877 5254 Generatio
2907 5207 2964 5255 et
3007 5202 3285 5271 generatio
3312 5202 3556 5258 laudabit

1968 5308 2135 5364 opera
2182 5300 2274 5347 tua
2309 5311 2323 5347 :
2363 5301 2417 5350 et
2440 5295 2735 5365 potentiam
2769 5304 2918 5353 tuam
2946 5298 3391 5369 pronuntiabunt.
3440 5296 3554 5352 Ma-

1971 5384 2336 5456 gniﬁcentiam
2384 5385 2568 5458 gloriae
2628 5389 2936 5445 sanctitatis
2982 5398 3087 5445 tute
3134 5388 3421 5459 loquentur
3457 5406 3471 5443 :
3501 5397 3558 5445 et

1972 5474 2241 5531 mirabilia
2286 5483 2377 5532 tua
2434 5479 2752 5535 narrabunt.
2812 5480 2881 5536 Et
2930 5480 3185 5536 virtutem
3234 5476 3557 5535 terribilium

1972 5572 2187 5622 tuorum
2229 5567 2410 5624 dicent
2442 5588 2454 5624 :
2485 5576 2540 5625 et
2581 5571 3007 5643 magnitudinem
3047 5580 3193 5627 tuam
3232 5570 3553 5626 narrabunt.

1974 5656 2288 5716 Memoriam
2329 5661 2673 5719 abundantia:
2722 5662 3002 5719 suavitatis
3032 5670 3138 5719 tua:
3186 5661 3552 5723 eructabunt;

356 5778 386 5811 α
410 5765 632 5822 Initium
661 5766 717 5821 in
742 5766 925 5823 libello
951 5768 1134 5830 Caroli
1179 5768 1350 5838 Calvi,
1397 5786 1521 5845 pag.
1550 5770 1672 5829 H5.
1696 5800 1770 5816 -
1792 5770 1900 5831 Pro
1936 5787 2038 5831 usu
2061 5777 2314 5855 septimo,
2345 5790 2528 5850 supra,
2554 5775 2657 5834 col.
2686 5774 2809 5832 467.

607 5864 884 5935 Paraon.
929 5864 1028 5937 Cl.

3041 5873 3119 5945 13
