4038 6336
486 282 594 339 555

1358 271 1418 326 B.
1457 270 1520 325 F.
1558 264 1785 337 ΑιΒιΝι
1816 265 1953 327 SEU
1994 262 2272 339 ALCUINI
2309 261 2595 324 OPEBUM
2630 260 2812 319 PARS
2850 260 2938 317 IV.

3610 322 3619 325 _
3659 262 3763 321 556

479 410 537 461 et
559 402 616 456 in
634 392 845 468 iustitia
870 399 960 448 tua
987 387 1349 461 exsultabunt.
1380 383 1662 441 Miserator
1681 388 1736 438 et
1756 380 2069 439 misericors
2094 381 2151 455 Α
2172 379 2429 452 repellas;
2468 396 2500 434 a
2552 379 2764 435 cunctis
2808 394 2914 444 me,
2947 391 3067 449 quae
3094 386 3405 449 supersum,
3457 377 3764 439 tribulatio-

479 491 761 555 Dominus,
787 484 997 558 patiens
1025 489 1080 539 et
1100 478 1333 535 multum
1372 476 1703 532 misericors.
1732 473 1927 529 Suavis
1956 472 2067 529 Do-

479 586 660 643 minus
679 576 946 637 universis
973 594 985 631 :
1016 582 1071 629 et
1110 569 1487 628 miserationes
1534 566 1649 638 ejus
1675 582 1840 638 super
1885 565 2069 622 omnia

432 691 647 750 .opera
687 673 823 748 ejus.
855 666 1227 727 Conﬁteantur
1273 662 1392 732 tibi,
1411 661 1662 728 Domine,
1685 659 1864 716 omnia
1903 674 2071 731 opera

479 784 574 829 tua
600 790 613 827 τ
644 776 697 826 et
718 764 891 824 sancti
924 762 1003 817 tui
1046 757 1371 821 benedicant
1399 756 1516 811 tibi.
1546 753 1787 811 Gloriam
1816 753 1970 827 regni
1992 751 2071 810 tui

479 864 661 919 dicent
689 877 700 913 :
745 864 800 912 et
817 852 1116 928 potentiam
1142 859 1290 907 tuam
1318 849 1631 921 loquentur.
1665 846 1739 904 Ut
1764 854 1949 902 notam
1991 844 2072 901 fa-

479 953 624 1008 ciant
646 950 770 1005 filiis
794 946 1075 1005 hominum
1100 942 1401 1016 potentiam
1435 947 1585 1001 tuam
1604 947 1660 997 et
1687 939 1914 1012 gloriam
1957 953 2073 1003 ma-

414 1084 417 1087 ‹
479 1044 802 1116 gnificentize
828 1041 980 1111 regni
1011 1038 1109 1094 tui.
1131 1037 1379 1109 Regnum
1399 1043 1554 1091 tuum
1580 1049 1804 1106 regnum
1829 1032 2071 1089 omnium

478 1135 802 1193 saeculorum
828 1151 842 1187 :
873 1139 930 1187 et
950 1128 1246 1185 dominatio
1274 1136 1364 1182 tua
1388 1126 1443 1181 in
1467 1125 1614 1181 omni
1637 1124 1990 1196 generatione
2018 1130 2074 1178 et

478 1227 905 1299 generationem.
959 1219 1162 1277 Fidelis
1205 1218 1464 1275 Dominus
1498 1218 1554 1273 in
1604 1216 1857 1275 omnibus
1890 1214 2074 1270 verbis

480 1320 631 1375 suis:
667 1325 723 1373 et
755 1321 974 1371 sanctus
1015 1312 1070 1367 in
1098 1310 1349 1367 omnibus
1398 1307 1653 1380 operibus
1682 1307 1815 1365 suis.
1863 1304 2074 1361 Allevat

477 1407 739 1464 Dominus
766 1420 975 1470 omnes,
1000 1402 1092 1475 qui
1115 1406 1393 1464 corruunt,
1421 1407 1476 1454 et
1495 1398 1658 1471 erigit
1677 1412 1866 1456 omnes
1885 1396 2068 1453 elisos.

477 1500 633 1559 Oculi
647 1498 890 1556 omnium
906 1496 962 1552 in
984 1504 1035 1551 te
1055 1501 1293 1568 sperant,
1316 1490 1541 1547 Domine
1570 1505 1584 1543 :
1610 1497 1664 1551 et
1691 1497 1749 1544 tu
1773 1488 1870 1551 das
1890 1502 2073 1544 escam

476 1593 695 1650 illorum
744 1591 801 1647 in
856 1600 1096 1660 tempore
1144 1593 1465 1658 opportuno.
1509 1582 1704 1654 Aperis
1743 1590 1801 1637 tu
1852 1596 2073 1643 manum

485 1696 633 1743 tuam
664 1703 677 1738 :
718 1691 773 1741 et
804 1682 996 1753 imples
1019 1694 1180 1735 omne
1219 1676 1420 1733 animal
1460 1674 1856 1731 benedictione.
1884 1672 2073 1730 Justus

2173 472 2354 539 nibus,
2398 471 2775 544 iniquitatibus
2802 486 2867 526 ac
2895 470 3123 526 diversis
3162 471 3319 527 malis
3340 470 3563 542 eripias.
3607 472 3767 548 Cogi.

2173 564 2407 621 taliones
2452 579 2625 632 meas,
2672 563 2976 625 locutiones
3022 562 3231 633 pariter
3282 570 3339 619 et
3376 572 3533 620 actus
3581 565 3639 620 in
3671 572 3766 625 tua

2174 658 2449 714 voluntate
2480 659 2720 729 dirigas;
2754 666 2808 712 et
2832 673 2900 713 ne
2926 654 3149 713 auferas
3182 656 3419 713 animam
3468 673 3652 714 meam
3698 657 3767 716 de

2174 752 2279 809 hoc
2331 753 2553 820 mundo,
2601 752 2922 825 priusquam
2964 751 3245 809 emendari
3296 751 3514 813 studeat
3568 753 3625 808 in
3675 762 3766 809 tua

2174 846 2471 901 voluntate.
2504 844 2651 900 Inter
2677 844 2908 901 adversa
2935 858 3024 900 me
3048 852 3105 899 et
3126 859 3391 918 prospera
3415 845 3762 917 gradientem

2174 952 2391 1010 semper
2417 943 2473 992 et
2496 936 2698 1008 ubique
2716 936 2994 993 custodias
3019 951 3036 990 :
3068 943 3127 993 et
3148 936 3220 992 ad
3267 947 3374 993 tua:
3412 952 3502 997 me
3537 938 3768 999 visionis

2174 1029 2373 1087 iterata
2398 1030 2596 1101 gaudia
2620 1030 2946 1100 quandoque
2970 1029 3262 1101 perducas.
3282 1029 3479 1091 Amen.

2174 1160 2433 1220 ORATIO
2486 1160 2737 1220 [SIDORI
2786 1159 2928 1220 PRO
2972 1160 3279 1220 OMNIBUS
3305 1163 3761 1225 CHRISTIANIS.

2243 1279 2340 1334 Pie
2368 1278 2692 1339 exaudibilis
2713 1276 2961 1348 Domine,
2983 1278 3131 1336 Deus
3153 1288 3341 1337 noster
3363 1279 3495 1343 Jesu
3523 1280 3767 1351 Christe,

2175 1371 2522 1429 clementiam
2562 1379 2712 1427 tuam
2740 1387 2866 1429 cum
2912 1373 3061 1428 omni
3096 1373 3493 1447 supplicatione
3520 1376 3770 1447 deposci-

2176 1480 2319 1533 mus,
2362 1473 2421 1521 ut
2442 1481 2542 1538 per
2580 1464 2947 1522 interventum
2976 1474 3034 1522 et
3064 1468 3325 1525 meritum
3347 1469 3523 1525 beatae
3551 1478 3612 1525 et
3651 1470 3767 1541 glo-

2174 1558 2335 1627 riosa:
2357 1573 2573 1631 semper
2596 1558 2824 1631 virginis
2849 1557 3055 1629 Mariae,
3077 1561 3431 1635 omniumque
3450 1572 3771 1625 sanctorum

2178 1650 2529 1725 angelorum,
2578 1652 3055 1723 archangelorum,
3110 1654 3586 1724 patriarcharum,
3642 1672 3769 1731 pro-

477 1741 739 1830 Dominus
781 1772 838 1827 in
867 1741 1118 1827 omnibus
1154 1768 1259 1824 viis
1288 1767 1441 1825 suis:
1477 1774 1532 1823 et
1558 1773 1778 1827 sanctus
1806 1763 1863 1820 in
1890 1764 2066 1821 omni-
2093 1762 2144 1827 B
2172 1744 2480 1815 Ρδθιπιιωυ
2519 1741 2910 1819 apostolorum.
2942 1751 3269 1814 martyrum.
3312 1745 3610 1818 virginum,
3649 1762 3774 1804 con-

476 1864 579 1919 bus
600 1856 853 1937 operibus
883 1862 1013 1942 suis.
1044 1860 1221 1932 Prope
1241 1867 1326 1917 est
1353 1859 1615 1917 Dominus
1639 1858 1891 1919 omnibus
1926 1858 2072 1923 invo-

481 1954 730 2012 cantibus
751 1972 906 2013 eum:
927 1953 1180 2013 omnibus
1200 1952 1581 2015 invocantibus
1601 1967 1725 2013 eum
1741 1952 1799 2007 in
1818 1952 2066 2025 veritate.

484 2047 829 2117 Voluntatem
885 2046 1192 2109 timentium
1237 2060 1297 2103 se
1325 2043 1507 2111 faciet,
1535 2053 1590 2103 et
1635 2046 2071 2117 deprecationem

472 2154 665 2197 eorum
693 2139 947 2201 exaudiet
971 2157 984 2193 :
1009 2145 1064 2193 et
1092 2137 1271 2201 salvos
1298 2134 1464 2195 faciet
1483 2151 1596 2193 eos.
1627 2136 1876 2199 Custodit
1894 2136 2073 2205 Domi.

473 2247 577 2286 nus
608 2244 796 2286 omnes
847 2229 1129 2301 diligentes
1148 2242 1247 2283 se:
1285 2235 1341 2285 et
1377 2241 1567 2285 omnes
1595 2236 1915 2299 peccatores
1959 2228 2069 2289 dis-

472 2324 683 2394 perdet.
709 2319 1100 2377 Laudationem
1130 2318 1345 2375 Domini
1384 2318 1635 2390 loquetur
1682 2334 1745 2376 os
1770 2334 1980 2385 meum:
2012 2329 2069 2381 et

475 2412 763 2468 benedicat
782 2411 958 2466 omnis
981 2426 1108 2466 caro
1128 2410 1336 2477 nomini
1362 2419 1551 2473 sancto
1567 2410 1682 2485 ejus
1711 2412 1768 2469 in
1787 2413 2067 2482 saeculum,

481 2514 538 2560 et
562 2506 615 2561 in
645 2504 903 2561 saeculum
935 2504 1137 2575 saeculi.

551 2595 619 2652 Ut
646 2615 829 2669 supra.
858 2596 1003 2661 Misit
1028 2596 1097 2654 de
1119 2612 1353 2666 summo,
1381 2604 1436 2653 et
1459 2597 1667 2669 accepit
1689 2612 1775 2655 me
1804 2616 1820 2653 ε
1862 2613 2070 2656 assum-

446 2678 582 2762 .psit
612 2705 697 2747 me
723 2690 790 2746 de
811 2691 968 2763 aquis
993 2690 1197 2746 multis.
1224 2690 1437 2762 Eripuit
1458 2706 1544 2745 me
1571 2690 1642 2747 de
1671 2691 1909 2749 inimicis
1929 2693 2069 2751 meis

470 2780 807 2848 fortissimis,
868 2789 923 2837 et
978 2783 1047 2838 ab
1100 2782 1187 2841 his
1244 2783 1335 2857 qui
1380 2782 1607 2839 oderunt
1658 2797 1763 2851 me,
1810 2785 2067 2861 quoniam

473 2873 587 2951 86
612 2871 905 2929 confortati
941 2878 1071 2929 sunt
1115 2886 1279 2943 super
1316 2886 1423 2929 me.
1464 2871 1849 2943 Praevenerunt
1875 2890 1964 2930 me
2008 2875 2067 2945 in

471 2965 562 3039 die
583 2962 887 3021 aﬂlictionis
914 2976 1070 3030 meae,
1102 2970 1159 3021 et
1191 2961 1368 3021 factus
1391 2971 1478 3023 est
1500 2962 1762 3035 Dominus
1790 2974 2068 3037 protector

476 3070 652 3112 meus.

2172 1833 2464 1899 fessorum,
2508 1834 2935 1901 monachorum,
2972 1843 3029 1889 et
3056 1835 3303 1901 omnium
3328 1836 3530 1893 civium
3577 1852 3771 1910 super-

2171 1942 2386 1994 norum,
2417 1925 2673 1982 Ecclesiae
2690 1935 2797 1981 tuae
2824 1933 3030 1993 sanctae
3051 1928 3336 1986 catholicae
3358 1929 3522 1995 (idem
3546 1946 3770 2001 augeas,

2169 2032 2361 2089 pacem
2386 2016 2596 2073 tribuas
2631 2017 2937 2074 rectoribus
2959 2018 3184 2087 nostris,
3208 2028 3264 2077 et
3295 2021 3455 2077 nobis
3484 2020 3768 2095 indulgen-

2170 2110 2305 2165 tiam
2331 2117 2388 2165 et
2416 2107 2791 2166 remissionem
2820 2119 3173 2182 peccatorum
3202 2111 3471 2175 concedas
3496 2131 3508 2173 ;
3536 2114 3773 2171 inﬁrmis

2171 2199 2421 2267 salutem,
2455 2198 2622 2271 lapsis
2642 2201 3063 2272 reparationem,
3095 2218 3284 2267 aerum
3299 2206 3766 2273 commoditatem,

2170 2294 2552 2367 navigantibus
2573 2304 2738 2368 atque
2759 2295 3141 2363 itinerantibus
3163 2296 3415 2361 ﬁdelibus
3442 2316 3769 2377 prosperum

2170 2387 2275 2455 iter
2303 2402 2369 2443 ac
2405 2387 2596 2445 salutis
2632 2396 2873 2458 portum,
2903 2388 3293 2448 tribulantibus
3321 2389 3434 2465 [L.,
3466 2392 3767 2467 tribulatis]

2169 2480 2443 2552 gaudium,
2472 2481 2748 2553 oppressis
2794 2480 3202 2549 relevationem,
3250 2483 3500 2559 captivis,
3549 2484 3769 2553 vinctis,

2170 2580 2226 2643 et
2248 2573 2549 2646 peregrinis
2571 2574 2969 2643 remissionem,
2995 2575 3415 2645 absolutionem,
3442 2577 3509 2641 ad
3532 2579 3768 2657 patriam

2170 2666 2559 2739 reversionem,
2580 2674 2827 2731 mutuam
2851 2666 3288 2737 discordantibus
3317 2672 3673 2737 charitatem,
3694 2673 3767 2729 in-

2169 2756 2419 2823 fidelibus
2439 2774 2628 2828 veram
2648 2758 2831 2827 fidem,
2859 2767 2916 2819 et
2931 2759 3202 2827 defunctis
3228 2761 3476 2825 ﬁdelibus
3496 2764 3764 2836 requiem.

2167 2847 2433 2922 Angelum
2464 2858 2616 2921 tuum
2656 2859 2906 2913 sanctum
2943 2853 3102 2921 nobis
3130 2855 3221 2921 hic
3243 2863 3299 2921 ei
3345 2855 3550 2926 tibique
3586 2865 3764 2914 custo-

2169 2944 2293 3003 dem
2320 2953 2374 3000 et
2424 2942 2769 3015 defensorem
2810 2947 3079 3027 propitius
3105 2947 3310 3015 donare
3356 2948 3626 3021 digneris,
3674 2950 3763 3022 qui

2167 3050 2290 3095 cum
2323 3035 2484 3093 Patre
2502 3045 2559 3107 et
2584 3036 2788 3121 Spiritu
2822 3048 3013 3103 saneto
3044 3040 3181 3105 vivis
3208 3049 3265 3098 et
3285 3056 3478 3117 regnas
3501 3042 3651 3107 Deus
3671 3057 3761 3114 per

546 3146 750 3202 Oratio.
813 3143 1088 3219 Regnator
1142 3145 1386 3203 omnium
1441 3145 1787 3218 saeculorum,
1813 3148 2061 3219 Domine,

2174 3126 2354 3191 onmia
2379 3128 2574 3189 saecula
2603 3131 2946 3199 saeculorum.
2975 3132 3168 3197 Amen.

472 3237 567 3309 qui
587 3238 923 3309 spiritualem
961 3238 1140 3293 cibum
1165 3238 1313 3293 omni
1339 3237 1533 3293 animze
1556 3247 1861 3309 opportuno
1907 3242 2069 3298 mini-

471 3336 617 3385 stras
644 3330 699 3384 in
724 3338 961 3402 tempore
988 3347 1000 3382 :
1030 3328 1267 3389 concede
1290 3328 1447 3387 nobis
1490 3338 1545 3387 te
1567 3331 1954 3411 perpetualiter
1976 3335 2067 3391 be-

471 3424 746 3491 nedicere,
802 3431 1058 3495 tuamque
1105 3422 1406 3495 potentiam
1457 3437 1584 3491 cum
1632 3422 1819 3485 electis
1863 3427 1973 3497 tuis
1998 3426 2066 3485 ii-

474 3516 762 3575 ducialiter
800 3518 1061 3583 exaltare.
1102 3516 1208 3592 Per
1590 3526 1838 3593 nostrum
1877 3519 2065 3593 Jesum

478 3611 778 3669 Christum.

546 3706 869 3779 Capitulum.
893 3709 1159 3785 Liberasti
1192 3723 1310 3781 nos,
1336 3709 1586 3777 Domine,
1615 3723 1684 3766 ex
1703 3709 2063 3783 aliligentibus

472 3814 593 3866 nos,
623 3807 680 3857 et
715 3816 827 3863 eos,
862 3801 957 3873 qui
989 3815 1089 3859 nos
1122 3801 1372 3871 oderimt,
1420 3801 1733 3861 confudisti.
1758 3802 1902 3863 Laus
1940 3804 2059 3870 tibi.

469 3888 701 3951 Domine
727 3891 845 3967 Rex
866 3901 1085 3963 aeterna:
1107 3892 1313 3966 gloria).

1005 4020 1319 4067 σκιτιλιωι
1352 4019 1532 4062 Δατιο.

540 4118 661 4177 Tibi
689 4134 789 4192 ago
803 4118 992 4175 laudes
1011 4126 1067 4175 et
1085 4119 1308 4191 gratias,
1332 4116 1476 4174 Deus
1490 4132 1661 4184 meus,
1684 4117 2060 4175 misericordia

470 4228 609 4277 mea,
638 4213 729 4295 qui
755 4230 843 4269 me
873 4215 939 4268 ad
964 4219 1115 4267 tuam
1144 4211 1507 4284 cognitionem
1527 4209 1844 4282 perducere,
1873 4218 1929 4265 et
1964 4226 2062 4283 per

470 4303 616 4358 sacri
664 4318 750 4356 me
788 4301 1131 4373 baptismatis
1169 4301 1498 4357 ablutionem
1552 4302 1692 4357 inter
1750 4301 2060 4374 adoptionis

469 4403 578 4450 tuae
602 4394 740 4450 ﬁlios
776 4409 1071 4465 aggregare
1098 4395 1347 4464 dignatus
1376 4409 1454 4450 es.
1500 4395 1619 4451 Tibi
1647 4410 1747 4467 ago
1794 4396 1980 4453 laudes
2007 4405 2063 4453 et

469 4488 691 4558 gratias,
722 4487 813 4557 qui
842 4501 929 4540 me
955 4487 1022 4541 ab
1054 4486 1183 4555 ipsis
1230 4488 1553 4543 rudimentis
1596 4487 1839 4544 infantiae
1885 4504 2059 4561 usque

469 4577 540 4631 ad
567 4578 709 4632 hanc
737 4578 927 4632 horam
946 4590 1045 4646 per
1065 4574 1235 4645 multa
1262 4574 1583 4637 defluentem
1605 4578 1757 4645 vitia,
1780 4579 2059 4636 immensae

465 4668 729 4725 bonitatis
767 4676 875 4724 tua:
898 4667 1160 4739 patientia
1189 4667 1255 4723 ad
1293 4668 1727 4727 emendationem
1755 4683 2058 4743 exspectas.

466 4758 544 4814 Te
576 4759 733 4813 laudo
781 4766 836 4814 et
855 4758 1123 4831 gloriﬁco,
1148 4758 1240 4829 qui
1290 4774 1379 4815 me
1425 4758 1721 4829 saepissime
1767 4762 1833 4819 de
1876 4764 2067 4833 multis

464 4847 911 4905 tribulationibus
935 4855 992 4906 et
1026 4849 1312 4923 angustiis,
1342 4848 1748 4909 calamitatibus
1798 4861 1855 4909 et
1899 4854 2060 4911 mise-

465 4943 564 4998 riis
591 4941 854 5008 liberasti,
886 4940 980 5012 qui
1005 4957 1093 4997 me
1119 4943 1379 5000 hactenus
1417 4944 1483 4999 de
1521 4946 1739 5001 aeternis
1761 4946 2056 5018 suppliciis,

470 5036 537 5091 de
570 5032 813 5105 corporis
832 5033 995 5105 hujus
1016 5033 1349 5089 cruciatibus
1384 5036 1652 5091 exemisti.
1683 5035 1760 5091 Te
1793 5036 1970 5114 'laudo
2006 5048 2060 5093 et

466 5125 731 5198 gloriﬂco,
763 5124 858 5196 qui
878 5124 1013 5180 mihi
1036 5125 1355 5196 sospitatem
1375 5126 1768 5194 membrorum,
1804 5130 2061 5201 tranquil-

465 5220 674 5275 litatem
704 5227 1032 5290 temporum,
1054 5225 1110 5273 et
1150 5218 1434 5286 honorem,
1464 5218 1713 5276 affectum
1740 5229 1794 5275 et
1820 5222 2059 5278 Charita-

466 5317 615 5366 tem:
656 5311 703 5366 si
731 5326 838 5379 qua
884 5308 1051 5365 etiam
1093 5308 1233 5365 dona
1262 5315 1388 5364 sunt
1433 5308 1487 5362 in
1526 5325 1614 5364 me
1664 5318 1767 5365 tuae
1810 5312 2050 5381 pietatis,

466 5398 713 5456 conferre
735 5399 986 5470 dignatus
1007 5414 1086 5454 es.
1112 5398 1324 5465 Quaeso,
1370 5399 1596 5455 Domine
1641 5390 1825 5469 Deus,
1857 5403 2057 5461 inaesti-

466 5491 720 5546 mabilem
772 5490 1055 5545 suavitatis
1115 5497 1223 5544 tuas
1278 5489 1650 5557 clementiam;
1706 5501 1765 5547 ut
1801 5493 2054 5551 inchoata

466 5579 521 5635 in
546 5597 632 5637 me
662 5583 803 5637 bona
830 5582 1101 5653 perﬂeias.
1131 5580 1404 5652 Quidquid
1433 5582 1487 5637 in
1527 5599 1613 5639 me
1639 5584 1733 5641 tibi
1787 5586 2051 5658 displicet,

540 5727 568 5757 ι
594 5714 847 5787 Martem,
874 5718 976 5774 loc.
1005 5720 1124 5785 cit.,
1156 5733 1279 5789 pag.
1305 5718 1430 5773 624.

2237 3264 2530 3323 HYMNUS
2559 3265 2812 3324 SANCTI
2832 3267 3164 3326 AMBROSII
3190 3266 3335 3328 PRO
3356 3267 3690 3332 INFIRMIS.

2237 3391 2263 3420 ε
2285 3379 2501 3437 Christe
2530 3381 2790 3450 caelestis,
2816 3386 3085 3441 medicina
3114 3384 3320 3455 Patris,

2236 3468 2411 3528 Verus
2440 3472 2693 3531 humanae
2725 3474 2966 3534 Medicus
2988 3478 3180 3535 salutis
3207 3499 3223 3535 :

2234 3559 2481 3619 Provida:
2503 3564 2647 3637 plebi
2674 3568 2925 3639 precibus
2938 3579 3193 3644 potenter

2522 3655 2705 3716 Pande
2734 3658 2995 3718 favorem.

2233 3741 2314 3837 lin
2335 3745 2405 3802 ob
2428 3746 2673 3807 inﬁrmos
2696 3758 2803 3807 tuae
2831 3751 3108 3825 [Marten.,
3143 3751 3265 3837 tibi]
3291 3755 3683 3831 supplicamus,

2235 3832 2381 3903 Quos
2408 3852 2611 3895 nocens
2635 3843 2805 3912 pestis
2828 3844 3079 3901 valetudo
3104 3832 3331 3917 quassat
3349 3866 3369 3906 ε

2235 3922 2306 3981 Ut
2337 3925 2461 3996 pius
2483 3932 2736 3986 morbum
2767 3933 2976 3991 releves
2999 3935 3292 4013 jacentem,

2519 4018 2637 4087 Quo
2671 4022 2974 4092 patiuntur.

2232 4109 2336 4177 Qui
2360 4118 2632 4182 potestate
2661 4119 2984 4177 manifestus
3008 4132 3249 4193 exstans,

2233 4201 2356 4257 Mox
2380 4203 2527 4260 Petri
2554 4222 2772 4264 socrum
2801 4210 3045 4269 febribus
3060 4214 3356 4286 iacentem,

2232 4293 2423 4368 Reguli
2457 4298 2687 4369 prolem,
2710 4316 3048 4377 puerumque
3072 4308 3252 4365 salvas

2526 4394 2894 4455 Centurionis.

2233 4483 2397 4581 {crto
2425 4484 2703 4581 [Marten.,
2735 4488 2901 4564 festo]
2935 4492 3214 4565 languenti
3253 4496 3453 4581 papula
3484 4500 3736 4573 vigorem,

2236 4577 2639 4651 Efﬂuelargam
2663 4582 3149 4652 populo-salutem:
3268 4577 3271 4581 ’
3340 4580 3343 4581 ν

2236 4667 2490 4727 Pristinis
2510 4685 2662 4727 more
2699 4673 2860 4730 solito
2884 4674 3188 4735 reformans

2525 4762 2740 4821 Viribus
2756 4781 2949 4838 aegros.

2234 4854 2538 4927 Corporum
2565 4860 2806 4928 morbos,
2842 4863 3194 4936 animumque
3233 4865 3509 4941 [Μαηεηη
3535 4870 3735 4928 aninm-

3355 4962 3484 5037 que]
3523 4977 3671 5022 sana.

2236 5040 2529 5099 Vulnerum
2557 5046 2737 5102 causis
2768 5047 2964 5105 adhibe
2992 5050 3280 5119 medelam,

2233 5130 2313 5185 Ne
2334 5132 2456 5190 sine
2475 5134 2655 5191 fructu
2690 5139 2962 5197 cruciatus
2986 5129 3110 5197 nra't

2490 5289 2493 5292 ἠ
2519 5224 2758 5297 Corpora
2786 5238 2994 5287 nostra.

2230 5311 2417 5369 Omnis
2435 5314 2699 5387 impulsus
2716 5322 2991 5390 perimens
3019 5326 3262 5397 recedat,

2229 5404 2418 5467 Omnis
2447 5408 2697 5467 incursus
2719 5415 2968 5473 crucians
2996 5417 3287 5492 liquescat,

2234 5498 2398 5573 Vigor
2415 5510 2613 5573 optatae
2636 5504 2814 5562 foveat
2842 5509 3033 5569 salutis

2509 5594 2766 5655 Membra
2783 5600 3029 5662 dolentis.
