4038 6336
294 340 400 398 557

363 415 475 534 ‘31
503 450 626 518 'Jam
654 443 796 503 Deus
818 449 1004 499 noster
1022 440 1276 495 miserate
1301 435 1456 489 ﬂetus
1475 474 1490 500 ,

365 529 459 609 éic
487 544 681 618 quibus
706 548 765 595 tc
795 552 939 593 nunc
966 534 1200 605 petimus
1232 529 1468 593 medere,

368 634 441 703 Ut
468 648 619 697 tuam
644 633 821 691 omnis
849 628 1117 685 recubans
1142 622 1407 680 medelam

518 733 729 790 Sentiat
756 743 914 799 teger.

371 832 491 899 Quo
514 845 613 899 per
635 825 779 880 illata
804 820 945 875 mala
972 815 1101 872 dum
1126 808 1373 869 teruntur
1390 852 1403 878 ,

372 923 723 979 Erudltorum
753 930 977 970 numero
998 909 1202 975 decori,

374 1016 670 1086 Compotes
698 1010 902 1063 intrent
930 1004 1174 1060 sociante
1203 998 1384 1053 fructu

521 1105 707 1175 Regna
744 1101 1011 1172 polorum.

375 1197 562 1254 Gloria
587 1192 756 1257 Patri,
780 1191 1079 1261 genitaeque
1100 1184 1265 1250 Proli,

377 1291 451 1346 Et
475 1286 549 1343 ibi
577 1294 800 1355 compar
826 1281 1108 1350 utriusque
1138 1288 1353 1345 semper

380 1381 620 1453 Spiritus
649 1377 808 1440 alme,
843 1374 985 1427 Deus
1014 1382 1157 1426 unus
1184 1368 1331 1423 omni

527 1471 794 1538 Tempore
816 1465 961 1521 secli.

380 1564 567 1621 Gloria
596 1561 790 1632 psallat
814 1559 1035 1623 chorus,
1066 1563 1121 1610 et
1148 1551 1394 1618 resultet,

381 1657 627 1713 Gloriam
673 1653 844 1721 dicat,
896 1656 1060 1706 canat
1116 1656 1172 1703 et
1208 1646 1465 1712 resolvat,
1517 1641 1771 1717 [Martem
1819 1648 1907 1695 re-

1690 1732 1837 1788 volat
1860 1730 1904 1804 ],

386 1836 624 1915 Spiritus
650 1840 810 1906 alme,
838 1835 984 1892 Dens
1001 1848 1142 1890 unus
1166 1833 1314 1890 omni

532 1931 801 2003 Tempore
821 1928 971 1985 secli.

722 2058 823 2098 PRO
858 2052 1235 2097 FAHILIABIBUS
1273 2050 1492 2091 ORATIO.

389 2160 591 2216 Libera
616 2171 736 2221 nos,
768 2167 1099 2225 quaesumus,
1130 2148 1359 2204 Domine
1387 2152 1575 2201 sancte
1603 2141 1769 2198 Pater
1795 2156 1911 2197 om-

317 2253 593 2322 nipotens,
616 2254 816 2301 teterne
845 2244 1008 2309 Deus,
1041 2241 1109 2295 ab
1134 2239 1386 2296 omnibus
1408 2237 1573 2301 vitiis,
1598 2243 1655 2291 et
1678 2236 1746 2291 de
1773 2234 1909 2290 insi-

318 2344 427 2400 diis
458 2338 680 2398 inimici.
711 2336 943 2406 Protege
966 2349 1065 2388 nos
1096 2332 1163 2386 ab
1195 2330 1341 2385 omni
1375 2327 1720 2383 tribulatione
1740 2334 1797 2381 et
1818 2339 1913 2395 p0-

319 2440 524 2491 testate
552 2430 769 2500 iniqua,
801 2435 861 2481 ut
898 2423 1275 2495 magniﬁcetur
1304 2435 1502 2475 nomen
1530 2426 1681 2472 tuum
1716 2425 1770 2471 et
1798 2433 1915 2470 ma-

320 2528 495 2600 iestas
519 2532 648 2578 tua:
689 2535 758 2576 ne
798 2520 985 2574 dicant
1008 2520 1199 2586 gentes
1218 2556 1233 2581 ,
1266 2512 1369 2569 Ubi
1397 2520 1480 2567 est
1509 2511 1654 2566 Deus
1684 2509 1917 2565 eorum?

320 2619 470 2674 Deus
510 2622 691 2670 autem
727 2620 914 2667 noster
944 2608 999 2663 in
1028 2606 1187 2672 cmlo,
1222 2605 1406 2661 omnia
1444 2617 1783 2673 quacunque
1814 2614 1914 2657 vo—

321 2686 445 2774 luit,
470 2705 619 2762 fecit.
651 2702 873 2760 Custodi
910 2715 1031 2766 nos,
1073 2697 1329 2763 Domine,
1373 2703 1433 2751 ut
1456 2693 1716 2765 pupillam
1754 2690 1914 2759 oculi,

324 2803 427 2860 sub
465 2800 657 2856 umbra
688 2797 897 2852 alarum
936 2803 1151 2849 tuarum
1180 2798 1402 2864 protege
1434 2804 1535 2844 nos
1560 2807 1573 2846 :
1600 2802 1669 2842 ne
1693 2786 1801 2840 ulla
1824 2794 1921 2856 po-

324 2902 501 2951 testas
521 2894 761 2948 liumana
800 2890 986 2960 iniqua
1018 2887 1172 2942 nobis
1193 2898 1389 2939 nocere
1420 2882 1597 2936 valeat
1625 2881 1682 2934 in
1714 2879 1917 2944 anima,

326 2991 383 3044 in
413 3002 668 3058 corpore,
692 2985 746 3040 in
774 2989 974 3047 mente,
1021 2980 1077 3035 in
1112 2976 1454 3040 ambulando,
1488 2974 1543 3028 in
1582 2970 1918 3037 dormiendo,

329 3084 387 3138 in
413 3082 631 3146 stando,
665 3081 722 3135 in
749 3075 1005 3141 sedendo,
1043 3073 1099 3127 in
1128 3072 1249 3126 visu
1268 3111 1281 3137 ,
1316 3070 1371 3124 in
1402 3068 1621 3133 auditu,
1665 3064 1721 3119 in
1751 3071 1917 3129 tactu,

1264 312 1657 374 LlTURGICA.
1696 338 1768 353 --
1805 307 1891 365 OF
1896 302 2076 363 FICIA
2115 302 2254 359 PER
2288 298 2564 357 FERIAS.

1910 440 1964 501 Α
1984 438 2089 495 gue
2119 422 2231 474 fiat.
2262 418 2487 475 Tribuat
2513 415 2607 469 tibi
2651 413 2948 469 secundum
2976 428 3083 497 cor
3111 420 3261 468 tuum
3287 432 3301 468 :
3332 421 3390 470 et
3416 430 3579 473 omne

3466 296 3575 354 568

1986 492 2274 569 consilium
2327 516 2474 562 tuum
2529 505 2832 561 continuet.
2876 492 3201 559 Lmtabimur
3244 505 3301 559 in
3353 500 3616 562 salutari

1986 610 2082 657 tuo
2114 619 2129 654 :
2158 610 2214 656 et
2266 600 2321 653 in
2356 599 2575 653 nomine
2616 598 2712 651 Dei
2753 598 2925 653 nostri
2956 596 3445 669 magm'ﬁcabimur.
3474 590 3607 653 Im-i

1984 694 2133 764 pleat
2154 690 2416 746 Dominus
2451 704 2639 743 omnes
2662 688 2953 759 petitiones
2995 697 3148 742 tuas:
3179 703 3324 743 nunc
3352 689 3583 760 cognovi

1988 780 2248 852 quoniam
2300 778 2509 833 salvum
2571 776 2700 831 fecit
2756 775 3016 831 Dominus
3065 776 3337 833 Christum
3398 792 3577 832 suum.

1991 872 2263 927 Exaudiet
2296 870 2447 925 illum
2476 870 2542 925 de
2570 868 2707 924 etelo
2745 876 2935 923 sancto
2979 884 3079 924 suo
3121 869 3177 923 in
3215 868 3585 940 potentatibus

1994 962 2142 1020 salus
2170 960 2409 1016 dextera:
2455 957 2592 1028 ejus.
2619 957 2687 1013 Ili
2716 958 2773 1012 in
2799 957 3078 1026 curribus,
3122 966 3179 1012 et
3210 959 3271 1013 hi
3301 958 3357 1012 in
3387 959 3539 1029 equis
3564 972 3580 1011 :

1994 1069 2097 1112 nos
2125 1061 2306 1107 autem
2342 1052 2400 1106 in
2438 1050 2656 1107 nomine
2702 1049 2917 1105 Domini
2955 1044 3053 1105 Dei
3086 1051 3264 1106 nostri
3310 1050 3586 1107 invocabi-

1996 1160 2139 1201 mus.
2196 1143 2304 1214 Ipsi
2350 1142 2571 1215 obligati
2617 1148 2746 1197 sunt
2788 1150 2843 1197 et
2870 1141 3220 1196 ceciderunt:
3256 1156 3354 1198 nos
3404 1149 3587 1196 autem

1998 1234 2340 1294 surreximus
2366 1242 2425 1289 et
2460 1235 2629 1291 erecti
2652 1248 2858 1290 sumus.
2884 1233 3132 1297 Domine,
3155 1232 3362 1287 salvum
3388 1232 3475 1289 fac
3501 1247 3588 1289 re—

2000 1344 2121 1401 gem
2152 1347 2166 1382 :
2194 1334 2250 1384 et
2277 1326 2471 1383 exaudi
2500 1341 2598 1381 nos
2628 1325 2685 1379 in
2711 1325 2818 1391 die,
2850 1339 2956 1395 qua
2977 1324 3412 1401 invocaverimus
3441 1333 3516 1379 te.
3614 1386 3615 1389 η

2076 1410 2119 1474 ι]
2128 1431 2146 1473 ι
2161 1436 2338 1491 supra.
2356 1417 2478 1473 Fiat
2500 1416 2879 1472 misericordia
2894 1398 3013 1483 tua,
3024 1414 3271 1483 Domine,
3289 1431 3452 1486 super
3467 1431 3588 1472 nos.

2038 1584 2043 1587 η
2079 1511 2283 1567 Oratio.
2323 1511 2507 1581 Imple,
2539 1510 2788 1575 Domine,
2809 1509 3101 1580 petitiones
3121 1516 3362 1575 nostras,
3390 1515 3445 1563 et
3473 1492 3594 1563 tan-

2006 1618 2174 1675 quam
2221 1602 2638 1673 pinguissimum
2684 1616 2785 1655 nos
2830 1600 3207 1656 holocaustum
3254 1616 3491 1667 assume,
3535 1607 3597 1654 ut

2008 1693 2352 1748 inimicorum
2397 1694 2647 1749 curribus
2676 1692 2956 1763 obligatis,
2985 1692 3239 1747 salutaris
3269 1694 3346 1747 tui
3367 1690 3596 1763 opitula-

1930 1784 1983 1867 θ
2005 1784 2155 1840 tione
2175 1782 2436 1839 laetemur.
2459 1774 2582 1837 Per.

2079 1870 2201 1930 Alia
2222 1868 2429 1929 Oratio.
2453 1868 2639 1943 Imple,
2682 1873 2927 1940 Domine,
2955 1874 3245 1943 petitiones
3274 1882 3515 1942 nostras,
3543 1882 3600 1931 et

2010 1965 2167 2022 mitte
2203 1964 2361 2020 nobis
2390 1964 2650 2019 auxilium
2690 1965 2759 2019 de
2790 1973 2980 2020 sancto
3005 1984 3017 2018 :
3052 1981 3262 2021 memor
3288 1976 3407 2023 esto
3433 1969 3600 2024 sacri-

2011 2054 2122 2111 ﬁcii
2169 2053 2371 2124 nostri,
2402 2046 2548 2125 quod
2594 2054 2689 2110 tibi
2737 2072 2847 2112 non
2879 2056 3053 2111 solum
3100 2057 3372 2117 oblatione
3399 2071 3454 2118 et
3482 2076 3603 2116 ora-

2013 2146 2162 2202 tione
2205 2142 2452 2214 olTertur,
2482 2163 2545 2202 ac
2569 2162 2762 2218 preces
2808 2157 3057 2216 nostras,
3105 2167 3241 2221 quas
3278 2152 3335 2207 in
3366 2170 3603 2225 quacun-

2014 2254 2121 2311 que
2162 2238 2248 2294 die
2285 2230 2383 2294 tibi
2408 2245 2521 2293 tam
2560 2254 2725 2293 manu
2772 2238 2989 2309 linguae,
3036 2254 3199 2309 quam
3246 2258 3388 2314 genu
3425 2244 3605 2302 cordis

2014 2324 2313 2401 offerimus,
2344 2324 2611 2403 propitius
2632 2330 2821 2387 audire
2842 2330 3088 2402 dignare.
3110 2332 3236 2388 Per.

2563 2489 2678 2559 εδ
2714 2472 3053 2544 PSALMUS.

2090 2608 2286 2684 (PsAL.
2319 2606 2449 2678 ιι..)
2484 2607 2685 2662 Beatus
2726 2607 2841 2673 vir,
2884 2608 2977 2677 qui
3015 2606 3266 2679 intelligit
3298 2623 3463 2681 super
3493 2626 3610 2683 ege-

2020 2716 2150 2759 num
2178 2708 2235 2756 et
2265 2712 2563 2770 pauperem
2588 2717 2600 2752 :
2627 2698 2685 2752 in
2705 2698 2792 2754 die
2818 2698 2960 2752 mala
2987 2698 3240 2753 liberabit
3271 2715 3397 2756 eum
3430 2702 3613 2760 Domi-

2021 2810 2145 2852 nus.
2184 2793 2448 2850 Dominus
2504 2799 2793 2849 conservet
2834 2807 2978 2858 eum,
3009 2800 3066 2845 et
3092 2792 3329 2847 viviﬁcet
3373 2809 3519 2862 eum,
3558 2802 3615 2854 et

2020 2888 2243 2946 beatum
2288 2887 2456 2942 faciat
2493 2901 2619 2942 eum
2646 2887 2702 2941 in
2735 2895 2882 2942 terra
2912 2906 2924 2940 :
2958 2894 3014 2941 et
3050 2901 3158 2943 non
3190 2889 3369 2946 tradat
3405 2906 3530 2946 eum
3559 2892 3614 2949 in

2024 2982 2265 3037 animam
2303 2980 2648 3037 inimicorum
2690 2979 2825 3049 ejus.
2857 2982 3120 3040 Dominus
3161 3000 3321 3056 opem
3361 2983 3500 3039 ferat
3540 2984 3614 3039 illi

2024 3092 2189 3148 super
2216 3076 2416 3133 lectum
2453 3075 2654 3130 doloris
2700 3076 2818 3147 ejus
2852 3094 2865 3130 :
2893 3078 3208 3134 universum
3237 3086 3469 3134 stratum
3500 3077 3619 3147 ejus

329 3176 389 3230 in
416 3175 668 3239 οάοηὶῑυν
714 3173 769 3226 in
810 3176 988 3241 ἕυδῑιιν
1024 3167 1079 3219 in
1107 3171 1255 3235 P0“),
1284 3162 1340 3215 ίη
1373 3175 1495 3225 ιιδυν
1540 3160 1593 3213 in
1624 3173 1833 3230 gressu,
1866 3156 1923 3210 in
1950 3163 1999 3232 C
2026 3169 2260 3227 Versasti
2280 3169 2339 3225 in
2353 3166 2671 3223 infirmitate
2687 3166 2823 3236 ejus.
2852 3169 2963 3240 Ego
2993 3170 3105 3225 dixi
3135 3186 3149 3224 :
3175 3165 3421 3238 Domine,
3452 3172 3618 3226 mise-

329 3264 586 3331 lectione,
617 3264 672 3318 in
696 3260 973 3323 oratione,
1006 3257 1060 3311 in
1091 3270 1283 3318 sensu,
1317 3248 1369 3306 in
1401 3249 1703 3315 locutione,
1737 3248 1792 3303 in
1832 3262 1924 3302 co-

332 3356 619 3434 gitatione,
651 3354 704 3408 in
748 3349 1119 3421 separatione,
1162 3345 1215 3398 in
1260 3341 1696 3414 congregatione,
1739 3338 1795 3392 in
1837 3337 1924 3392 iti-

335 3432 495 3517 nere,
526 3450 580 3504 in
612 3445 973 3517 navigatione.
1014 3440 1211 3495 Libera
1242 3453 1361 3503 nos,
1393 3436 1631 3490 clemens
1662 3432 1920 3496 Trinitas,

338 3542 408 3599 ab
426 3540 582 3597 'omni
618 3536 761 3593 malo
786 3531 1078 3606 przeterito,
1128 3528 1403 3600 prresenti,
1434 3532 1489 3581 et
1528 3523 1710 3578 futuro
1741 3537 1756 3575 :
1786 3522 1928 3577 sicut

335 3634 586 3692 liberasti
615 3644 803 3687 servos
832 3635 953 3681 tuos
980 3625 1047 3679 ab
1077 3622 1230 3677 initio
1258 3618 1443 3675 mundi
1467 3660 1480 3685 ,
1508 3617 1621 3673 Noe
1648 3632 1679 3669 a
1705 3612 1923 3677 diluvio,

335 3726 617 3781 Abraham
647 3722 712 3776 dc
749 3718 825 3775 Ur
865 3715 1254 3778 Chaldaeorum,
1295 3706 1397 3767 Lot
1423 3710 1488 3765 de
1514 3707 1732 3763 civitate
1758 3704 1928 3760 Sodo-

339 3828 575 3879 morum,
607 3813 824 3882 Moysen
853 3818 907 3864 ct
934 3805 1186 3878 populum
1212 3802 1379 3858 Israel
1408 3800 1473 3856 de
1502 3800 1641 3855 mari
1667 3797 1849 3852 Rubro
1877 3802 1931 3851 et

341 3909 409 3965 de
434 3904 684 3963 manibus
711 3901 1032 3964 Pharaonis,
1059 3897 1229 3951 David
1262 3896 1328 3951 de
1357 3911 1520 3950 manu
1545 3892 1722 3947 Saulis
1744 3900 1798 3947 et
1824 3889 1929 3945 Go-

339 3998 448 4063 lize,
495 3997 668 4052 Eliam
704 4002 758 4050 et
793 3994 979 4049 Enoch
1007 3991 1074 4046 de
1100 3991 1203 4045 hoc
1239 3988 1459 4053 mundo,
1492 3985 1716 4041 Tobiam
1742 3982 1807 4037 de
1837 3982 1932 4037 do-

340 4092 459 4147 lore
486 4090 782 4153 oculorum,
814 4093 926 4140 tres
952 4099 1147 4153 pueros
1171 4082 1238 4136 de
1264 4080 1477 4136 camino
1503 4078 1641 4149 ignis
1668 4072 1927 4138 ardentis,

345 4187 658 4241 Susannam
688 4182 755 4236 de
794 4195 957 4235 manu
994 4176 1321 4247 principum,
1352 4172 1543 4227 Daniel
1570 4172 1635 4227 de
1669 4169 1791 4224 lacu
1821 4169 1931 4223 ico-

344 4291 500 4343 num,
532 4273 724 4328 Jonam
766 4270 832 4325 de
874 4275 1067 4324 ventre
1110 4267 1235 4331 ceti,
1275 4264 1566 4318 Ezechiam
1607 4261 1674 4315 de
1706 4257 1933 4312 inﬁrmi-

349 4374 483 4433 tate,
515 4363 759 4419 Naaman
789 4361 985 4432 Syrum
1009 4359 1077 4414 de
1103 4356 1440 4429 mgritudine,
1472 4361 1527 4408 et
1551 4352 1735 4408 Jesum
1765 4350 1932 4403 ﬁlium

344 4458 472 4515 Nun
515 4458 582 4513 de
613 4456 811 4527 praeliis
853 4454 1300 4516 Chananaaorum,
1350 4448 1599 4503 Ninivem
1647 4445 1714 4499 de
1757 4452 1933 4497 morte

347 4552 615 4618 minante,
652 4549 809 4605 Isaac
850 4548 917 4602 de
946 4546 1122 4617 gladio
1146 4544 1316 4615 patris
1344 4540 1448 4605 sui,
1484 4538 1584 4593 Job
1612 4536 1680 4591 de
1706 4534 1931 4590 tribula-
1961 4531 2016 4593 D

346 4644 591 4702 tionibus
620 4642 753 4708 suis,
783 4638 1001 4695 Gedeon
1032 4638 1099 4692 de
1131 4634 1397 4700 barbaris,
1423 4633 1642 4687 Petrum
1672 4629 1739 4684 de
1766 4626 1940 4682 ﬂucti-

346 4741 454 4797 bus
484 4739 651 4794 maris
680 4746 736 4794 et
763 4737 829 4793 de
868 4750 1112 4802 carcere,
1136 4732 1360 4787 Paulum
1389 4731 1456 4785 de
1495 4727 1677 4783 multis
1716 4725 1941 4781 tribula-

350 4831 593 4887 tionibus
638 4837 694 4883 et
737 4826 1011 4899 periculis.
1064 4824 1154 4879 Sic
1211 4829 1399 4877 sancta
1452 4818 1690 4874 Trinitas
1738 4824 1941 4872 aeterne

350 4925 527 4991 Deus,
567 4938 672 4978 nos
698 4921 929 4977 famulos
959 4928 1081 4974 tuos
1128 4916 1197 4972 ab
1236 4913 1485 4971 omnibus
1524 4913 1579 4966 in
1608 4911 1714 4965 hoc
1740 4908 1939 4965 saeculo

352 5017 569 5076 insidiis
597 5014 796 5071 diaboli
832 5013 1083 5077 liberare,
1106 5010 1240 5066 etin
1270 5016 1361 5064 tuo
1397 5012 1584 5062 sancto
1611 5013 1941 5058 conservare

353 5111 594 5184 digneris
620 5108 817 5163 illaesos
838 5106 1059 5161 servitio
1091 5122 1101 5156 :
1132 5110 1191 5158 ut
1219 5103 1274 5157 in
1304 5100 1483 5155 futuro
1512 5106 1690 5153 tecum
1718 5092 1945 5164 praemia

352 5201 618 5273 consequi
652 5213 958 5255 mereamur
980 5204 1202 5262 interna,
1246 5193 1339 5263 qui
1380 5191 1517 5246 vivis
1556 5198 1612 5245 et
1648 5202 1843 5260 regnas
1885 5185 1941 5240 in

354 5295 556 5354 saecula
585 5291 922 5351 saeculorum.
953 5289 1149 5346 Amen.

980 5396 1319 5456 PSALMUS.

430 5516 624 5591 (ΡεΑι.
656 5528 771 5568 nx.
796 5513 817 5585 )
845 5513 1113 5568 Exaudiat
1139 5518 1191 5565 te
1228 5508 1489 5563 Dominus
1520 5504 1576 5558 in
1607 5502 1693 5556 die
1725 5497 1947 5553 tribula-

359 5609 568 5665 tionis:
598 5611 846 5677 protegat
897 5612 952 5659 te
1002 5616 1199 5659 nomen
1248 5601 1343 5655 Dei
1395 5595 1577 5653 Jacob.
1634 5594 1810 5647 Mittat
1854 5591 1949 5645 tibi

362 5699 626 5758 auxilium
653 5699 719 5752 de
765 5706 955 5753 sancto
988 5717 997 5749 :
1026 5705 1080 5751 et
1121 5697 1186 5750 de
1218 5694 1348 5748 Sion
1380 5698 1592 5745 tueatur
1625 5695 1691 5741 te.
1745 5683 1951 5737 Memor

365 5793 443 5855 sit
467 5792 646 5853 omnis
690 5789 943 5847 sacriﬁcii
982 5792 1098 5846 tui:
1133 5797 1187 5845 et
1225 5788 1597 5843 holocaustum
1642 5789 1791 5836 tuum
1831 5774 1949 5846 pin-

2026 3278 2151 3319 rere
2200 3263 2308 3318 mei
2337 3280 2350 3316 :
2378 3270 2514 3317 sana
2544 3262 2785 3317 animam
2824 3277 3024 3330 meam,
3078 3266 3205 3334 quia
3234 3265 3455 3335 peccavi
3500 3262 3617 3318 tibi.

2025 3355 2235 3411 Inimici
2275 3355 2385 3411 mei
2418 3355 2673 3409 dixerunt
2708 3354 2851 3409 mala
2892 3354 3026 3409 mihi
3058 3374 3070 3409 :
3102 3356 3322 3427 quando
3358 3355 3623 3412 morietur

2028 3457 2084 3503 et
2110 3448 2308 3519 peribit
2333 3462 2533 3502 nomen
2573 3445 2735 3516 ejus?
2761 3447 2831 3501 Et
2860 3448 2905 3502 si
2934 3446 3358 3519 ingrediebatur,
3386 3452 3449 3502 ut
3468 3447 3621 3511 vide-

2027 3550 2134 3610 ret,
2164 3557 2306 3597 vana
2332 3541 2654 3611 loquebatur
2683 3555 2699 3593 :
2723 3554 2820 3596 cor
2843 3540 2961 3609 ejus
2986 3542 3336 3613 congregavit
3364 3540 3622 3614 iniquita-

2030 3647 2142 3695 tem
2189 3639 2310 3695 sibi.
2341 3637 2733 3709 Egrediebatur
2771 3636 2920 3693 foras
2955 3656 2968 3690 :
3000 3644 3057 3693 et
3083 3636 3406 3708 loquebatur
3444 3636 3500 3692 in
3544 3637 3624 3691 id-

2030 3735 2228 3805 ipsum.
2282 3733 2587 3788 Adversum
2640 3747 2728 3787 me
2779 3732 3141 3788 susurrabant
3185 3747 3375 3788 omnes
3419 3732 3623 3788 inimici

2031 3828 2180 3882 mei:
2211 3826 2499 3881 adversum
2547 3839 2637 3879 me
2668 3825 2980 3895 cogitabant
3020 3824 3162 3878 mala
3200 3824 3351 3878 mihi.
3385 3822 3625 3878 Verbum

2033 3922 2280 3991 iniquum
2310 3920 2713 3975 constituerunt
2763 3918 3050 3973 adversum
3078 3931 3205 3972 me:
3237 3914 3491 3987 Nunquid
3531 3914 3625 3986 qui

2035 4016 2254 4081 dormit,
2296 4028 2406 4069 non
2450 4013 2665 4082 adjiciet
2691 4020 2751 4066 ut
2775 4009 3063 4083 resurgat?
3092 4010 3305 4065 Etenim
3335 4009 3498 4065 homo
3528 4016 3624 4079 p‘a—

2033 4108 2114 4161 cis
2158 4120 2294 4160 mea:
2318 4105 2375 4159 in
2423 4118 2531 4174 quo
2580 4104 2796 4173 speravi
2827 4120 2840 4157 :
2867 4103 2959 4173 qui
3003 4100 3198 4157 edebat
3233 4116 3404 4174 panes
3450 4116 3624 4168 meos,

2035 4198 2417 4271 magniﬁcavit,
2440 4210 2603 4267 super
2641 4210 2728 4249 me
2767 4193 3278 4265 supplantationem.
3312 4191 3394 4247 Tu
3422 4200 3625 4260 autem,

2035 4291 2281 4355 Domine,
2322 4290 2585 4344 miserere
2628 4287 2762 4353 mei,
2796 4293 2851 4341 et
2893 4287 3157 4342 resuscita
3202 4300 3288 4340 me
3321 4303 3334 4339 :
3367 4291 3424 4340 et
3467 4284 3628 4339 retri-

2036 4386 2199 4440 buam
2245 4384 2343 4439 eis.
2389 4383 2450 4437 In
2492 4384 2596 4438 hoc
2632 4382 2880 4455 cognovi,
2930 4381 3187 4451 quoniam
3233 4378 3447 4436 voluisti
3496 4393 3622 4435 me:

2040 4475 2297 4546 quoniam
2327 4488 2437 4531 non
2464 4475 2718 4547 gaudebit
2746 4475 2995 4530 inimicus
3015 4487 3167 4527 meus
3196 4486 3360 4542 super
3398 4485 3505 4526 me.
3540 4468 3626 4528 Me

2040 4573 2222 4620 autem
2267 4574 2489 4637 propter
2540 4566 2907 4621 innocentiam
2949 4562 3233 4633 suscepisti
3275 4582 3289 4618 :
3323 4570 3379 4619 et
3426 4560 3628 4619 conﬁr-

2038 4656 2201 4711 masti
2226 4668 2315 4713 me
2343 4657 2399 4711 in
2443 4666 2739 4727 conspectu
2778 4656 2954 4710 tuoin
2982 4656 3261 4710 aeternum.
3304 4652 3628 4709 Benedictus

2037 4746 2303 4804 Dominus
2324 4748 2468 4803 Deus
2495 4747 2665 4801 Israel
2690 4761 2722 4801 a
2750 4746 2948 4801 szeculo
2977 4753 3033 4800 et
3058 4761 3232 4817 usque
3254 4745 3311 4800 in
3335 4742 3626 4801 saeculum:

2038 4842 2155 4907 ﬁat,
2187 4841 2297 4895 ﬁat.

2110 4931 2179 4987 Ut
2208 4950 2388 5004 supra.
2420 4932 2705 5001 Dispersit,
2732 4931 2883 4987 dedit
2900 4932 3247 5003 pauperibus.

2120 5022 2324 5078 Oratio.
2390 5021 2711 5078 Nostrorum
2764 5016 3138 5091 peccaminum
3186 5021 3335 5078 mitis
3372 5018 3627 5089 indultor,

2046 5127 2247 5176 aeterne
2270 5119 2434 5183 Dens,
2456 5117 2549 5187 qui
2579 5116 2676 5171 das
2704 5113 2940 5188 effugere
2966 5116 3107 5172 diem
3137 5118 3358 5184 malum,
3392 5117 3435 5171 si
3465 5117 3629 5173 mise-

2048 5214 2283 5271 ricordia
2310 5213 2669 5283 subsequatur
2686 5226 2915 5285 egenum
2948 5208 3064 5268 :fer
3090 5228 3266 5283 opem,
3298 5218 3629 5283 quaesumus,

2050 5307 2324 5362 doloribus
2368 5309 2591 5377 nostris,
2634 5318 2693 5365 ut
2733 5310 2860 5364 dum
2889 5307 3130 5363 carnalia
3169 5307 3362 5363 delicta
3392 5306 3630 5361 clemen-

2050 5406 2133 5455 ter
2158 5403 2360 5472 arguis,
2396 5402 2848 5456 medicamentum
2897 5402 3091 5455 animze
3140 5398 3474 5470 placabiliter
3520 5397 3625 5452 lar-

2046 5492 2228 5565 giaris.
2254 5493 2360 5549 Per
2381 5494 2686 5549 Dominum.

2119 5587 2258 5642 Atia.
2285 5584 2559 5642 Conﬁrma
2601 5602 2699 5639 nos
2738 5586 2793 5639 in
2822 5591 3113 5654 conspectu
3150 5593 3259 5649 tuo,
3300 5584 3546 5649 Domine,
3581 5583 3638 5641 ir.

2050 5687 2342 5745 aeternum;
2372 5684 2433 5731 ut
2462 5677 2697 5731 deﬁxum
2726 5679 2830 5733 iter
2858 5685 3103 5733 nostrum
3132 5677 3279 5733 nullo
3317 5676 3492 5733 alieno
3523 5674 3639 5734 sola-

2049 5772 2285 5830 Iicitetur
2310 5778 2545 5839 aspectu.
2579 5768 2702 5823 Per.

3652 5524 3668 5550 ἱ
