4038 6336
420 336 529 398 559

1002 502 1011 511 .
1048 444 1387 505 PSALMUS.

495 570 686 645 (Pun.
712 565 896 641 uvr.)
932 566 1076 621 Deus
1102 562 1428 618 misereatur
1452 554 1625 614 nostri
1658 572 1672 609 :
1700 561 1756 609 et
1785 550 2005 645 benedi-

420 642 521 723 eat
534 663 694 719 nobis
725 679 739 716 :
770 658 1036 717 illuminet
1060 654 1263 709 vultum
1293 665 1450 705 suum
1478 663 1642 719 super
1664 660 1785 710 nos,
1828 651 1883 698 et
1901 642 2005 697 mi-

421 764 670 815 sereatur
692 751 883 810 nostri.
908 749 976 807 Ut
1003 759 1392 818 cognoscamus
1418 742 1473 796 in
1499 750 1649 795 terra
1660 738 1804 793 viam
1827 745 2005 792 tuam:

421 848 477 903 in
530 845 779 903 omnibus
826 841 1075 914 gentibus
1126 837 1364 893 salutare
1416 842 1585 888 tuum.
1638 830 2013 887 Conﬁteantur

421 940 517 995 tibi
562 937 765 1009 populi,
805 935 950 990 Deus
982 953 995 987 ε
1027 931 1386 987 conﬁteantur
1429 927 1523 982 tibi
1568 924 1749 996 populi
1797 936 2004 977 omnes.

421 1032 696 1087 La3tentur
725 1037 779 1084 et
821 1026 1095 1083 exsultent
1122 1031 1342 1096 gentes,
1389 1018 1646 1090 quoniam
1668 1015 1881 1084 judicas
1908 1027 2007 1083 po-

419 1119 575 1192 pulos
616 1120 671 1172 in
698 1117 977 1186 mquitate,
1008 1123 1063 1169 et
1091 1120 1279 1184 gentes
1319 1111 1373 1165 in
1417 1118 1561 1163 terra
1601 1106 1807 1176 dirigis.
1830 1102 2011 1158 Conﬁ-

420 1218 642 1266 teantur
689 1208 785 1262 tibi
822 1206 1027 1277 populi,
1060 1204 1235 1269 Deus,
1284 1200 1645 1257 confiteantur
1690 1196 1785 1251 tibi
1831 1194 2012 1266 populi

419 1316 629 1364 omnes,
686 1310 832 1353 terra
877 1296 1026 1350 dedit
1078 1293 1313 1349 fructum
1358 1307 1535 1346 suum.
1576 1287 1868 1345 Benedicat
1911 1300 2012 1341 nos

420 1390 588 1456 Deus,
619 1390 762 1446 Deus
792 1398 1009 1453 noster,
1039 1386 1328 1441 benedicat
1351 1398 1451 1440 nos
1474 1382 1619 1438 Deus
1637 1422 1652 1449 ,
1684 1389 1741 1437 et
1770 1386 2013 1435 metuant

420 1497 547 1537 eum
574 1495 765 1536 omnes
802 1479 937 1534 ﬁnes
960 1487 1140 1532 terrae.

494 1573 565 1627 Ut
611 1589 792 1643 supra.
851 1570 1192 1641 Adjutorium
1236 1576 1485 1624 nostrum
1531 1567 1589 1623 in
1633 1564 1854 1623 nomine
1906 1564 2013 1621 Do-

418 1680 579 1721 1mm.

498 1761 701 1814 Oratio.
756 1758 1024 1823 lllumina,
1074 1756 1335 1820 Domine,
1387 1753 1594 1808 vultum
1646 1757 1799 1806 tuum
1848 1764 2091 1850 superB

423 1867 547 1915 nos,
574 1860 630 1905 et
653 1849 1080 1905 misericordiam
1107 1847 1263 1903 nobis
1288 1845 1532 1911 uberem,
1552 1842 2014 1899 benedictionem-

428 1959 533 2015 que
560 1944 774 2015 largire.
801 1943 922 1997 Per.

494 2033 612 2087 Alia
666 2033 869 2087 Oratio.
913 2031 1315 2104 Cognoscentes
1356 2028 1411 2084 in
1455 2037 1602 2084 terra
1644 2027 1791 2082 viam
1840 2032 2010 2089 tuam,

423 2124 667 2191 Domine,
698 2127 751 2180 in
797 2127 1049 2181 omnibus
1079 2124 1329 2197 gentibus
1359 2122 1597 2178 salutare
1628 2127 1803 2185 tuum,
1849 2117 2013 2174 Chri-

425 2224 566 2269 stum
594 2216 902 2279 Dominum,
946 2224 1001 2270 et
1021 2215 1167 2268 viam
1194 2229 1316 2269 esse
1339 2210 1660 2267 confitemur
1680 2216 1734 2264 et
1756 2208 2013 2279 patriam,

430 2320 528 2374 per
575 2321 737 2374 quem
786 2306 841 2358 in
869 2305 1134 2358 directum
1175 2303 1469 2374 gradimur,
1519 2307 1575 2356 et
1602 2300 1670 2355 ad
1710 2297 2015 2379 profectum

426 2396 801 2465 plenissimum
828 2396 1196 2465 pervenimus.
1235 2394 1355 2449 Per.

1051 2526 1391 2584 PSALMUS.

498 2642 690 2715 (PSAL.
723 2641 931 2711 cxxxt.)
978 2641 1278 2708 Memento,
1324 2643 1567 2709 Domine,
1600 2643 1788 2709 David,
1819 2652 1877 2699 et
1900 2658 2015 2700 om-

423 2731 513 2790 nis
550 2732 979 2787 mansuetudinis
1024 2731 1159 2800 ejus.
1207 2732 1355 2788 Sicut
1384 2734 1587 2804 juravit
1627 2733 1876 2801 Domino,
1920 2751 2018 2791 vo-

425 2831 539 2879 tum
583 2823 731 2879 vovit
761 2824 870 2878 Deo
897 2823 1085 2879 Iacob.
1141 2823 1197 2878 Si
1240 2825 1501 2881 introiero
1530 2826 1583 2880 in
1611 2825 2016 2881 tabernaculum

426 2917 620 2972 domus
645 2932 799 2980 meae,
851 2918 896 2973 si
943 2917 1243 2973 ascendero
1268 2918 1322 2972 in
1353 2918 1547 2973 lectum
1592 2918 1750 2973 strati
1795 2918 1919 2973 mei.
1958 2917 2019 2973 Si

426 3007 627 3064 dedero
657 3024 908 3064 somnum
936 3010 1107 3066 oculis
1139 3011 1293 3076 meis,
1326 3019 1381 3066 et
1407 3012 1677 3081 palpebris
1716 3012 1853 3067 meis
1887 3012 2015 3068 dor-

425 3100 781 3154 mitationem.
800 3100 867 3154 Et
896 3102 1137 3171 requiem
1164 3102 1497 3172 temporibus
1521 3103 1657 3158 meis
1687 3117 1702 3157 :
1732 3104 1905 3159 donec
1933 3105 2017 3160 in-

426 3193 640 3247 veniam
691 3193 869 3248 locum
919 3194 1167 3260 Domino,
1218 3195 1625 3251 tabernaculum
1668 3195 1780 3253 Deo
1824 3196 2011 3254 Iacob.

428 3282 568 3338 Ecce
598 3282 901 3339 audivimus
927 3300 1046 3339 eam
1077 3286 1129 3340 in
1158 3286 1395 3356 Ephrata
1426 3304 1439 3340 :
1474 3287 1780 3343 invenimus
1808 3303 1929 3344 eam
1960 3290 2015 3344 in

428 3374 637 3444 campis
684 3374 851 3430 silvaa.
897 3376 1245 3435 Introibimus
1292 3380 1348 3434 in
1402 3380 1807 3437 tabernaculum
1855 3384 2012 3453 ejus:

429 3465 780 3521 adorabimus
805 3466 1020 3535 inloco,
1050 3468 1139 3524 ubi
1170 3477 1440 3525 steterunt
1464 3471 1632 3541 pedes
1652 3470 1788 3541 ejus.
1820 3471 2015 3544 Surge,

431 3557 677 3623 Domine,
711 3557 767 3612 in
796 3559 1040 3629 requiem
1071 3568 1218 3614 tuam
1251 3575 1265 3614 :
1304 3568 1357 3614 tu
1385 3569 1440 3615 et
1475 3576 1603 3616 arca
1633 3560 2021 3617 sanctiﬁcatio-

431 3655 514 3707 nis
576 3660 700 3707 tuaa.
770 3652 1091 3708 Sacerdotes
1139 3654 1217 3708 tui
1274 3654 1571 3710 induantur
1616 3654 1932 3723 justitiam:
1966 3662 2022 3710 et

432 3744 606 3798 sancti
632 3745 707 3798 tui
730 3743 1015 3799 exsultent.
1034 3744 1261 3814 Propter
1281 3745 1450 3802 David
1472 3761 1687 3801 servum
1714 3755 1885 3812 tuum,
1910 3761 2020 3801 non

432 3844 647 3891 avertas
688 3835 881 3892 faciem
921 3835 1124 3891 Christi
1159 3838 1254 3892 tui.
1294 3837 1505 3894 Iuravit
1549 3839 1809 3896 Dominus
1852 3841 2020 3896 David

433 3928 737 3993 veritatem,
771 3935 827 3982 et
851 3942 958 3982 non
998 3926 1349 3983 frustrabitur
1381 3943 1501 3984 eam
1534 3930 1641 3986 :de
1678 3929 1854 3985 fructu
1896 3944 2023 3985 ven-

434 4022 531 4077 tris
558 4022 636 4077 tui
666 4036 863 4092 ponam
909 4037 1073 4094 super
1120 4020 1306 4079 sedem
1346 4030 1512 4078 tuam.
1562 4023 1619 4080 Si
1664 4025 2026 4083 custodierint

434 4113 527 4168 ﬁlii
556 4115 633 4170 tui
666 4123 1050 4171 testamentum
1076 4130 1258 4171 meum
1285 4129 1299 4169 :
1326 4124 1381 4171 et
1403 4117 1717 4172 testimonia
1733 4133 1854 4173 mea
1884 4118 2019 4184 haac,

435 4218 554 4275 qua:
581 4207 787 4262 docebo
827 4222 940 4263 eos.
982 4207 1051 4261 Et
1078 4206 1172 4262 ﬁlii
1224 4223 1413 4263 eorum
1449 4224 1619 4280 usque
1658 4210 1712 4264 in
1743 4210 2021 4277 saeculum,

436 4298 694 4352 sedebunt
720 4315 884 4369 super
916 4299 1101 4356 sedem
1142 4310 1309 4356 tuam.
1343 4301 1608 4370 Quoniam
1653 4304 1815 4375 elegit
1844 4304 2024 4359 Domi-

436 4398 537 4444 nus
567 4388 697 4445 Sion
733 4409 746 4443 :
778 4392 940 4463 elegit
966 4408 1087 4448 eam
1115 4396 1169 4449 in
1205 4395 1595 4451 habitationem
1623 4396 1745 4451 sibi.
1788 4395 1915 4452 Haec
1937 4411 2023 4451 re-

436 4482 589 4552 quies
626 4498 748 4537 mea
790 4483 845 4537 in
885 4484 1142 4539 smeulum
1178 4485 1359 4539 saeculi
1390 4505 1402 4539 :
1428 4488 1517 4541 hic
1558 4487 1830 4553 habitabo,
1882 4503 2019 4557 quo-

1285 330 1345 385 B.
1383 326 1445 383 ιε’.
1474 320 1701 380 ΑιΒιΝι
1739 317 1872 377 SEU
1908 312 2186 374 ALCUINI
2231 307 2517 368 OPERUM
2544 303 2733 362 PARS
2769 301 2857 358 Ν.

2031 433 2086 498 Α
2106 438 2416 487 nostrorum
2458 426 2701 491 lucerna,
2754 419 3003 478 Christus
3051 415 3311 475 Dominus
3358 424 3581 485 noster;
3631 425 3693 476 ut

3584 294 3690 356 560

2106 524 2222 579 haec
2261 536 2326 576 eo
2368 523 2740 591 praeparante,
2786 512 2963 569 fructu
3001 510 3225 581 justitia‘.
3268 510 3575 583 repleamur
3621 512 3692 573 ad

2107 613 2355 685 gratiam,
2402 617 2458 665 et
2495 607 2663 663 verbo
2711 604 2837 661 vita:
2888 602 3267 660 contineamur
3319 601 3389 657 ad
3438 601 3686 673 gloriam.

2106 705 2231 762 Per.

2731 786 3072 848 PSALMUS.

2181 910 2377 982 (Pssr.
2426 906 2663 979 cxxxn.)
2704 906 2843 961 Ecce
2887 919 3050 974 quam
3083 902 3286 958 bonum
3317 908 3373 957 et
3411 915 3578 973 quam
3606 899 3695 970 ju-

2108 1002 2363 1067 cundum,
2416 1000 2662 1055 habitare
2695 998 2894 1053 fratres
2929 996 2983 1051 in
3019 1010 3204 1050 unum.
3257 992 3412 1049 Sicut
3447 1008 3696 1065 unguen-

2111 1102 2222 1149 tum
2258 1094 2313 1148 in
2349 1092 2557 1163 capite,
2591 1090 2737 1161 quod
2763 1086 3043 1146 descendit
3080 1087 3136 1142 in
3171 1085 3426 1153 barbam,
3468 1084 3694 1141 barbam

2110 1184 2312 1240 Aaron.
2359 1183 2511 1251 Quod
2560 1181 2839 1237 descendit
2884 1179 2940 1234 in
2994 1192 3149 1234 oram
3184 1177 3493 1233 vestimenti
3534 1175 3689 1244 ejus:

2111 1277 2253 1332 sicut
2294 1291 2386 1332 ros
2430 1273 2687 1340 Hermon,
2724 1272 2817 1344 qui
2854 1271 3130 1327 descendit
3164 1270 3219 1325 in
3259 1277 3502 1324 montem
3536 1266 3689 1323 Sion.

2111 1366 2377 1435 Quoniam
2414 1366 2520 1421 illic
2550 1363 2827 1421 mandavit
2861 1360 3121 1419 Dominus
3156 1359 3609 1426 benedictionem,
3642 1364 3697 1415 et

2110 1461 2285 1516 vitam
2310 1475 2481 1530 usque
2510 1459 2565 1513 in
2598 1456 2873 1514 saxulum.

2183 1551 2253 1607 Ut
2274 1568 2454 1623 supra.
2488 1550 2606 1606 Non
2634 1549 2831 1605 mortui
2853 1545 3153 1602 laudabunt
3177 1554 3249 1612 te,
3275 1543 3522 1601 Domine.

2184 1643 2389 1700 Oratio.
2404 1640 2911 1708 lnfunde,Domine,
2941 1639 2996 1694 in
3020 1638 3321 1695 Ecclesiam
3343 1645 3492 1691 tuam
3518 1634 3699 1691 chari-

2114 1744 2281 1793 tatem
2296 1734 2655 1790 fraternitatis
2670 1742 2723 1790 et
2738 1734 2907 1804 pacis,
2932 1739 2993 1787 ut
3005 1746 3130 1787 rore
3154 1728 3416 1801 spiritalis
3437 1726 3699 1800 unguenti

2113 1828 2347 1901 aspersi,
2373 1825 2763 1882 benedictionis
2792 1832 2896 1880 tute
2930 1823 3104 1895 gratia
3122 1820 3503 1891 jucundemur.
3537 1817 3661 1873 Per.

2184 1918 2324 1972 Alia.
2361 1915 2578 1972 Christe
2622 1915 2867 1979 Domine,
2896 1912 3050 1983 cujus
3090 1926 3308 1967 sacrum
3351 1924 3572 1975 nomen,
3602 1923 3702 1966 un-

2113 2014 2313 2082 guento
2362 2004 2553 2071 eﬁ‘uso,
2610 2004 2888 2074 sapientia:
2922 2002 3259 2073 comparavit
3303 2000 3560 2067 odorem;
3609 1999 3697 2066 da,

2114 2113 2443 2170 quaesumus,
2477 2105 2808 2168 unguentum
2837 2096 3056 2151 verticis
3086 2095 3164 2150 tui
3202 2094 3256 2149 in
3284 2092 3511 2148 barbam
3534 2092 3702 2149 deco—

2114 2190 2190 2246 ris
2236 2189 2414 2261 populi
2447 2190 2543 2255 tui,
2585 2197 2639 2243 te
2688 2187 3066 2259 profundente,
3129 2184 3478 2249 descendere,
3536 2199 3604 2239 ac
3650 2184 3705 2239 in

2114 2282 2234 2353 ipsa
2278 2281 2592 2337 vestimenti
2641 2296 2761 2345 ora,
2804 2295 2923 2349 quae
2954 2278 3236 2349 praesentis
3283 2276 3408 2332 vita:
3438 2275 3702 2342 induitur,

2114 2375 2420 2447 pervenire.
2453 2372 2559 2426 Per
2580 2371 2887 2428 Dominum.

2734 2480 3076 2539 PSALMUS.

2188 2579 2381 2653 (.PSAL.
2420 2574 2685 2646 cxxmt.)
2714 2574 2856 2631 Ecce
2880 2588 3024 2630 nunc
3046 2571 3348 2628 benedicite
3375 2570 3669 2627 Dominum
3690 2610 3707 2637 ,

2114 2688 2307 2729 omnes
2336 2672 2479 2727 servi
2503 2669 2737 2725 Domini.
2774 2669 2877 2737 Qui
2912 2667 3067 2724 statis
3094 2667 3148 2723 in
3183 2666 3342 2722 domo
3375 2665 3630 2731 Domini,
3655 2665 3710 2720 in

2116 2765 2272 2820 atriis
2300 2764 2493 2819 domus
2527 2762 2623 2817 Dei
2651 2762 2846 2818 nostri.
2887 2760 2944 2816 In
2974 2759 3225 2817 noctibus
3246 2758 3489 2815 extollite
3514 2772 3713 2813 manus

2117 2864 2335 2912 vestras
2371 2855 2427 2910 in
2458 2861 2648 2910 sancta
2681 2867 2698 2907 :
2726 2861 2783 2908 et
2803 2851 3111 2907 benedicite
3138 2849 3448 2905 Dominum.
3478 2846 3715 2905 Benedi-

2118 2957 2209 3005 cat
2240 2956 2294 3004 te
2321 2946 2582 3002 Dominus
2614 2961 2682 2999 ex
2708 2943 2837 2999 Sion
2867 2960 2880 2996 :
2919 2942 3013 3013 qui
3036 2939 3167 2997 fecit
3186 2939 3384 2996 coelum
3404 2947 3461 2995 et
3485 2946 3711 2993 terram.

2192 3036 2261 3092 Ut
2322 3053 2503 3108 supra.
2570 3035 2798 3104 Propter
2858 3032 3056 3087 fratres
3108 3046 3261 3087 meos
3320 3037 3377 3086 et
3433 3029 3714 3100 proximos

2040 3152 2091 3221 α
2118 3146 2291 3189 meos.

2193 3221 2397 3278 Oratio.
2428 3218 2819 3274 Benedicentes
2852 3225 2905 3272 te
2930 3230 3119 3273 omnes
3142 3214 3286 3271 servi
3319 3214 3421 3280 tui,
3461 3214 3710 3282 Domine,

2120 3318 2511 3387 deprecamur,
2566 3321 2626 3367 ut
2676 3328 2775 3369 nos
2806 3312 2991 3367 mundi
3028 3309 3187 3380 hujus
3235 3317 3399 3367 nocte
3430 3317 3716 3367 contectos

2120 3408 2426 3463 illuminare
2463 3406 2720 3477 digneris,
2770 3412 3036 3476 quatenus
3079 3403 3207 3459 dum
3255 3418 3447 3459 manus
3496 3411 3715 3459 nostras

2122 3498 2177 3553 in
2201 3498 2358 3553 bonis
2386 3496 2641 3568 operibus
2673 3496 2967 3561 elevamus,
3003 3494 3437 3551 benedictionem
3464 3509 3497 3548 a
3530 3501 3589 3550 te
3610 3494 3716 3549 lar-

2122 3591 2400 3663 gissimam
2430 3606 2847 3659 consequamur.
2879 3589 3001 3644 Per.

2195 3681 2317 3736 Alia
2346 3679 2552 3737 Oratio.
2578 3681 2804 3747 Praesta,
2842 3680 3087 3745 Domine,
3120 3688 3182 3733 ut
3216 3679 3428 3736 cunctis
3456 3679 3714 3752 gradibus

2123 3772 2471 3843 perfectionis
2500 3772 2742 3827 ascensis
2779 3772 2833 3826 in
2859 3771 3116 3826 virtutum
3139 3769 3403 3836 culmine,
3440 3778 3497 3825 te
3534 3770 3717 3827 laude-

2123 3878 2276 3929 mus;
2322 3872 2373 3918 et
2423 3871 2631 3918 stantes
2675 3862 2729 3917 in
2775 3862 2935 3917 domo
2982 3869 3076 3916 tua
3121 3870 3283 3932 atque
3311 3862 3363 3916 in
3387 3862 3541 3916 atriis
3592 3862 3714 3926 tuis,

2125 3970 2320 4009 manus
2349 3961 2566 4009 nostras
2596 3952 2665 4007 ad
2692 3960 2748 4007 te
2776 3952 3202 4009 benedicendum
3231 3953 3418 4009 diebus
3448 3968 3515 4009 ac
3548 3953 3717 4009 nocti-

2123 4048 2225 4104 bus
2249 4046 2625 4111 extendamus,
2665 4044 3041 4103 benedictione
3062 4062 3095 4101 a
3120 4054 3173 4103 te
3197 4056 3474 4118 percepta,
3505 4046 3630 4105 coeli
3657 4061 3717 4103 ac

2124 4146 2286 4193 terra:
2308 4137 2538 4191 Domino
2566 4145 2622 4191 et
2649 4135 2949 4193 Salvatore.

2712 4269 3147 4327 DEPRECATIO

2128 4378 2305 4446 Quam
2337 4398 2481 4450 papa
2523 4379 2769 4436 Gelasius
2798 4400 2893 4453 pro
2932 4382 3216 4437 universali
3253 4382 3493 4439 Ecclesia
3521 4384 3714 4442 consti-

2637 4454 2737 4505 tuit
2764 4454 3056 4508 canendum
3081 4471 3211 4508 esse.

626 4533 747 4537 me
791 4533 844 4537 __
887 4533 1142 4539 --.-___._
1178 4533 1359 4539 π---
1390 4533 1402 4539 -
1558 4533 1830 4553 mum,
1923 4533 1987 4543 ,ν

439 4574 584 4628 niam
614 4574 747 4645 elegi
774 4589 913 4628 eam.
949 4575 1062 4645 39
1086 4574 1314 4629 Viduam
1350 4574 1467 4643 ejus
1505 4578 1827 4633 benedicens
1856 4533 2022 4634 bene-
2051 4533 2103 4595 θ
2201 4566 2455 4623 Dicamus
2476 4582 2685 4635 omnes,
2715 4567 2963 4632 Domine.
2985 4570 3180 4626 exaudi
3207 4580 3261 4625 et
3287 4573 3567 4629 miserere-

438 4666 615 4721 dicam
646 4683 659 4719 :
690 4680 953 4737 pauperes
981 4664 1099 4735 ejus
1141 4668 1395 4723 saturabo
1422 4668 1671 4738 panibus.
1705 4668 2026 4727 Sacerdotes

438 4753 785 4824 ejusinduam
810 4756 1029 4812 salutari
1046 4774 1061 4814 :
1078 4765 1133 4813 et
1155 4758 1329 4813 sancti
1361 4758 1436 4812 tui
1462 4758 1820 4815 exsultatione
1841 4760 2023 4815 exsul-

441 4845 651 4899 tabunt.
683 4844 812 4900 Illuc
851 4846 1150 4915 producam
1186 4861 1356 4902 cornu
1388 4847 1577 4917 David,
1621 4850 1808 4921 paravi
1851 4850 2028 4906 lucer-

440 4953 568 4992 nam
597 4936 815 4993 Christo
835 4953 974 4994 meo.
1008 4937 1257 4995 Inimicos
1278 4936 1398 5010 ejus
1420 4940 1638 4996 induam
1663 4941 1983 5001 confusione
2008 4962 2020 4997 :

442 5049 607 5105 super
633 5034 810 5105 ipsum
838 5044 1018 5091 autem
1041 5033 1303 5091 elllorebit
1330 5034 1685 5091 sanctiﬁcatio
1712 5052 1850 5094 mea.

515 5121 585 5177 Ut
614 5140 795 5196 supra.
826 5122 1017 5180 Salvos
1038 5124 1123 5181 fac
1155 5140 1275 5190 nos,
1306 5123 1531 5180 Domine
1561 5124 1704 5182 Deus
1727 5134 1933 5185 noster.

518 5214 722 5272 Oratio.
749 5216 809 5272 ln
837 5217 985 5272 omni
1008 5217 1252 5289 ingressu
1276 5223 1465 5274 nostro
1483 5232 1694 5274 memor
1713 5226 1834 5276 esto
1853 5220 2030 5291 nobis,

444 5308 789 5380 omnipotens
848 5316 1053 5364 aeterne
1103 5307 1282 5375 Deus;
1340 5308 1503 5365 indue
1558 5324 1658 5366 nos
1711 5310 2033 5370 sacerdotali

439 5398 675 5471 iustitia,
705 5407 766 5455 ut
804 5401 985 5458 induci
1014 5414 1320 5458 mereamur
1358 5402 1415 5457 in
1452 5402 1799 5461 tabernacula
1836 5408 2035 5480 sempi-

445 5497 620 5548 terna.
657 5493 779 5548 Per.

519 5585 660 5641 Atia.
689 5587 956 5661 Exsurge,
987 5588 1234 5655 Domine,
1278 5596 1334 5644 et
1358 5590 1523 5646 corda
1551 5600 1741 5648 nostra
1772 5594 1868 5650 tibi
1892 5609 2034 5665 prae-

448 5688 712 5747 parentur
756 5681 812 5737 in
846 5683 1128 5755 requiem;
1163 5682 1342 5755 sitque
1383 5683 1438 5738 in
1474 5682 1699 5757 singulis
1746 5700 1890 5741 arcae
1924 5693 2032 5744 tua

455 5771 829 5844 sanctiﬁcatio,
883 5778 1268 5850 meditatioque
1322 5779 1666 5848 sanctitatis,
1705 5786 1760 5841 et
1802 5794 2028 5852 operum

2202 4661 2420 4718 Patrem
2453 4662 2738 4733 unigeniti,
2770 4672 2825 4719 et
2849 4663 2945 4719 Dei
2973 4663 3164 4719 Filium
3190 4666 3445 4737 genitoris
3474 4666 3715 4741 ingeniti,

2130 4763 2188 4811 et
2223 4763 2474 4811 sanctum
2517 4754 2690 4811 Deum
2734 4753 2995 4827 Spiritum
3035 4755 3281 4812 ﬁdelibus
3323 4757 3521 4814 animis
3568 4753 3719 4816 invo-

2131 4860 2336 4901 camus.

2201 4938 2309 4995 Pro
2354 4936 2698 4993 immaculata
2741 4937 2834 4993 Dei
2880 4937 2990 4993 vivi
3024 4937 3301 5006 Ecclesia,
3354 4940 3719 4999 sacerdotibus

2131 5044 2196 5085 ac
2237 5027 2522 5095 ministris,
2566 5028 2803 5084 divinam
2853 5028 3115 5085 bonitatis
3152 5030 3487 5102 opulentiam
3535 5034 3721 5107 depre-

2134 5139 2341 5181 camur.

2204 5217 2314 5274 Pro
2353 5218 2562 5275 sanctis
2602 5217 2699 5274 Dei
2734 5219 2917 5292 magni
2946 5219 3315 5277 sacerdotibus
3350 5228 3408 5276 et
3436 5221 3718 5285 ministris,

2137 5308 2455 5379 cunctisque
2498 5307 2671 5364 Deum
2710 5323 2903 5365 verum
2944 5309 3245 5367 colentibus
3272 5310 3520 5383 populis,
3563 5311 3718 5369 Chri-

2139 5409 2286 5459 stum
2320 5401 2612 5458 Dominum
2647 5401 3042 5473 supplicamus.

2208 5492 2316 5553 Pro
2342 5496 2611 5553 universis
2641 5504 2789 5554 recte
2820 5497 3179 5556 tractantibus
3203 5497 3429 5556 verbum
3452 5499 3719 5565 veritatis,

2138 5587 2525 5647 multiformem
2559 5588 2721 5649 Verbi
2754 5589 2852 5647 Dei
2885 5591 3210 5663 sapientiam
3246 5593 3598 5665 peculiariter
3629 5590 3722 5651 ob-

2137 5701 2440 5744 secramus.
2454 5700 2457 5703 ’

2206 5781 2312 5843 Pro
2352 5781 2457 5850 his,
2501 5781 2593 5854 qui
2638 5798 2700 5843 se
2730 5790 2924 5861 {mente
2953 5791 3010 5845 et
3037 5798 3266 5858 corpore
3296 5790 3519 5857 propter
3563 5780 3718 5841 oculos
