4038 6336
322 294 425 352 861

1282 289 1683 350 ιιτυιιαιελ.
1722 322 1791 335 -
1829 289 2101 351 OFFlClA
2141 295 2277 353 PER
2306 293 2580 353 FERIAS.

3490 290 3596 350 56!

322 422 447 465 rum
479 418 646 477 regna
678 404 1001 473 castificant,
1036 414 1091 461 et
1130 406 1487 477 spiritualium
1524 404 1712 466 labore
1749 409 1911 465 desu-
1936 412 1986 470 Α
2013 412 2370 479 orationibus,
2419 428 2520 467 nec
2570 428 2677 468 non
2728 426 2826 482 pro
2886 408 3137 466 omnibus
3177 419 3265 465 tua
3310 420 3604 480 praestante

321 498 477 566 dant,
506 496 823 570 largitorem
853 499 1178 569 spiritalium
1215 515 1503 556 munerum
1537 501 1909 558 obsecramus.

391 590 500 647 Pro
552 589 818 663 religiosis
864 592 1216 662 principibus,
1278 594 1534 663 omnique
1584 594 1779 650 militia
1826 611 1918 651 eo-

319 698 468 749 rum,
498 681 591 754 qui
613 680 877 753 judicium
920 684 1257 754 etjustitiam
1287 685 1547 757 diligunt,
1580 687 1792 744 Domini
1821 703 1917 759 po-

322 776 555 834 tentiam
575 777 948 833 obsecramus.

397 869 505 925 Pro
533 869 875 940 iucunditate
905 878 961 927 et
986 873 1281 929 serenitate
1307 873 1521 945 pluviae,
1574 881 1739 945 atque
1760 889 1918 931 aura-

322 975 447 1016 rum
470 961 715 1017 vitalium
762 961 1168 1032 blandimentis,
1199 981 1264 1022 ac
1288 982 1551 1037 prospero
1579 967 1917 1023 diversorum

320 1067 552 1127 operum
596 1071 785 1125 cursu,
832 1062 1102 1115 rectorem
1152 1060 1340 1115 mundi
1390 1058 1678 1116 Dominum
1724 1060 1917 1131 depre-

323 1158 537 1202 camur.

396 1237 503 1295 Pro
546 1239 652 1306 his,
687 1255 824 1310 quos
854 1240 1030 1311 prima
1071 1241 1368 1298 Christiani
1407 1242 1642 1299 nominis
1686 1241 1921 1297 initiavit

323 1330 553 1403 agnitio,
603 1346 739 1403 quos
778 1329 895 1399 jam
936 1332 1266 1388 desiderium
1312 1332 1423 1404 90
1459 1333 1645 1405 gratiae
1680 1331 1919 1387 caelestis

322 1424 616 1491 accendit,
679 1424 1069 1496 omnipotentis
1119 1424 1216 1480 Dei
1268 1425 1704 1480 misericordiam
1762 1423 1919 1478 obse-

321 1537 566 1578 eramus.

395 1614 504 1670 Pro
551 1614 658 1682 his,
693 1631 831 1687 quos
870 1616 1123 1671 humana:
1168 1613 1498 1670 infirmitatis
1545 1612 1829 1684 fragilitas,
1865 1618 1921 1666 et

320 1721 462 1776 quos
515 1708 770 1777 nequitiae
805 1706 1064 1777 spiritalis
1109 1706 1331 1771 invidia,
1378 1705 1460 1761 vel
1504 1705 1690 1759 varius
1734 1702 1918 1759 szeculi

2016 504 2324 571 clementia,
2369 513 2589 575 propter
2615 519 2812 560 nomen
2844 512 2994 557 tuum
3018 502 3151 558 bene
3175 501 3330 557 nobis
3355 501 3605 557 facienti-

2016 597 2137 653 bus.
2170 596 2237 651 Et
2269 612 2369 667 pro
2401 597 2487 653 his
2519 598 2610 669 qui
2646 596 2874 668 spiritali
2913 596 3131 651 stimulo
3164 596 3471 667 compuncti
3506 610 3606 651 sua

2018 690 2175 746 nobis
2207 689 2442 745 confessi
2472 698 2599 745 sunt
2624 698 2863 760 peccata.

2088 781 2198 838 Hos
2228 798 2375 855 ergo,
2414 782 2753 851 omnipotens
2787 783 2947 847 Deus,
2993 797 3204 846 omnes,
3242 795 3473 851 quorum
3516 779 3608 834 llic

2016 874 2237 930 nomina
2267 874 2467 942 scripta
2494 872 2782 939 habentur,
2821 872 2889 928 ab
2920 874 3169 928 omnibus
3197 874 3248 927 in
3274 874 3378 929 hoc
3411 870 3610 927 szeculo

2018 965 2227 1022 insidiis
2258 966 2456 1021 diaboli
2493 966 2547 1020 in
2577 974 2667 1021 tuo
2702 975 2891 1021 sancto
2916 982 3242 1021 conservare
3276 967 3515 1038 digneris
3546 966 3609 1020 il-

2016 1056 2172 1113 lzesos
2211 1058 2453 1123 servitio,
2490 1066 2547 1111 ut
2578 1058 2631 1112 in
2663 1056 2845 1114 futuro
2877 1067 3054 1112 tecum
3086 1058 3305 1127 prmum
3352 1056 3611 1125 consequi

2018 1157 2331 1204 mereantur
2351 1158 2573 1204 aeterna.

2090 1240 2279 1296 Salvos
2320 1239 2406 1296 fac
2443 1256 2630 1297 servos
2673 1249 2814 1296 tuos.
2847 1240 3000 1296 Mitte
3025 1242 3123 1303 eis,
3165 1241 3412 1304 Domine,
3453 1240 3611 1293 auti-

2016 1332 2148 1386 lium
2197 1334 2261 1388 de
2290 1342 2498 1388 sancto.
2541 1332 2683 1387 Nihil
2712 1332 2964 1403 proficiat
3009 1332 3260 1386 inimicus
3295 1332 3347 1385 in
3378 1332 3474 1385 eis.
3510 1330 3614 1383 l‘er

2018 1426 2231 1491 merita,
2286 1426 2531 1493 Domine,
2587 1436 2643 1482 et
2686 1428 2963 1482 orationes
3009 1433 3323 1480 sanctorum
3372 1424 3612 1477 omnium

2017 1517 2209 1584 libera,
2255 1520 2488 1587 custodi,
2536 1518 2818 1587 confirma,
2859 1518 3105 1589 paciﬁca,
3151 1515 3399 1588 purifica,
3436 1523 3491 1569 et
3529 1514 3615 1567 di-

2018 1614 2172 1668 mitte
2197 1614 2277 1669 cis
2316 1613 2512 1689 delicta
2555 1630 2764 1680 eorum,
2798 1622 2854 1669 et
2896 1627 3159 1668 conserva
3187 1625 3282 1666 eos
3312 1610 3367 1664 in
3399 1609 3618 1663 nomine

2020 1715 2134 1771 tuo,
2173 1706 2315 1762 sicut
2355 1707 2439 1761 vis
2477 1715 2532 1761 et
2559 1707 2700 1763 sicut
2731 1708 2870 1772 scis,
2912 1707 3155 1760 Domine.
3197 1703 3535 1766 Benedictio,
3565 1708 3620 1756 et

322 1798 524 1855 horror
562 1798 810 1866 involvit,
858 1797 1237 1869 Redemptoris
1272 1797 1447 1853 nostri
1493 1795 1922 1851 misericordiam
1952 1784 1999 1846 Β
2025 1800 2267 1865 claritas,
2312 1809 2367 1856 ει
2392 1800 2681 1871 sapientia,
2717 1809 2772 1855 ει
2804 1800 3100 1871 gratiarum
3146 1798 3309 1862 αοιίο,
3341 1803 3397 1851 ει
3421 1795 3616 1857 honor,

324 1890 705 1961 imploramus.

320 2014 325 2017 -
386 1981 506 2038 ~Pro
534 1984 642 2049 his,
677 1999 815 2056 quos
840 1983 1294 2057 peregrinationis
1327 1982 1657 2047 necessitas,
1699 1988 1793 2035 aut
1821 1979 1923 2035 ini-

324 2088 451 2145 qua
482 2075 772 2145 potestatis
814 2075 1087 2149 impietas,
1115 2072 1202 2128 vel
1223 2072 1434 2128 hostilis
1457 2078 1622 2127 vexat
1655 2084 1921 2136 aerumna,

327 2165 668 2225 Salvatorem
695 2168 985 2224 Dominum
1009 2165 1392 2237 supplicamus.

397 2258 510 2317 Pro
527 2260 744 2331 judaica
788 2258 1058 2326 falsitate,
1092 2265 1187 2311 aut
1229 2257 1485 2311 haeretica
1531 2254 1799 2326 pravitate
1832 2252 1925 2308 de-

324 2358 524 2430 ceptis,
544 2354 630 2412 vel
660 2352 939 2426 gentilium
966 2350 1350 2422 superstitione
1372 2345 1626 2419 perfusis,
1676 2343 1927 2401 veritatis

326 2449 626 2506 Dominum
655 2444 1032 2515 deprecamur.

400 2544 513 2600 Pro
548 2541 816 2615 cperariis
851 2538 1091 2611 pietatis,
1143 2545 1199 2594 et
1244 2536 1331 2592 his
1378 2535 1471 2606 qui
1508 2531 1928 2592 necessitatibus

326 2637 673 2696 laborantum
698 2633 940 2688 fraterna
963 2629 1231 2685 charitate
1252 2626 1593 2691 subveniunt,
1623 2623 1931 2680 misericor-

326 2730 548 2785 diarum
579 2724 870 2781 Dominum
897 2722 1272 2791 deprecamur.

398 2822 512 2877 Pro
531 2817 784 2875 omnibus
810 2814 1140 2871 intrantibus
1161 2813 1218 2867 in
1242 2812 1360 2867 haec
1384 2818 1585 2866 sanctae
1616 2810 1809 2864 domus
1829 2805 1926 2861 Dei

327 2911 475 2969 atria
513 2909 767 2980 religioso
814 2903 998 2971 corde,
1046 2911 1103 2958 et
1147 2901 1375 2973 supplici
1421 2900 1704 2957 devotione
1733 2912 1930 2955 conve-

327 3006 552 3063 nienter
578 3001 870 3058 Dominum
896 2997 1080 3070 gloriae
1104 2995 1477 3065 deprecamur.

399 3096 512 3151 Pro
533 3092 912 3150 emundatione
953 3088 1260 3144 animarum
1285 3099 1683 3157 corporumque
1712 3091 1927 3139 nostro-

330 3205 458 3246 rum
482 3187 749 3253 omnium,
777 3200 841 3241 ac
864 3184 1023 3240 venia
1052 3186 1420 3253 peccatorum,
1449 3164 1928 3233 clementissimum
1951 3147 2002 3213 (ἶ

331 3283 625 3340 Dominum
659 3279 1044 3350 supplicamus.

404 3374 516 3430 Pro
543 3370 827 3443 refrigerio
860 3368 1097 3424 fidelium
1141 3365 1463 3427 animarum,
1495 3359 1765 3432 praecipue
1804 3374 1933 3414 san-

333 3476 552 3527 ctorum
590 3463 807 3521 Domini
834 3461 1200 3525 sacerdotum,
1228 3457 1319 3529 qui
1345 3455 1473 3511 huic
1503 3453 1759 3509 Ecclesiae
1788 3465 1931 3522 prae-

335 3558 561 3615 fuerunt
582 3554 880 3620 catholicae,
913 3551 1201 3607 Dominum
1238 3548 1545 3619 spirituum,
1583 3553 1640 3600 et
1661 3544 1934 3599 universa:

337 3648 523 3707 carnis
548 3646 787 3717 iudicem
816 3644 1189 3713 deprecamur.

409 3736 795 3795 Hortificatam
828 3734 977 3788 vitiis
1004 3744 1258 3796 carnem,
1285 3736 1340 3784 et
1371 3726 1647 3813 viventem
1680 3723 1786 3779 fide
1820 3722 1938 3779 ani-

339 3844 488 3886 mam
518 3833 744 3899 praesta,
766 3823 1012 3889 Domine,
1043 3829 1262 3893 praesta.

412 3919 642 3977 Castum
684 3917 956 3982 timorem,
1003 3921 1060 3972 et
1102 3928 1290 3968 veram
1330 3909 1673 3968 dilectionem
1712 3902 1935 3979 praesta,

342 4017 603 4082 Domine,
631 4022 848 4086 praesta.

415 4108 649 4165 Gratum
678 4105 802 4160 vitae
822 4102 1088 4170 ordinem,
1112 4107 1169 4156 et
1195 4096 1533 4170 probabilem
1562 4094 1771 4150 exitum
1798 4105 1940 4163 prae-

342 4210 451 4267 sta,
476 4198 731 4263 Domine,
760 4202 978 4267 praesta.

417 4287 687 4361 Angelum
716 4284 903 4357 pacis,
936 4290 992 4339 et
1014 4280 1208 4338 solatia
1240 4287 1553 4338 sanctorum
1588 4282 1807 4347 praesta,
1838 4272 1946 4328 Do-

348 4383 519 4449 mine,
557 4386 770 4451 praesta.
804 4402 813 4448 έ

416 4473 823 4545 Nosmetipsos,
872 4478 927 4525 et
964 4468 1149 4525 omnia
1195 4474 1417 4532 nostra,
1462 4479 1582 4534 qua:
1630 4471 1779 4527 orta,
1824 4475 1947 4531 quae

347 4576 500 4634 acta,
538 4581 639 4637 per
685 4562 973 4619 Dominum
1017 4560 1136 4631 ipso
1179 4567 1399 4614 auctore
1432 4556 1792 4625 suscepimus,
1830 4552 1949 4621 ipso

346 4658 581 4719 custode
619 4657 942 4722 retinemus,
983 4653 1263 4724 ipsiusque
1298 4649 1686 4707 misericordia
1713 4657 1771 4701 et
1808 4644 1951 4700 arbi-

348 4751 461 4813 trio
486 4750 845 4828 providentia:
872 4746 1336 4806 commendamus.
1370 4741 1629 4805 Domine,
1661 4738 1945 4795 miserere.

737 4881 992 4931 QUO’I'IDIE
1030 4878 1134 4921 Ριιο
1174 4874 1569 4919 ιτΑιιιιιΑιιωυε.

422 4982 682 5042 Dicamus
708 4997 917 5048 omnes,
942 4979 1191 5046 Domine,
1227 4977 1422 5035 exaudi
1452 4983 1508 5032 et
1541 4974 1820 5040 miserere,
1846 4972 1955 5029 Do-

350 5075 519 5141 mine,
552 5075 834 5131 miserere.
870 5070 1025 5128 lianc
1051 5080 1295 5128 nostram
1335 5068 1557 5126 auribus
1583 5077 1688 5124 tuae
1714 5065 1953 5138 pietatis,

350 5165 779 5223 clementissime
818 5163 999 5231 Pater,
1052 5163 1357 5218 orationem
1388 5157 1646 5217 exaudire
1688 5156 1956 5229 digneris,

350 5272 521 5331 quam
544 5257 667 5325 tibi,
694 5257 946 5313 fraterna:
965 5255 1251 5313 charitatis
1273 5252 1469 5309 aﬂ‘ectu
1493 5249 1832 5313 stimulante,
1860 5261 1962 5319 pro

351 5348 622 5409 fratribus
644 5360 699 5408 et
718 5351 997 5407 sororibus
1025 5349 1229 5405 nostris
1252 5347 1479 5419 supplici
1502 5359 1634 5402 voce
1658 5341 1958 5406 fundimus,

354 5444 452 5516 qui
482 5451 541 5500 et
568 5459 689 5516 qua
723 5459 825 5517 pro
845 5443 1000 5500 nobis
1024 5441 1270 5515 quotidie
1295 5438 1567 5496 indefessa
1593 5435 1843 5492 oratione
1875 5433 1959 5488 in-

358 5535 644 5593 tercedere
710 5535 990 5592 studentes
1057 5533 1261 5591 nostris
1320 5547 1379 5589 se
1442 5527 1961 5588 commendaverunt

432 5697 464 5729 ι
489 5683 683 5743 Potius
742 5684 990 5741 Mamerti
1033 5684 1338 5741 Claudiani.
1390 5682 1525 5739 Vide
1582 5678 1856 5734 Sirmond.
1909 5677 1964 5731 in

362 5762 482 5820 not.
505 5757 576 5816 ad
600 5757 764 5833 epist.
790 5758 827 5821 ὅ
858 5755 1086 5834 Sidonii,
1116 5771 1238 5830 pag.
1274 5754 1397 5811 9'55.

2023 1901 2079 1948 et
2102 1892 2298 1959 virtus,
2347 1900 2401 1948 et
2429 1890 2688 1949 fortitudo
2717 1891 2828 1946 Deo
2860 1897 3049 1946 nostro
3074 1889 3131 1943 in
3156 1887 3354 1945 saecula
3391 1884 3617 1944 saeculo-

2022 1999 2165 2041 rum.
2195 1984 2389 2042 Amen.

2570 2134 2871 2213 FEBIA
2924 2134 3064 2214 v1.
3168 2106 3171 2113 ’

2029 2314 2092 2357 IN
2155 2310 2507 2358 ΠΜΟΒῘΔΠ
2565 2313 3106 2367 ιΝαΑιικΔτιοΝιε,
3169 2307 3489 2355 νΑεςιοΝιδ
3543 2303 3626 2350 ET

2069 2392 2609 2437 RESURRECTIONIS
2635 2419 2651 2448 ,
2693 2393 2832 2438 SIVE
2874 2391 3277 2437 ASCENSIONIS
3322 2384 3578 2433 DOMINI.

2429 2513 2719 2571 HYMNUS
2754 2512 3157 2570 FORTUNATI
3188 2524 3215 2553 ι

2309 2644 2375 2683 DE
2410 2644 2743 2683 NATIVITATE
2782 2641 2852 2683 ΕΤ
2894 2642 3062 2683 CRUCE
3101 2639 3336 2681 CHRISTI.

2174 2740 2203 2780 ι’
2226 2739 2430 2812 Pange,
2460 2740 2664 2812 lingua,
2693 2739 2916 2811 gloriosi

2101 2831 2354 2887 Praelium
2376 2832 2710 2896 certaminis,

2101 2926 2168 2982 Et
2193 2942 2355 2997 super
2390 2927 2570 2983 crucis
2608 2928 2853 2996 trophaeo

2103 3017 2181 3073 Da
2210 3018 2544 3088 triumphum
2578 3017 2812 3072 nobilem
2831 3034 2845 3080 ;

2104 3109 2348 3177 Qualiter
2371 3110 2700 3180 Redemptor
2728 3108 2874 3165 orbis

2103 3201 2420 3258 immolatus
2450 3202 2666 3258 vicerit.

2175 3294 2252 3350 De
2280 3295 2524 3365 parentis
2557 3293 2877 3365 protoplasti

2103 3387 2319 3443 Fraude
2345 3385 2524 3442 factor
2545 3384 2855 3450 condolens,

2086 3482 2331 3550 ‘Quando
2353 3481 2502 3552 pomi
2529 3478 2761 3535 noxialis
2792 3540 2793 3543 η

2108 3576 2280 3632 Morte
2305 3589 2491 3631 morsu
2517 3572 2726 3629 corruit
2757 3590 2771 3627 :

2106 3667 2226 3741 ipse
2247 3668 2394 3738 ligno
2419 3676 2548 3722 tunc
2576 3664 2808 3731 notavit,

2109 3763 2316 3819 Damna
2344 3761 2476 3833 ligni
2498 3767 2559 3815 ut
2587 3759 2842 3815 solveret.

2182 3854 2298 3911 Hoc
2319 3868 2456 3923 Opus
2481 3859 2684 3906 nostra:
2714 3847 2906 3906 salutis

2110 3947 2256 4005 Ordo
2284 3946 2698 4016 depoposcerat,

2112 4037 2456 4095 llultiformis
2477 4036 2768 4108 perditoris

2111 4133 2246 4189 Arte
2282 4141 2344 4188 ut
2369 4141 2542 4188 artem
2572 4130 2816 4197 falleret;

2113 4223 2183 4279 Et
2206 4222 2474 4280 medelam
2502 4221 2673 4277 ferret
2694 4219 2818 4275 inde

2114 4314 2299 4371 Hostis
2323 4313 2465 4369 unde
2489 4313 2721 4368 laeserat.

2189 4408 2295 4479 91
2332 4406 2560 4475 Quando
2582 4405 2733 4460 venit
2756 4419 2884 4476 ergo
2912 4403 3057 4459 sacri

1978 4512 2029 4577 υ
2123 4499 2409 4567 Plenitudo
2432 4498 2713 4569 temporis,

2070 4597 2077 4604 “
2125 4594 2321 4649 Missus
2343 4599 2427 4648 est
2456 4591 2526 4646 ab
2555 4605 2681 4646 arce
2705 4588 2883 4645 Patris

2126 4686 2299 4741 Natus
2329 4684 2479 4740 orbis
2508 4681 2789 4745 Conditor,

2126 4776 2302 4848 Atque
2328 4782 2516 4829 ventre
2542 4769 2794 4841 virginali

2127 4867 2266 4923 Caro
2288 4866 2466 4923 factus
2490 4862 2712 4934 prodiit.

2200 4961 2356 5031 Vagit
2387 4957 2564 5013 infans
2596 4956 2738 5009 inter
2768 4960 2916 5007 arcta

2131 5052 2391 5109 Conditus
2411 5048 2696 5120 praesepia,

2134 5143 2371 5198 Membra
2404 5141 2599 5211 pannis
2628 5140 2866 5195 involuta

2135 5236 2299 5306 Virgo
2330 5242 2506 5289 mater
2535 5232 2739 5304 alligat,

2136 5330 2204 5387 Et
2224 5330 2408 5400 pedes,
2440 5342 2762 5397 manusque,
2794 5342 2953 5383 crura

2140 5423 2342 5481 Stricta
2368 5424 2556 5495 pangit
2585 5421 2720 5495 [ΑΙ.,
2750 5421 2939 5493 cingit]
2970 5419 3159 5476 fascia.

2212 5520 2407 5575 Lustra
2433 5533 2528 5575 sex
2552 5518 2642 5588 qui
2666 5515 2780 5586 jam
2809 5524 3029 5587 peracta

2145 5684 2172 5722 ιι
2205 5681 2310 5734 Pro
2343 5696 2442 5733 usu
2469 5693 2629 5741 nono,
2663 5691 2844 5746 supra,
2872 5670 2973 5727 col.
3009 5669 3110 5725 Μ
