4038 6336
391 263 498 320 565

463 382 700 452 Tempus
728 379 958 451 implens
988 379 1247 449 corporis,

464 473 539 530 Se
562 474 796 538 volente,
827 480 986 528 natus
1011 470 1079 527 ad
1105 471 1209 526 hoc

461 563 710 620 Passieni
737 564 973 629 deditus,

464 656 652 729 Agnus
675 656 731 712 in
759 656 936 711 crucis
963 656 1174 710 levatur

463 748 826 805 lmmolandus
856 748 1055 817 stipite.

538 839 639 895 Hic
667 847 904 904 acetum,
935 837 1031 907 fel,
1063 838 1292 907 arundo,

468 930 653 1003 Sputa,
696 931 853 997 clavi,
886 930 1098 998 lancea,

467 1021 597 1077 Mite
622 1038 818 1101 cogpus
843 1022 1155 1094 perforatur

467 1113 700 1187 Sanguis
731 1117 876 1171 unda
897 1114 1149 1186 proﬂuit:

467 1203 656 1270 Terra,
684 1212 900 1276 pontus,
934 1215 1103 1271 astra,
1131 1205 1388 1276 mundus,

466 1296 584 1366 Quo
603 1298 855 1353 lavantur
883 1298 1120 1355 ﬂumine.

540 1390 688 1448 Crux
712 1392 886 1448 ﬁdelis
910 1393 1054 1447 inter
1079 1408 1269 1450 omnes

470 1484 650 1539 Arbor
678 1499 783 1539 una
818 1486 1035 1551 nobilis,

468 1573 629 1629 Nulla
660 1575 821 1630 talem
850 1577 983 1631 silva
1006 1578 1215 1648 profert

470 1664 711 1731 Fronde,
742 1665 893 1731 ﬂore,
922 1668 1195 1738 germine;

1243 259 1301 314 Β.
1342 260 1401 314 F.
1439 258 1666 315 ALBlNl
1705 257 1838 319 SEU
1878 257 2153 317 ALCUlNl
2192 258 2473 316 OPERUM
2512 259 2689 315 PARS
2728 257 2818 313 ιν.

2000 378 2054 440 Α
2078 385 2294 445 ceptum
2323 377 2456 445 ejus.
2515 376 2776 430 Dominus
2814 374 2949 429 dixit
2972 374 3039 429 ad
3065 389 3182 430 me:
3217 374 3387 431 Filius
3414 389 3570 432 meus
3600 392 3663 435 es

3553 257 3660 315 568

2078 480 2156 536 ιιι,
2183 485 2285 540 ego
2313 470 2475 525 hodie
2504 470 2663 539 genui
2694 478 2764 522 te.
2821 468 3040 523 Postula
3081 484 3111 523 a
3139 482 3257 534 me,
3302 476 3357 524 et
3394 468 3536 525 dabo
3563 467 3665 529 tibi

2076 571 2264 633 gentes
2309 562 2680 617 haereditatem
2728 569 2872 614 tuam
2900 601 2916 626 ,
2970 569 3024 614 et
3067 561 3465 629 possessionem
3511 569 3666 618 tuam

2082 657 2340 713 terminos
2388 664 2565 710 terras.
2625 653 2803 725 Reges
2829 669 2924 708 eos
2945 653 3000 707 in
3034 655 3185 724 virga
3214 654 3420 718 ferrea,
3454 658 3513 711 et
3536 660 3665 710 tan-

2079 762 2239 816 quam
2256 762 2351 801 vas
2377 746 2525 817 ﬁguli
2554 744 2864 817 confringes
2879 761 2990 800 eos.
3015 745 3081 798 Et
3102 761 3262 811 nunc,
3292 762 3467 816 reges,
3498 745 3662 801 intel—

2078 839 2256 911 ligite:
2289 839 2580 896 erudimini
2620 838 2713 911 qui
2749 835 3006 905 iudicatis
3037 846 3258 892 terram.
3307 836 3524 893 Servite
3554 835 3664 891 Do-

2078 932 2227 987 mino
2249 932 2302 985 in
2326 930 2538 994 timore,
2566 937 2621 983 et
2641 928 2912 986 exsultate
2935 929 2986 983 ei
3008 943 3129 983 cum
3173 936 3429 981 tremore.
3454 926 3667 998 Appro-

2079 1025 2300 1085 hendite
2338 1024 2711 1093 disciplinam,
2755 1024 3038 1093 nequando
3084 1022 3349 1076 irascatur
3377 1020 3663 1087 Dominus,

2079 1124 2134 1170 et
2159 1116 2392 1185 pereatis
2418 1115 2483 1169 de
2506 1117 2589 1168 via
2611 1113 2777 1183 iusta.
2839 1113 2975 1171 Cum
3015 1112 3283 1168 exarserit
3309 1112 3365 1167 in
3398 1112 3552 1167 brevi
3582 1112 3665 1165 ira

2078 1206 2215 1276 ejus,
2246 1207 2390 1261 beati
2410 1222 2615 1272 omnes,
2645 1208 2735 1277 qui
2762 1206 3045 1262 conﬁdunt
3081 1206 3135 1264 in
3164 1222 3250 1262 eo.

2148 1298 2256 1368 92
2286 1297 2351 1350 Ut
2394 1316 2573 1368 supra.
2614 1299 2875 1354 Exortum
2910 1307 2995 1354 est
3028 1300 3080 1353 in
3114 1299 3371 1356 tenebris.
3406 1296 3667 1367 Suscepi-

2082 1408 2201 1447 mus
2222 1393 2364 1448 Deus
2388 1393 2815 1448 misericordiam
2840 1400 3005 1447 tuam.

2156 1485 2361 1538 Oratio.
2399 1482 2561 1539 Eﬂicc
2589 1499 2706 1551 nos,
2736 1483 2983 1553 Domine,
3019 1493 3274 1553 tanquam
3300 1480 3676 1536 fructuosissi-

2086 1594 2231 1633 mum
2260 1578 2462 1648 lignum
2494 1588 2618 1634 ante
2658 1588 3005 1648 conspcctum
3043 1586 3228 1644 tuum,
3261 1585 3319 1630 ut
3347 1576 3453 1631 tuis
3482 1575 3679 1630 imbri-

2083 1668 2187 1723 bus
2216 1669 2468 1738 mitigati,
2494 1685 2805 1725 mereamur
2826 1669 2923 1725 tibi
2944 1670 3191 1725 suavium
3212 1668 3490 1725 fructuum
3509 1667 3677 1723 uber»

467 1755 635 1812 Dulce
653 1757 879 1827 lignum,
908 1760 1120 1814 dulcem
1152 1760 1366 1818 clavum
1394 1758 1532 1837 [Al.,
1566 1759 1750 1827 dulces
1779 1759 1987 1835 clavos}
2014 1764 2063 1826 B
2092 1771 2201 1818 tate
2229 1763 2462 1833 placere.
2492 1763 2615 1816 Per.

468 1844 635 1901 Dulce
660 1847 873 1917 pondus
898 1850 1195 1905 sustinens.

540 1938 725 1995 Flecte
758 1956 935 1995 ramos
961 1944 1125 1998 arbor
1152 1944 1279 2011 alta,

466 2028 645 2087 Tensa
668 2031 790 2086 laxa
814 2033 1021 2089 viscera
1037 2076 1051 2101 ,

465 2122 537 2179 Et
562 2124 710 2194 rigor
736 2124 999 2182 lentescat
1028 2126 1117 2182 ille
1134 2166 1152 2196 ,

467 2214 642 2283 Quem
670 2216 817 2272 dedit
843 2218 1098 2273 nativitas
1119 2260 1134 2285 ,

469 2306 543 2363 Ut
569 2312 789 2379 superni
818 2312 1063 2366 membra
1086 2312 1252 2383 Regis

466 2399 726 2460 Mittenda
751 2404 861 2478 [L.,
880 2407 1021 2461 mitti
1048 2405 1260 2480 tendas]
1287 2408 1491 2481 stipite.

440 2516 447 2519 ν
541 2494 671 2553 Sola
694 2499 857 2570 digna
884 2509 941 2561 tu
962 2500 1116 2557 fuisti

466 2587 637 2645 Ferre
664 2594 899 2663 pretium
928 2596 1120 2661 seculi,
1186 2632 1192 2639 ς

467 2683 645 2755 Atque
669 2696 886 2756 portum
915 2703 1223 2760 praaparare

469 2773 645 2831 Nauta
673 2780 875 2835 mundo
897 2764 1161 2851 naufrago
1186 2799 1199 2835 :

469 2867 647 2936 Quam
672 2886 829 2926 sacer
854 2888 1017 2928 cruor
1044 2873 1303 2943 perunxit

472 2962 651 3021 Fusus
680 2966 802 3037 agni
832 2968 1015 3038 stipite
1049 2967 1161 3039 [L.,
1200 2967 1326 3040 agni
1353 2965 1625 3043 corpore].

440 3082 441 3085 “
1019 3078 1350 3136 EIUSDEM.

398 3188 549 3255 Crux
576 3190 860 3247 benedicta
890 3193 1024 3249 nitet
1040 3235 1054 3260 ,
1100 3195 1358 3252 Dominus
1381 3210 1489 3266 qua
1512 3206 1679 3252 carne
1704 3193 1979 3268 pependit,

470 3280 649 3352 Atque
677 3298 870 3340 cruore
897 3302 994 3342 suo
1022 3287 1245 3345 vulnera
1270 3296 1457 3344 nostra
1482 3287 1631 3344 lavit.

402 3369 548 3427 Mitis
578 3389 763 3431 amore
782 3378 871 3447 pio
890 3394 987 3448 pro
1009 3380 1164 3435 nobis
1182 3380 1404 3436 victima
1429 3379 1626 3447 factus,

470 3463 660 3519 Traxit
680 3468 748 3521 ab
776 3484 869 3522 ore
895 3468 1003 3539 lupi
1033 3487 1139 3540 qua
1170 3485 1326 3526 sacer
1354 3486 1526 3541 agnus
1548 3486 1697 3529 oves.

397 3554 698 3613 Transﬁxis
722 3560 915 3629 palmis
944 3564 1036 3617 ubi
1066 3565 1325 3619 mundum
1349 3564 1504 3620 clade
1530 3564 1778 3633 redemit,

467 3649 644 3720 Atque
668 3669 766 3707 suo
786 3654 981 3708 clausit
1008 3655 1198 3712 funere
1226 3658 1420 3713 mortis
1439 3659 1562 3714 iter.

397 3739 500 3797 llic
527 3759 721 3799 manus
750 3745 839 3799 illa
860 3744 963 3799 fuit
989 3746 1158 3804 clavis
1184 3749 1396 3807 conﬁxa
1430 3750 1691 3818 cruentis,

466 3834 597 3902 Quae
623 3837 823 3907 eripuit
842 3837 1068 3894 Paulum
1095 3840 1344 3908 crimine,
1372 3851 1548 3900 morte
1573 3842 1817 3900 Petrum.

394 3924 699 3984 Fertilitate
720 3939 934 4001 potens,
966 3949 999 3987 ο
1021 3934 1176 3990 dulce
1206 3944 1261 3991 et
1282 3937 1461 3994 nobile
1486 3938 1727 4010 lignum!

467 4019 693 4086 Quando
723 4026 830 4079 tuis
851 4027 1019 4080 ramis
1042 4036 1152 4082 tam
1178 4044 1317 4085 nova
1336 4045 1495 4100 poma
1523 4032 1687 4100 geris.

396 4111 562 4183 Cujus
582 4118 747 4173 odore
776 4136 916 4175 novo
947 4122 1197 4178 defuncta
1218 4126 1487 4181 cadavera
1506 4132 1735 4197 surgunt
1749 4165 1765 4192 ,

466 4207 537 4261 Et
561 4209 789 4265 redeunt
820 4212 945 4266 vita:
974 4216 1064 4283 qui
1093 4232 1316 4272 caruene
1346 4218 1451 4273 die.

394 4296 614 4353 Nullum
639 4311 761 4356 uret
781 4313 944 4359 aestus
972 4310 1069 4361 sub
1103 4308 1382 4365 frondibus
1410 4310 1622 4366 arboris
1643 4308 1833 4381 huius,

466 4392 622 4448 Luna
645 4411 745 4451 nec
771 4399 827 4452 in
856 4408 1090 4465 noctem,
1121 4405 1201 4458 sol
1223 4421 1399 4475 neque
1425 4408 1670 4463 meridie.

393 4482 477 4540 Tu
496 4485 739 4556 plantata
766 4490 956 4555 micas,
989 4508 1144 4547 secus
1168 4503 1251 4549 est
1278 4498 1367 4551 ubi
1398 4514 1590 4555 cursus
1618 4512 1904 4570 aquarum,

465 4575 691 4651 Spargis
712 4590 767 4635 et
786 4591 1009 4639 ornatas
1038 4583 1169 4639 ﬂore
1190 4596 1410 4642 recente
1438 4605 1641 4646 comas.

389 4667 642 4742 Appensa
670 4682 754 4729 est
782 4676 907 4730 vitis
936 4678 1076 4731 inter
1104 4686 1195 4733 tua
1222 4680 1467 4745 brachia,
1497 4682 1563 4737 de
1587 4698 1694 4753 qua

464 4764 653 4822 Dulcia
684 4771 977 4839 sanguineo
1002 4772 1125 4827 vina
1156 4774 1355 4830 rubore
1380 4774 1571 4830 ﬂuunt.

674 4884 993 4944 PSALMUS
1032 4888 1119 4944 DE
1155 4889 1686 4947 INCARNATIONE.

462 4996 643 5069 (Ps.u..
673 4999 761 5073 ιι.)
819 5000 999 5070 Quare
1041 5004 1380 5060 fremuerunt
1418 5015 1641 5080 gentes:
1689 5015 1747 5063 ct
1787 5005 1975 5079 populi

389 5092 633 5148 meditati
660 5102 788 5149 sunt
814 5094 1035 5152 inania?
1064 5098 1368 5155 Astiterunt
1392 5116 1543 5172 reges
1574 5109 1733 5157 terrae
1752 5110 1806 5159 et
1825 5103 1975 5174 prin-

389 5184 538 5254 cipes
560 5197 930 5243 convenerunt
977 5190 1030 5245 in
1070 5208 1238 5246 unum
1287 5194 1546 5251 adversus
1575 5194 1890 5263 Dominum,
1922 5202 1978 5249 et

388 5277 647 5335 adversus
665 5278 943 5336 Christum
960 5281 1094 5350 eius.
1127 5283 1508 5354 Dirumpamus
1529 5286 1741 5341 vincula
1762 5301 1971 5353 eorum,

385 5376 445 5426 et
464 5372 816 5443 projiciamus
859 5390 889 5427 a
928 5374 1083 5428 nobis
1117 5376 1306 5445 iugum
1348 5376 1607 5447 ipsorum.
1640 5376 1741 5444 Qui
1768 5378 1977 5435 habitat

376 5460 447 5516 ‘in
469 5464 643 5530 caelis,
672 5465 921 5520 irridebit
943 5481 1037 5521 eos
1061 5485 1073 5519 :
1102 5475 1155 5520 et
1189 5467 1449 5522 Dominus
1471 5469 1825 5522 ευὴδτιηηίιὺὶι
1860 5484 1973 5524 eos.

387 5554 540 5611 Tunc
563 5557 816 5627 loquetur
854 5559 922 5613 ad
962 5574 1055 5614 eos
1086 5558 1139 5612 in
1172 5559 1252 5613 ira
1282 5576 1378 5612 sua
1410 5577 1422 5611 :
1475 5567 1529 5613 et
1557 5559 1611 5612 in
1646 5558 1831 5613 furore
1877 5574 1977 5613 suo

387 5648 731 5705 conturbabit
752 5666 865 5706 eos.
914 5650 1026 5722 Ego
1042 5636 1237 5707 autem
1265 5650 1594 5707 constitutus
1623 5665 1744 5704 sum
1764 5648 1881 5704 Rex
1907 5648 1976 5702 ab

384 5753 453 5801 oe
479 5755 644 5816 super
664 5740 801 5805 Sion
817 5751 1061 5805 montem
1079 5752 1332 5807 sanctum
1344 5743 1488 5821 eius.
1510 5740 1816 5816 praedicans
1828 5755 1973 5814 [παῖ’

2158 1853 2300 1909 Alia.
2341 1854 2652 1908 Servicntes
2682 1855 2802 1920 tibi,
2830 1853 3076 1918 Domine,
3104 1854 3173 1909 ob
3192 1860 3401 1908 metum
3426 1852 3483 1908 in
3508 1852 3673 1909 timo-

2088 1966 2147 2006 re
2169 1948 2378 2017 iudicii,
2406 1950 2738 2004 exsultantes
2757 1964 2885 2004 cum
2907 1956 3144 2003 tremore
3173 1955 3397 2016 propter
3416 1945 3673 2000 ﬁduciam

2089 2042 2224 2110 spei,
2262 2041 2395 2097 doce
2433 2056 2533 2096 nos
2574 2041 2981 2115 apprehendere
3011 2039 3384 2109 disciplinam,
3412 2039 3504 2107 qui
3526 2037 3677 2107 judi—

2089 2148 2180 2188 cas
2222 2140 2421 2187 terram
2443 2174 2456 2198 ,
2510 2142 2569 2187 ut
2598 2140 2653 2188 te
2686 2133 3015 2201 propitiante
3037 2131 3239 2187 veteris
3271 2130 3511 2185 hominis
3537 2127 3679 2200 ﬁgu—

2088 2224 2199 2279 lum
2225 2224 2623 2295 confringentes
2656 2222 2945 2280 exterioris
2979 2230 3140 2279 terra:
3169 2229 3528 2293 purgamenta
3559 2217 3679 2276 eal-

2088 2330 2295 2375 cernua.

2332 2468 2650 2535 PSALMUS
2682 2469 2772 2527 DE
2808 2468 3143 2537 PASSIONE
3180 2466 3434 2527 DOMINl.

2159 2604 2340 2676 (Psu.
2380 2606 2596 2677 xxxiv.)
2660 2602 2851 2659 Indica
2874 2644 2891 2671 ,
2931 2604 3158 2660 Domine
3182 2643 3198 2669 ,
3242 2609 3503 2658 nocentes
3533 2612 3669 2655 me:

2088 2711 2334 2767 expugna
2364 2697 2744 2766 impugnantes
2769 2709 2877 2751 me.
2908 2695 3267 2766 Apprehende
3294 2708 3444 2747 arma
3470 2701 3527 2746 et
3547 2705 3672 2747 scu-

2087 2792 2203 2840 tum
2228 2825 2243 2849 ,
2274 2792 2330 2838 et
2370 2799 2600 2855 exsurge
2642 2785 2698 2838 in
2741 2783 3074 2853 adiutorium
3111 2784 3267 2838 mihi.
3307 2780 3533 2836 Eﬁ'unde
3562 2778 3674 2835 fra-

2088 2889 2288 2940 meam,
2311 2883 2367 2930 et
2391 2874 2651 2931 conclude
2679 2875 2940 2931 adversus
2965 2890 3061 2932 eos
3078 2915 3092 2940 ,
3139 2875 3229 2945 qui
3268 2880 3673 2943 persequth

2088 2983 2176 3023 me
2206 2986 2220 3021 :
2254 2968 2339 3023 dic
2368 2970 2561 3023 anima:
2587 2983 2751 3034 meaa,
2792 2969 2939 3024 salus
2967 2976 3057 3023 tua
3094 2984 3196 3040 ego
3233 2983 3373 3023 sum.
3436 2964 3677 3021 Confunp

2087 3061 2287 3117 dantur
2331 3070 2386 3116 et
2423 3070 2807 3128 revereantur;
2853 3072 3160 3132 quaerentes
3205 3060 3437 3117 animam
3467 3073 3670 3114 meam.

2008 3120 2058 3193 δ
2085 3150 2418 3207 Avertantur
2444 3161 2773 3219 retrorsum,
2795 3120 3289 3209 tet-confundantur
3316 3171 3329 3205 :
3369 3151 3678 3223 cogitantes

2086 3244 2218 3300 mihi
2239 3245 2400 3300 mala.
2440 3244 2601 3300 Fiant
2626 3254 2888 3316 tanquam
2924 3244 3099 3316 pulvis
3123 3252 3250 3299 ante
3280 3243 3473 3298 faciem
3499 3241 3673 3308 venti,

1989 3402 1998 3413 ο
2082 3344 2139 3393 et
2166 3336 2389 3407 angelus
2430 3336 2646 3391 Domini
2688 3345 2978 3393 coarctans
3015 3352 3130 3392 eos.
3174 3335 3295 3389 Fiat
3320 3335 3409 3389 via
3452 3332 3671 3388 illorum

2085 3428 2327 3483 tenebrae
2350 3436 2405 3482 et
2439 3427 2724 3491 lubricum,
2756 3436 2813 3483 et
2842 3427 3066 3500 angelus
3088 3427 3307 3483 Domini
3343 3439 3679 3497 persequens

2082 3532 2198 3576 eos.
2240 3517 2507 3585 Quoniam
2550 3520 2719 3589 gratis
2762 3520 3163 3576 absconderant
3214 3519 3345 3573 mihi
3394 3517 3675 3573 interitum

2083 3609 2265 3679 laquei
2282 3611 2363 3665 sui
2380 3626 2393 3663 :
2428 3625 2758 3681 supervacue
2771 3614 3203 3683 exprobaverunt
3224 3610 3461 3665 animam
3474 3623 3674 3664 mem

2086 3702 2284 3760 Veniat
2312 3704 2388 3758 illi
2418 3704 2643 3775 laqueus
2664 3746 2678 3773 ,
2727 3721 2886 3777 quem
2928 3708 3175 3777 ignorat,
3219 3713 3275 3761 et
3302 3705 3481 3775 captio
3510 3718 3676 3774 quam

2086 3797 2412 3864 abscondit,
2463 3800 2833 3869 apprehendat
2864 3814 3012 3868 eum,
3064 3809 3119 3855 et
3149 3800 3204 3855 in
3239 3800 3495 3870 laqueum
3517 3799 3679 3855 cadat

2083 3889 2143 3946 in
2169 3890 2365 3960 ipsum.
2403 3889 2599 3945 Anima
2627 3900 2808 3947 autem
2837 3908 2956 3947 mea
2994 3894 3286 3949 exsultabit
3314 3892 3367 3947 iu
3400 3892 3672 3947 Domino:

2086 3990 2142 4039 et
2170 3983 2527 4039 delectabitur
2556 4000 2717 4055 super
2748 3987 2968 4041 salutari
3000 4002 3117 4043 suo.
3181 3986 3373 4041 Omnia
3397 4001 3523 4040 ossa
3554 3998 3676 4040 mea

2084 4077 2309 4134 dicent:
2365 4077 2613 4144 Domine,
2656 4080 2778 4149 quis
2824 4080 3018 4135 similis
3048 4081 3180 4135 tibi?
3207 4080 3421 4149 Eripies
3456 4080 3677 4148 inopem

2084 4169 2155 4225 de
2175 4185 2339 4223 manu
2374 4168 2664 4225 fortiorum
2706 4172 2867 4243 cius:
2921 4188 3148 4244 egenum
3194 4180 3255 4227 et
3294 4185 3594 4241 pauperem
3643 4184 3675 4223 ι

2081 4259 2467 4331 diripienﬁbus
2521 4278 2667 4318 eum.
2738 4261 3035 4333 Surgentes
3092 4272 3261 4319 testes
3306 4263 3517 4332 iniqui,
3554 4276 3677 4332 qua

2085 4355 2407 4425 ignorabam
2434 4397 2449 4423 ,
2500 4356 2910 4426 interrogabant
2956 4371 3060 4412 me.
3117 4356 3517 4412 Retribuebant
3538 4355 3673 4411 mihi

2082 4449 2225 4503 mala
2256 4465 2354 4519 pro
2390 4450 2585 4506 bonis:
2621 4450 2964 4505 sterilitatem
3004 4451 3200 4506 anima:
3226 4466 3378 4506 mete.
3437 4450 3555 4521 Ego
3582 4465 3676 4504 auo

2084 4549 2194 4597 tem
2227 4557 2351 4597 cum
2373 4544 2505 4598 mihi
2533 4543 2745 4600 molesti
2781 4553 2991 4611 essent,
3019 4545 3286 4600 induehar
3310 4544 3510 4600 cilicio.
3566 4542 3677 4598 Hu-

2080 4634 2363 4689 miliabam
2410 4635 2467 4690 in
2500 4635 2708 4705 jejunio
2747 4636 2981 4691 animam
3022 4651 3199 4692 meam
3222 4677 3237 4702 ,
3270 4644 3326 4691 et
3353 4636 3531 4690 oratio
3555 4648 3675 4688 mea

2081 4724 2141 4779 in
2169 4726 2291 4780 sinu
2315 4741 2436 4781 meo
2464 4736 2828 4783 convertetur.
2857 4726 3020 4793 Quasi
3047 4728 3385 4797 proximum,
3426 4733 3481 4779 ct
3516 4722 3674 4793 quasi

2083 4815 2309 4871 fratrem
2338 4826 2603 4885 nostrum,
2635 4819 2713 4875 sic
2734 4818 3139 4889 complacebam
3164 4834 3179 4875 :
3210 4818 3364 4889 quasi
3393 4817 3582 4887 lugens
3610 4820 3664 4868 et

2085 4910 2434 4966 contristatus
2464 4912 2542 4966 sic
2581 4912 2925 4966 humiliabar.
2984 4912 3052 4966 Et
3073 4912 3371 4969 adversum
3389 4926 3475 4973 me
3506 4907 3671 4967 limati

2082 5009 2227 5067 sunt,
2252 5009 2306 5055 Cl.
2328 5010 2693 5057 convenerunt
2715 5018 2728 5055 Σ
2756 5010 3079 5074 congregata
3119 5010 3242 5057 sunt
3273 5015 3434 5070 super
3463 5014 3550 5054 me
3574 4997 3673 5055 fla-

2081 5094 2257 5167 gella,
2312 5102 2365 5147 et
2406 5096 2669 5167 ignoravi.
2710 5093 2967 5165 Dissipati
3018 5101 3145 5148 sunt
3196 5109 3293 5151 nec
3334 5091 3681 5161 compuncti;

2082 5195 2424 5244 tentavcrunt
2451 5201 2536 5242 me
2553 5229 2568 5254 ,
2601 5188 3070 5249 subsannaverunt
3094 5202 3181 5241 me
3208 5185 3631 5243 subsannatione
3659 5201 3673 5237 :

2080 5279 2434 5334 frenduerunt
2466 5294 2627 5350 super
2658 5295 2744 5335 me
2776 5279 3027 5333 dentibus
3049 5278 3179 5334 suis.
3222 5276 3467 5342 Domine,
3498 5290 3677 5346 quam

2083 5373 2152 5428 do
2186 5371 2476 5443 respicies?
2510 5372 2735 5426 restitue
2780 5370 3017 5425 animam
3058 5385 3235 5427 meam
3278 5385 3309 5423 a
3338 5367 3677 5439 malignitate

2082 5481 2290 5530 eorum,
2324 5480 2355 5518 a
2388 5465 2631 5519 leonibus
2660 5465 2876 5520 unicam
2898 5480 3094 5520 meam.
3154 5463 3463 5519 Conﬁtcbor
3494 5459 3593 5521 tibi
3619 5460 3678 5519 in

2082 5555 2322 5610 Ecclesia
2366 5572 2599 5627 magna:
2634 5558 2689 5611 in
2725 5558 2924 5628 populo
2960 5556 3111 5627 g-ravi
3152 5555 3383 5613 laudabo
3416 5563 3491 5610 te.
3554 5552 3675 5607 Non

2080 5653 2512 5721 supergaudeant
2556 5653 2683 5707 mihi
2712 5693 2724 5717 ,
2780 5653 2872 5723 qui
2899 5651 3253 5706 adversantur
3295 5648 3429 5703 mihi
3466 5646 3668 5715 inique,

2080 5743 2173 5813 qui
2203 5741 2433 5802 oderunt
2455 5758 2542 5803 me
2569 5745 2765 5815 gratis,
2802 5752 2856 5802 et
2890 5752 3137 5801 annuum.
3162 5741 3352 5802 oculis.
3402 5734 3673 5811 Quoniam
